  <div class='ocr_page' id='page_1' title='image "/cluster/home/n/w/nwhite01/storage/ocr_20150623/151/uva.x000829795/279.png"; bbox 0 0 3928 6208; ppageno 0'>
   <div class='ocr_carea' id='block_1_1' title="bbox 300 372 413 439">
    <p class='ocr_par' dir='ltr' id='par_1_1' title="bbox 300 372 413 439">
     <span class='ocr_line' id='line_1_1' title="bbox 300 372 413 439; baseline -0.044 0"><span class='ocrx_word' id='word_1_1' title='bbox 300 372 413 439; x_wconf 74' lang='lat' dir='ltr'>5H</span> 
     </span>
    </p>
   </div>
   <div class='ocr_carea' id='block_1_2' title="bbox 1607 363 2418 437">
    <p class='ocr_par' dir='ltr' id='par_1_2' title="bbox 1607 363 2418 437">
     <span class='ocr_line' id='line_1_2' title="bbox 1607 363 2418 437; baseline -0.001 -4"><span class='ocrx_word' id='word_1_2' title='bbox 1607 366 1680 433; x_wconf 91' lang='lat' dir='ltr'>B.</span> <span class='ocrx_word' id='word_1_3' title='bbox 1730 365 2027 437; x_wconf 82' lang='lat' dir='ltr'>URBANI</span> <span class='ocrx_word' id='word_1_4' title='bbox 2068 363 2125 435; x_wconf 87' lang='grc' dir='ltr'><strong>ῙΙ</strong></span> <span class='ocrx_word' id='word_1_5' title='bbox 2163 363 2418 435; x_wconf 61' lang='lat' dir='ltr'><strong>PAPJE.</strong></span> 
     </span>
    </p>
   </div>
   <div class='ocr_carea' id='block_1_3' title="bbox 3603 368 3732 443">
    <p class='ocr_par' dir='ltr' id='par_1_3' title="bbox 3603 368 3732 443">
     <span class='ocr_line' id='line_1_3' title="bbox 3603 368 3732 443; baseline 0.039 -5"><span class='ocrx_word' id='word_1_6' title='bbox 3603 368 3732 443; x_wconf 69' lang='grc'>512</span> 
     </span>
    </p>
   </div>
   <div class='ocr_carea' id='block_1_4' title="bbox 296 500 3725 591">
    <p class='ocr_par' dir='ltr' id='par_1_4' title="bbox 296 500 3725 591">
     <span class='ocr_line' id='line_1_4' title="bbox 296 500 3725 591; baseline 0.001 -28"><span class='ocrx_word' id='word_1_7' title='bbox 296 502 739 563; x_wconf 77' lang='lat' dir='ltr'>successoribus</span> <span class='ocrx_word' id='word_1_8' title='bbox 768 504 826 562; x_wconf 91' lang='lat' dir='ltr'>et</span> <span class='ocrx_word' id='word_1_9' title='bbox 872 500 1097 561; x_wconf 81' lang='lat' dir='ltr'>illibata</span> <span class='ocrx_word' id='word_1_10' title='bbox 1134 506 1534 578; x_wconf 83' lang='lat' dir='ltr'>permaneant.</span> <span class='ocrx_word' id='word_1_11' title='bbox 1570 502 1946 561; x_wconf 91' lang='lat' dir='ltr'>Decernimus</span> <span class='ocrx_word' id='word_1_12' title='bbox 1977 501 2031 587; x_wconf 60' lang='grc' dir='ltr'>Α</span> <span class='ocrx_word' id='word_1_13' title='bbox 2061 500 2478 576; x_wconf 87' lang='lat' dir='ltr'>ctissimi,quia</span> <span class='ocrx_word' id='word_1_14' title='bbox 2498 501 2626 577; x_wconf 79' lang='lat' dir='ltr'>jam</span> <span class='ocrx_word' id='word_1_15' title='bbox 2649 505 2811 565; x_wconf 88' lang='lat' dir='ltr'>tanto</span> <span class='ocrx_word' id='word_1_16' title='bbox 2832 504 3097 582; x_wconf 91' lang='lat' dir='ltr'>tempore</span> <span class='ocrx_word' id='word_1_17' title='bbox 3118 507 3376 591; x_wconf 82' lang='lat' dir='ltr'>vestram</span> <span class='ocrx_word' id='word_1_18' title='bbox 3397 503 3725 591; x_wconf 59' lang='lat' dir='ltr'>Ecclesium</span> 
     </span>
    </p>
   </div>
   <div class='ocr_carea' id='block_1_5' title="bbox 299 591 1947 670">
    <p class='ocr_par' dir='ltr' id='par_1_5' title="bbox 299 591 1947 670">
     <span class='ocr_line' id='line_1_5' title="bbox 299 591 1947 670; baseline -0.002 -18"><span class='ocrx_word' id='word_1_19' title='bbox 299 612 434 670; x_wconf 88' lang='lat' dir='ltr'>ergo</span> <span class='ocrx_word' id='word_1_20' title='bbox 466 599 532 653; x_wconf 90' lang='lat' dir='ltr'>ut</span> <span class='ocrx_word' id='word_1_21' title='bbox 560 593 706 651; x_wconf 90' lang='lat' dir='ltr'>nulli</span> <span class='ocrx_word' id='word_1_22' title='bbox 740 593 977 650; x_wconf 86' lang='lat' dir='ltr'>omnino</span> <span class='ocrx_word' id='word_1_23' title='bbox 1008 591 1315 659; x_wconf 84' lang='lat' dir='ltr'>hominum</span> <span class='ocrx_word' id='word_1_24' title='bbox 1350 594 1519 651; x_wconf 89' lang='lat' dir='ltr'>liccat</span> <span class='ocrx_word' id='word_1_25' title='bbox 1547 594 1811 651; x_wconf 81' lang='lat' dir='ltr'>eamdem</span> <span class='ocrx_word' id='word_1_26' title='bbox 1844 595 1947 649; x_wconf 90' lang='lat' dir='ltr'>Ec-</span> 
     </span>
    </p>
   </div>
   <div class='ocr_carea' id='block_1_6' title="bbox 299 682 1949 756">
    <p class='ocr_par' dir='ltr' id='par_1_6' title="bbox 299 682 1949 756">
     <span class='ocr_line' id='line_1_6' title="bbox 299 682 1949 756; baseline -0.003 -15"><span class='ocrx_word' id='word_1_27' title='bbox 299 683 538 741; x_wconf 89' lang='lat' dir='ltr'>clesiam</span> <span class='ocrx_word' id='word_1_28' title='bbox 567 688 786 740; x_wconf 85' lang='lat' dir='ltr'>temere</span> <span class='ocrx_word' id='word_1_29' title='bbox 824 683 1188 756; x_wconf 89' lang='lat' dir='ltr'>perturbare,</span> <span class='ocrx_word' id='word_1_30' title='bbox 1245 687 1348 739; x_wconf 91' lang='lat' dir='ltr'>aut</span> <span class='ocrx_word' id='word_1_31' title='bbox 1377 684 1506 755; x_wconf 84' lang='lat' dir='ltr'>ejus</span> <span class='ocrx_word' id='word_1_32' title='bbox 1550 682 1949 755; x_wconf 84' lang='lat' dir='ltr'>possessiones</span> 
     </span>
    </p>
   </div>
   <div class='ocr_carea' id='block_1_7' title="bbox 298 770 1949 841">
    <p class='ocr_par' dir='ltr' id='par_1_7' title="bbox 298 770 1949 841">
     <span class='ocr_line' id='line_1_7' title="bbox 298 770 1949 841; baseline -0.002 -11"><span class='ocrx_word' id='word_1_33' title='bbox 298 774 548 840; x_wconf 88' lang='lat' dir='ltr'>auferre,</span> <span class='ocrx_word' id='word_1_34' title='bbox 580 771 669 828; x_wconf 86' lang='lat' dir='ltr'>vel</span> <span class='ocrx_word' id='word_1_35' title='bbox 699 771 922 827; x_wconf 86' lang='lat' dir='ltr'>ablatas</span> <span class='ocrx_word' id='word_1_36' title='bbox 954 772 1221 841; x_wconf 88' lang='lat' dir='ltr'>retinere,</span> <span class='ocrx_word' id='word_1_37' title='bbox 1270 771 1554 837; x_wconf 80' lang='lat' dir='ltr'>minuere,</span> <span class='ocrx_word' id='word_1_38' title='bbox 1586 770 1675 827; x_wconf 88' lang='lat' dir='ltr'>vel</span> <span class='ocrx_word' id='word_1_39' title='bbox 1707 775 1949 827; x_wconf 84' lang='lat' dir='ltr'>temera-</span> 
     </span>
    </p>
   </div>
   <div class='ocr_carea' id='block_1_8' title="bbox 298 860 1949 933">
    <p class='ocr_par' dir='ltr' id='par_1_8' title="bbox 298 860 1949 933">
     <span class='ocr_line' id='line_1_8' title="bbox 298 860 1949 933; baseline -0.003 -14"><span class='ocrx_word' id='word_1_40' title='bbox 298 863 401 919; x_wconf 90' lang='lat' dir='ltr'>riis</span> <span class='ocrx_word' id='word_1_41' title='bbox 429 862 833 919; x_wconf 81' lang='lat' dir='ltr'>vexationibus</span> <span class='ocrx_word' id='word_1_42' title='bbox 867 862 1126 933; x_wconf 81' lang='lat' dir='ltr'>fatigare,</span> <span class='ocrx_word' id='word_1_43' title='bbox 1178 862 1277 929; x_wconf 83' lang='lat' dir='ltr'>sed</span> <span class='ocrx_word' id='word_1_44' title='bbox 1327 860 1523 915; x_wconf 83' lang='lat' dir='ltr'>omnia</span> <span class='ocrx_word' id='word_1_45' title='bbox 1564 861 1784 931; x_wconf 88' lang='lat' dir='ltr'>integre</span> <span class='ocrx_word' id='word_1_46' title='bbox 1818 877 1949 915; x_wconf 84' lang='lat' dir='ltr'>con-</span> 
     </span>
    </p>
   </div>
   <div class='ocr_carea' id='block_1_9' title="bbox 295 948 1946 1021">
    <p class='ocr_par' dir='ltr' id='par_1_9' title="bbox 295 948 1946 1021">
     <span class='ocr_line' id='line_1_9' title="bbox 295 948 1946 1021; baseline -0.002 -14"><span class='ocrx_word' id='word_1_47' title='bbox 295 956 599 1017; x_wconf 72' lang='lat' dir='ltr'>serientur</span> <span class='ocrx_word' id='word_1_48' title='bbox 628 955 750 1007; x_wconf 90' lang='lat' dir='ltr'>tam</span> <span class='ocrx_word' id='word_1_49' title='bbox 780 950 897 1005; x_wconf 85' lang='lat' dir='ltr'>tuis</span> <span class='ocrx_word' id='word_1_50' title='bbox 932 966 1108 1021; x_wconf 91' lang='lat' dir='ltr'>quam</span> <span class='ocrx_word' id='word_1_51' title='bbox 1140 949 1573 1013; x_wconf 89' lang='lat' dir='ltr'>canonicorum,</span> <span class='ocrx_word' id='word_1_52' title='bbox 1608 954 1662 1004; x_wconf 91' lang='lat' dir='ltr'>et</span> <span class='ocrx_word' id='word_1_53' title='bbox 1702 948 1946 1006; x_wconf 90' lang='lat' dir='ltr'>clerico-</span> 
     </span>
    </p>
   </div>
   <div class='ocr_carea' id='block_1_10' title="bbox 296 1038 1944 1111">
    <p class='ocr_par' dir='ltr' id='par_1_10' title="bbox 296 1038 1944 1111">
     <span class='ocr_line' id='line_1_10' title="bbox 296 1038 1944 1111; baseline -0.003 -14"><span class='ocrx_word' id='word_1_54' title='bbox 296 1058 429 1097; x_wconf 90' lang='lat' dir='ltr'>rum</span> <span class='ocrx_word' id='word_1_55' title='bbox 459 1040 746 1111; x_wconf 79' lang='lat' dir='ltr'>omnium,</span> <span class='ocrx_word' id='word_1_56' title='bbox 782 1057 847 1095; x_wconf 90' lang='lat' dir='ltr'>ac</span> <span class='ocrx_word' id='word_1_57' title='bbox 895 1056 1217 1111; x_wconf 82' lang='lat' dir='ltr'>pauperum</span> <span class='ocrx_word' id='word_1_58' title='bbox 1265 1039 1472 1094; x_wconf 88' lang='lat' dir='ltr'>usibus</span> <span class='ocrx_word' id='word_1_59' title='bbox 1525 1038 1849 1110; x_wconf 89' lang='lat' dir='ltr'>profutura.</span> <span class='ocrx_word' id='word_1_60' title='bbox 1884 1038 1944 1094; x_wconf 91' lang='lat' dir='ltr'>Si</span> 
     </span>
    </p>
   </div>
   <div class='ocr_carea' id='block_1_11' title="bbox 298 1126 1946 1203">
    <p class='ocr_par' dir='ltr' id='par_1_11' title="bbox 298 1126 1946 1203">
     <span class='ocr_line' id='line_1_11' title="bbox 298 1126 1946 1203; baseline -0.002 -17"><span class='ocrx_word' id='word_1_61' title='bbox 298 1147 424 1203; x_wconf 64' lang='lat' dir='ltr'>quae</span> <span class='ocrx_word' id='word_1_62' title='bbox 456 1134 650 1186; x_wconf 89' lang='lat' dir='ltr'>autem</span> <span class='ocrx_word' id='word_1_63' title='bbox 683 1126 1072 1184; x_wconf 73' lang='lat' dir='ltr'>ecclesiastica</span> <span class='ocrx_word' id='word_1_64' title='bbox 1103 1127 1467 1183; x_wconf 68' lang='lat' dir='ltr'>saecularisve</span> <span class='ocrx_word' id='word_1_65' title='bbox 1512 1144 1761 1200; x_wconf 84' lang='lat' dir='ltr'>persona</span> <span class='ocrx_word' id='word_1_66' title='bbox 1795 1127 1946 1183; x_wconf 88' lang='lat' dir='ltr'>hanc</span> 
     </span>
    </p>
   </div>
   <div class='ocr_carea' id='block_1_12' title="bbox 294 1216 1941 1289">
    <p class='ocr_par' dir='ltr' id='par_1_12' title="bbox 294 1216 1941 1289">
     <span class='ocr_line' id='line_1_12' title="bbox 294 1216 1941 1289; baseline -0.002 -14"><span class='ocrx_word' id='word_1_67' title='bbox 294 1227 504 1277; x_wconf 65' lang='lat' dir='ltr'>nostra:</span> <span class='ocrx_word' id='word_1_68' title='bbox 535 1216 970 1274; x_wconf 83' lang='lat' dir='ltr'>constitutionis</span> <span class='ocrx_word' id='word_1_69' title='bbox 1000 1217 1276 1289; x_wconf 82' lang='lat' dir='ltr'>paginam</span> <span class='ocrx_word' id='word_1_70' title='bbox 1328 1217 1539 1283; x_wconf 87' lang='lat' dir='ltr'>sciens,</span> <span class='ocrx_word' id='word_1_71' title='bbox 1583 1220 1786 1271; x_wconf 89' lang='lat' dir='ltr'>contra</span> <span class='ocrx_word' id='word_1_72' title='bbox 1814 1233 1941 1272; x_wconf 88' lang='lat' dir='ltr'>eam</span> 
     </span>
    </p>
   </div>
   <div class='ocr_carea' id='block_1_13' title="bbox 290 1306 1939 1375">
    <p class='ocr_par' dir='ltr' id='par_1_13' title="bbox 290 1306 1939 1375">
     <span class='ocr_line' id='line_1_13' title="bbox 290 1306 1939 1375; baseline -0.001 -12"><span class='ocrx_word' id='word_1_73' title='bbox 290 1308 486 1369; x_wconf 89' lang='lat' dir='ltr'>venire</span> <span class='ocrx_word' id='word_1_74' title='bbox 516 1307 843 1375; x_wconf 86' lang='lat' dir='ltr'>tentaverit,</span> <span class='ocrx_word' id='word_1_75' title='bbox 897 1307 1153 1362; x_wconf 90' lang='lat' dir='ltr'>secundo</span> <span class='ocrx_word' id='word_1_76' title='bbox 1202 1306 1443 1362; x_wconf 83' lang='lat' dir='ltr'>tertiove</span> <span class='ocrx_word' id='word_1_77' title='bbox 1479 1306 1855 1371; x_wconf 90' lang='lat' dir='ltr'>commonita,</span> <span class='ocrx_word' id='word_1_78' title='bbox 1893 1308 1939 1363; x_wconf 89' lang='lat' dir='ltr'>si</span> 
     </span>
    </p>
   </div>
   <div class='ocr_carea' id='block_1_14' title="bbox 292 1394 1945 1467">
    <p class='ocr_par' dir='ltr' id='par_1_14' title="bbox 292 1394 1945 1467">
     <span class='ocr_line' id='line_1_14' title="bbox 292 1394 1945 1467; baseline -0.002 -14"><span class='ocrx_word' id='word_1_79' title='bbox 292 1414 353 1461; x_wconf 89' lang='lat' dir='ltr'>se</span> <span class='ocrx_word' id='word_1_80' title='bbox 381 1413 494 1451; x_wconf 89' lang='lat' dir='ltr'>non</span> <span class='ocrx_word' id='word_1_81' title='bbox 525 1394 922 1453; x_wconf 79' lang='lat' dir='ltr'>satisfactione</span> <span class='ocrx_word' id='word_1_82' title='bbox 954 1412 1211 1467; x_wconf 81' lang='lat' dir='ltr'>congrua</span> <span class='ocrx_word' id='word_1_83' title='bbox 1245 1395 1660 1460; x_wconf 85' lang='lat' dir='ltr'>emendaverit,</span> <span class='ocrx_word' id='word_1_84' title='bbox 1696 1399 1945 1467; x_wconf 88' lang='lat' dir='ltr'>potesta-</span> 
     </span>
    </p>
   </div>
   <div class='ocr_carea' id='block_1_15' title="bbox 290 1484 1943 1557">
    <p class='ocr_par' dir='ltr' id='par_1_15' title="bbox 290 1484 1943 1557">
     <span class='ocr_line' id='line_1_15' title="bbox 290 1484 1943 1557; baseline -0.001 -16"><span class='ocrx_word' id='word_1_85' title='bbox 290 1486 367 1543; x_wconf 87' lang='lat' dir='ltr'>tis</span> <span class='ocrx_word' id='word_1_86' title='bbox 396 1485 755 1557; x_wconf 85' lang='lat' dir='ltr'>honorisque</span> <span class='ocrx_word' id='word_1_87' title='bbox 788 1484 878 1540; x_wconf 91' lang='lat' dir='ltr'>sui</span> <span class='ocrx_word' id='word_1_88' title='bbox 910 1484 1194 1556; x_wconf 86' lang='lat' dir='ltr'>dignitate</span> <span class='ocrx_word' id='word_1_89' title='bbox 1226 1489 1436 1548; x_wconf 87' lang='lat' dir='ltr'>careat,</span> <span class='ocrx_word' id='word_1_90' title='bbox 1467 1499 1744 1556; x_wconf 86' lang='lat' dir='ltr'>reamque</span> <span class='ocrx_word' id='word_1_91' title='bbox 1771 1500 1833 1539; x_wconf 90' lang='lat' dir='ltr'>se</span> <span class='ocrx_word' id='word_1_92' title='bbox 1858 1484 1943 1540; x_wconf 90' lang='lat' dir='ltr'>di-</span> 
     </span>
    </p>
   </div>
   <div class='ocr_carea' id='block_1_16' title="bbox 288 1571 1941 1646">
    <p class='ocr_par' dir='ltr' id='par_1_16' title="bbox 288 1571 1941 1646">
     <span class='ocr_line' id='line_1_16' title="bbox 288 1571 1941 1646; baseline -0.001 -15"><span class='ocrx_word' id='word_1_93' title='bbox 288 1575 423 1631; x_wconf 88' lang='lat' dir='ltr'>vino</span> <span class='ocrx_word' id='word_1_94' title='bbox 445 1573 671 1645; x_wconf 86' lang='lat' dir='ltr'>judicio</span> <span class='ocrx_word' id='word_1_95' title='bbox 703 1573 949 1629; x_wconf 82' lang='lat' dir='ltr'>existere</span> <span class='ocrx_word' id='word_1_96' title='bbox 998 1573 1067 1627; x_wconf 90' lang='lat' dir='ltr'>de</span> <span class='ocrx_word' id='word_1_97' title='bbox 1098 1576 1428 1646; x_wconf 89' lang='lat' dir='ltr'>perpetrata</span> <span class='ocrx_word' id='word_1_98' title='bbox 1475 1571 1783 1645; x_wconf 88' lang='lat' dir='ltr'>iniquitate</span> <span class='ocrx_word' id='word_1_99' title='bbox 1815 1590 1941 1645; x_wconf 84' lang='lat' dir='ltr'>cog-</span> 
     </span>
    </p>
   </div>
   <div class='ocr_carea' id='block_1_17' title="bbox 290 1660 1940 1739">
    <p class='ocr_par' dir='ltr' id='par_1_17' title="bbox 290 1660 1940 1739">
     <span class='ocr_line' id='line_1_17' title="bbox 290 1660 1940 1739; baseline 0 -20"><span class='ocrx_word' id='word_1_100' title='bbox 290 1667 513 1731; x_wconf 85' lang='lat' dir='ltr'>noscat,</span> <span class='ocrx_word' id='word_1_101' title='bbox 547 1667 720 1734; x_wconf 77' lang='lat' dir='ltr'>atque</span> <span class='ocrx_word' id='word_1_102' title='bbox 751 1679 783 1717; x_wconf 90' lang='lat' dir='ltr'>a</span> <span class='ocrx_word' id='word_1_103' title='bbox 815 1660 1214 1717; x_wconf 88' lang='lat' dir='ltr'>sacratissimo</span> <span class='ocrx_word' id='word_1_104' title='bbox 1268 1677 1506 1733; x_wconf 89' lang='lat' dir='ltr'>corpore</span> <span class='ocrx_word' id='word_1_105' title='bbox 1555 1665 1611 1717; x_wconf 90' lang='lat' dir='ltr'>et</span> <span class='ocrx_word' id='word_1_106' title='bbox 1656 1662 1940 1739; x_wconf 85' lang='lat' dir='ltr'>sanguine</span> 
     </span>
    </p>
   </div>
   <div class='ocr_carea' id='block_1_18' title="bbox 290 1740 1939 1822">
    <p class='ocr_par' dir='ltr' id='par_1_18' title="bbox 290 1740 1939 1822">
     <span class='ocr_line' id='line_1_18' title="bbox 290 1740 1939 1822; baseline -0.001 -13"><span class='ocrx_word' id='word_1_107' title='bbox 290 1753 389 1813; x_wconf 88' lang='lat' dir='ltr'>Dei</span> <span class='ocrx_word' id='word_1_108' title='bbox 414 1756 469 1809; x_wconf 94' lang='lat' dir='ltr'>et</span> <span class='ocrx_word' id='word_1_109' title='bbox 495 1749 721 1807; x_wconf 90' lang='lat' dir='ltr'>Domini</span> <span class='ocrx_word' id='word_1_110' title='bbox 739 1750 1126 1822; x_wconf 86' lang='lat' dir='ltr'>redemptoris</span> <span class='ocrx_word' id='word_1_111' title='bbox 1149 1749 1329 1807; x_wconf 86' lang='lat' dir='ltr'>nostri</span> <span class='ocrx_word' id='word_1_112' title='bbox 1355 1751 1493 1807; x_wconf 91' lang='lat' dir='ltr'>Jesu</span> <span class='ocrx_word' id='word_1_113' title='bbox 1518 1750 1728 1808; x_wconf 85' lang='lat' dir='ltr'>Christi</span> <span class='ocrx_word' id='word_1_114' title='bbox 1750 1740 1939 1808; x_wconf 76' lang='lat' dir='ltr'>aliena</span> 
     </span>
    </p>
   </div>
   <div class='ocr_carea' id='block_1_19' title="bbox 291 1834 2017 1942">
    <p class='ocr_par' dir='ltr' id='par_1_19' title="bbox 291 1834 2017 1942">
     <span class='ocr_line' id='line_1_19' title="bbox 291 1834 2017 1942; baseline -0.002 -44"><span class='ocrx_word' id='word_1_115' title='bbox 291 1834 413 1908; x_wconf 82' lang='lat' dir='ltr'>ﬁat,</span> <span class='ocrx_word' id='word_1_116' title='bbox 446 1845 502 1897; x_wconf 90' lang='lat' dir='ltr'>et</span> <span class='ocrx_word' id='word_1_117' title='bbox 533 1840 591 1895; x_wconf 91' lang='lat' dir='ltr'>in</span> <span class='ocrx_word' id='word_1_118' title='bbox 623 1843 879 1896; x_wconf 86' lang='lat' dir='ltr'>extremo</span> <span class='ocrx_word' id='word_1_119' title='bbox 909 1838 1173 1895; x_wconf 86' lang='lat' dir='ltr'>examine</span> <span class='ocrx_word' id='word_1_120' title='bbox 1203 1838 1478 1939; x_wconf 58' lang='lat' dir='ltr'>districta}</span> <span class='ocrx_word' id='word_1_121' title='bbox 1507 1838 1713 1895; x_wconf 88' lang='lat' dir='ltr'>ultioni</span> <span class='ocrx_word' id='word_1_122' title='bbox 1746 1841 1938 1941; x_wconf 78' lang='lat' dir='ltr'>subja-</span> <span class='ocrx_word' id='word_1_123' title='bbox 1970 1875 2017 1942; x_wconf 83' lang='lat' dir='ltr'><strong>B</strong></span> 
     </span>
    </p>
   </div>
   <div class='ocr_carea' id='block_1_20' title="bbox 290 1928 1941 2000">
    <p class='ocr_par' dir='ltr' id='par_1_20' title="bbox 290 1928 1941 2000">
     <span class='ocr_line' id='line_1_20' title="bbox 290 1928 1941 2000; baseline -0.001 -13"><span class='ocrx_word' id='word_1_124' title='bbox 290 1933 435 1987; x_wconf 91' lang='lat' dir='ltr'>ceat.</span> <span class='ocrx_word' id='word_1_125' title='bbox 452 1929 690 1985; x_wconf 88' lang='lat' dir='ltr'>Cunctis</span> <span class='ocrx_word' id='word_1_126' title='bbox 721 1933 914 1993; x_wconf 89' lang='lat' dir='ltr'>autem</span> <span class='ocrx_word' id='word_1_127' title='bbox 948 1928 1135 1984; x_wconf 88' lang='lat' dir='ltr'>eidem</span> <span class='ocrx_word' id='word_1_128' title='bbox 1165 1928 1433 1984; x_wconf 78' lang='lat' dir='ltr'>Ecclesiae</span> <span class='ocrx_word' id='word_1_129' title='bbox 1456 1930 1620 2000; x_wconf 88' lang='lat' dir='ltr'>justa</span> <span class='ocrx_word' id='word_1_130' title='bbox 1653 1930 1941 1986; x_wconf 88' lang='lat' dir='ltr'>servanti-</span> 
     </span>
    </p>
   </div>
   <div class='ocr_carea' id='block_1_21' title="bbox 289 2014 1942 2093">
    <p class='ocr_par' dir='ltr' id='par_1_21' title="bbox 289 2014 1942 2093">
     <span class='ocr_line' id='line_1_21' title="bbox 289 2014 1942 2093; baseline -0.002 -17"><span class='ocrx_word' id='word_1_131' title='bbox 289 2020 400 2081; x_wconf 87' lang='lat' dir='ltr'>bus</span> <span class='ocrx_word' id='word_1_132' title='bbox 432 2020 509 2076; x_wconf 90' lang='lat' dir='ltr'>sit</span> <span class='ocrx_word' id='word_1_133' title='bbox 536 2036 648 2093; x_wconf 81' lang='lat' dir='ltr'>pax</span> <span class='ocrx_word' id='word_1_134' title='bbox 679 2017 909 2075; x_wconf 88' lang='lat' dir='ltr'>Domini</span> <span class='ocrx_word' id='word_1_135' title='bbox 932 2014 1114 2071; x_wconf 88' lang='lat' dir='ltr'>nostri</span> <span class='ocrx_word' id='word_1_136' title='bbox 1138 2016 1276 2072; x_wconf 88' lang='lat' dir='ltr'>Jesu</span> <span class='ocrx_word' id='word_1_137' title='bbox 1309 2016 1544 2083; x_wconf 90' lang='lat' dir='ltr'>Christi,</span> <span class='ocrx_word' id='word_1_138' title='bbox 1571 2022 1862 2089; x_wconf 90' lang='lat' dir='ltr'>quatenus</span> <span class='ocrx_word' id='word_1_139' title='bbox 1886 2021 1942 2073; x_wconf 90' lang='lat' dir='ltr'>et</span> 
     </span>
    </p>
   </div>
   <div class='ocr_carea' id='block_1_22' title="bbox 288 2105 1939 2179">
    <p class='ocr_par' dir='ltr' id='par_1_22' title="bbox 288 2105 1939 2179">
     <span class='ocr_line' id='line_1_22' title="bbox 288 2105 1939 2179; baseline -0.001 -15"><span class='ocrx_word' id='word_1_140' title='bbox 288 2108 384 2175; x_wconf 86' lang='lat' dir='ltr'>hic</span> <span class='ocrx_word' id='word_1_141' title='bbox 414 2108 667 2169; x_wconf 88' lang='lat' dir='ltr'>fructum</span> <span class='ocrx_word' id='word_1_142' title='bbox 724 2108 888 2162; x_wconf 69' lang='lat' dir='ltr'>bona:</span> <span class='ocrx_word' id='word_1_143' title='bbox 922 2105 1169 2168; x_wconf 84' lang='lat' dir='ltr'>actionis</span> <span class='ocrx_word' id='word_1_144' title='bbox 1208 2106 1555 2179; x_wconf 89' lang='lat' dir='ltr'>percipiant,</span> <span class='ocrx_word' id='word_1_145' title='bbox 1599 2110 1655 2162; x_wconf 89' lang='lat' dir='ltr'>et</span> <span class='ocrx_word' id='word_1_146' title='bbox 1706 2107 1763 2161; x_wconf 91' lang='lat' dir='ltr'>in</span> <span class='ocrx_word' id='word_1_147' title='bbox 1813 2106 1939 2163; x_wconf 91' lang='lat' dir='ltr'>loco</span> 
     </span>
    </p>
   </div>
   <div class='ocr_carea' id='block_1_23' title="bbox 279 2195 1936 2271">
    <p class='ocr_par' dir='ltr' id='par_1_23' title="bbox 279 2195 1936 2271">
     <span class='ocr_line' id='line_1_23' title="bbox 279 2195 1936 2271; baseline -0.002 -17"><span class='ocrx_word' id='word_1_148' title='bbox 279 2196 488 2271; x_wconf 89' lang='lat' dir='ltr'>judicii</span> <span class='ocrx_word' id='word_1_149' title='bbox 518 2195 759 2270; x_wconf 71' lang='lat' dir='ltr'>praemia</span> <span class='ocrx_word' id='word_1_150' title='bbox 778 2199 1003 2252; x_wconf 62' lang='lat' dir='ltr'>internae</span> <span class='ocrx_word' id='word_1_151' title='bbox 1021 2196 1181 2267; x_wconf 90' lang='lat' dir='ltr'>pacis</span> <span class='ocrx_word' id='word_1_152' title='bbox 1201 2195 1727 2264; x_wconf 81' lang='lat' dir='ltr'>inveniant.Amen,</span> <span class='ocrx_word' id='word_1_153' title='bbox 1745 2213 1936 2263; x_wconf 90' lang='lat' dir='ltr'>amen,</span> 
     </span>
    </p>
   </div>
   <div class='ocr_carea' id='block_1_24' title="bbox 287 2278 479 2351">
    <p class='ocr_par' dir='ltr' id='par_1_24' title="bbox 287 2278 479 2351">
     <span class='ocr_line' id='line_1_24' title="bbox 287 2278 479 2351; baseline -0.016 -7"><span class='ocrx_word' id='word_1_154' title='bbox 287 2278 479 2351; x_wconf 86' lang='lat' dir='ltr'>amen.</span> 
     </span>
    </p>
   </div>
   <div class='ocr_carea' id='block_1_25' title="bbox 355 2374 1936 2447">
    <p class='ocr_par' dir='ltr' id='par_1_25' title="bbox 355 2374 1936 2447">
     <span class='ocr_line' id='line_1_25' title="bbox 355 2374 1936 2447; baseline -0.002 -15"><span class='ocrx_word' id='word_1_155' title='bbox 355 2374 566 2433; x_wconf 89' lang='lat' dir='ltr'>Datum</span> <span class='ocrx_word' id='word_1_156' title='bbox 596 2374 748 2431; x_wconf 91' lang='lat' dir='ltr'>Barii</span> <span class='ocrx_word' id='word_1_157' title='bbox 779 2388 882 2447; x_wconf 90' lang='lat' dir='ltr'>per</span> <span class='ocrx_word' id='word_1_158' title='bbox 910 2390 1121 2430; x_wconf 89' lang='lat' dir='ltr'>manus</span> <span class='ocrx_word' id='word_1_159' title='bbox 1135 2374 1398 2441; x_wconf 79' lang='lat' dir='ltr'>Joannis,</span> <span class='ocrx_word' id='word_1_160' title='bbox 1424 2375 1481 2430; x_wconf 91' lang='lat' dir='ltr'>S.</span> <span class='ocrx_word' id='word_1_161' title='bbox 1512 2374 1579 2429; x_wconf 84' lang='lat' dir='ltr'>R.</span> <span class='ocrx_word' id='word_1_162' title='bbox 1608 2374 1670 2430; x_wconf 88' lang='lat' dir='ltr'>E.</span> <span class='ocrx_word' id='word_1_163' title='bbox 1705 2374 1936 2431; x_wconf 90' lang='lat' dir='ltr'>diaconi</span> 
     </span>
    </p>
   </div>
   <div class='ocr_carea' id='block_1_26' title="bbox 285 2462 1933 2530">
    <p class='ocr_par' dir='ltr' id='par_1_26' title="bbox 285 2462 1933 2530">
     <span class='ocr_line' id='line_1_26' title="bbox 285 2462 1933 2530; baseline 0 -11"><span class='ocrx_word' id='word_1_164' title='bbox 285 2463 468 2530; x_wconf 87' lang='lat' dir='ltr'>ca&#39;rd.,</span> <span class='ocrx_word' id='word_1_165' title='bbox 497 2480 553 2518; x_wconf 79' lang='lat' dir='ltr'>v1</span> <span class='ocrx_word' id='word_1_166' title='bbox 586 2463 670 2519; x_wconf 92' lang='lat' dir='ltr'>Id.</span> <span class='ocrx_word' id='word_1_167' title='bbox 703 2462 957 2529; x_wconf 88' lang='lat' dir='ltr'>0ctobr.,</span> <span class='ocrx_word' id='word_1_168' title='bbox 982 2463 1185 2520; x_wconf 90' lang='lat' dir='ltr'>indict.</span> <span class='ocrx_word' id='word_1_169' title='bbox 1219 2481 1340 2530; x_wconf 84' lang='lat' dir='ltr'>viii,</span> <span class='ocrx_word' id='word_1_170' title='bbox 1383 2464 1669 2519; x_wconf 90' lang='lat' dir='ltr'>Incarnat.</span> <span class='ocrx_word' id='word_1_171' title='bbox 1704 2463 1933 2520; x_wconf 88' lang='lat' dir='ltr'>Domini</span> 
     </span>
    </p>
   </div>
   <div class='ocr_carea' id='block_1_27' title="bbox 286 2551 1251 2626">
    <p class='ocr_par' dir='ltr' id='par_1_27' title="bbox 286 2551 1251 2626">
     <span class='ocr_line' id='line_1_27' title="bbox 286 2551 1251 2626; baseline -0.001 -16"><span class='ocrx_word' id='word_1_172' title='bbox 286 2552 440 2623; x_wconf 82' lang='grc'>1099,</span> <span class='ocrx_word' id='word_1_173' title='bbox 475 2551 680 2626; x_wconf 74' lang='lat' dir='ltr'>pontii.</span> <span class='ocrx_word' id='word_1_174' title='bbox 712 2552 931 2608; x_wconf 88' lang='lat' dir='ltr'>Urbani</span> <span class='ocrx_word' id='word_1_175' title='bbox 962 2552 1012 2608; x_wconf 93' lang='lat' dir='ltr'><strong>II</strong></span> <span class='ocrx_word' id='word_1_176' title='bbox 1033 2552 1136 2608; x_wconf 88' lang='lat' dir='ltr'>PP.</span> <span class='ocrx_word' id='word_1_177' title='bbox 1175 2570 1251 2609; x_wconf 83' lang='lat' dir='ltr'>xi.</span> 
     </span>
    </p>
   </div>
   <div class='ocr_carea' id='block_1_28' title="bbox 292 2640 1935 2796">
    <p class='ocr_par' dir='ltr' id='par_1_28' title="bbox 292 2640 1935 2796">
     <span class='ocr_line' id='line_1_28' title="bbox 292 2640 1935 2796; baseline -0.002 -24"><span class='ocrx_word' id='word_1_178' title='bbox 292 2714 498 2772; x_wconf 83' lang='lat' dir='ltr'>Urbani</span> <span class='ocrx_word' id='word_1_179' title='bbox 543 2716 596 2770; x_wconf 87' lang='lat' dir='ltr'><em>II</em></span> <span class='ocrx_word' id='word_1_180' title='bbox 640 2714 869 2786; x_wconf 77' lang='lat' dir='ltr'>epistola</span> <span class='ocrx_word' id='word_1_181' title='bbox 1298 2714 1352 2767; x_wconf 83' lang='lat' dir='ltr'>S.</span> <span class='ocrx_word' id='word_1_182' title='bbox 1416 2714 1645 2769; x_wconf 78' lang='lat' dir='ltr'>Huberti</span> <span class='ocrx_word' id='word_1_183' title='bbox 1700 2714 1935 2785; x_wconf 82' lang='lat' dir='ltr'>Andagi-</span> 
     </span>
    </p>
   </div>
   <div class='ocr_carea' id='block_1_29' title="bbox 1002 2800 1208 2841">
    <p class='ocr_par' dir='ltr' id='par_1_29' title="bbox 1002 2800 1208 2841">
     <span class='ocr_line' id='line_1_29' title="bbox 1002 2800 1208 2841; baseline 0.005 -3"><span class='ocrx_word' id='word_1_184' title='bbox 1002 2800 1137 2841; x_wconf 79' lang='lat' dir='ltr'>nens</span> <span class='ocrx_word' id='word_1_185' title='bbox 1142 2801 1208 2840; x_wconf 66' lang='grc' dir='ltr'>ις.</span> 
     </span>
    </p>
   </div>
   <div class='ocr_carea' id='block_1_30' title="bbox 904 2873 1309 2943">
    <p class='ocr_par' dir='ltr' id='par_1_30' title="bbox 904 2873 1309 2943">
     <span class='ocr_line' id='line_1_30' title="bbox 904 2873 1309 2943; baseline 0.002 -17"><span class='ocrx_word' id='word_1_186' title='bbox 904 2874 1090 2943; x_wconf 88' lang='lat' dir='ltr'>(Anno</span> <span class='ocrx_word' id='word_1_187' title='bbox 1124 2873 1309 2940; x_wconf 86' lang='grc'>1098.)</span> 
     </span>
    </p>
   </div>
   <div class='ocr_carea' id='block_1_31' title="bbox 452 2944 1757 3017">
    <p class='ocr_par' dir='ltr' id='par_1_31' title="bbox 452 2944 1757 3017">
     <span class='ocr_line' id='line_1_31' title="bbox 452 2944 1757 3017; baseline 0.002 -18"><span class='ocrx_word' id='word_1_188' title='bbox 452 2944 774 3016; x_wconf 77' lang='lat' dir='ltr'>[MARTENE,</span> <span class='ocrx_word' id='word_1_189' title='bbox 808 2945 1152 3016; x_wconf 77' lang='lat' dir='ltr'>amplissima</span> <span class='ocrx_word' id='word_1_190' title='bbox 1173 2944 1412 3013; x_wconf 73' lang='lat' dir='ltr'>CollecL,</span> <span class='ocrx_word' id='word_1_191' title='bbox 1447 2944 1539 3013; x_wconf 92' lang='lat' dir='ltr'>IV,</span> <span class='ocrx_word' id='word_1_192' title='bbox 1575 2947 1757 3017; x_wconf 79' lang='lat'>1013.]</span> 
     </span>
    </p>
   </div>
   <div class='ocr_carea' id='block_1_32' title="bbox 351 3031 1927 3105">
    <p class='ocr_par' dir='ltr' id='par_1_32' title="bbox 351 3031 1927 3105">
     <span class='ocr_line' id='line_1_32' title="bbox 351 3031 1927 3105; baseline 0.001 -15"><span class='ocrx_word' id='word_1_193' title='bbox 351 3033 631 3091; x_wconf 67' lang='lat' dir='ltr'>Uasaaus</span> <span class='ocrx_word' id='word_1_194' title='bbox 673 3031 1006 3105; x_wconf 88' lang='lat' dir='ltr'>episcopus,</span> <span class='ocrx_word' id='word_1_195' title='bbox 1052 3049 1255 3089; x_wconf 89' lang='lat' dir='ltr'>servus</span> <span class='ocrx_word' id='word_1_196' title='bbox 1308 3050 1605 3090; x_wconf 89' lang='lat' dir='ltr'>servorum</span> <span class='ocrx_word' id='word_1_197' title='bbox 1653 3034 1775 3101; x_wconf 92' lang='lat' dir='ltr'>Dei,</span> <span class='ocrx_word' id='word_1_198' title='bbox 1822 3037 1927 3091; x_wconf 88' lang='lat' dir='ltr'>Ar-</span> 
     </span>
    </p>
   </div>
   <div class='ocr_carea' id='block_1_33' title="bbox 279 3121 1927 3189">
    <p class='ocr_par' dir='ltr' id='par_1_33' title="bbox 279 3121 1927 3189">
     <span class='ocr_line' id='line_1_33' title="bbox 279 3121 1927 3189; baseline -0.001 -8"><span class='ocrx_word' id='word_1_199' title='bbox 279 3121 637 3189; x_wconf 83' lang='lat' dir='ltr'>duennensis</span> <span class='ocrx_word' id='word_1_200' title='bbox 668 3121 1002 3177; x_wconf 86' lang='lat' dir='ltr'>monasterii</span> <span class='ocrx_word' id='word_1_201' title='bbox 1029 3122 1092 3176; x_wconf 92' lang='grc' dir='ltr'>Β.</span> <span class='ocrx_word' id='word_1_202' title='bbox 1125 3122 1367 3179; x_wconf 89' lang='lat' dir='ltr'>Huberti</span> <span class='ocrx_word' id='word_1_203' title='bbox 1398 3122 1699 3180; x_wconf 90' lang='lat' dir='ltr'>catholicis</span> <span class='ocrx_word' id='word_1_204' title='bbox 1729 3123 1927 3181; x_wconf 87' lang='lat' dir='ltr'>fratri-</span> 
     </span>
    </p>
   </div>
   <div class='ocr_carea' id='block_1_34' title="bbox 277 3210 1698 3285">
    <p class='ocr_par' dir='ltr' id='par_1_34' title="bbox 277 3210 1698 3285">
     <span class='ocr_line' id='line_1_34' title="bbox 277 3210 1698 3285; baseline -0.003 -13"><span class='ocrx_word' id='word_1_205' title='bbox 277 3214 411 3285; x_wconf 83' lang='lat' dir='ltr'>bus,</span> <span class='ocrx_word' id='word_1_206' title='bbox 443 3210 696 3275; x_wconf 78' lang='lat' dir='ltr'>salutem</span> <span class='ocrx_word' id='word_1_207' title='bbox 726 3214 785 3266; x_wconf 91' lang='lat' dir='ltr'>et</span> <span class='ocrx_word' id='word_1_208' title='bbox 809 3210 1192 3283; x_wconf 85' lang='lat' dir='ltr'>apostolicam</span> <span class='ocrx_word' id='word_1_209' title='bbox 1215 3211 1698 3268; x_wconf 88' lang='lat' dir='ltr'>benedictionem.</span> 
     </span>
    </p>
   </div>
   <div class='ocr_carea' id='block_1_35' title="bbox 345 3300 1923 3374">
    <p class='ocr_par' dir='ltr' id='par_1_35' title="bbox 345 3300 1923 3374">
     <span class='ocr_line' id='line_1_35' title="bbox 345 3300 1923 3374; baseline 0.001 -16"><span class='ocrx_word' id='word_1_210' title='bbox 345 3300 717 3368; x_wconf 75' lang='lat' dir='ltr'>Audivimus,</span> <span class='ocrx_word' id='word_1_211' title='bbox 744 3304 802 3356; x_wconf 91' lang='lat' dir='ltr'>et</span> <span class='ocrx_word' id='word_1_212' title='bbox 820 3300 1087 3367; x_wconf 80' lang='lat' dir='ltr'>auditum</span> <span class='ocrx_word' id='word_1_213' title='bbox 1120 3300 1440 3359; x_wconf 88' lang='lat' dir='ltr'>nondolere</span> <span class='ocrx_word' id='word_1_214' title='bbox 1451 3318 1565 3358; x_wconf 90' lang='lat' dir='ltr'>non</span> <span class='ocrx_word' id='word_1_215' title='bbox 1584 3318 1923 3374; x_wconf 88' lang='lat' dir='ltr'>possumus,</span> 
     </span>
    </p>
   </div>
   <div class='ocr_carea' id='block_1_36' title="bbox 276 3388 1925 3465">
    <p class='ocr_par' dir='ltr' id='par_1_36' title="bbox 276 3388 1925 3465">
     <span class='ocr_line' id='line_1_36' title="bbox 276 3388 1925 3465; baseline -0.001 -15"><span class='ocrx_word' id='word_1_216' title='bbox 276 3391 417 3465; x_wconf 87' lang='lat' dir='ltr'>quia</span> <span class='ocrx_word' id='word_1_217' title='bbox 459 3388 679 3447; x_wconf 84' lang='lat' dir='ltr'>Otberti</span> <span class='ocrx_word' id='word_1_218' title='bbox 729 3389 1210 3463; x_wconf 81' lang='lat' dir='ltr'>pseudoepisCOpi</span> <span class='ocrx_word' id='word_1_219' title='bbox 1264 3389 1537 3447; x_wconf 88' lang='lat' dir='ltr'>violentia</span> <span class='ocrx_word' id='word_1_220' title='bbox 1578 3391 1925 3449; x_wconf 87' lang='lat' dir='ltr'>venerabilis</span> 
     </span>
    </p>
   </div>
   <div class='ocr_carea' id='block_1_37' title="bbox 274 3477 1921 3553">
    <p class='ocr_par' dir='ltr' id='par_1_37' title="bbox 274 3477 1921 3553">
     <span class='ocr_line' id='line_1_37' title="bbox 274 3477 1921 3553; baseline 0.001 -16"><span class='ocrx_word' id='word_1_221' title='bbox 274 3480 431 3538; x_wconf 87' lang='lat' dir='ltr'>ﬁlius</span> <span class='ocrx_word' id='word_1_222' title='bbox 459 3482 658 3539; x_wconf 87' lang='lat' dir='ltr'>noster</span> <span class='ocrx_word' id='word_1_223' title='bbox 686 3477 1099 3547; x_wconf 87' lang='lat' dir='ltr'>Theodericus,</span> <span class='ocrx_word' id='word_1_224' title='bbox 1126 3483 1317 3536; x_wconf 86' lang='lat' dir='ltr'>vester</span> <span class='ocrx_word' id='word_1_225' title='bbox 1346 3480 1549 3546; x_wconf 89' lang='lat' dir='ltr'>abbas,</span> <span class='ocrx_word' id='word_1_226' title='bbox 1582 3497 1686 3553; x_wconf 91' lang='lat' dir='ltr'>pro</span> <span class='ocrx_word' id='word_1_227' title='bbox 1725 3481 1921 3538; x_wconf 91' lang='lat' dir='ltr'>catho-</span> 
     </span>
    </p>
   </div>
   <div class='ocr_carea' id='block_1_38' title="bbox 274 3567 1919 3642">
    <p class='ocr_par' dir='ltr' id='par_1_38' title="bbox 274 3567 1919 3642">
     <span class='ocr_line' id='line_1_38' title="bbox 274 3567 1919 3642; baseline 0.002 -16"><span class='ocrx_word' id='word_1_228' title='bbox 274 3569 392 3631; x_wconf 66' lang='lat' dir='ltr'>lica:</span> <span class='ocrx_word' id='word_1_229' title='bbox 426 3567 560 3627; x_wconf 88' lang='lat' dir='ltr'>ﬁdei</span> <span class='ocrx_word' id='word_1_230' title='bbox 584 3567 774 3641; x_wconf 83' lang='lat' dir='ltr'>gratia</span> <span class='ocrx_word' id='word_1_231' title='bbox 798 3567 867 3623; x_wconf 90' lang='lat' dir='ltr'>de</span> <span class='ocrx_word' id='word_1_232' title='bbox 898 3571 1090 3623; x_wconf 89' lang='lat' dir='ltr'>vestro</span> <span class='ocrx_word' id='word_1_233' title='bbox 1116 3567 1193 3623; x_wconf 86' lang='lat' dir='ltr'>sit</span> <span class='ocrx_word' id='word_1_234' title='bbox 1221 3569 1577 3625; x_wconf 88' lang='lat' dir='ltr'>monasterio</span> <span class='ocrx_word' id='word_1_235' title='bbox 1617 3569 1919 3642; x_wconf 82' lang='lat' dir='ltr'>expulsus,</span> 
     </span>
    </p>
   </div>
   <div class='ocr_carea' id='block_1_39' title="bbox 273 3655 1922 3730">
    <p class='ocr_par' dir='ltr' id='par_1_39' title="bbox 273 3655 1922 3730">
     <span class='ocr_line' id='line_1_39' title="bbox 273 3655 1922 3730; baseline 0 -15"><span class='ocrx_word' id='word_1_236' title='bbox 273 3664 330 3718; x_wconf 89' lang='lat' dir='ltr'>et</span> <span class='ocrx_word' id='word_1_237' title='bbox 361 3657 633 3717; x_wconf 86' lang='lat' dir='ltr'>Wiredus</span> <span class='ocrx_word' id='word_1_238' title='bbox 662 3655 1213 3730; x_wconf 89' lang='lat' dir='ltr'>pseudomonaehus</span> <span class='ocrx_word' id='word_1_239' title='bbox 1263 3674 1367 3729; x_wconf 90' lang='lat' dir='ltr'>per</span> <span class='ocrx_word' id='word_1_240' title='bbox 1395 3658 1660 3729; x_wconf 89' lang='lat' dir='ltr'>ejusdem</span> <span class='ocrx_word' id='word_1_241' title='bbox 1697 3658 1922 3716; x_wconf 89' lang='lat' dir='ltr'>Otberti</span> 
     </span>
    </p>
   </div>
   <div class='ocr_carea' id='block_1_40' title="bbox 269 3744 1919 3819">
    <p class='ocr_par' dir='ltr' id='par_1_40' title="bbox 269 3744 1919 3819">
     <span class='ocr_line' id='line_1_40' title="bbox 269 3744 1919 3819; baseline 0.001 -16"><span class='ocrx_word' id='word_1_242' title='bbox 269 3746 604 3813; x_wconf 81' lang='lat' dir='ltr'>violentiam</span> <span class='ocrx_word' id='word_1_243' title='bbox 636 3762 813 3818; x_wconf 87' lang='lat' dir='ltr'>super</span> <span class='ocrx_word' id='word_1_244' title='bbox 840 3744 1033 3817; x_wconf 87' lang='lat' dir='ltr'>capita</span> <span class='ocrx_word' id='word_1_245' title='bbox 1061 3749 1251 3802; x_wconf 89' lang='lat' dir='ltr'>vestra</span> <span class='ocrx_word' id='word_1_246' title='bbox 1302 3745 1379 3801; x_wconf 88' lang='lat' dir='ltr'>sit</span> <span class='ocrx_word' id='word_1_247' title='bbox 1428 3746 1712 3819; x_wconf 87' lang='lat' dir='ltr'>ingestus.</span> <span class='ocrx_word' id='word_1_248' title='bbox 1757 3749 1919 3814; x_wconf 86' lang='lat' dir='ltr'>Quod</span> 
     </span>
    </p>
   </div>
   <div class='ocr_carea' id='block_1_41' title="bbox 272 3832 1920 3907">
    <p class='ocr_par' dir='ltr' id='par_1_41' title="bbox 272 3832 1920 3907">
     <span class='ocr_line' id='line_1_41' title="bbox 272 3832 1920 3907; baseline 0.001 -14"><span class='ocrx_word' id='word_1_249' title='bbox 272 3835 508 3905; x_wconf 83' lang='lat' dir='ltr'>omnino</span> <span class='ocrx_word' id='word_1_250' title='bbox 540 3834 710 3891; x_wconf 90' lang='lat' dir='ltr'>nobis</span> <span class='ocrx_word' id='word_1_251' title='bbox 735 3832 1045 3907; x_wconf 89' lang='lat' dir='ltr'>displicere</span> <span class='ocrx_word' id='word_1_252' title='bbox 1074 3835 1294 3891; x_wconf 88' lang='lat' dir='ltr'>sciatis.</span> <span class='ocrx_word' id='word_1_253' title='bbox 1345 3835 1508 3890; x_wconf 90' lang='lat' dir='ltr'>Unde</span> <span class='ocrx_word' id='word_1_254' title='bbox 1558 3851 1658 3892; x_wconf 89' lang='lat' dir='ltr'>vos</span> <span class='ocrx_word' id='word_1_255' title='bbox 1708 3835 1920 3894; x_wconf 77' lang='lat' dir='ltr'>litteris</span> 
     </span>
    </p>
   </div>
   <div class='ocr_carea' id='block_1_42' title="bbox 271 3923 1917 3999">
    <p class='ocr_par' dir='ltr' id='par_1_42' title="bbox 271 3923 1917 3999">
     <span class='ocr_line' id='line_1_42' title="bbox 271 3923 1917 3999; baseline -0.001 -16"><span class='ocrx_word' id='word_1_256' title='bbox 271 3924 659 3999; x_wconf 81' lang='lat' dir='ltr'>praesentibus</span> <span class='ocrx_word' id='word_1_257' title='bbox 690 3923 1108 3991; x_wconf 86' lang='lat' dir='ltr'>salutantes,ut</span> <span class='ocrx_word' id='word_1_258' title='bbox 1134 3928 1337 3981; x_wconf 57' lang='lat' dir='ltr'>vestras</span> <span class='ocrx_word' id='word_1_259' title='bbox 1360 3924 1494 3980; x_wconf 81' lang='lat' dir='ltr'>fidei</span> <span class='ocrx_word' id='word_1_260' title='bbox 1529 3925 1917 3982; x_wconf 88' lang='lat' dir='ltr'>constantiam</span> 
     </span>
    </p>
   </div>
   <div class='ocr_carea' id='block_1_43' title="bbox 269 4011 1918 4085">
    <p class='ocr_par' dir='ltr' id='par_1_43' title="bbox 269 4011 1918 4085">
     <span class='ocr_line' id='line_1_43' title="bbox 269 4011 1918 4085; baseline -0.001 -14"><span class='ocrx_word' id='word_1_261' title='bbox 269 4012 620 4079; x_wconf 84' lang='lat' dir='ltr'>conservetis</span> <span class='ocrx_word' id='word_1_262' title='bbox 649 4012 1039 4075; x_wconf 86' lang='lat' dir='ltr'>hortamur,et</span> <span class='ocrx_word' id='word_1_263' title='bbox 1068 4011 1363 4070; x_wconf 86' lang='lat' dir='ltr'>licentiam</span> <span class='ocrx_word' id='word_1_264' title='bbox 1385 4011 1662 4085; x_wconf 83' lang='lat' dir='ltr'>indulgeo</span> <span class='ocrx_word' id='word_1_265' title='bbox 1687 4017 1752 4069; x_wconf 87' lang='lat' dir='ltr'>ut</span> <span class='ocrx_word' id='word_1_266' title='bbox 1777 4014 1825 4070; x_wconf 88' lang='lat' dir='ltr'>si</span> <span class='ocrx_word' id='word_1_267' title='bbox 1858 4014 1918 4070; x_wconf 88' lang='lat' dir='ltr'>in</span> 
     </span>
    </p>
   </div>
   <div class='ocr_carea' id='block_1_44' title="bbox 270 4099 1920 4173">
    <p class='ocr_par' dir='ltr' id='par_1_44' title="bbox 270 4099 1920 4173">
     <span class='ocr_line' id='line_1_44' title="bbox 270 4099 1920 4173; baseline -0.001 -12"><span class='ocrx_word' id='word_1_268' title='bbox 270 4103 623 4167; x_wconf 84' lang='lat' dir='ltr'>monasterio</span> <span class='ocrx_word' id='word_1_269' title='bbox 655 4106 845 4158; x_wconf 91' lang='lat' dir='ltr'>vestro</span> <span class='ocrx_word' id='word_1_270' title='bbox 875 4102 1201 4158; x_wconf 86' lang='lat' dir='ltr'>secundum</span> <span class='ocrx_word' id='word_1_271' title='bbox 1241 4099 1504 4173; x_wconf 83' lang='lat' dir='ltr'>regulam</span> <span class='ocrx_word' id='word_1_272' title='bbox 1551 4101 1705 4158; x_wconf 89' lang='lat' dir='ltr'>beati</span> <span class='ocrx_word' id='word_1_273' title='bbox 1746 4101 1920 4159; x_wconf 86' lang='lat' dir='ltr'>Bene-</span> 
     </span>
    </p>
   </div>
   <div class='ocr_carea' id='block_1_45' title="bbox 269 4190 1915 4265">
    <p class='ocr_par' dir='ltr' id='par_1_45' title="bbox 269 4190 1915 4265">
     <span class='ocr_line' id='line_1_45' title="bbox 269 4190 1915 4265; baseline 0.001 -17"><span class='ocrx_word' id='word_1_274' title='bbox 269 4193 408 4255; x_wconf 87' lang='lat' dir='ltr'>dicti</span> <span class='ocrx_word' id='word_1_275' title='bbox 440 4196 497 4249; x_wconf 89' lang='lat' dir='ltr'>et</span> <span class='ocrx_word' id='word_1_276' title='bbox 524 4191 904 4265; x_wconf 85' lang='lat' dir='ltr'>apostolicam</span> <span class='ocrx_word' id='word_1_277' title='bbox 924 4191 1228 4247; x_wconf 86' lang='lat' dir='ltr'>veritatem</span> <span class='ocrx_word' id='word_1_278' title='bbox 1258 4190 1447 4247; x_wconf 88' lang='lat' dir='ltr'>vivere</span> <span class='ocrx_word' id='word_1_279' title='bbox 1469 4206 1583 4247; x_wconf 89' lang='lat' dir='ltr'>non</span> <span class='ocrx_word' id='word_1_280' title='bbox 1615 4190 1915 4259; x_wconf 90' lang='lat' dir='ltr'>valetis,ad</span> 
     </span>
    </p>
   </div>
   <div class='ocr_carea' id='block_1_46' title="bbox 269 4278 1916 4355">
    <p class='ocr_par' dir='ltr' id='par_1_46' title="bbox 269 4278 1916 4355">
     <span class='ocr_line' id='line_1_46' title="bbox 269 4278 1916 4355; baseline 0 -17"><span class='ocrx_word' id='word_1_281' title='bbox 269 4282 659 4355; x_wconf 88' lang='lat' dir='ltr'>quodcunque</span> <span class='ocrx_word' id='word_1_282' title='bbox 724 4280 1067 4354; x_wconf 86' lang='lat' dir='ltr'>religiosum</span> <span class='ocrx_word' id='word_1_283' title='bbox 1125 4278 1426 4335; x_wconf 88' lang='lat' dir='ltr'>volueritis</span> <span class='ocrx_word' id='word_1_284' title='bbox 1496 4280 1916 4338; x_wconf 90' lang='lat' dir='ltr'>monasterium</span> 
     </span>
    </p>
   </div>
   <div class='ocr_carea' id='block_1_47' title="bbox 268 4367 1915 4442">
    <p class='ocr_par' dir='ltr' id='par_1_47' title="bbox 268 4367 1915 4442">
     <span class='ocr_line' id='line_1_47' title="bbox 268 4367 1915 4442; baseline -0.002 -11"><span class='ocrx_word' id='word_1_285' title='bbox 268 4371 573 4442; x_wconf 86' lang='lat' dir='ltr'>secedatis,</span> <span class='ocrx_word' id='word_1_286' title='bbox 612 4370 795 4427; x_wconf 90' lang='lat' dir='ltr'>donec</span> <span class='ocrx_word' id='word_1_287' title='bbox 826 4369 1198 4441; x_wconf 90' lang='lat' dir='ltr'>omnipotens</span> <span class='ocrx_word' id='word_1_288' title='bbox 1243 4367 1394 4424; x_wconf 91' lang='lat' dir='ltr'>Deus</span> <span class='ocrx_word' id='word_1_289' title='bbox 1425 4367 1620 4425; x_wconf 92' lang='lat' dir='ltr'>locum</span> <span class='ocrx_word' id='word_1_290' title='bbox 1652 4374 1915 4429; x_wconf 89' lang='lat' dir='ltr'>vestrum</span> 
     </span>
    </p>
   </div>
   <div class='ocr_carea' id='block_1_48' title="bbox 267 4455 1917 4533">
    <p class='ocr_par' dir='ltr' id='par_1_48' title="bbox 267 4455 1917 4533">
     <span class='ocr_line' id='line_1_48' title="bbox 267 4455 1917 4533; baseline -0.001 -16"><span class='ocrx_word' id='word_1_291' title='bbox 267 4459 559 4533; x_wconf 87' lang='lat' dir='ltr'>respiciat,</span> <span class='ocrx_word' id='word_1_292' title='bbox 592 4462 650 4516; x_wconf 92' lang='lat' dir='ltr'>et</span> <span class='ocrx_word' id='word_1_293' title='bbox 676 4459 1005 4515; x_wconf 86' lang='lat' dir='ltr'>secundum</span> <span class='ocrx_word' id='word_1_294' title='bbox 1032 4455 1467 4530; x_wconf 89' lang='lat' dir='ltr'>beneplacitum</span> <span class='ocrx_word' id='word_1_295' title='bbox 1492 4475 1667 4514; x_wconf 89' lang='lat' dir='ltr'>suum</span> <span class='ocrx_word' id='word_1_296' title='bbox 1690 4459 1749 4515; x_wconf 91' lang='lat' dir='ltr'>in</span> <span class='ocrx_word' id='word_1_297' title='bbox 1772 4460 1917 4533; x_wconf 88' lang='lat' dir='ltr'>pris-</span> 
     </span>
    </p>
   </div>
   <div class='ocr_carea' id='block_1_49' title="bbox 266 4545 1916 4609">
    <p class='ocr_par' dir='ltr' id='par_1_49' title="bbox 266 4545 1916 4609">
     <span class='ocr_line' id='line_1_49' title="bbox 266 4545 1916 4609; baseline 0.001 -5"><span class='ocrx_word' id='word_1_298' title='bbox 266 4550 388 4609; x_wconf 91' lang='lat' dir='ltr'>tino</span> <span class='ocrx_word' id='word_1_299' title='bbox 417 4552 576 4605; x_wconf 87' lang='lat' dir='ltr'>statu</span> <span class='ocrx_word' id='word_1_300' title='bbox 607 4548 901 4605; x_wconf 89' lang='lat' dir='ltr'>reformet.</span> <span class='ocrx_word' id='word_1_301' title='bbox 935 4545 1108 4605; x_wconf 90' lang='lat' dir='ltr'>Illum</span> <span class='ocrx_word' id='word_1_302' title='bbox 1126 4550 1321 4603; x_wconf 89' lang='lat' dir='ltr'>autem</span> <span class='ocrx_word' id='word_1_303' title='bbox 1345 4545 1650 4603; x_wconf 89' lang='lat' dir='ltr'>Wiredum</span> <span class='ocrx_word' id='word_1_304' title='bbox 1684 4565 1916 4606; x_wconf 89' lang='lat' dir='ltr'>monas-</span> 
     </span>
    </p>
   </div>
   <div class='ocr_carea' id='block_1_50' title="bbox 265 4634 1911 4711">
    <p class='ocr_par' dir='ltr' id='par_1_50' title="bbox 265 4634 1911 4711">
     <span class='ocr_line' id='line_1_50' title="bbox 265 4634 1911 4711; baseline -0.001 -13"><span class='ocrx_word' id='word_1_305' title='bbox 265 4638 397 4699; x_wconf 82' lang='lat' dir='ltr'>terii</span> <span class='ocrx_word' id='word_1_306' title='bbox 419 4637 598 4695; x_wconf 89' lang='lat' dir='ltr'>vestri</span> <span class='ocrx_word' id='word_1_307' title='bbox 630 4637 959 4694; x_wconf 88' lang='lat' dir='ltr'>invasorem</span> <span class='ocrx_word' id='word_1_308' title='bbox 1008 4652 1142 4691; x_wconf 92' lang='lat' dir='ltr'>cum</span> <span class='ocrx_word' id='word_1_309' title='bbox 1175 4634 1300 4691; x_wconf 82' lang='lat' dir='ltr'>suis</span> <span class='ocrx_word' id='word_1_310' title='bbox 1332 4635 1606 4693; x_wconf 90' lang='lat' dir='ltr'>omnibus</span> <span class='ocrx_word' id='word_1_311' title='bbox 1636 4639 1911 4711; x_wconf 88' lang='lat' dir='ltr'>subditis,</span> 
     </span>
    </p>
   </div>
   <div class='ocr_carea' id='block_1_51' title="bbox 267 4722 1911 4802">
    <p class='ocr_par' dir='ltr' id='par_1_51' title="bbox 267 4722 1911 4802">
     <span class='ocr_line' id='line_1_51' title="bbox 267 4722 1911 4802; baseline -0.001 -16"><span class='ocrx_word' id='word_1_312' title='bbox 267 4727 529 4802; x_wconf 88' lang='lat' dir='ltr'>quandiu</span> <span class='ocrx_word' id='word_1_313' title='bbox 559 4727 632 4784; x_wconf 92' lang='lat' dir='ltr'>ab</span> <span class='ocrx_word' id='word_1_314' title='bbox 663 4726 852 4798; x_wconf 89' lang='lat' dir='ltr'>ipsius</span> <span class='ocrx_word' id='word_1_315' title='bbox 884 4724 1224 4782; x_wconf 87' lang='lat' dir='ltr'>monasterii</span> <span class='ocrx_word' id='word_1_316' title='bbox 1254 4722 1553 4782; x_wconf 88' lang='lat' dir='ltr'>invasione</span> <span class='ocrx_word' id='word_1_317' title='bbox 1592 4743 1706 4784; x_wconf 90' lang='lat' dir='ltr'>non</span> <span class='ocrx_word' id='word_1_318' title='bbox 1737 4729 1911 4785; x_wconf 89' lang='lat' dir='ltr'>desti-</span> 
     </span>
    </p>
   </div>
   <div class='ocr_carea' id='block_1_52' title="bbox 210 4805 1909 4885">
    <p class='ocr_par' dir='ltr' id='par_1_52' title="bbox 210 4805 1909 4885">
     <span class='ocr_line' id='line_1_52' title="bbox 210 4805 1909 4885; baseline 0.003 -14"><span class='ocrx_word' id='word_1_319' title='bbox 210 4805 217 4811; x_wconf 71' lang='grc'><em>’</em></span> <span class='ocrx_word' id='word_1_320' title='bbox 264 4815 419 4885; x_wconf 85' lang='lat' dir='ltr'>terit,</span> <span class='ocrx_word' id='word_1_321' title='bbox 441 4832 477 4873; x_wconf 87' lang='lat' dir='ltr'>a</span> <span class='ocrx_word' id='word_1_322' title='bbox 504 4820 706 4879; x_wconf 88' lang='lat' dir='ltr'>sancta</span> <span class='ocrx_word' id='word_1_323' title='bbox 736 4814 1001 4871; x_wconf 84' lang='lat' dir='ltr'>Romana</span> <span class='ocrx_word' id='word_1_324' title='bbox 1031 4812 1287 4871; x_wconf 88' lang='lat' dir='ltr'>Ecclesia</span> <span class='ocrx_word' id='word_1_325' title='bbox 1337 4817 1909 4876; x_wconf 85' lang='lat' dir='ltr'>excommunicatum</span> 
     </span>
    </p>
   </div>
   <div class='ocr_carea' id='block_1_53' title="bbox 265 4900 1733 4977">
    <p class='ocr_par' dir='ltr' id='par_1_53' title="bbox 265 4900 1733 4977">
     <span class='ocr_line' id='line_1_53' title="bbox 265 4900 1733 4977; baseline -0.001 -11"><span class='ocrx_word' id='word_1_326' title='bbox 265 4920 394 4967; x_wconf 74' lang='lat' dir='ltr'>esse</span> <span class='ocrx_word' id='word_1_327' title='bbox 422 4902 659 4977; x_wconf 79' lang='lat' dir='ltr'>scriptis</span> <span class='ocrx_word' id='word_1_328' title='bbox 682 4902 848 4959; x_wconf 91' lang='lat' dir='ltr'>vobis</span> <span class='ocrx_word' id='word_1_329' title='bbox 878 4900 1262 4975; x_wconf 62' lang='lat' dir='ltr'>praesentibus</span> <span class='ocrx_word' id='word_1_330' title='bbox 1292 4902 1733 4964; x_wconf 89' lang='lat' dir='ltr'>innotescimus.</span> 
     </span>
    </p>
   </div>
   <div class='ocr_carea' id='block_1_54' title="bbox 955 4990 1229 5048">
    <p class='ocr_par' dir='ltr' id='par_1_54' title="bbox 955 4990 1229 5048">
     <span class='ocr_line' id='line_1_54' title="bbox 955 4990 1229 5048; baseline 0 0"><span class='ocrx_word' id='word_1_331' title='bbox 955 4990 1229 5048; x_wconf 84' lang='lat' dir='ltr'>CCXLIV.</span> 
     </span>
    </p>
   </div>
   <div class='ocr_carea' id='block_1_55' title="bbox 268 5061 1913 5192">
    <p class='ocr_par' dir='ltr' id='par_1_55' title="bbox 268 5061 1913 5192">
     <span class='ocr_line' id='line_1_55' title="bbox 268 5061 1913 5192; baseline 0.001 -68"><span class='ocrx_word' id='word_1_332' title='bbox 268 5064 477 5127; x_wconf 71' lang='lat' dir='ltr'>Urbani</span> <span class='ocrx_word' id='word_1_333' title='bbox 526 5063 574 5120; x_wconf 90' lang='grc'><em>11</em></span> <span class='ocrx_word' id='word_1_334' title='bbox 630 5062 863 5134; x_wconf 78' lang='lat' dir='ltr'>epistola</span> <span class='ocrx_word' id='word_1_335' title='bbox 917 5061 1370 5192; x_wconf 49' lang='lat' dir='ltr'>adabﬁz’dienses</span> <span class='ocrx_word' id='word_1_336' title='bbox 1428 5083 1531 5139; x_wconf 87' lang='lat' dir='ltr'>pro</span> <span class='ocrx_word' id='word_1_337' title='bbox 1598 5067 1913 5126; x_wconf 79' lang='lat' dir='ltr'>Theoderico</span> 
     </span>
    </p>
   </div>
   <div class='ocr_carea' id='block_1_56' title="bbox 887 5222 1285 5298">
    <p class='ocr_par' dir='ltr' id='par_1_56' title="bbox 887 5222 1285 5298">
     <span class='ocr_line' id='line_1_56' title="bbox 887 5222 1285 5298; baseline 0.005 -20"><span class='ocrx_word' id='word_1_338' title='bbox 887 5222 1072 5294; x_wconf 84' lang='lat' dir='ltr'>(Anno</span> <span class='ocrx_word' id='word_1_339' title='bbox 1104 5225 1285 5298; x_wconf 87' lang='grc'>1098.)</span> 
     </span>
    </p>
   </div>
   <div class='ocr_carea' id='block_1_57' title="bbox 752 5293 1419 5369">
    <p class='ocr_par' dir='ltr' id='par_1_57' title="bbox 752 5293 1419 5369">
     <span class='ocr_line' id='line_1_57' title="bbox 752 5293 1419 5369; baseline 0.006 -22"><span class='ocrx_word' id='word_1_340' title='bbox 752 5293 1057 5365; x_wconf 59' lang='grc' dir='ltr'>[ΜΑιῖσι-εκη</span> <span class='ocrx_word' id='word_1_341' title='bbox 1088 5298 1185 5352; x_wconf 83' lang='lat' dir='ltr'>ubi</span> <span class='ocrx_word' id='word_1_342' title='bbox 1204 5293 1419 5369; x_wconf 69' lang='lat' dir='ltr'>supra.)</span> 
     </span>
    </p>
   </div>
   <div class='ocr_carea' id='block_1_58' title="bbox 335 5380 1910 5456">
    <p class='ocr_par' dir='ltr' id='par_1_58' title="bbox 335 5380 1910 5456">
     <span class='ocr_line' id='line_1_58' title="bbox 335 5380 1910 5456; baseline 0.002 -13"><span class='ocrx_word' id='word_1_343' title='bbox 335 5384 614 5443; x_wconf 78' lang='lat' dir='ltr'>URBANUS</span> <span class='ocrx_word' id='word_1_344' title='bbox 644 5380 973 5456; x_wconf 88' lang='lat' dir='ltr'>episcopus,</span> <span class='ocrx_word' id='word_1_345' title='bbox 1007 5401 1203 5443; x_wconf 87' lang='lat' dir='ltr'>servus</span> <span class='ocrx_word' id='word_1_346' title='bbox 1233 5403 1532 5443; x_wconf 89' lang='lat' dir='ltr'>servorum</span> <span class='ocrx_word' id='word_1_347' title='bbox 1565 5388 1687 5454; x_wconf 90' lang='lat' dir='ltr'>Dei,</span> <span class='ocrx_word' id='word_1_348' title='bbox 1714 5390 1910 5447; x_wconf 88' lang='lat' dir='ltr'>catho-</span> 
     </span>
    </p>
   </div>
   <div class='ocr_carea' id='block_1_59' title="bbox 262 5470 1913 5548">
    <p class='ocr_par' dir='ltr' id='par_1_59' title="bbox 262 5470 1913 5548">
     <span class='ocr_line' id='line_1_59' title="bbox 262 5470 1913 5548; baseline 0.005 -19"><span class='ocrx_word' id='word_1_349' title='bbox 262 5472 392 5532; x_wconf 90' lang='lat' dir='ltr'>licis</span> <span class='ocrx_word' id='word_1_350' title='bbox 423 5472 702 5539; x_wconf 89' lang='lat' dir='ltr'>omnibus</span> <span class='ocrx_word' id='word_1_351' title='bbox 731 5470 791 5527; x_wconf 87' lang='lat' dir='ltr'>in</span> <span class='ocrx_word' id='word_1_352' title='bbox 838 5470 987 5532; x_wconf 90' lang='lat' dir='ltr'>clero</span> <span class='ocrx_word' id='word_1_353' title='bbox 1032 5475 1338 5533; x_wconf 90' lang='lat' dir='ltr'>Leodiensi</span> <span class='ocrx_word' id='word_1_354' title='bbox 1386 5480 1445 5531; x_wconf 92' lang='lat' dir='ltr'>et</span> <span class='ocrx_word' id='word_1_355' title='bbox 1492 5476 1709 5548; x_wconf 90' lang='lat' dir='ltr'>populo</span> <span class='ocrx_word' id='word_1_356' title='bbox 1756 5480 1814 5536; x_wconf 88' lang='lat' dir='ltr'>S.</span> <span class='ocrx_word' id='word_1_357' title='bbox 1856 5483 1913 5536; x_wconf 91' lang='lat' dir='ltr'>et</span> 
     </span>
    </p>
   </div>
   <div class='ocr_carea' id='block_1_60' title="bbox 261 5565 1914 5737">
    <p class='ocr_par' dir='ltr' id='par_1_60' title="bbox 261 5565 1914 5737">
     <span class='ocr_line' id='line_1_60' title="bbox 261 5565 1914 5737; baseline 0.004 -26"><span class='ocrx_word' id='word_1_358' title='bbox 261 5565 611 5711; x_wconf 42' lang='lat' dir='ltr'>A.Iggolemus</span> <span class='ocrx_word' id='word_1_359' title='bbox 644 5667 748 5723; x_wconf 88' lang='lat' dir='ltr'>pro</span> <span class='ocrx_word' id='word_1_360' title='bbox 764 5650 927 5711; x_wconf 84' lang='lat' dir='ltr'>vobis</span> <span class='ocrx_word' id='word_1_361' title='bbox 955 5654 1223 5737; x_wconf 81' lang='lat' dir='ltr'>graviter,</span> <span class='ocrx_word' id='word_1_362' title='bbox 1259 5652 1364 5708; x_wconf 92' lang='lat' dir='ltr'>ﬁlii</span> <span class='ocrx_word' id='word_1_363' title='bbox 1400 5652 1461 5711; x_wconf 90' lang='lat' dir='ltr'>in</span> <span class='ocrx_word' id='word_1_364' title='bbox 1510 5653 1737 5714; x_wconf 82' lang='lat' dir='ltr'>Christo</span> <span class='ocrx_word' id='word_1_365' title='bbox 1775 5639 1914 5718; x_wconf 82' lang='lat' dir='ltr'>dile-</span> 
     </span>
    </p>
   </div>
   <div class='ocr_carea' id='block_1_61' title="bbox 2060 586 3729 672">
    <p class='ocr_par' dir='ltr' id='par_1_61' title="bbox 2060 586 3729 672">
     <span class='ocr_line' id='line_1_61' title="bbox 2060 586 3729 672; baseline 0.005 -25"><span class='ocrx_word' id='word_1_366' title='bbox 2060 608 2326 649; x_wconf 90' lang='lat' dir='ltr'>errorum</span> <span class='ocrx_word' id='word_1_367' title='bbox 2358 593 2611 650; x_wconf 57' lang='lat' dir='ltr'>tenebrae</span> <span class='ocrx_word' id='word_1_368' title='bbox 2642 599 3042 668; x_wconf 88' lang='lat' dir='ltr'>contegunt,et</span> <span class='ocrx_word' id='word_1_369' title='bbox 3071 615 3106 654; x_wconf 92' lang='lat' dir='ltr'>a</span> <span class='ocrx_word' id='word_1_370' title='bbox 3130 586 3375 654; x_wconf 83' lang='lat' dir='ltr'>veritate</span> <span class='ocrx_word' id='word_1_371' title='bbox 3392 586 3569 663; x_wconf 77' lang='lat' dir='ltr'>sedis</span> <span class='ocrx_word' id='word_1_372' title='bbox 3586 586 3729 672; x_wconf 40' lang='lat' dir='ltr'>apo;</span> 
     </span>
    </p>
   </div>
   <div class='ocr_carea' id='block_1_62' title="bbox 2059 681 3727 767">
    <p class='ocr_par' dir='ltr' id='par_1_62' title="bbox 2059 681 3727 767">
     <span class='ocr_line' id='line_1_62' title="bbox 2059 681 3727 767; baseline 0.005 -30"><span class='ocrx_word' id='word_1_373' title='bbox 2059 681 2273 738; x_wconf 82' lang='lat' dir='ltr'>stolicac</span> <span class='ocrx_word' id='word_1_374' title='bbox 2302 682 2579 743; x_wconf 88' lang='lat' dir='ltr'>alienant.</span> <span class='ocrx_word' id='word_1_375' title='bbox 2602 683 2765 741; x_wconf 91' lang='lat' dir='ltr'>Unde</span> <span class='ocrx_word' id='word_1_376' title='bbox 2794 702 2897 747; x_wconf 91' lang='lat' dir='ltr'>vos</span> <span class='ocrx_word' id='word_1_377' title='bbox 2927 689 3211 759; x_wconf 86' lang='lat' dir='ltr'>tanquam</span> <span class='ocrx_word' id='word_1_378' title='bbox 3242 688 3534 767; x_wconf 83' lang='lat' dir='ltr'>viscerum</span> <span class='ocrx_word' id='word_1_379' title='bbox 3566 682 3727 746; x_wconf 58' lang='lat' dir='ltr'>meo4</span> 
     </span>
    </p>
   </div>
   <div class='ocr_carea' id='block_1_63' title="bbox 2059 768 3723 849">
    <p class='ocr_par' dir='ltr' id='par_1_63' title="bbox 2059 768 3723 849">
     <span class='ocr_line' id='line_1_63' title="bbox 2059 768 3723 849; baseline 0.005 -24"><span class='ocrx_word' id='word_1_380' title='bbox 2059 787 2190 825; x_wconf 90' lang='lat' dir='ltr'>rum</span> <span class='ocrx_word' id='word_1_381' title='bbox 2225 770 2375 827; x_wconf 87' lang='lat' dir='ltr'>ﬁlios</span> <span class='ocrx_word' id='word_1_382' title='bbox 2408 776 2648 844; x_wconf 86' lang='lat' dir='ltr'>paterna</span> <span class='ocrx_word' id='word_1_383' title='bbox 2675 772 2984 831; x_wconf 88' lang='lat' dir='ltr'>dilectione</span> <span class='ocrx_word' id='word_1_384' title='bbox 3012 768 3723 849; x_wconf 82' lang='lat' dir='ltr'>corripimus,admonen-</span> 
     </span>
    </p>
   </div>
   <div class='ocr_carea' id='block_1_64' title="bbox 2058 852 3724 931">
    <p class='ocr_par' dir='ltr' id='par_1_64' title="bbox 2058 852 3724 931">
     <span class='ocr_line' id='line_1_64' title="bbox 2058 852 3724 931; baseline 0.005 -16"><span class='ocrx_word' id='word_1_385' title='bbox 2058 864 2146 915; x_wconf 89' lang='lat' dir='ltr'>tes</span> <span class='ocrx_word' id='word_1_386' title='bbox 2177 864 2233 916; x_wconf 90' lang='lat' dir='ltr'>et</span> <span class='ocrx_word' id='word_1_387' title='bbox 2263 861 2635 919; x_wconf 80' lang='lat' dir='ltr'>obsecrantes</span> <span class='ocrx_word' id='word_1_388' title='bbox 2666 866 2732 919; x_wconf 89' lang='lat' dir='ltr'>ut</span> <span class='ocrx_word' id='word_1_389' title='bbox 2761 864 2833 919; x_wconf 91' lang='lat' dir='ltr'>ad</span> <span class='ocrx_word' id='word_1_390' title='bbox 2852 880 3022 931; x_wconf 68' lang='lat' dir='ltr'>merae</span> <span class='ocrx_word' id='word_1_391' title='bbox 3042 852 3724 929; x_wconf 37' lang='lat' dir='ltr'>veritatislumen&#39;me&#39;n-</span> 
     </span>
    </p>
   </div>
   <div class='ocr_carea' id='block_1_65' title="bbox 2057 942 3721 1031">
    <p class='ocr_par' dir='ltr' id='par_1_65' title="bbox 2057 942 3721 1031">
     <span class='ocr_line' id='line_1_65' title="bbox 2057 942 3721 1031; baseline 0.006 -28"><span class='ocrx_word' id='word_1_392' title='bbox 2057 949 2203 1004; x_wconf 91' lang='lat' dir='ltr'>tium</span> <span class='ocrx_word' id='word_1_393' title='bbox 2238 953 2563 1005; x_wconf 88' lang='lat' dir='ltr'>vestrarum</span> <span class='ocrx_word' id='word_1_394' title='bbox 2598 950 2801 1007; x_wconf 90' lang='lat' dir='ltr'>oculos</span> <span class='ocrx_word' id='word_1_395' title='bbox 2833 951 3089 1009; x_wconf 78' lang='lat' dir='ltr'>elevatis.</span> <span class='ocrx_word' id='word_1_396' title='bbox 3122 954 3359 1011; x_wconf 78' lang='lat' dir='ltr'>Auferte</span> <span class='ocrx_word' id='word_1_397' title='bbox 3384 942 3616 1025; x_wconf 82' lang='lat' dir='ltr'>malum</span> <span class='ocrx_word' id='word_1_398' title='bbox 3649 973 3721 1031; x_wconf 65' lang='lat' dir='ltr'>ex</span> 
     </span>
    </p>
   </div>
   <div class='ocr_carea' id='block_1_66' title="bbox 2055 1032 3721 1121">
    <p class='ocr_par' dir='ltr' id='par_1_66' title="bbox 2055 1032 3721 1121">
     <span class='ocr_line' id='line_1_66' title="bbox 2055 1032 3721 1121; baseline 0.007 -30"><span class='ocrx_word' id='word_1_399' title='bbox 2055 1037 2219 1092; x_wconf 87' lang='lat' dir='ltr'>vobis</span> <span class='ocrx_word' id='word_1_400' title='bbox 2252 1037 2427 1110; x_wconf 90' lang='lat' dir='ltr'>ipsis;</span> <span class='ocrx_word' id='word_1_401' title='bbox 2465 1038 2669 1110; x_wconf 89' lang='lat' dir='ltr'>lupum</span> <span class='ocrx_word' id='word_1_402' title='bbox 2705 1038 2872 1096; x_wconf 89' lang='lat' dir='ltr'>illum</span> <span class='ocrx_word' id='word_1_403' title='bbox 2896 1041 3024 1097; x_wconf 90' lang='lat' dir='ltr'>dico</span> <span class='ocrx_word' id='word_1_404' title='bbox 3048 1045 3105 1098; x_wconf 89' lang='lat' dir='ltr'>et</span> <span class='ocrx_word' id='word_1_405' title='bbox 3128 1042 3340 1121; x_wconf 85' lang='lat' dir='ltr'>furem,</span> <span class='ocrx_word' id='word_1_406' title='bbox 3366 1046 3466 1118; x_wconf 85' lang='lat' dir='ltr'>qui</span> <span class='ocrx_word' id='word_1_407' title='bbox 3491 1032 3609 1102; x_wconf 81' lang='lat' dir='ltr'>non</span> <span class='ocrx_word' id='word_1_408' title='bbox 3642 1046 3721 1109; x_wconf 83' lang='lat' dir='ltr'>ad</span> 
     </span>
    </p>
   </div>
   <div class='ocr_carea' id='block_1_67' title="bbox 2055 1125 3719 1201">
    <p class='ocr_par' dir='ltr' id='par_1_67' title="bbox 2055 1125 3719 1201">
     <span class='ocr_line' id='line_1_67' title="bbox 2055 1125 3719 1201; baseline 0.007 -21"><span class='ocrx_word' id='word_1_409' title='bbox 2055 1125 2303 1181; x_wconf 88' lang='lat' dir='ltr'>salutem</span> <span class='ocrx_word' id='word_1_410' title='bbox 2336 1130 2588 1183; x_wconf 87' lang='lat' dir='ltr'>vestram</span> <span class='ocrx_word' id='word_1_411' title='bbox 2627 1146 2729 1201; x_wconf 91' lang='lat' dir='ltr'>per</span> <span class='ocrx_word' id='word_1_412' title='bbox 2757 1130 2976 1186; x_wconf 88' lang='lat' dir='ltr'>ostium</span> <span class='ocrx_word' id='word_1_413' title='bbox 3033 1132 3311 1199; x_wconf 88' lang='lat' dir='ltr'>introivit,</span> <span class='ocrx_word' id='word_1_414' title='bbox 3345 1134 3446 1190; x_wconf 88' lang='lat' dir='ltr'>sed</span> <span class='ocrx_word' id='word_1_415' title='bbox 3477 1134 3719 1192; x_wconf 88' lang='lat' dir='ltr'>aliunde</span> 
     </span>
    </p>
   </div>
   <div class='ocr_carea' id='block_1_68' title="bbox 2055 1216 3717 1296">
    <p class='ocr_par' dir='ltr' id='par_1_68' title="bbox 2055 1216 3717 1296">
     <span class='ocr_line' id='line_1_68' title="bbox 2055 1216 3717 1296; baseline 0.004 -26"><span class='ocrx_word' id='word_1_416' title='bbox 2055 1216 2338 1283; x_wconf 91' lang='lat' dir='ltr'>ascendit,</span> <span class='ocrx_word' id='word_1_417' title='bbox 2373 1220 2437 1271; x_wconf 91' lang='lat' dir='ltr'>ut</span> <span class='ocrx_word' id='word_1_418' title='bbox 2468 1220 2683 1273; x_wconf 90' lang='lat' dir='ltr'>mactet</span> <span class='ocrx_word' id='word_1_419' title='bbox 2714 1221 2770 1272; x_wconf 90' lang='lat' dir='ltr'>et</span> <span class='ocrx_word' id='word_1_420' title='bbox 2798 1220 3118 1275; x_wconf 91' lang='lat' dir='ltr'>manducet</span> <span class='ocrx_word' id='word_1_421' title='bbox 3148 1224 3205 1275; x_wconf 90' lang='lat' dir='ltr'>et</span> <span class='ocrx_word' id='word_1_422' title='bbox 3236 1221 3586 1292; x_wconf 84' lang='lat' dir='ltr'>perdat.Aut</span> <span class='ocrx_word' id='word_1_423' title='bbox 3606 1223 3717 1296; x_wconf 85' lang='lat' dir='ltr'>igi-</span> 
     </span>
    </p>
   </div>
   <div class='ocr_carea' id='block_1_69' title="bbox 2053 1303 3709 1387">
    <p class='ocr_par' dir='ltr' id='par_1_69' title="bbox 2053 1303 3709 1387">
     <span class='ocr_line' id='line_1_69' title="bbox 2053 1303 3709 1387; baseline 0.007 -30"><span class='ocrx_word' id='word_1_424' title='bbox 2053 1306 2151 1357; x_wconf 89' lang='lat' dir='ltr'>tur</span> <span class='ocrx_word' id='word_1_425' title='bbox 2178 1303 2444 1360; x_wconf 65' lang='lat' dir='ltr'>Ecclesiai</span> <span class='ocrx_word' id='word_1_426' title='bbox 2496 1304 2824 1362; x_wconf 89' lang='lat' dir='ltr'>invasorem</span> <span class='ocrx_word' id='word_1_427' title='bbox 2871 1311 2926 1363; x_wconf 88' lang='lat' dir='ltr'>et</span> <span class='ocrx_word' id='word_1_428' title='bbox 2958 1314 3390 1382; x_wconf 87' lang='lat' dir='ltr'>occupatorem,</span> <span class='ocrx_word' id='word_1_429' title='bbox 3416 1310 3709 1387; x_wconf 28' lang='lat' dir='ltr'>.Obertum</span> 
     </span>
    </p>
   </div>
   <div class='ocr_carea' id='block_1_70' title="bbox 2052 1391 3714 1473">
    <p class='ocr_par' dir='ltr' id='par_1_70' title="bbox 2052 1391 3714 1473">
     <span class='ocr_line' id='line_1_70' title="bbox 2052 1391 3714 1473; baseline 0.008 -28"><span class='ocrx_word' id='word_1_430' title='bbox 2052 1391 2562 1461; x_wconf 87' lang='lat' dir='ltr'>dicimus,Henrici</span> <span class='ocrx_word' id='word_1_431' title='bbox 2597 1394 2940 1468; x_wconf 90' lang='lat' dir='ltr'>complicem</span> <span class='ocrx_word' id='word_1_432' title='bbox 2972 1401 3028 1453; x_wconf 90' lang='lat' dir='ltr'>et</span> <span class='ocrx_word' id='word_1_433' title='bbox 3060 1396 3419 1467; x_wconf 69' lang='lat' dir='ltr'>Guiherti,ex</span> <span class='ocrx_word' id='word_1_434' title='bbox 3447 1394 3714 1473; x_wconf 81' lang='lat' dir='ltr'>vobis,si</span> 
     </span>
    </p>
   </div>
   <div class='ocr_carea' id='block_1_71' title="bbox 2051 1482 3713 1567">
    <p class='ocr_par' dir='ltr' id='par_1_71' title="bbox 2051 1482 3713 1567">
     <span class='ocr_line' id='line_1_71' title="bbox 2051 1482 3713 1567; baseline 0.008 -32"><span class='ocrx_word' id='word_1_435' title='bbox 2051 1497 2167 1552; x_wconf 88' lang='lat' dir='ltr'>quo</span> <span class='ocrx_word' id='word_1_436' title='bbox 2192 1482 2363 1537; x_wconf 91' lang='lat' dir='ltr'>modo</span> <span class='ocrx_word' id='word_1_437' title='bbox 2382 1482 2885 1556; x_wconf 90' lang='lat' dir='ltr'>possibile,pellite</span> <span class='ocrx_word' id='word_1_438' title='bbox 2911 1490 3043 1554; x_wconf 88' lang='lat' dir='ltr'>;aut</span> <span class='ocrx_word' id='word_1_439' title='bbox 3071 1485 3121 1543; x_wconf 92' lang='lat' dir='ltr'>ei</span> <span class='ocrx_word' id='word_1_440' title='bbox 3145 1490 3428 1560; x_wconf 88' lang='lat' dir='ltr'>tanquam</span> <span class='ocrx_word' id='word_1_441' title='bbox 3453 1506 3489 1567; x_wconf 85' lang='lat' dir='ltr'>a</span> <span class='ocrx_word' id='word_1_442' title='bbox 3505 1482 3713 1547; x_wconf 79' lang='lat' dir='ltr'>sancta</span> 
     </span>
    </p>
   </div>
   <div class='ocr_carea' id='block_1_72' title="bbox 2052 1570 3715 1647">
    <p class='ocr_par' dir='ltr' id='par_1_72' title="bbox 2052 1570 3715 1647">
     <span class='ocr_line' id='line_1_72' title="bbox 2052 1570 3715 1647; baseline 0.007 -23"><span class='ocrx_word' id='word_1_443' title='bbox 2052 1570 2313 1625; x_wconf 81' lang='lat' dir='ltr'>Romana</span> <span class='ocrx_word' id='word_1_444' title='bbox 2339 1571 2591 1627; x_wconf 88' lang='lat' dir='ltr'>Ecclesia</span> <span class='ocrx_word' id='word_1_445' title='bbox 2612 1572 2886 1639; x_wconf 90' lang='lat' dir='ltr'>alieno,et</span> <span class='ocrx_word' id='word_1_446' title='bbox 2906 1576 3715 1647; x_wconf 86' lang='lat' dir='ltr'>excommunicato,obedien-</span> 
     </span>
    </p>
   </div>
   <div class='ocr_carea' id='block_1_73' title="bbox 2050 1658 3709 1735">
    <p class='ocr_par' dir='ltr' id='par_1_73' title="bbox 2050 1658 3709 1735">
     <span class='ocr_line' id='line_1_73' title="bbox 2050 1658 3709 1735; baseline 0.008 -23"><span class='ocrx_word' id='word_1_447' title='bbox 2050 1658 2194 1713; x_wconf 90' lang='lat' dir='ltr'>tiam</span> <span class='ocrx_word' id='word_1_448' title='bbox 2248 1664 2504 1716; x_wconf 84' lang='lat' dir='ltr'>vestram</span> <span class='ocrx_word' id='word_1_449' title='bbox 2557 1662 3038 1735; x_wconf 86' lang='lat' dir='ltr'>consortiumque</span> <span class='ocrx_word' id='word_1_450' title='bbox 3067 1668 3324 1720; x_wconf 89' lang='lat' dir='ltr'>vestrum</span> <span class='ocrx_word' id='word_1_451' title='bbox 3358 1665 3709 1725; x_wconf 86' lang='lat' dir='ltr'>subtrahite.</span> 
     </span>
    </p>
   </div>
   <div class='ocr_carea' id='block_1_74' title="bbox 2047 1746 3711 1829">
    <p class='ocr_par' dir='ltr' id='par_1_74' title="bbox 2047 1746 3711 1829">
     <span class='ocr_line' id='line_1_74' title="bbox 2047 1746 3711 1829; baseline 0.007 -27"><span class='ocrx_word' id='word_1_452' title='bbox 2047 1746 2164 1803; x_wconf 90' lang='lat' dir='ltr'>Hoc</span> <span class='ocrx_word' id='word_1_453' title='bbox 2188 1748 2381 1820; x_wconf 90' lang='lat' dir='ltr'>ipsum</span> <span class='ocrx_word' id='word_1_454' title='bbox 2402 1750 2472 1805; x_wconf 93' lang='lat' dir='ltr'>de</span> <span class='ocrx_word' id='word_1_455' title='bbox 2486 1750 2720 1807; x_wconf 84' lang='lat' dir='ltr'>Wiredo</span> <span class='ocrx_word' id='word_1_456' title='bbox 2740 1752 3180 1825; x_wconf 83' lang='lat' dir='ltr'>pseudoabbate</span> <span class='ocrx_word' id='word_1_457' title='bbox 3206 1754 3711 1829; x_wconf 67' lang='lat' dir='ltr'>praecipimus,qui</span> 
     </span>
    </p>
   </div>
   <div class='ocr_carea' id='block_1_75' title="bbox 2048 1838 3703 1925">
    <p class='ocr_par' dir='ltr' id='par_1_75' title="bbox 2048 1838 3703 1925">
     <span class='ocr_line' id='line_1_75' title="bbox 2048 1838 3703 1925; baseline 0.007 -32"><span class='ocrx_word' id='word_1_458' title='bbox 2048 1853 2150 1909; x_wconf 91' lang='lat' dir='ltr'>per</span> <span class='ocrx_word' id='word_1_459' title='bbox 2174 1838 2440 1910; x_wconf 85' lang='lat' dir='ltr'>ejusdem</span> <span class='ocrx_word' id='word_1_460' title='bbox 2465 1840 2947 1914; x_wconf 91' lang='lat' dir='ltr'>pseudoepiscopi</span> <span class='ocrx_word' id='word_1_461' title='bbox 2962 1841 3299 1909; x_wconf 84' lang='lat' dir='ltr'>violentiam</span> <span class='ocrx_word' id='word_1_462' title='bbox 3323 1845 3703 1925; x_wconf 66' lang='lat' dir='ltr'>Arduennen-</span> 
     </span>
    </p>
   </div>
   <div class='ocr_carea' id='block_1_76' title="bbox 2052 1926 3704 2005">
    <p class='ocr_par' dir='ltr' id='par_1_76' title="bbox 2052 1926 3704 2005">
     <span class='ocr_line' id='line_1_76' title="bbox 2052 1926 3704 2005; baseline 0.006 -25"><span class='ocrx_word' id='word_1_463' title='bbox 2052 1942 2111 1980; x_wconf 91' lang='lat' dir='ltr'>se</span> <span class='ocrx_word' id='word_1_464' title='bbox 2126 1926 2545 1983; x_wconf 88' lang='lat' dir='ltr'>monasterium</span> <span class='ocrx_word' id='word_1_465' title='bbox 2570 1928 2633 1984; x_wconf 91' lang='grc' dir='ltr'>Β.</span> <span class='ocrx_word' id='word_1_466' title='bbox 2663 1928 2903 1985; x_wconf 90' lang='lat' dir='ltr'>Huberti</span> <span class='ocrx_word' id='word_1_467' title='bbox 2934 1930 3318 2003; x_wconf 87' lang='lat' dir='ltr'>occupavit.Si</span> <span class='ocrx_word' id='word_1_468' title='bbox 3351 1932 3485 2005; x_wconf 80' lang='lat' dir='ltr'>quis</span> <span class='ocrx_word' id='word_1_469' title='bbox 3507 1939 3704 2001; x_wconf 80' lang='lat' dir='ltr'>autem</span> 
     </span>
    </p>
   </div>
   <div class='ocr_carea' id='block_1_77' title="bbox 2050 2013 3705 2099">
    <p class='ocr_par' dir='ltr' id='par_1_77' title="bbox 2050 2013 3705 2099">
     <span class='ocr_line' id='line_1_77' title="bbox 2050 2013 3705 2099; baseline 0.009 -31"><span class='ocrx_word' id='word_1_470' title='bbox 2050 2013 2326 2088; x_wconf 90' lang='lat' dir='ltr'>deinceps</span> <span class='ocrx_word' id='word_1_471' title='bbox 2358 2017 2442 2073; x_wconf 91' lang='lat' dir='ltr'>eis</span> <span class='ocrx_word' id='word_1_472' title='bbox 2473 2018 2905 2075; x_wconf 89' lang='lat' dir='ltr'>communicare</span> <span class='ocrx_word' id='word_1_473' title='bbox 2925 2022 3385 2094; x_wconf 67' lang='lat' dir='ltr'>prmsumpserit,</span> <span class='ocrx_word' id='word_1_474' title='bbox 3403 2014 3596 2099; x_wconf 79' lang='lat' dir='ltr'>donec</span> <span class='ocrx_word' id='word_1_475' title='bbox 3616 2042 3705 2082; x_wconf 90' lang='lat' dir='ltr'>ec-</span> 
     </span>
    </p>
   </div>
   <div class='ocr_carea' id='block_1_78' title="bbox 2049 2102 3703 2181">
    <p class='ocr_par' dir='ltr' id='par_1_78' title="bbox 2049 2102 3703 2181">
     <span class='ocr_line' id='line_1_78' title="bbox 2049 2102 3703 2181; baseline 0.007 -23"><span class='ocrx_word' id='word_1_476' title='bbox 2049 2102 2359 2159; x_wconf 91' lang='lat' dir='ltr'>clesiarum</span> <span class='ocrx_word' id='word_1_477' title='bbox 2392 2104 2605 2177; x_wconf 89' lang='lat' dir='ltr'>quibus</span> <span class='ocrx_word' id='word_1_478' title='bbox 2629 2106 2908 2164; x_wconf 88' lang='lat' dir='ltr'>incubant</span> <span class='ocrx_word' id='word_1_479' title='bbox 2928 2110 3307 2181; x_wconf 87' lang='lat' dir='ltr'>oppressione</span> <span class='ocrx_word' id='word_1_480' title='bbox 3327 2111 3703 2178; x_wconf 81' lang='lat' dir='ltr'>deserta,Deo</span> 
     </span>
    </p>
   </div>
   <div class='ocr_carea' id='block_1_79' title="bbox 2048 2190 3699 2274">
    <p class='ocr_par' dir='ltr' id='par_1_79' title="bbox 2048 2190 3699 2274">
     <span class='ocr_line' id='line_1_79' title="bbox 2048 2190 3699 2274; baseline 0.008 -27"><span class='ocrx_word' id='word_1_481' title='bbox 2048 2195 2105 2247; x_wconf 91' lang='lat' dir='ltr'>et</span> <span class='ocrx_word' id='word_1_482' title='bbox 2132 2192 2255 2247; x_wconf 90' lang='lat' dir='ltr'>sedi</span> <span class='ocrx_word' id='word_1_483' title='bbox 2286 2194 2614 2265; x_wconf 78' lang='lat' dir='ltr'>apostolicae</span> <span class='ocrx_word' id='word_1_484' title='bbox 2658 2196 3043 2265; x_wconf 83' lang='lat' dir='ltr'>satisfaciant,</span> <span class='ocrx_word' id='word_1_485' title='bbox 3095 2190 3287 2255; x_wconf 85' lang='lat' dir='ltr'>sciant</span> <span class='ocrx_word' id='word_1_486' title='bbox 3328 2216 3390 2257; x_wconf 90' lang='lat' dir='ltr'>se</span> <span class='ocrx_word' id='word_1_487' title='bbox 3431 2202 3699 2274; x_wconf 86' lang='lat' dir='ltr'>ejusdem</span> 
     </span>
    </p>
   </div>
   <div class='ocr_carea' id='block_1_80' title="bbox 2046 2277 3702 2359">
    <p class='ocr_par' dir='ltr' id='par_1_80' title="bbox 2046 2277 3702 2359">
     <span class='ocr_line' id='line_1_80' title="bbox 2046 2277 3702 2359; baseline 0.008 -24"><span class='ocrx_word' id='word_1_488' title='bbox 2046 2281 2665 2340; x_wconf 82' lang='lat' dir='ltr'>exeommunicationis</span> <span class='ocrx_word' id='word_1_489' title='bbox 2694 2284 2925 2342; x_wconf 91' lang='lat' dir='ltr'>vinculo</span> <span class='ocrx_word' id='word_1_490' title='bbox 2975 2286 3307 2351; x_wconf 89' lang='lat' dir='ltr'>innodatos.</span> <span class='ocrx_word' id='word_1_491' title='bbox 3341 2289 3521 2359; x_wconf 83' lang='lat' dir='ltr'>Vobis</span> <span class='ocrx_word' id='word_1_492' title='bbox 3560 2277 3702 2349; x_wconf 82' lang='lat' dir='ltr'>sane</span> 
     </span>
    </p>
   </div>
   <div class='ocr_carea' id='block_1_81' title="bbox 2044 2371 3699 2451">
    <p class='ocr_par' dir='ltr' id='par_1_81' title="bbox 2044 2371 3699 2451">
     <span class='ocr_line' id='line_1_81' title="bbox 2044 2371 3699 2451; baseline 0.01 -27"><span class='ocrx_word' id='word_1_493' title='bbox 2044 2374 2101 2424; x_wconf 91' lang='lat' dir='ltr'>et</span> <span class='ocrx_word' id='word_1_494' title='bbox 2128 2371 2349 2427; x_wconf 68' lang='lat' dir='ltr'>caatcris</span> <span class='ocrx_word' id='word_1_495' title='bbox 2378 2372 2653 2430; x_wconf 90' lang='lat' dir='ltr'>omnibus</span> <span class='ocrx_word' id='word_1_496' title='bbox 2683 2378 2889 2439; x_wconf 87' lang='lat' dir='ltr'>notum</span> <span class='ocrx_word' id='word_1_497' title='bbox 2922 2375 2999 2430; x_wconf 92' lang='lat' dir='ltr'>sit</span> <span class='ocrx_word' id='word_1_498' title='bbox 3030 2375 3169 2449; x_wconf 89' lang='lat' dir='ltr'>quia</span> <span class='ocrx_word' id='word_1_499' title='bbox 3199 2376 3470 2451; x_wconf 88' lang='lat' dir='ltr'>religioso</span> <span class='ocrx_word' id='word_1_500' title='bbox 3502 2380 3699 2441; x_wconf 82' lang='lat' dir='ltr'>abbati</span> 
     </span>
    </p>
   </div>
   <div class='ocr_carea' id='block_1_82' title="bbox 2042 2454 3701 2545">
    <p class='ocr_par' dir='ltr' id='par_1_82' title="bbox 2042 2454 3701 2545">
     <span class='ocr_line' id='line_1_82' title="bbox 2042 2454 3701 2545; baseline 0.01 -32"><span class='ocrx_word' id='word_1_501' title='bbox 2042 2458 2397 2516; x_wconf 88' lang='lat' dir='ltr'>Theoderico</span> <span class='ocrx_word' id='word_1_502' title='bbox 2443 2460 2735 2519; x_wconf 87' lang='lat' dir='ltr'>licentiam</span> <span class='ocrx_word' id='word_1_503' title='bbox 2783 2464 3053 2521; x_wconf 90' lang='lat' dir='ltr'>dedimus</span> <span class='ocrx_word' id='word_1_504' title='bbox 3107 2470 3171 2520; x_wconf 89' lang='lat' dir='ltr'>ut</span> <span class='ocrx_word' id='word_1_505' title='bbox 3218 2484 3253 2523; x_wconf 91' lang='lat' dir='ltr'>a</span> <span class='ocrx_word' id='word_1_506' title='bbox 3302 2454 3701 2545; x_wconf 83' lang='lat' dir='ltr'>schismaticis</span> 
     </span>
    </p>
   </div>
   <div class='ocr_carea' id='block_1_83' title="bbox 2042 2549 3698 2627">
    <p class='ocr_par' dir='ltr' id='par_1_83' title="bbox 2042 2549 3698 2627">
     <span class='ocr_line' id='line_1_83' title="bbox 2042 2549 3698 2627; baseline 0.008 -24"><span class='ocrx_word' id='word_1_507' title='bbox 2042 2563 2370 2617; x_wconf 89' lang='lat' dir='ltr'>conversos,</span> <span class='ocrx_word' id='word_1_508' title='bbox 2405 2549 2503 2622; x_wconf 91' lang='lat' dir='ltr'>qui</span> <span class='ocrx_word' id='word_1_509' title='bbox 2536 2551 2607 2606; x_wconf 92' lang='lat' dir='ltr'>ad</span> <span class='ocrx_word' id='word_1_510' title='bbox 2639 2551 2836 2623; x_wconf 89' lang='lat' dir='ltr'>ipsum</span> <span class='ocrx_word' id='word_1_511' title='bbox 2868 2554 3256 2627; x_wconf 84' lang='lat' dir='ltr'>confugerint,</span> <span class='ocrx_word' id='word_1_512' title='bbox 3282 2573 3316 2612; x_wconf 90' lang='lat' dir='ltr'>a</span> <span class='ocrx_word' id='word_1_513' title='bbox 3339 2555 3572 2627; x_wconf 83' lang='lat' dir='ltr'>vinculo</span> <span class='ocrx_word' id='word_1_514' title='bbox 3602 2577 3698 2617; x_wconf 80' lang='lat' dir='ltr'>ex-</span> 
     </span>
    </p>
   </div>
   <div class='ocr_carea' id='block_1_84' title="bbox 2040 2634 3531 2697">
    <p class='ocr_par' dir='ltr' id='par_1_84' title="bbox 2040 2634 3531 2697">
     <span class='ocr_line' id='line_1_84' title="bbox 2040 2634 3531 2697; baseline 0.005 -5"><span class='ocrx_word' id='word_1_515' title='bbox 2040 2638 2595 2697; x_wconf 90' lang='lat' dir='ltr'>communicationis</span> <span class='ocrx_word' id='word_1_516' title='bbox 2625 2639 2905 2697; x_wconf 88' lang='lat' dir='ltr'>absolvat.</span> <span class='ocrx_word' id='word_1_517' title='bbox 3528 2634 3531 2637; x_wconf 62' lang='grc'><em>’</em></span> 
     </span>
    </p>
   </div>
   <div class='ocr_carea' id='block_1_85' title="bbox 2112 2731 2396 2785">
    <p class='ocr_par' dir='ltr' id='par_1_85' title="bbox 2112 2731 2396 2785">
     <span class='ocr_line' id='line_1_85' title="bbox 2112 2731 2396 2785; baseline 0.011 -3"><span class='ocrx_word' id='word_1_518' title='bbox 2112 2731 2396 2785; x_wconf 90' lang='lat' dir='ltr'>Datum...</span> 
     </span>
    </p>
   </div>
   <div class='ocr_carea' id='block_1_86' title="bbox 2737 2818 2988 2876">
    <p class='ocr_par' dir='ltr' id='par_1_86' title="bbox 2737 2818 2988 2876">
     <span class='ocr_line' id='line_1_86' title="bbox 2737 2818 2988 2876; baseline 0 -1"><span class='ocrx_word' id='word_1_519' title='bbox 2737 2818 2988 2876; x_wconf 88' lang='lat' dir='ltr'>CCXLV.</span> 
     </span>
    </p>
   </div>
   <div class='ocr_carea' id='block_1_87' title="bbox 2140 2906 3596 2982">
    <p class='ocr_par' dir='ltr' id='par_1_87' title="bbox 2140 2906 3596 2982">
     <span class='ocr_line' id='line_1_87' title="bbox 2140 2906 3596 2982; baseline 0.005 -19"><span class='ocrx_word' id='word_1_520' title='bbox 2140 2906 2349 2963; x_wconf 80' lang='lat' dir='ltr'>Urbani</span> <span class='ocrx_word' id='word_1_521' title='bbox 2366 2908 2417 2963; x_wconf 90' lang='lat' dir='ltr'>II</span> <span class='ocrx_word' id='word_1_522' title='bbox 2444 2909 2768 2980; x_wconf 79' lang='lat' dir='ltr'>rescriptum</span> <span class='ocrx_word' id='word_1_523' title='bbox 2793 2924 2892 2982; x_wconf 83' lang='lat' dir='ltr'>pro</span> <span class='ocrx_word' id='word_1_524' title='bbox 2925 2910 3213 2967; x_wconf 74' lang='lat' dir='ltr'>Casinensi</span> <span class='ocrx_word' id='word_1_525' title='bbox 3238 2916 3596 2981; x_wconf 64' lang='lat' dir='ltr'>monasterio.</span> 
     </span>
    </p>
   </div>
   <div class='ocr_carea' id='block_1_88' title="bbox 2109 2986 3684 3081">
    <p class='ocr_par' dir='ltr' id='par_1_88' title="bbox 2109 2986 3684 3081">
     <span class='ocr_line' id='line_1_88' title="bbox 2109 2986 3684 3081; baseline 0.006 -30"><span class='ocrx_word' id='word_1_526' title='bbox 2109 2993 2388 3052; x_wconf 63' lang='lat' dir='ltr'>Uananus</span> <span class='ocrx_word' id='word_1_527' title='bbox 2419 2997 2752 3070; x_wconf 89' lang='lat' dir='ltr'>episcopus,</span> <span class='ocrx_word' id='word_1_528' title='bbox 2802 3015 3004 3055; x_wconf 91' lang='lat' dir='ltr'>servus</span> <span class='ocrx_word' id='word_1_529' title='bbox 3048 3017 3348 3065; x_wconf 90' lang='lat' dir='ltr'>servorum</span> <span class='ocrx_word' id='word_1_530' title='bbox 3389 2986 3521 3081; x_wconf 67' lang='lat' dir='ltr'>Dei,</span> <span class='ocrx_word' id='word_1_531' title='bbox 3549 3004 3684 3061; x_wconf 85' lang='lat' dir='ltr'>cha-</span> 
     </span>
    </p>
   </div>
   <div class='ocr_carea' id='block_1_89' title="bbox 2036 3081 3686 3171">
    <p class='ocr_par' dir='ltr' id='par_1_89' title="bbox 2036 3081 3686 3171">
     <span class='ocr_line' id='line_1_89' title="bbox 2036 3081 3686 3171; baseline 0.007 -33"><span class='ocrx_word' id='word_1_532' title='bbox 2036 3081 2272 3140; x_wconf 89' lang='lat' dir='ltr'>rissimo</span> <span class='ocrx_word' id='word_1_533' title='bbox 2304 3083 2423 3141; x_wconf 89' lang='lat' dir='ltr'>ﬁlio</span> <span class='ocrx_word' id='word_1_534' title='bbox 2448 3084 2669 3143; x_wconf 78' lang='lat' dir='ltr'>ANSONI</span> <span class='ocrx_word' id='word_1_535' title='bbox 2698 3084 3238 3171; x_wconf 83' lang='lat' dir='ltr'>Beneventanorum</span> <span class='ocrx_word' id='word_1_536' title='bbox 3261 3090 3686 3171; x_wconf 85' lang='lat' dir='ltr'>domino,salu-</span> 
     </span>
    </p>
   </div>
   <div class='ocr_carea' id='block_1_90' title="bbox 2033 3166 3655 3245">
    <p class='ocr_par' dir='ltr' id='par_1_90' title="bbox 2033 3166 3655 3245">
     <span class='ocr_line' id='line_1_90' title="bbox 2033 3166 3655 3245; baseline 0.006 -18"><span class='ocrx_word' id='word_1_537' title='bbox 2033 3176 2151 3227; x_wconf 90' lang='lat' dir='ltr'>tem</span> <span class='ocrx_word' id='word_1_538' title='bbox 2183 3175 2241 3228; x_wconf 92' lang='lat' dir='ltr'>et</span> <span class='ocrx_word' id='word_1_539' title='bbox 2271 3173 2649 3245; x_wconf 90' lang='lat' dir='ltr'>apostolicam</span> <span class='ocrx_word' id='word_1_540' title='bbox 2682 3176 3166 3234; x_wconf 89' lang='lat' dir='ltr'>benedictionem.</span> <span class='ocrx_word' id='word_1_541' title='bbox 3214 3166 3219 3171; x_wconf 48' lang='grc'>’</span> <span class='ocrx_word' id='word_1_542' title='bbox 3388 3166 3391 3171; x_wconf 52' lang='grc'><em>’</em></span> <span class='ocrx_word' id='word_1_543' title='bbox 3650 3166 3655 3175; x_wconf 28' lang='grc'><strong>“</strong></span> 
     </span>
    </p>
   </div>
   <div class='ocr_carea' id='block_1_91' title="bbox 1955 3241 3688 3347">
    <p class='ocr_par' dir='ltr' id='par_1_91' title="bbox 1955 3241 3688 3347">
     <span class='ocr_line' id='line_1_91' title="bbox 1955 3241 3688 3347; baseline 0.01 -36"><span class='ocrx_word' id='word_1_544' title='bbox 1955 3241 1999 3309; x_wconf 84' lang='lat' dir='ltr'><strong><em>C</em></strong></span> <span class='ocrx_word' id='word_1_545' title='bbox 2106 3259 2250 3316; x_wconf 88' lang='lat' dir='ltr'>Cum</span> <span class='ocrx_word' id='word_1_546' title='bbox 2284 3241 2470 3336; x_wconf 77' lang='lat' dir='ltr'>nuper</span> <span class='ocrx_word' id='word_1_547' title='bbox 2500 3280 2533 3318; x_wconf 89' lang='lat' dir='ltr'>a</span> <span class='ocrx_word' id='word_1_548' title='bbox 2564 3267 2620 3318; x_wconf 89' lang='lat' dir='ltr'>te</span> <span class='ocrx_word' id='word_1_549' title='bbox 2669 3263 3070 3335; x_wconf 89' lang='lat' dir='ltr'>discessimus,</span> <span class='ocrx_word' id='word_1_550' title='bbox 3104 3268 3257 3325; x_wconf 89' lang='lat' dir='ltr'>nosti</span> <span class='ocrx_word' id='word_1_551' title='bbox 3307 3269 3419 3326; x_wconf 90' lang='lat' dir='ltr'>sub</span> <span class='ocrx_word' id='word_1_552' title='bbox 3467 3275 3688 3347; x_wconf 87' lang='lat' dir='ltr'>quanta</span> 
     </span>
    </p>
   </div>
   <div class='ocr_carea' id='block_1_92' title="bbox 2037 3350 3683 3428">
    <p class='ocr_par' dir='ltr' id='par_1_92' title="bbox 2037 3350 3683 3428">
     <span class='ocr_line' id='line_1_92' title="bbox 2037 3350 3683 3428; baseline 0.007 -22"><span class='ocrx_word' id='word_1_553' title='bbox 2037 3354 2090 3406; x_wconf 90' lang='lat' dir='ltr'>te</span> <span class='ocrx_word' id='word_1_554' title='bbox 2120 3351 2421 3408; x_wconf 69' lang='lat' dir='ltr'>affectione</span> <span class='ocrx_word' id='word_1_555' title='bbox 2452 3351 2789 3410; x_wconf 90' lang='lat' dir='ltr'>dimisimus</span> <span class='ocrx_word' id='word_1_556' title='bbox 2822 3372 2834 3409; x_wconf 90' lang='lat'><strong>:</strong></span> <span class='ocrx_word' id='word_1_557' title='bbox 2867 3353 2925 3410; x_wconf 91' lang='lat' dir='ltr'>in</span> <span class='ocrx_word' id='word_1_558' title='bbox 2958 3356 3161 3415; x_wconf 90' lang='lat' dir='ltr'>eadem</span> <span class='ocrx_word' id='word_1_559' title='bbox 3194 3373 3328 3413; x_wconf 88' lang='lat' dir='ltr'>vero</span> <span class='ocrx_word' id='word_1_560' title='bbox 3362 3350 3683 3428; x_wconf 72' lang='lat' dir='ltr'>affectione,</span> 
     </span>
    </p>
   </div>
   <div class='ocr_carea' id='block_1_93' title="bbox 2034 3440 3687 3517">
    <p class='ocr_par' dir='ltr' id='par_1_93' title="bbox 2034 3440 3687 3517">
     <span class='ocr_line' id='line_1_93' title="bbox 2034 3440 3687 3517; baseline 0.007 -23"><span class='ocrx_word' id='word_1_561' title='bbox 2034 3440 2092 3494; x_wconf 92' lang='lat' dir='ltr'>in</span> <span class='ocrx_word' id='word_1_562' title='bbox 2124 3440 2390 3496; x_wconf 89' lang='lat' dir='ltr'>eamdem</span> <span class='ocrx_word' id='word_1_563' title='bbox 2420 3440 2843 3514; x_wconf 87' lang='lat' dir='ltr'>benignitatem</span> <span class='ocrx_word' id='word_1_564' title='bbox 2875 3446 2932 3499; x_wconf 91' lang='lat' dir='ltr'>et</span> <span class='ocrx_word' id='word_1_565' title='bbox 2961 3461 3068 3501; x_wconf 89' lang='lat' dir='ltr'>nos</span> <span class='ocrx_word' id='word_1_566' title='bbox 3098 3445 3204 3500; x_wconf 88' lang='lat' dir='ltr'>tibi</span> <span class='ocrx_word' id='word_1_567' title='bbox 3255 3463 3512 3517; x_wconf 82' lang='lat' dir='ltr'>manere,</span> <span class='ocrx_word' id='word_1_568' title='bbox 3545 3452 3603 3504; x_wconf 90' lang='lat' dir='ltr'>et</span> <span class='ocrx_word' id='word_1_569' title='bbox 3633 3453 3687 3505; x_wconf 89' lang='lat' dir='ltr'>te</span> 
     </span>
    </p>
   </div>
   <div class='ocr_carea' id='block_1_94' title="bbox 2032 3524 3689 3619">
    <p class='ocr_par' dir='ltr' id='par_1_94' title="bbox 2032 3524 3689 3619">
     <span class='ocr_line' id='line_1_94' title="bbox 2032 3524 3689 3619; baseline 0.007 -36"><span class='ocrx_word' id='word_1_570' title='bbox 2032 3527 2202 3583; x_wconf 90' lang='lat' dir='ltr'>nobis</span> <span class='ocrx_word' id='word_1_571' title='bbox 2249 3527 2520 3584; x_wconf 90' lang='lat' dir='ltr'>volumus</span> <span class='ocrx_word' id='word_1_572' title='bbox 2569 3546 2930 3602; x_wconf 80' lang='lat' dir='ltr'>permanere,</span> <span class='ocrx_word' id='word_1_573' title='bbox 2983 3534 3262 3613; x_wconf 83' lang='lat' dir='ltr'>quoniam</span> <span class='ocrx_word' id='word_1_574' title='bbox 3307 3536 3547 3615; x_wconf 80' lang='lat' dir='ltr'>quidem</span> <span class='ocrx_word' id='word_1_575' title='bbox 3580 3524 3689 3619; x_wconf 22' lang='lat' dir='ltr'>nos.</span> 
     </span>
    </p>
   </div>
   <div class='ocr_carea' id='block_1_95' title="bbox 2032 3615 3687 3709">
    <p class='ocr_par' dir='ltr' id='par_1_95' title="bbox 2032 3615 3687 3709">
     <span class='ocr_line' id='line_1_95' title="bbox 2032 3615 3687 3709; baseline 0.007 -38"><span class='ocrx_word' id='word_1_576' title='bbox 2032 3615 2313 3672; x_wconf 91' lang='lat' dir='ltr'>honorem</span> <span class='ocrx_word' id='word_1_577' title='bbox 2345 3621 2513 3672; x_wconf 90' lang='lat' dir='ltr'>tuum</span> <span class='ocrx_word' id='word_1_578' title='bbox 2547 3634 2797 3687; x_wconf 90' lang='lat' dir='ltr'>servare,</span> <span class='ocrx_word' id='word_1_579' title='bbox 2830 3624 2887 3676; x_wconf 89' lang='lat' dir='ltr'>et</span> <span class='ocrx_word' id='word_1_580' title='bbox 2920 3621 2978 3676; x_wconf 90' lang='lat' dir='ltr'>in</span> <span class='ocrx_word' id='word_1_581' title='bbox 3022 3622 3232 3680; x_wconf 90' lang='lat' dir='ltr'>melius</span> <span class='ocrx_word' id='word_1_582' title='bbox 3283 3641 3496 3709; x_wconf 81' lang='lat' dir='ltr'>augere</span> <span class='ocrx_word' id='word_1_583' title='bbox 3526 3615 3687 3703; x_wconf 78' lang='lat' dir='ltr'>cura-</span> 
     </span>
    </p>
   </div>
   <div class='ocr_carea' id='block_1_96' title="bbox 2031 3704 3684 3795">
    <p class='ocr_par' dir='ltr' id='par_1_96' title="bbox 2031 3704 3684 3795">
     <span class='ocr_line' id='line_1_96' title="bbox 2031 3704 3684 3795; baseline 0.007 -34"><span class='ocrx_word' id='word_1_584' title='bbox 2031 3704 2248 3773; x_wconf 90' lang='lat' dir='ltr'>bimus,</span> <span class='ocrx_word' id='word_1_585' title='bbox 2296 3705 2344 3762; x_wconf 92' lang='lat' dir='ltr'>si</span> <span class='ocrx_word' id='word_1_586' title='bbox 2377 3709 2433 3761; x_wconf 93' lang='lat' dir='ltr'>et</span> <span class='ocrx_word' id='word_1_587' title='bbox 2481 3709 2545 3761; x_wconf 93' lang='lat' dir='ltr'>tu</span> <span class='ocrx_word' id='word_1_588' title='bbox 2577 3705 2637 3762; x_wconf 90' lang='lat' dir='ltr'>in</span> <span class='ocrx_word' id='word_1_589' title='bbox 2691 3707 2843 3764; x_wconf 91' lang='lat' dir='ltr'>beati</span> <span class='ocrx_word' id='word_1_590' title='bbox 2892 3709 3047 3766; x_wconf 89' lang='lat' dir='ltr'>Petri</span> <span class='ocrx_word' id='word_1_591' title='bbox 3097 3712 3345 3793; x_wconf 83' lang='lat' dir='ltr'>apostoli</span> <span class='ocrx_word' id='word_1_592' title='bbox 3375 3704 3443 3774; x_wconf 27' lang='lat' dir='ltr'>et.</span> <span class='ocrx_word' id='word_1_593' title='bbox 3480 3721 3684 3795; x_wconf 88' lang='lat' dir='ltr'>nostra</span> 
     </span>
    </p>
   </div>
   <div class='ocr_carea' id='block_1_97' title="bbox 2030 3794 3680 3883">
    <p class='ocr_par' dir='ltr' id='par_1_97' title="bbox 2030 3794 3680 3883">
     <span class='ocr_line' id='line_1_97' title="bbox 2030 3794 3680 3883; baseline 0.008 -33"><span class='ocrx_word' id='word_1_594' title='bbox 2030 3794 2325 3850; x_wconf 89' lang='lat' dir='ltr'>curaveris</span> <span class='ocrx_word' id='word_1_595' title='bbox 2357 3794 2632 3861; x_wconf 86' lang='lat' dir='ltr'>ﬁdelitate</span> <span class='ocrx_word' id='word_1_596' title='bbox 2658 3799 2715 3852; x_wconf 92' lang='lat' dir='ltr'>et</span> <span class='ocrx_word' id='word_1_597' title='bbox 2744 3814 2941 3856; x_wconf 90' lang='lat' dir='ltr'>amore</span> <span class='ocrx_word' id='word_1_598' title='bbox 2972 3801 3301 3877; x_wconf 88' lang='lat' dir='ltr'>persistere.</span> <span class='ocrx_word' id='word_1_599' title='bbox 3337 3806 3411 3883; x_wconf 77' lang='lat' dir='ltr'>De</span> <span class='ocrx_word' id='word_1_600' title='bbox 3438 3794 3680 3864; x_wconf 85' lang='lat' dir='ltr'>monas-</span> 
     </span>
    </p>
   </div>
   <div class='ocr_carea' id='block_1_98' title="bbox 2028 3878 3682 3967">
    <p class='ocr_par' dir='ltr' id='par_1_98' title="bbox 2028 3878 3682 3967">
     <span class='ocr_line' id='line_1_98' title="bbox 2028 3878 3682 3967; baseline 0.008 -27"><span class='ocrx_word' id='word_1_601' title='bbox 2028 3883 2172 3940; x_wconf 80' lang='lat' dir='ltr'>terio</span> <span class='ocrx_word' id='word_1_602' title='bbox 2202 3884 2423 3940; x_wconf 67' lang='lat' dir='ltr'>Sanctae</span> <span class='ocrx_word' id='word_1_603' title='bbox 2478 3883 2707 3957; x_wconf 66' lang='lat' dir='ltr'>Sophia:</span> <span class='ocrx_word' id='word_1_604' title='bbox 2768 3888 2997 3958; x_wconf 84' lang='lat' dir='ltr'>quoties</span> <span class='ocrx_word' id='word_1_605' title='bbox 3054 3894 3112 3947; x_wconf 88' lang='lat' dir='ltr'>et</span> <span class='ocrx_word' id='word_1_606' title='bbox 3168 3907 3235 3947; x_wconf 80' lang='lat' dir='ltr'>ex</span> <span class='ocrx_word' id='word_1_607' title='bbox 3295 3878 3518 3964; x_wconf 78' lang='lat' dir='ltr'>quanto</span> <span class='ocrx_word' id='word_1_608' title='bbox 3555 3882 3682 3967; x_wconf 81' lang='lat' dir='ltr'>jam</span> 
     </span>
    </p>
   </div>
   <div class='ocr_carea' id='block_1_99' title="bbox 2027 3968 3685 4059">
    <p class='ocr_par' dir='ltr' id='par_1_99' title="bbox 2027 3968 3685 4059">
     <span class='ocr_line' id='line_1_99' title="bbox 2027 3968 3685 4059; baseline 0.008 -32"><span class='ocrx_word' id='word_1_609' title='bbox 2027 3976 2291 4045; x_wconf 89' lang='lat' dir='ltr'>tempore</span> <span class='ocrx_word' id='word_1_610' title='bbox 2354 3972 2701 4031; x_wconf 85' lang='lat' dir='ltr'>Casinenses</span> <span class='ocrx_word' id='word_1_611' title='bbox 2769 3977 3039 4033; x_wconf 89' lang='lat' dir='ltr'>monachi</span> <span class='ocrx_word' id='word_1_612' title='bbox 3104 3968 3568 4059; x_wconf 33' lang='lat' dir='ltr'>reclainave&#39;rint,</span> <span class='ocrx_word' id='word_1_613' title='bbox 3630 3989 3685 4041; x_wconf 87' lang='lat' dir='ltr'>te</span> 
     </span>
    </p>
   </div>
   <div class='ocr_carea' id='block_1_100' title="bbox 2028 4057 3684 4141">
    <p class='ocr_par' dir='ltr' id='par_1_100' title="bbox 2028 4057 3684 4141">
     <span class='ocr_line' id='line_1_100' title="bbox 2028 4057 3684 4141; baseline 0.008 -25"><span class='ocrx_word' id='word_1_614' title='bbox 2028 4061 2225 4133; x_wconf 90' lang='lat' dir='ltr'>ipsum</span> <span class='ocrx_word' id='word_1_615' title='bbox 2258 4060 2524 4134; x_wconf 88' lang='lat' dir='ltr'>ignorare</span> <span class='ocrx_word' id='word_1_616' title='bbox 2566 4080 2680 4119; x_wconf 88' lang='lat' dir='ltr'>non</span> <span class='ocrx_word' id='word_1_617' title='bbox 2721 4066 3038 4123; x_wconf 83' lang='lat' dir='ltr'>credimus.</span> <span class='ocrx_word' id='word_1_618' title='bbox 3091 4057 3288 4141; x_wconf 84' lang='lat' dir='ltr'>Nuper</span> <span class='ocrx_word' id='word_1_619' title='bbox 3336 4057 3405 4126; x_wconf 88' lang='lat' dir='ltr'>in</span> <span class='ocrx_word' id='word_1_620' title='bbox 3443 4070 3684 4131; x_wconf 82' lang='lat' dir='ltr'>Barensi</span> 
     </span>
    </p>
   </div>
   <div class='ocr_carea' id='block_1_101' title="bbox 2027 4142 3682 4235">
    <p class='ocr_par' dir='ltr' id='par_1_101' title="bbox 2027 4142 3682 4235">
     <span class='ocr_line' id='line_1_101' title="bbox 2027 4142 3682 4235; baseline 0.009 -30"><span class='ocrx_word' id='word_1_621' title='bbox 2027 4149 2272 4219; x_wconf 88' lang='lat' dir='ltr'>concilio</span> <span class='ocrx_word' id='word_1_622' title='bbox 2304 4167 2439 4206; x_wconf 92' lang='lat' dir='ltr'>cum</span> <span class='ocrx_word' id='word_1_623' title='bbox 2475 4150 2713 4224; x_wconf 89' lang='lat' dir='ltr'>scriptis</span> <span class='ocrx_word' id='word_1_624' title='bbox 2761 4158 2819 4209; x_wconf 91' lang='lat' dir='ltr'>et</span> <span class='ocrx_word' id='word_1_625' title='bbox 2866 4142 3247 4221; x_wconf 84' lang='lat' dir='ltr'>monimentis</span> <span class='ocrx_word' id='word_1_626' title='bbox 3278 4146 3682 4235; x_wconf 56' lang='lat' dir='ltr'>ecclesiastica</span> 
     </span>
    </p>
   </div>
   <div class='ocr_carea' id='block_1_102' title="bbox 2018 4232 3683 4327">
    <p class='ocr_par' dir='ltr' id='par_1_102' title="bbox 2018 4232 3683 4327">
     <span class='ocr_line' id='line_1_102' title="bbox 2018 4232 3683 4327; baseline 0.01 -35"><span class='ocrx_word' id='word_1_627' title='bbox 2018 4237 2317 4310; x_wconf 88' lang='lat' dir='ltr'>justitiam</span> <span class='ocrx_word' id='word_1_628' title='bbox 2368 4232 2537 4296; x_wconf 84' lang='lat' dir='ltr'>suam</span> <span class='ocrx_word' id='word_1_629' title='bbox 2602 4244 2861 4323; x_wconf 85' lang='lat' dir='ltr'>astruere</span> <span class='ocrx_word' id='word_1_630' title='bbox 2917 4246 3103 4316; x_wconf 85' lang='lat' dir='ltr'>parati</span> <span class='ocrx_word' id='word_1_631' title='bbox 3167 4232 3463 4327; x_wconf 81' lang='lat' dir='ltr'>fuissent,</span> <span class='ocrx_word' id='word_1_632' title='bbox 3498 4236 3683 4327; x_wconf 76' lang='lat' dir='ltr'>abbas</span> 
     </span>
    </p>
   </div>
   <div class='ocr_carea' id='block_1_103' title="bbox 2026 4322 3679 4417">
    <p class='ocr_par' dir='ltr' id='par_1_103' title="bbox 2026 4322 3679 4417">
     <span class='ocr_line' id='line_1_103' title="bbox 2026 4322 3679 4417; baseline 0.008 -34"><span class='ocrx_word' id='word_1_633' title='bbox 2026 4327 2251 4384; x_wconf 72' lang='lat' dir='ltr'>Sanctae</span> <span class='ocrx_word' id='word_1_634' title='bbox 2274 4326 2501 4403; x_wconf 70' lang='lat' dir='ltr'>Sophia:</span> <span class='ocrx_word' id='word_1_635' title='bbox 2532 4330 2836 4388; x_wconf 89' lang='lat' dir='ltr'>occasione</span> <span class='ocrx_word' id='word_1_636' title='bbox 2856 4334 2941 4389; x_wconf 90' lang='lat' dir='ltr'>tui</span> <span class='ocrx_word' id='word_1_637' title='bbox 2964 4350 3155 4393; x_wconf 70' lang='lat' dir='ltr'>causa:</span> <span class='ocrx_word' id='word_1_638' title='bbox 3172 4322 3478 4413; x_wconf 80' lang='lat' dir='ltr'>actionem</span> <span class='ocrx_word' id='word_1_639' title='bbox 3509 4322 3679 4417; x_wconf 79' lang='lat' dir='ltr'>fugit.</span> 
     </span>
    </p>
   </div>
   <div class='ocr_carea' id='block_1_104' title="bbox 2024 4416 3682 4505">
    <p class='ocr_par' dir='ltr' id='par_1_104' title="bbox 2024 4416 3682 4505">
     <span class='ocr_line' id='line_1_104' title="bbox 2024 4416 3682 4505; baseline 0.009 -34"><span class='ocrx_word' id='word_1_640' title='bbox 2024 4416 2169 4472; x_wconf 90' lang='lat' dir='ltr'>Cum</span> <span class='ocrx_word' id='word_1_641' title='bbox 2203 4417 2595 4474; x_wconf 87' lang='lat' dir='ltr'>Beneventum</span> <span class='ocrx_word' id='word_1_642' title='bbox 2627 4419 2805 4475; x_wconf 90' lang='lat' dir='ltr'>etiam</span> <span class='ocrx_word' id='word_1_643' title='bbox 2834 4421 3202 4483; x_wconf 88' lang='lat' dir='ltr'>venissemus</span> <span class='ocrx_word' id='word_1_644' title='bbox 3251 4426 3311 4483; x_wconf 92' lang='lat' dir='ltr'>in</span> <span class='ocrx_word' id='word_1_645' title='bbox 3342 4426 3472 4505; x_wconf 85' lang='lat' dir='ltr'>ipsa</span> <span class='ocrx_word' id='word_1_646' title='bbox 3500 4416 3682 4501; x_wconf 69' lang='lat' dir='ltr'>beatas</span> 
     </span>
    </p>
   </div>
   <div class='ocr_carea' id='block_1_105' title="bbox 2023 4505 3685 4599">
    <p class='ocr_par' dir='ltr' id='par_1_105' title="bbox 2023 4505 3685 4599">
     <span class='ocr_line' id='line_1_105' title="bbox 2023 4505 3685 4599; baseline 0.009 -39"><span class='ocrx_word' id='word_1_647' title='bbox 2023 4505 2247 4578; x_wconf 70' lang='lat' dir='ltr'>Sophia:</span> <span class='ocrx_word' id='word_1_648' title='bbox 2282 4506 2477 4599; x_wconf 81' lang='lat' dir='ltr'>domo,</span> <span class='ocrx_word' id='word_1_649' title='bbox 2508 4507 2723 4599; x_wconf 87' lang='lat' dir='ltr'>fratres</span> <span class='ocrx_word' id='word_1_650' title='bbox 2752 4509 2864 4582; x_wconf 85' lang='lat' dir='ltr'>ipsi</span> <span class='ocrx_word' id='word_1_651' title='bbox 2898 4515 3186 4585; x_wconf 88' lang='lat' dir='ltr'>quantum</span> <span class='ocrx_word' id='word_1_652' title='bbox 3218 4514 3410 4596; x_wconf 80' lang='lat' dir='ltr'>questi</span> <span class='ocrx_word' id='word_1_653' title='bbox 3464 4506 3685 4599; x_wconf 81' lang='lat' dir='ltr'>iuerint</span> 
     </span>
    </p>
   </div>
   <div class='ocr_carea' id='block_1_106' title="bbox 1943 4592 3695 4689">
    <p class='ocr_par' dir='ltr' id='par_1_106' title="bbox 1943 4592 3695 4689">
     <span class='ocr_line' id='line_1_106' title="bbox 1943 4592 3695 4689; baseline 0.008 -40"><span class='ocrx_word' id='word_1_654' title='bbox 1943 4614 1991 4680; x_wconf 70' lang='grc' dir='ltr'>Β</span> <span class='ocrx_word' id='word_1_655' title='bbox 2023 4593 2257 4651; x_wconf 89' lang='lat' dir='ltr'>audisti.</span> <span class='ocrx_word' id='word_1_656' title='bbox 2292 4592 2438 4662; x_wconf 85' lang='lat' dir='ltr'>Quid</span> <span class='ocrx_word' id='word_1_657' title='bbox 2473 4612 2579 4652; x_wconf 90' lang='lat' dir='ltr'>nos</span> <span class='ocrx_word' id='word_1_658' title='bbox 2623 4597 2728 4653; x_wconf 88' lang='lat' dir='ltr'>tibi</span> <span class='ocrx_word' id='word_1_659' title='bbox 2778 4599 2851 4654; x_wconf 91' lang='lat' dir='ltr'>de</span> <span class='ocrx_word' id='word_1_660' title='bbox 2882 4600 3084 4658; x_wconf 90' lang='lat' dir='ltr'>eadem</span> <span class='ocrx_word' id='word_1_661' title='bbox 3135 4592 3313 4673; x_wconf 86' lang='lat' dir='ltr'>causa</span> <span class='ocrx_word' id='word_1_662' title='bbox 3355 4592 3695 4689; x_wconf 28' lang='lat' dir='ltr'>dixerimus.</span> 
     </span>
    </p>
   </div>
   <div class='ocr_carea' id='block_1_107' title="bbox 2024 4682 3681 4771">
    <p class='ocr_par' dir='ltr' id='par_1_107' title="bbox 2024 4682 3681 4771">
     <span class='ocr_line' id='line_1_107' title="bbox 2024 4682 3681 4771; baseline 0.009 -32"><span class='ocrx_word' id='word_1_663' title='bbox 2024 4683 2363 4751; x_wconf 85' lang='lat' dir='ltr'>meministi,</span> <span class='ocrx_word' id='word_1_664' title='bbox 2395 4688 2537 4740; x_wconf 89' lang='lat' dir='ltr'>tunc</span> <span class='ocrx_word' id='word_1_665' title='bbox 2586 4686 2757 4763; x_wconf 87' lang='lat' dir='ltr'>nobis</span> <span class='ocrx_word' id='word_1_666' title='bbox 2787 4705 2890 4761; x_wconf 91' lang='lat' dir='ltr'>pro</span> <span class='ocrx_word' id='word_1_667' title='bbox 2940 4689 3261 4765; x_wconf 88' lang='lat' dir='ltr'>voluntatis</span> <span class='ocrx_word' id='word_1_668' title='bbox 3303 4682 3681 4771; x_wconf 30' lang='lat' dir='ltr'>tuaa‘placito</span> 
     </span>
    </p>
   </div>
   <div class='ocr_carea' id='block_1_108' title="bbox 2019 4768 3684 4855">
    <p class='ocr_par' dir='ltr' id='par_1_108' title="bbox 2019 4768 3684 4855">
     <span class='ocr_line' id='line_1_108' title="bbox 2019 4768 3684 4855; baseline 0.009 -27"><span class='ocrx_word' id='word_1_669' title='bbox 2019 4773 2396 4846; x_wconf 88' lang='lat' dir='ltr'>respondisti.</span> <span class='ocrx_word' id='word_1_670' title='bbox 2431 4774 2549 4831; x_wconf 89' lang='lat' dir='ltr'>Nos</span> <span class='ocrx_word' id='word_1_671' title='bbox 2598 4780 2794 4832; x_wconf 88' lang='lat' dir='ltr'>autem</span> <span class='ocrx_word' id='word_1_672' title='bbox 2850 4777 3075 4838; x_wconf 87' lang='lat' dir='ltr'>diutius</span> <span class='ocrx_word' id='word_1_673' title='bbox 3125 4782 3245 4855; x_wconf 88' lang='lat' dir='ltr'>pati</span> <span class='ocrx_word' id='word_1_674' title='bbox 3293 4768 3684 4855; x_wconf 26' lang='lat' dir='ltr'>nOIumus&#39;ut</span> 
     </span>
    </p>
   </div>
   <div class='ocr_carea' id='block_1_109' title="bbox 2022 4850 3681 4951">
    <p class='ocr_par' dir='ltr' id='par_1_109' title="bbox 2022 4850 3681 4951">
     <span class='ocr_line' id='line_1_109' title="bbox 2022 4850 3681 4951; baseline 0.009 -34"><span class='ocrx_word' id='word_1_675' title='bbox 2022 4861 2339 4918; x_wconf 88' lang='lat' dir='ltr'>Casinense</span> <span class='ocrx_word' id='word_1_676' title='bbox 2398 4865 2823 4921; x_wconf 88' lang='lat' dir='ltr'>monasterium</span> <span class='ocrx_word' id='word_1_677' title='bbox 2885 4867 2956 4923; x_wconf 92' lang='lat' dir='ltr'>de</span> <span class='ocrx_word' id='word_1_678' title='bbox 3014 4850 3285 4947; x_wconf 41' lang='lat' dir='ltr'>his—qua:</span> <span class='ocrx_word' id='word_1_679' title='bbox 3344 4872 3416 4928; x_wconf 90' lang='lat' dir='ltr'>ad</span> <span class='ocrx_word' id='word_1_680' title='bbox 3481 4850 3681 4951; x_wconf 76' lang='lat' dir='ltr'>ipsum</span> 
     </span>
    </p>
   </div>
   <div class='ocr_carea' id='block_1_110' title="bbox 2022 4950 3681 5045">
    <p class='ocr_par' dir='ltr' id='par_1_110' title="bbox 2022 4950 3681 5045">
     <span class='ocr_line' id='line_1_110' title="bbox 2022 4950 3681 5045; baseline 0.009 -38"><span class='ocrx_word' id='word_1_681' title='bbox 2022 4950 2312 5024; x_wconf 88' lang='lat' dir='ltr'>pertinere</span> <span class='ocrx_word' id='word_1_682' title='bbox 2341 4950 2916 5026; x_wconf 89' lang='lat' dir='ltr'>videntur,injuriam</span> <span class='ocrx_word' id='word_1_683' title='bbox 2940 4956 3162 5015; x_wconf 91' lang='lat' dir='ltr'>diutius</span> <span class='ocrx_word' id='word_1_684' title='bbox 3193 4959 3469 5045; x_wconf 77' lang='lat' dir='ltr'>patiatur.</span> <span class='ocrx_word' id='word_1_685' title='bbox 3492 4950 3681 5043; x_wconf 72' lang='lat' dir='ltr'>Locus</span> 
     </span>
    </p>
   </div>
   <div class='ocr_carea' id='block_1_111' title="bbox 2022 5039 3679 5127">
    <p class='ocr_par' dir='ltr' id='par_1_111' title="bbox 2022 5039 3679 5127">
     <span class='ocr_line' id='line_1_111' title="bbox 2022 5039 3679 5127; baseline 0.008 -30"><span class='ocrx_word' id='word_1_686' title='bbox 2022 5039 2180 5097; x_wconf 90' lang='lat' dir='ltr'>enim</span> <span class='ocrx_word' id='word_1_687' title='bbox 2212 5040 2338 5113; x_wconf 91' lang='lat' dir='ltr'>ipse</span> <span class='ocrx_word' id='word_1_688' title='bbox 2360 5056 2464 5114; x_wconf 92' lang='lat' dir='ltr'>per</span> <span class='ocrx_word' id='word_1_689' title='bbox 2492 5040 2593 5097; x_wconf 91' lang='lat' dir='ltr'>Dei</span> <span class='ocrx_word' id='word_1_690' title='bbox 2624 5043 2875 5119; x_wconf 87' lang='lat' dir='ltr'>gratiam</span> <span class='ocrx_word' id='word_1_691' title='bbox 2926 5045 3081 5111; x_wconf 85' lang='lat' dir='ltr'>beati</span> <span class='ocrx_word' id='word_1_692' title='bbox 3112 5039 3415 5127; x_wconf 79' lang='lat' dir='ltr'>Benedicti</span> <span class='ocrx_word' id='word_1_693' title='bbox 3449 5039 3679 5127; x_wconf 80' lang='lat' dir='ltr'>meritis</span> 
     </span>
    </p>
   </div>
   <div class='ocr_carea' id='block_1_112' title="bbox 2022 5124 3676 5217">
    <p class='ocr_par' dir='ltr' id='par_1_112' title="bbox 2022 5124 3676 5217">
     <span class='ocr_line' id='line_1_112' title="bbox 2022 5124 3676 5217; baseline 0.01 -36"><span class='ocrx_word' id='word_1_694' title='bbox 2022 5142 2138 5182; x_wconf 90' lang='lat' dir='ltr'>non</span> <span class='ocrx_word' id='word_1_695' title='bbox 2159 5130 2390 5182; x_wconf 90' lang='lat' dir='ltr'>tantum</span> <span class='ocrx_word' id='word_1_696' title='bbox 2421 5127 2612 5195; x_wconf 89' lang='lat' dir='ltr'>nobis,</span> <span class='ocrx_word' id='word_1_697' title='bbox 2646 5128 2747 5202; x_wconf 90' lang='lat' dir='ltr'>qui</span> <span class='ocrx_word' id='word_1_698' title='bbox 2778 5148 2957 5204; x_wconf 89' lang='lat' dir='ltr'>prope</span> <span class='ocrx_word' id='word_1_699' title='bbox 2988 5124 3217 5216; x_wconf 81' lang='lat' dir='ltr'>sumus,</span> <span class='ocrx_word' id='word_1_700' title='bbox 3254 5124 3367 5217; x_wconf 71' lang='lat' dir='ltr'>sed</span> <span class='ocrx_word' id='word_1_701' title='bbox 3390 5124 3676 5217; x_wconf 62' lang='lat' dir='ltr'>universes</span> 
     </span>
    </p>
   </div>
   <div class='ocr_carea' id='block_1_113' title="bbox 2020 5210 3675 5307">
    <p class='ocr_par' dir='ltr' id='par_1_113' title="bbox 2020 5210 3675 5307">
     <span class='ocr_line' id='line_1_113' title="bbox 2020 5210 3675 5307; baseline 0.01 -38"><span class='ocrx_word' id='word_1_702' title='bbox 2020 5214 2196 5270; x_wconf 89' lang='lat' dir='ltr'>etiam</span> <span class='ocrx_word' id='word_1_703' title='bbox 2229 5214 2404 5271; x_wconf 69' lang='lat' dir='ltr'>Italiae</span> <span class='ocrx_word' id='word_1_704' title='bbox 2424 5220 2789 5289; x_wconf 89' lang='lat' dir='ltr'>opportunus</span> <span class='ocrx_word' id='word_1_705' title='bbox 2804 5224 2863 5276; x_wconf 89' lang='lat' dir='ltr'>et</span> <span class='ocrx_word' id='word_1_706' title='bbox 2883 5212 3249 5307; x_wconf 69' lang='lat' dir='ltr'>necessarius</span> <span class='ocrx_word' id='word_1_707' title='bbox 3264 5210 3675 5307; x_wconf 45' lang='grc' dir='ltr'>ἐξὲξ,φῇΙῇιῴ-</span> 
     </span>
    </p>
   </div>
   <div class='ocr_carea' id='block_1_114' title="bbox 2022 5298 3675 5399">
    <p class='ocr_par' dir='ltr' id='par_1_114' title="bbox 2022 5298 3675 5399">
     <span class='ocr_line' id='line_1_114' title="bbox 2022 5298 3675 5399; baseline 0.011 -41"><span class='ocrx_word' id='word_1_708' title='bbox 2022 5319 2136 5374; x_wconf 91' lang='lat' dir='ltr'>que</span> <span class='ocrx_word' id='word_1_709' title='bbox 2166 5320 2274 5360; x_wconf 89' lang='lat' dir='ltr'>nos</span> <span class='ocrx_word' id='word_1_710' title='bbox 2302 5303 2531 5360; x_wconf 91' lang='lat' dir='ltr'>deceret</span> <span class='ocrx_word' id='word_1_711' title='bbox 2562 5310 2645 5373; x_wconf 90' lang='lat' dir='ltr'>ut,</span> <span class='ocrx_word' id='word_1_712' title='bbox 2679 5307 2727 5363; x_wconf 93' lang='lat' dir='ltr'>si</span> <span class='ocrx_word' id='word_1_713' title='bbox 2760 5309 3039 5380; x_wconf 88' lang='lat' dir='ltr'>possibile</span> <span class='ocrx_word' id='word_1_714' title='bbox 3071 5298 3675 5399; x_wconf 26' lang='lat' dir='ltr'>essetdocum&#39;lipsu‘m</span> 
     </span>
    </p>
   </div>
   <div class='ocr_carea' id='block_1_115' title="bbox 2021 5391 3675 5481">
    <p class='ocr_par' dir='ltr' id='par_1_115' title="bbox 2021 5391 3675 5481">
     <span class='ocr_line' id='line_1_115' title="bbox 2021 5391 3675 5481; baseline 0.01 -34"><span class='ocrx_word' id='word_1_715' title='bbox 2021 5392 2092 5447; x_wconf 91' lang='lat' dir='ltr'>de</span> <span class='ocrx_word' id='word_1_716' title='bbox 2122 5391 2337 5449; x_wconf 89' lang='lat' dir='ltr'>nostris</span> <span class='ocrx_word' id='word_1_717' title='bbox 2384 5393 2561 5450; x_wconf 89' lang='lat' dir='ltr'>etiam</span> <span class='ocrx_word' id='word_1_718' title='bbox 2593 5394 2947 5466; x_wconf 78' lang='lat' dir='ltr'>diceremus,</span> <span class='ocrx_word' id='word_1_719' title='bbox 2993 5391 3212 5463; x_wconf 85' lang='lat' dir='ltr'>nedum</span> <span class='ocrx_word' id='word_1_720' title='bbox 3256 5391 3391 5481; x_wconf 73' lang='lat' dir='ltr'>sua,</span> <span class='ocrx_word' id='word_1_721' title='bbox 3420 5391 3422 5393; x_wconf 7' lang='lat' dir='ltr'><strong>V</strong></span> <span class='ocrx_word' id='word_1_722' title='bbox 3448 5391 3675 5481; x_wconf 71' lang='lat' dir='ltr'>favente</span> 
     </span>
    </p>
   </div>
   <div class='ocr_carea' id='block_1_116' title="bbox 2011 5476 3673 5571">
    <p class='ocr_par' dir='ltr' id='par_1_116' title="bbox 2011 5476 3673 5571">
     <span class='ocr_line' id='line_1_116' title="bbox 2011 5476 3673 5571; baseline 0.01 -35"><span class='ocrx_word' id='word_1_723' title='bbox 2011 5480 2267 5553; x_wconf 90' lang='lat' dir='ltr'>justitia,</span> <span class='ocrx_word' id='word_1_724' title='bbox 2292 5498 2408 5569; x_wconf 86' lang='lat' dir='ltr'>non</span> <span class='ocrx_word' id='word_1_725' title='bbox 2432 5483 2701 5571; x_wconf 86' lang='lat' dir='ltr'>recipiat.</span> <span class='ocrx_word' id='word_1_726' title='bbox 2740 5485 2870 5544; x_wconf 89' lang='lat' dir='ltr'>Tibi</span> <span class='ocrx_word' id='word_1_727' title='bbox 2899 5487 3102 5565; x_wconf 86' lang='lat' dir='ltr'>igitur,</span> <span class='ocrx_word' id='word_1_728' title='bbox 3134 5476 3417 5571; x_wconf 68' lang='lat' dir='ltr'>tanquam</span> <span class='ocrx_word' id='word_1_729' title='bbox 3450 5476 3673 5569; x_wconf 74' lang='lat' dir='ltr'>charis-</span> 
     </span>
    </p>
   </div>
   <div class='ocr_carea' id='block_1_117' title="bbox 2021 5570 3670 5667">
    <p class='ocr_par' dir='ltr' id='par_1_117' title="bbox 2021 5570 3670 5667">
     <span class='ocr_line' id='line_1_117' title="bbox 2021 5570 3670 5667; baseline 0.007 -38"><span class='ocrx_word' id='word_1_730' title='bbox 2021 5572 2172 5629; x_wconf 89' lang='lat' dir='ltr'>simo</span> <span class='ocrx_word' id='word_1_731' title='bbox 2202 5575 2258 5628; x_wconf 92' lang='lat' dir='ltr'>et</span> <span class='ocrx_word' id='word_1_732' title='bbox 2286 5570 2444 5641; x_wconf 84' lang='lat' dir='ltr'>ﬁdeli</span> <span class='ocrx_word' id='word_1_733' title='bbox 2474 5576 2672 5643; x_wconf 89' lang='lat' dir='ltr'>nostro</span> <span class='ocrx_word' id='word_1_734' title='bbox 2696 5577 3048 5663; x_wconf 80' lang='lat' dir='ltr'>mandamus</span> <span class='ocrx_word' id='word_1_735' title='bbox 3069 5584 3136 5663; x_wconf 74' lang='lat' dir='ltr'>ut</span> <span class='ocrx_word' id='word_1_736' title='bbox 3159 5580 3479 5667; x_wconf 76' lang='lat' dir='ltr'>venerabili</span> <span class='ocrx_word' id='word_1_737' title='bbox 3507 5585 3670 5647; x_wconf 76' lang='lat' dir='ltr'>fratri</span> 
     </span>
    </p>
   </div>
   <div class='ocr_carea' id='block_1_118' title="bbox 2021 5658 3669 5751">
    <p class='ocr_par' dir='ltr' id='par_1_118' title="bbox 2021 5658 3669 5751">
     <span class='ocr_line' id='line_1_118' title="bbox 2021 5658 3669 5751; baseline 0.009 -33"><span class='ocrx_word' id='word_1_738' title='bbox 2021 5663 2220 5718; x_wconf 87' lang='lat' dir='ltr'>nostro</span> <span class='ocrx_word' id='word_1_739' title='bbox 2250 5659 2781 5724; x_wconf 79' lang='lat' dir='ltr'>Casinensi&#39;abbati</span> <span class='ocrx_word' id='word_1_740' title='bbox 2810 5658 2945 5741; x_wconf 36' lang='lat' dir='ltr'>et&#39;ej</span> <span class='ocrx_word' id='word_1_741' title='bbox 2956 5658 3025 5731; x_wconf 84' lang='lat' dir='ltr'>us</span> <span class='ocrx_word' id='word_1_742' title='bbox 3048 5658 3329 5751; x_wconf 77' lang='lat' dir='ltr'>fratribus</span> <span class='ocrx_word' id='word_1_743' title='bbox 3352 5658 3423 5729; x_wconf 87' lang='lat' dir='ltr'>de</span> <span class='ocrx_word' id='word_1_744' title='bbox 3445 5658 3669 5749; x_wconf 65' lang='lat' dir='ltr'>sancte;</span> 
     </span>
    </p>
   </div>
  </div>
