3928 6208
192 332 312 393 5l3

1377 334 1782 399 EPISTULA?
1822 337 1922 397 ET
1964 334 2438 400 PRIVILEGIA.

3483 342 3601 404 51‘4

191 463 426 538 Sophim
485 452 836 524 monasterio
888 467 1010 525 vice
1060 470 1259 525 nostra
1297 468 1596 541 justitiam
1640 468 1837 526 facias.
1869 470 1924 538 Α
1958 469 2395 541 Monte-Maiore
2426 487 2559 526 cum
2592 470 2718 544 ipso
2750 475 2965 539 monte,
3026 472 3329 529 ecclesiam
3378 474 3600 533 Sancta:

188 554 349 619 Quod
374 554 427 637 si
451 558 589 637 ante
611 559 664 613 te
689 557 855 637 quasi
878 557 1213 615 szecularem
1234 562 1580 632 potestatem
1602 576 1841 617 causam

188 660 357 725 agere
379 634 811 725 excusaverint,
843 651 904 703 tu
937 665 1038 705 eos
1068 649 1138 705 ad
1172 648 1541 721 praesentiam
1583 654 1844 706 nostram

184 723 713 814 venire‘compelle.
749 736 870 800 Quo
903 742 1099 794 autem
1131 738 1381 795 termino
1426 742 1559 795 ante
1603 756 1710 794 nos
1742 756 1844 812 pro

183 812 361 879 causa
388 812 508 878 hac
542 814 849 881 convenire
879 826 1147 896 debeant,
1177 827 1345 883 nobis
1372 820 1512 884 ante
1554 827 1842 899 signiﬁca,

176 915 247 993 ut
268 916 330 993 et
366 928 476 968 nos
500 912 800 969 Casinensi
823 913 1019 970 abbati
1038 913 1459 988 signiﬁcemus.
1483 916 1658 972 Porro
1681 915 1847 988 quid-

186 991 321 1073 quid
356 1017 470 1057 nos
502 1001 710 1057 exinde
741 1001 1146 1071 statuerimus,
1176 1008 1346 1062 tuum
1373 1006 1504 1071 erit,
1536 1005 1628 1061 his
1668 1004 1844 1061 etiam

187 1079 609 1160 renitentibus,
641 1090 998 1165 adimplere;
1034 1092 1293 1167 alioquin
1339 1095 1703 1151 auctoritatis
1742 1112 1841 1151 no-

184 1168 310 1234 strae
345 1178 633 1250 injuriam
666 1180 890 1236 diutius
931 1182 1050 1254 pati
1106 1173 1503 1256 nequibimus,
1563 1185 1705 1257 quin
1737 1185 1845 1241 ad-

181 1285 385 1325 versus
416 1258 803 1327 contumaces
832 1273 989 1343 quod
1022 1272 1197 1329 ofﬁcii
1229 1273 1415 1330 nostri
1462 1276 1552 1330 est
1602 1272 1844 1348 implea-

182 1373 334 1429 mus,
366 1362 429 1413 et
459 1358 768 1415 Casinensi
802 1360 997 1416 abbati
1056 1354 1182 1434 qms
1225 1379 1333 1418 sua
1387 1366 1525 1419 sunt
1573 1362 1843 1423 restitua-

183 1464 333 1513 mus,
367 1463 579 1520 quem,
616 1449 675 1503 in
708 1454 993 1521 quantum
1053 1450 1302 1517 videtur,
1356 1452 1587 1524 plenam
1633 1452 1846 1508 habere

172 1532 470 1608 justitiam
500 1528 825 1594 credimus.

247 1630 390 1682 Data
420 1626 701 1699 Ciperani
732 1626 903 1684 tertio
936 1628 1130 1684 Nonas
1160 1630 1519 1687 Novembris.

318 1848 483 1904 Bulla
521 1841 735 1906 Urbani
763 1851 813 1906 II
836 1761 1487 1923 pgfaglzizolbmnaslcrio
1519 1855 1709 1909 Sancti

840 1924 1198 1994 Cucuphatis.

834 2029 1023 2114 (Anno
1054 2030 1239 2099 1098.)

282 2127 539 2205 (ΜΑΒΟΔ,
568 2124 757 2190 {Marce
788 2136 1104 2207 Hz'spanica.
1146 2137 1435 2209 Append.,
1463 2152 1517 2208 p.
1555 2138 1735 2209 1203.)

212 2238 534 2313 ,UBBANUS
568 2249 901 2324 episcopus,
930 2268 1133 2307 servus
1162 2268 1463 2309 servorum
1486 2250 1609 2322 Dei,
1635 2253 1843 2310 dilecto

184 2339 295 2395 ﬁlio
312 2330 725 2406 Benesaamo,
748 2339 944 2396 abbati
966 2341 1308 2397 monasterii
1330 2342 1529 2398 Sancti
1547 2343 1847 2416 Cucupha-

184 2429 256 2484 tis
285 2431 439 2503 quod
472 2422 825 2485 Octoviense
858 2429 1095 2499 dicitur,
1128 2431 1371 2503 ejusque
1403 2434 1846 2490 successoribus

186 2512 535 2592 regulariter
567 2517 999 2574 substituendis
1030 2519 1087 2574 in
1122 2524 1491 2592 perpetuum.

248 2598 360 2663 'Piaa
373 2602 703 2683 postulatio
725 2606 1040 2664 voluntatis
1053 2607 1261 2665 effectu
1275 2610 1445 2666 debet
1458 2618 1846 2683 prosequente

192 2680 486 2771 compleri,
508 2702 807 2769 quatenus
828 2699 885 2751 et
905 2698 1229 2754 devotionis
1250 2698 1554 2756 sinceritas
1579 2699 1847 2757 laudabi-

192 2776 318 2842 liter
341 2774 655 2853 enitescat,
690 2790 747 2842 et
777 2785 1001 2842 utilitas
1024 2786 1319 2859 postulata
1335 2786 1485 2844 vires
1517 2789 1848 2846 indubitan-

196 2879 277 2932 ter
294 2864 589 2933 assumat.
623 2874 769 2939 Quia
796 2891 933 2947 ergo
965 2875 1197 2932 dilectio
1220 2881 1321 2931 tua
1341 2877 1411 2932 ad
1435 2878 1592 2934 sedis
1614 2883 1847 2951 aposto-

176 2954 309 3020 lica:
329 2954 573 3038 portum
596 2964 939 3037 confugiens
961 2966 1089 3036 ejus
1114 2956 1848 3025 tuitionem‘devotionede-

198 3044 669 3128 bita'requisivit,
704 3069 811 3108 nos
834 3052 1247 3126 supplicationi
1273 3059 1384 3110 tuae
1414 3055 1728 3113 clementer
1749 3075 1848 3114 an-

196 3137 443 3201 nuimus.
478 3130 645 3199 Beati
680 3141 968 3214 siquidem
1000 3142 1353 3215 Cucuphatis
1375 3145 1700 3201 venerabile
1723 3164 1845 3203 mo-

1957 558 2149 615 Μαι-ἰεῦ
2180 560 2250 615 de
2282 560 2536 629 Toldelo,
2572 560 2875 618 ecclesiam
2910 560 3103 618 Sancti
3129 560 3335 620 Felicis
3357 564 3426 620 de
3450 565 3603 622 Villa

1956 644 2026 703 de
2058 647 2324 719 Milanos,
2358 650 2665 708 ecclesiam
2698 652 2922 709 Sanctae
2949 651 3141 708 Mariae
3164 656 3220 709 et
3239 655 3431 709 Sancti
3449 655 3601 710 Petri

1954 738 2109 809 quod
2132 742 2390 795 castrum
2410 739 2567 796 Felix
2592 738 3145 807 dicitur,ccclcsiam
3169 741 3395 799 Sanctae
3413 742 3603 799 Mariae

1954 830 2010 882 et
2034 826 2228 882 Sancti
2246 822 2488 885 JOannis
2512 831 2665 901 quod
2688 830 3163 887 Monasteriolum
3180 835 3407 898 vocant,
3430 831 3607 888 eccle-

1955 914 2102 971 siam
2125 916 2351 973 Sancta:
2371 917 2571 975 Crucis
2594 922 2650 974 et
2670 920 2867 975 Sancti
2888 918 3161 992 Sylvestri
3184 920 3255 975 de
3277 918 3603 988 Vallerana,

1953 1004 2259 1061 ecclesiam
2279 1007 2477 1064 Sancti
2511 1007 2867 1081 Cucuphatis
2892 1007 3211 1075 delt-Ioia,et
3227 1007 3403 1065 aliam
3426 1008 3606 1066 eccle-

1954 1093 2101 1149 siam
2125 1095 2318 1150 Sancti
2343 1096 2700 1169 Cucuphatis
2730 1097 2799 1152 de
2841 1098 3105 1170 Garriga,
3130 1097 3433 1154 ecclesiam
3458 1098 3606 1155 San-

1954 1183 2029 1238 cti
2056 1183 2347 1239 Benedicti
2371 1189 2427 1240 et
2450 1184 2735 1257 Spisellis,
2773 1183 3072 1243 ecclesiam
3109 1186 3305 1243 Sancti
3327 1184 3606 1260 Stephani

1955 1271 2023 1328 de
2055 1271 2381 1342 Castelleto,
2417 1273 2722 1331 ecclesiam
2770 1276 2965 1332 Sancti
3010 1274 3228 1335 Juliani
3278 1276 3349 1332 de
3394 1277 3608 1333 Sancta

1954 1359 2118 1417 Oliva
2147 1379 2277 1417 cum
2304 1360 2560 1432 castello,
2586 1364 2892 1420 ecclesiam
2915 1364 3110 1421 Sancti
3134 1363 3449 1422 Salvatoris
3472 1365 3607 1422 Bac-

1953 1449 2137 1505 tensis
2167 1467 2301 1506 cum
2333 1452 2808 1524 possessionibus
2837 1458 2893 1509 et
2931 1451 3299 1525 pcrtincntiis
3328 1452 3452 1510 suis
3482 1472 3494 1521 ;
3521 1470 3609 1509 ec-

1954 1536 2194 1594 clesiam
2228 1540 2421 1594 Sancti
2446 1540 2598 1596 Petri
2626 1544 2682 1596 et
2707 1541 2931 1597 Sanctae
2959 1542 3161 1599 Crucis
3186 1543 3256 1598 de
3282 1540 3604 1614 Mosquet‘a,

1956 1626 2259 1683 ecclesiam
2299 1633 2519 1684 Sanctae
2553 1629 2743 1685 Mariae
2786 1630 2857 1686 de
2903 1630 3240 1704 Capelades,
3301 1629 3607 1688 ecclesiam

1953 1715 2148 1771 Sancti
2176 1717 2376 1773 Felicis
2408 1717 2477 1774 de
2499 1717 2700 1775 Castro
2732 1717 3018 1787 Odilione,
3052 1719 3359 1776 ecclesiam
3384 1718 3606 1777 Sanctae

1875 1844 1923 1910 Β
1956 1803 2156 1910 Marini.
2181 1807 2250 1862 de
2280 1805 2525 1863 Castello
2556 1808 2626 1864 de
2678 1806 2949 1864 Clariana
2991 1826 3125 1865 cum
3177 1809 3303 1882 ipso
3345 1807 3605 1910 castello,

1956 1892 2260 1950 ecclesiam
2313 1897 2534 1952 Sancta:
2597 1896 2790 1953 Mariae
2831 1898 2903 1953 de
2944 1897 3251 1971 Aqualata,
3298 1897 3607 1955 ecclesiam

1951 1984 2145 2038 Sancti
2196 1984 2349 2041 Petri
2399 1985 2469 2041 de
2515 1984 2656 2053 Viri,
2714 1987 3021 2044 castellum
3075 1987 3271 2043 Sancti
3315 1986 3608 2045 Vincentii

1953 2089 2086 2127 cum
2138 2072 2266 2145 ipsa
2324 2074 2585 2141 ecclesia,
2619 2074 2926 2131 castellum
2981 2076 3052 2132 de
3107 2075 3419 2133 Albiniana
3473 2094 3608 2133 cum

1954 2160 2198 2218 ecclesia
2227 2180 2354 2230 sua,
2389 2163 2663 2220 ecclesias
2694 2165 2892 2221 Sancti
2938 2164 3240 2237 Sepulchri
3288 2169 3345 2222 et
3385 2166 3609 2223 Sancta:

1958 2249 2154 2306 Mariae
2185 2251 2256 2307 de
2284 2253 2567 2325 Amposta
2611 2270 2744 2308 cum
2795 2251 3085 2310 universis
3133 2255 3609 2326 possessionibus

1953 2343 2011 2394 et
2041 2339 2408 2411 pertinentiis
2437 2358 2662 2407 eorum,
2703 2339 2980 2398 ecclesias
3038 2342 3237 2398 Sancti
3286 2342 3518 2399 Martini
3550 2348 3607 2401 et

1954 2428 2152 2485 Sancti
2184 2429 2413 2498 Felicis,
2447 2435 2504 2484 et
2526 2430 2721 2485 Sancti
2743 2430 2975 2486 Genesii
3004 2447 3131 2503 quae
3152 2435 3292 2487 sunt
3313 2431 3384 2488 ad
3416 2431 3606 2506 ipsam

1956 2522 2177 2574 curtem
2211 2518 2280 2574 de
2314 2518 2468 2585 Faio,
2492 2518 2796 2575 ecclesiam
2825 2520 3021 2575 Sancti
3048 2518 3277 2576 Genesii
3300 2525 3356 2577 et
3382 2521 3605 2577 Sanctze

1956 2605 2191 2663 Eulaliae
2222 2625 2400 2680 quam
2433 2613 2639 2663 vocant
2666 2608 2955 2681 Tapioles,
3004 2608 3262 2664 alodium
3307 2611 3461 2681 quod
3519 2614 3608 2665 est

1956 2696 2109 2752 intra
2139 2714 2341 2753 muros
2370 2696 2623 2753 civitatis
2639 2697 2995 2767 Barcinonaa,
3025 2697 3248 2754 scilicet
3270 2715 3403 2755 cum
3425 2696 3609 2753 domi-

1958 2785 2087 2853 bus,
2104 2786 2390 2852 curtibus,
2410 2786 2596 2842 hortis
2610 2791 2666 2842 et
2680 2786 3128 2853 hortalibus,vel
3150 2792 3439 2860 quantum
3456 2787 3609 2844 infra

1955 2874 2315 2930 territorium
2347 2875 2630 2947 praedictae
2661 2875 2911 2931 civitatis
2952 2877 3256 2953 praefatum
3311 2882 3606 2933 monaste-

1957 2962 2111 3018 rium
2144 2963 2357 3019 habere
2389 2964 2635 3033 videtur,
2661 2964 2917 3021 alodium
2939 2965 3093 3037 quod
3117 2970 3207 3020 est
3236 2965 3387 3022 infra
3406 2965 3607 3021 termi-

1956 3069 2062 3107 nos
2093 3053 2162 3108 de
2193 3058 2380 3109 castro
2408 3053 2585 3110 Fonte
2614 3055 2814 3122 rubea,
2837 3058 2895 3109 et
2916 3055 2986 3110 de
3010 3054 3439 3125 Monte-Acuto,
3461 3060 3518 3111 et
3537 3055 3609 3110 de

1957 3141 2221 3210 Piniana,
2256 3146 2312 3198 et
2341 3143 2411 3197 de
2442 3142 2662 3211 Carolo,
2697 3147 2754 3198 et
2791 3144 2861 3199 do
2892 3145 3090 3199 Castro
3136 3142 3304 3210 Virli,
3345 3132 3606 3200 alodium

195 3232 536 3313 nasterium,
599 3232 693 3286 cui
745 3231 1088 3305 dieponentc
1152 3214 1396 3297 Domino
1457 3235 1518 3289 in
1576 3235 1847 3292 abbatem
1879 3214 1921 3280 (ἶ
1959 3231 2028 3286 de
2058 3230 2270 3286 Olorda
2300 3247 2434 3286 cum
2466 3231 2596 3313 ipsa
2626 3236 2803 3297 turre,
2835 3237 2894 3287 et
2923 3230 3182 3287 alodium
3233 3232 3387 3304 quod
3419 3237 3511 3289 est
3546 3230 3604 3287 in

193 3336 427 3390 praeesse
449 3312 841 3393 dignosceris,
868 3338 973 3376 nos
982 3322 1152 3393 juxta
1180 3322 1600 3378 venerabilium
1628 3325 1846 3395 praede-

193 3404 483 3467 cessorum
526 3414 864 3465 nostrorum
890 3410 1185 3483 exemplar
1207 3413 1318 3468 sub
1341 3411 1668 3483 apostolicae
1691 3414 1849 3470 sedis

195 3499 545 3570 protectione
569 3497 901 3571 specialiter
928 3499 987 3554 in
1019 3504 1367 3573 perpetuum
1399 3518 1637 3558 manere
1655 3504 1847 3559 sanci-

199 3580 344 3658 mus,
374 3582 431 3646 et
462 3578 583 3645 tam
618 3585 813 3658 ipsum
847 3606 1024 3660 quam
1049 3588 1320 3646 universa
1351 3591 1423 3645 ad
1453 3590 1645 3663 ipsum
1678 3594 1849 3664 perti-

200 3668 407 3733 mentia
433 3674 542 3733 tibi
564 3670 818 3748 tuisque
850 3675 1127 3750 legitimis
1166 3679 1609 3735 successoribus
1656 3681 1844 3753 possi-

198 3757 396 3836 denda,
427 3766 688 3839 regenda
717 3782 783 3820 ac
814 3765 1178 3838 disponenda
1209 3766 1553 3837 ﬁrmamus,
1586 3768 1843 3826 alodium

200 3853 413 3911 scilicet
441 3854 603 3928 quod
634 3855 693 3909 in
726 3855 1063 3911 monasterii
1097 3856 1283 3929 ipsius
1324 3857 1546 3914 ambitu
1595 3859 1845 3915 circum-

201 3936 371 3998 situm
401 3948 492 4000 est
522 3960 659 4000 cum
688 3942 932 4000 ecclesia
970 3944 1165 4000 Sancti
1224 3945 1375 4001 Petri
1409 3951 1467 4002 et
1514 3934 1716 4003 Sancti
1747 3952 1845 4004 Se-

200 4032 479 4098 veri,cum
503 4026 781 4090 Omnibus
803 4031 1020 4089 ﬁnibus
1036 4033 1527 4109 pertinenliisque
1539 4036 1847 4103 suis,sicut

200 4117 255 4174 in
282 4112 779 4194 praedecessorum
804 4114 1135 4178 nostrorum
1153 4122 1473 4195 privilegiis
1490 4125 1841 4195 continetur,

176 4278 179 4279 ν
202 4208 618 4267 monasterium
642 4207 864 4266 Sanctae
892 4209 1124 4266 Caeciliae
1142 4212 1214 4266 de
1236 4211 1687 4269 Monte-Serrato
1709 4231 1843 4270 cum

200 4294 458 4376 terminis
490 4303 549 4355 et
578 4292 1050 4371 pessessionibus
1080 4305 1137 4356 et
1168 4300 1532 4372 pertinentiis
1562 4302 1686 4358 suis
1712 4319 1724 4369 ;
1749 4319 1845 4358 ec-

202 4376 430 4444 clesiam
459 4376 659 4445 Sancti
682 4386 997 4445 Laurentii
1028 4406 1161 4444 cum
1193 4388 1439 4445 ecclesia
1491 4389 1688 4447 Sancti
1717 4391 1842 4447 Ste-

174 4462 369 4544 phani
391 4470 449 4533 et
473 4472 763 4533 castellari
786 4494 919 4533 cum
944 4477 1232 4546 terminis,
1258 4477 1622 4549 adjacentiis,
1646 4495 1843 4551 posse-

202 4556 461 4621 sibnibus
514 4563 1001 4638 pertinentiisque
1050 4565 1174 4622 suis
1214 4584 1227 4635 ;

200 4648 353 4707 Pauli
384 4654 545 4709 extra
578 4672 777 4710 muros
808 4654 1142 4711 B'arcinonae
1173 4671 1305 4710 cum
1340 4652 1533 4712 alodio
1573 4658 1728 4727 quod
1762 4657 1841 4713 ibi

170 4736 173 4739 ⁷
202 4738 405 4797 obtulit
451 4730 755 4800 Girbertus
784 4746 840 4799 et
871 4761 1013 4799 uxor
1041 4744 1189 4816 ejus,
1222 4761 1354 4810 cum
1398 4745 1674 4801 omnibus
1715 4763 1842 4818 quas

205 4830 369 4887 modo
394 4831 677 4905 poesidet,
728 4836 797 4901 et
846 4832 1080 4889 inantea
1128 4830 1503 4906 acquisierit:
1537 4833 1841 4891 ecclesiam

202 4918 411 5009 sanctae
439 4918 638 5009 Mariae
671 4920 740 4976 de
766 4920 940 5009 Fonte
964 4921 1162 5009 Rubea
1180 4940 1318 5009 cum
1341 4923 1529 4980 alodio
1560 4925 1713 5009 quod
1738 4925 1842 4980 tibi

205 5004 407 5064 obtulit
434 5004 721 5065 Geraldus
744 5008 990 5067 Mironis
1015 5028 1027 5067 :
1052 5006 1358 5068 ecclesiam
1381 5004 1752 5069 Sancti'Petri
1773 5013 1843 5069 de

205 5091 480 5167 Clariano,
504 5097 807 5154 e‘cCIesiam
831 5099 1029 5155 Sancti
1050 5094 1338 5156 Vincentii
1362 5101 1433 5157 de
1459 5101 1838 5175 Aqua-Obba,

205 5181 497 5242 ecclesiam
533 5188 755 5243 Sanctae
782 5186 976 5244 Maria:
1006 5193 1064 5245 et
1091 5188 1283 5245 Sancti
1314 5189 1594 5263 Stephani
1634 5192 1704 5247 de
1734 5192 1840 5248 Pa-

178 5270 183 5275 ’
202 5267 334 5328 lotio
356 5277 388 5344 ;'
405 5274 713 5331 ecclesiam
732 5275 926 5333 Sancti
948 5277 1305 5352 Cucuphatis
1325 5279 1396 5334 de
1420 5279 1645 5348 Rifano,
1664 5279 1843 5336 eccle-

205 5357 345 5415 siam
366 5362 563 5420 Sancti
589 5364 865 5437 Stephani
890 5364 960 5422 de
984 5362 1297 5439 Rivipullo,
1319 5360 1625 5425 ecclesiam
1646 5369 1841 5425 Sancti

201 5446 915 5529 Asisclide‘Villa‘Auziri,
947 5452 1256 5512 eCclesiam
1287 5456 1483 5512 Sancti
1521 5456 1752 5513 Martini
1785 5462 1843 5514 et

203 5531 397 5593 Sancti
412 5535 662 5595 Romani
684 5540 753 5596 de
776 5538 1170 5613 Monte-Gate,
1195 5543 1501 5600 ecclesiam
1526 5544 1724 5601 Sancti
1744 5544 1842 5600 Fe-

204 5619 329 5684 licia
358 5626 427 5687 de
458 5626 816 5703 Castellario,
850 5631 1155 5694 ecclesiam
1187 5631 1742 5695 Sancti-Sebastiani
1770 5633 1842 5694 de

1958 3319 2301 3375 duodecimo
2323 3320 2441 3375 sive
2464 3320 2523 3374 in
2544 3319 3059 3386 Misano,alodium
3084 3320 3237 3391 quod
3262 3318 3438 3376 habet
3458 3320 3611 3377 infra

1956 3407 2276 3463 terminum
2309 3409 2380 3463 de
2410 3408 2679 3464 Terrasia
2734 3413 2791 3464 et
2825 3409 2895 3464 de
2943 3407 3276 3476 Castellaro,
3310 3412 3367 3464 et
3414 3408 3474 3464 in
3504 3411 3609 3465 Ar-

1958 3514 2137 3552 raona
2167 3502 2223 3552 et
2254 3497 2311 3551 in
2345 3497 2677 3553 Barbarano
2710 3500 2767 3552 et
2795 3497 2866 3553 de
2920 3495 3145 3571 palatio
3199 3496 3391 3563 Ausit,
3429 3501 3484 3554 et
3538 3496 3610 3554 de

1956 3586 2171 3659 palatio
2194 3586 2490 3656 Palatano,
2515 3590 2576 3643 et
2606 3587 2663 3641 in
2686 3586 2823 3642 villa
2844 3587 2914 3642 de
2936 3586 3181 3658 Mogodo
3201 3590 3259 3642 et
3279 3587 3350 3642 de
3371 3584 3606 3653 Moleto,

1955 3680 2011 3731 ct
2040 3674 2100 3731 in
2134 3675 2347 3749 palatio
2375 3677 2446 3731 de
2488 3675 2673 3746 Aries,
2733 3679 2790 3732 et
2846 3675 2907 3730 in
2940 3674 3172 3730 Lisiano
3222 3674 3522 3748 superiore
3553 3679 3611 3732 et

1954 3765 2247 3834 inferiore,
2280 3764 2336 3821 et
2356 3765 2414 3820 in
2438 3765 2715 3837 parochia
2740 3764 2811 3821 de
2838 3764 3113 3830 Parietes,
3145 3764 3292 3819 etde
3313 3763 3605 3845 Gallegos,

1956 3859 2014 3910 et
2047 3853 2420 3931 Plegarnanis
2448 3858 2505 3910 et
2561 3854 2633 3910 de
2664 3854 2912 3927 Petiaco,
2947 3852 3102 3926 quod
3152 3853 3357 3909 dicunt
3387 3852 3608 3909 bellum

1956 3942 2230 4009 ditinum,
2264 3947 2321 3999 et
2350 3944 2421 3999 de
2450 3942 2720 4021 Bitilona,
2756 3948 2810 3999 et
2834 3944 2905 3999 de
2928 3942 3278 4021 Palumbare
3309 3947 3365 4021 et
3384 3943 3607 4019 deOtto

1955 4035 2012 4088 et
2037 4033 2108 4087 de
2140 4032 2442 4105 Rivopullo
2471 4038 2526 4089 et
2548 4033 2618 4109 de
2640 4032 2802 4088 Valle
2832 4033 2902 4088 de
2921 4032 3157 4111 Ariolfo,
3181 4036 3238 4088 et
3257 4032 3327 4087 de
3347 4022 3610 4088 Grannu-

1954 4120 2152 4189 larios,
2178 4122 2324 4177 etde
2348 4122 2587 4189 Lerona,
2621 4125 2678 4178 et
2708 4122 2778 4177 de
2811 4121 3105 4199 Moserati,
3138 4125 3195 4177 et
3224 4122 3294 4178 de
3330 4124 3607 4177 Samatus

1954 4213 2009 4266 et
2039 4210 2110 4266 dc
2139 4210 2399 4266 Canovas
2428 4215 2485 4266 et
2515 4212 2586 4267 de
2637 4211 2889 4267 Corrone
2933 4210 3231 4282 superiore
3287 4214 3344 4265 et
3401 4211 3604 4267 subte-

1954 4300 2125 4367 riore,
2156 4287 2432 4356 alodium
2482 4301 2551 4356 de
2599 4301 2816 4356 Turres
2876 4300 3070 4366 Beses,
3106 4314 3241 4355 cum
3289 4298 3401 4355 alio
3449 4299 3605 4372 quod

1953 4374 2158 4443 Nelma
2188 4388 2403 4444 femina
2432 4387 2515 4445 ibi
2541 4388 2774 4456 obtulit,
2808 4387 3068 4444 alodium
3095 4386 3168 4442 de
3195 4390 3452 4455 Ausona,
3485 4387 3605 4444 alo-

1954 4476 2125 4557 dium
2151 4478 2221 4533 de
2253 4478 2494 4545 Storria,
2528 4476 2813 4557 etvomnia
2834 4476 3026 4533 alodia
3053 4492 3181 4548 quae
3212 4474 3388 4531 habet
3415 4479 3472 4532 et
3494 4475 3605 4531 ha-

1288 4565 1593 4622 ecclesiam
1649 4568 1845 4624 Sancti
1875 4586 1923 4650 D
1954 4566 2090 4621 bere
2118 4554 2291 4622 debet
2320 4565 2379 4621 in
2411 4554 2684 4638 praediato
2718 4565 2994 4622 comitatu
3028 4564 3463 4634 Barcinonensi,
3497 4566 3604 4620 Ge-

1954 4655 2257 4724 rundensi,
2283 4656 2632 4733 Ausonensi,
2665 4660 2721 4711 et
2752 4655 2811 4710 in
2844 4655 3123 4711 comitatu
3147 4652 3446 4722 Minorisa,
3469 4669 3603 4709 cum

1953 4744 2239 4801 universis
2265 4744 2532 4800 terminis
2563 4744 2729 4812 suis;
2779 4744 3085 4801 ecclesiam
3143 4741 3339 4799 Sancti
3386 4741 3603 4807 Quirici

1952 4820 2087 4889 cum
2118 4833 2365 4890 decimis
2397 4837 2453 4888 et
2483 4833 2758 4904 primitiis
2789 4838 2847 4888 et
2875 4830 3268 4889 oblationibus
3316 4831 3462 4889 suis.
3494 4832 3606 4890 De-

1951 4921 2137 4978 cimas
2168 4939 2399 4993 quoque
2431 4938 2578 4994 quas
2610 4923 2680 4978 de
2726 4922 2819 4977 his
2853 4922 2972 4978 sive
3001 4922 3071 4977 de
3096 4920 3227 4977 aliis
3279 4919 3421 4978 locis
3469 4925 3604 4978 ante

1951 5010 2190 5084 triginta
2206 5027 2391 5068 annos
2404 5010 2826 5068 monasterium
2839 5014 3096 5067 vestrum
3108 5011 3603 5084 praedecessorum

1954 5103 2288 5156 nostrorum
2321 5100 2696 5157 concessione
2722 5099 3002 5173 possedit,
3036 5116 3142 5157 nos
3172 5100 3233 5155 in
3256 5104 3602 5173 perpetuum

1949 5188 2159 5245 vestris
2176 5188 2384 5245 usibus
2402 5189 2641 5246 omnino
2659 5189 2889 5263 quietas
2906 5194 2963 5245 et
2998 5188 3257 5261 integras
3272 5188 3604 5245 conservari

1951 5278 2567 5335 censemus.Przeterea
2582 5296 2685 5352 per
2704 5279 3007 5352 praesentis
3030 5276 3313 5351 privilegii
3327 5278 3605 5350 paginam

1951 5367 2273 5441 apostolica
2294 5367 2641 5424 auctoritate
2662 5368 2980 5424 statuimus
2997 5372 3062 5423 ut
3076 5382 3437 5438 quaecunque
3451 5366 3606 5443 bona

1950 5457 2070 5513 sive
2098 5455 2524 5530 possessiones
2573 5457 2632 5512 in
2677 5457 2948 5529 praesenti
2981 5453 3311 5512 ccenobium
3341 5458 3602 5508 vestrum

1944 5545 2105 5617 juste
2136 5543 2417 5618 possidet,
2442 5544 2560 5600 sive
2589 5543 2647 5599 in
2683 5546 2947 5600 futurum
2969 5539 3345 5599 concessione
3364 5542 3601 5612 pontiﬁ-

1947 5649 2109 5707 cum,
2142 5631 2491 5693 liberalitate
2522 5632 2877 5712 principum,
2902 5631 2989 5692 vel
3020 5628 3314 5692 oblatione
3334 5618 3600 5690 ﬁdelium
