3928 6208
363 287 482 347 515

1670 276 1741 337 Β.
1791 275 2088 338 URBANI
2138 275 2186 334 ll
2235 272 2485 334 PAP/E.

3645 263 3756 323 516

355 418 516 490 juste
547 433 613 472 ac
642 414 919 472 canonice
951 411 1160 486 poterit
1189 409 1456 484 adipisci,
1489 411 1658 466 firma
1705 408 1810 464 tibi
1860 407 2007 463 tuis-
2035 411 2090 476 Α
2121 403 2374 460 cutionis
2405 400 2839 475 opportunitate
2878 396 3208 490 promptius
3237 412 3300 452 ac
3325 395 3639 490 benignius
3688 396 3777 452 ad.

363 523 477 579 que
509 504 946 562 successoribus
979 507 1035 557 et
1063 501 1288 557 illibata
1321 503 1676 572 permaneat.

435 593 814 651 Decernimus
841 608 976 664 ergo
997 595 1061 646 ut
1081 589 1222 645 nulli
1250 588 1488 644 omnino
1516 587 1819 643 hominum
1842 585 2013 640 liceat

364 683 632 740 eamdem
654 680 972 737 Ecclesiam
993 684 1210 734 temere
1233 677 1592 750 perturbare,
1616 680 1716 731 aut
1736 674 1864 745 ejus
1887 690 2013 745 pos-

365 771 659 828 sessiones
689 769 936 835 auferre,
989 765 1078 824 vel
1112 765 1339 822 oblatas
1397 765 1663 830 retinere,
1712 761 1800 818 vel
1849 762 2011 834 juste

365 861 534 917 datas
555 858 680 917 suis
705 858 912 914 usibus
933 856 1246 916 vindicare.
1273 855 1557 918 minuere,
1580 851 1667 908 vel
1689 849 2013 907 temerariis

364 948 768 1007 vexationibus
787 945 1031 1018 fatigare
1057 963 1070 1013 ;
1095 943 1194 1000 sed
1213 941 1410 998 omnia
1426 940 1653 1014 integra
1673 955 2015 997 conserven.

365 1042 464 1095 tur
479 1054 678 1095 eorum
696 1053 798 1108 pro
813 1051 1061 1107 quorum
1080 1030 1502 1090 sustentatione
1513 1036 1570 1086 et
1591 1029 2014 1104 gubernatione

365 1143 644 1183 concessa
666 1129 804 1182 sunt
823 1121 1030 1179 usibus
1047 1119 1404 1177 omnimodis
1416 1116 2016 1192 profutura.Sepultu-

365 1233 490 1272 ram
513 1230 744 1288 quoque
766 1211 1030 1283 ejusdem
1065 1208 1174 1265 loci
1197 1208 1442 1264 liberam
1485 1207 1724 1264 omnino
1753 1223 1882 1263 esse
1914 1207 2013 1262 de-

363 1303 679 1369 cernimus,
715 1304 778 1355 ut
807 1315 1009 1355 eorum
1040 1297 1141 1370 qui
1173 1315 1234 1354 se
1265 1296 1383 1352 illic
1405 1295 1636 1369 sepeliri
1661 1295 2012 1352 deliberave-

363 1393 482 1448 rint
511 1389 799 1447 devotioni
832 1393 889 1444 et
917 1391 1184 1444 extremae
1237 1385 1541 1453 voluntati,
1575 1385 1687 1441 nisi
1743 1386 1888 1440 forte
1919 1401 2014 1440 ex-

364 1479 780 1538 communicati
816 1478 954 1545 sint,
981 1476 1180 1532 nullus
1201 1475 1468 1530 obsistat.
1495 1475 1755 1530 Obcunte
1775 1478 1830 1528 te
1861 1491 2016 1528 nunc

364 1572 495 1643 ejus
523 1569 632 1626 loci
664 1568 872 1624 abbate
904 1565 991 1622 vel
1024 1571 1256 1620 tuorum
1291 1561 1550 1633 quolibet
1587 1579 2012 1629 successorum,

365 1658 566 1714 nullus
598 1657 696 1712 ubi
730 1655 988 1728 qualibet
1018 1652 1415 1725 subreptionis
1437 1651 1654 1708 astutia
1683 1668 1786 1706 seu
1807 1650 2011 1706 violens

365 1749 449 1802 tia
465 1750 851 1819 praeponatur,
867 1743 980 1799 nisi
1004 1759 1179 1814 quem
1195 1742 1404 1797 fratres
1417 1740 1713 1796 communi
1729 1755 2015 1797 consensu

364 1835 453 1894 vel
468 1837 712 1892 fratrum
732 1849 864 1906 pars
881 1829 1111 1888 consilii
1125 1829 1375 1887 sanioris
1390 1831 1712 1886 secundum
1730 1828 1827 1885 Dei
1854 1830 2019 1885 timo-

367 1941 491 1982 rem
531 1929 588 1980 et
626 1921 780 1978 beati
821 1921 1112 1977 Benedicti
1155 1919 1415 1992 regulam
1455 1918 1754 1990 elegerint.
1789 1917 2019 1974 Electus

369 2016 562 2068 autem
593 2027 629 2066 a
657 2009 982 2065 diceeesano
1005 2007 1277 2080 episcopo
1307 2011 1696 2072 consecretur,
1727 2004 2018 2078 siquidem

368 2099 616 2174 gratiam
636 2103 691 2154 et
703 2095 1176 2154 communionem
1194 2094 1524 2168 apostolicae
1547 2095 1704 2151 sedis
1725 2095 2015 2150 habuerit.

369 2194 426 2246 et
461 2186 644 2262 gratis
687 2203 752 2242 ac
801 2185 928 2241 sine
975 2185 1256 2256 pravitate
1307 2184 1360 2238 id
1421 2183 1690 2239 exhibere
1749 2181 2016 2250 voluerit,

369 2275 638 2349 Alioquin
671 2275 741 2331 ad
777 2275 1104 2330 Romanum
1139 2272 1470 2344 pontiﬁcem
1504 2273 1782 2338 recurrat,
1815 2273 1916 2325 aut
1946 2269 2019 2325 ab

369 2365 483 2422 alio
515 2380 688 2437 quem
719 2361 996 2418 maluerit
1025 2360 1310 2416 catholico
1339 2359 1600 2416 antistite
1625 2363 2018 2414 consecretur.

371 2454 529 2510 Idem
563 2456 619 2508 et
639 2452 710 2508 de
732 2449 1200 2506 ordinationibus
1225 2448 1470 2504 fratrum
1497 2449 1568 2503 de
1589 2449 1926 2513 chrismate,
1949 2447 2021 2502 de

370 2542 642 2599 altarium
674 2539 797 2596 sive
813 2539 1191 2597 basilicarum
1217 2537 1650 2593 consecratione
1682 2537 2018 2592 statuimus.

370 2632 453 2688 Ad
468 2629 750 2687 indicium
765 2634 960 2685 autem
975 2628 1242 2700 praestita:
1261 2643 1294 2681 a
1312 2625 1841 2682 RomanaEcclesia
1854 2623 2024 2680 liber-

371 2721 509 2776 tatis
532 2735 635 2792 pro
660 2718 903 2773 ecclesia
923 2717 1123 2771 Sancti
1165 2714 1350 2782 Pauli,
1378 2714 1810 2770 morabatinum
1836 2731 2020 2770 unum

375 2806 688 2881 quotannis
721 2804 1096 2860 Lateranensi
1129 2802 1346 2876 palatio
1392 2801 1751 2874 persolvetis.
1801 2802 1859 2856 Si
1909 2819 2024 2874 qua

375 2913 516 2952 sane
544 2893 936 2950 ecclesiastica
965 2891 1328 2948 szeeularisve
1357 2907 1602 2964 persona
1634 2891 1782 2946 hanc
1813 2896 2023 2947 nostris

383 2982 818 3040 constitutionis
850 2982 1122 3054 paginam
1157 2980 1368 3047 sciens,
1419 2985 1618 3036 contra
1651 2996 1775 3035 eam
1811 2985 2026 3037 temere

380 3073 577 3130 venire
609 3071 932 3136 tentaverit,
965 3070 1222 3126 secundo
1270 3069 1511 3125 tertiove
1569 3069 1941 3137 commonita,
1974 3069 2023 3126 si

2119 492 2246 548 fuit.
2280 492 2531 564 Ideoque
2556 493 2950 563 opportunum
2986 485 3281 551 duximus,
3317 484 3645 552 secundum
3665 501 3753 558 pe-

2119 581 2384 638 titionem
2422 579 2768 636 venerabilis
2799 577 2996 634 fratris
3025 573 3210 632 nostri
3239 572 3491 630 Oderisii
3519 573 3756 630 abbatiis

2117 670 2316 736 vestri,
2341 671 2557 728 nostris
2582 671 2640 726 in
2661 673 2959 742 posterum
2977 666 3190 723 litteris
3209 665 3492 721 adnotare
3521 661 3755 736 qualiter

2120 759 2448 834 Cinglensis
2480 758 2637 816 cellae
2689 774 2886 826 causa,
2920 757 3075 813 unde
3131 759 3394 813 vestrum
3442 752 3753 810 coenobium

2120 833 2346 905 diutius
2377 847 2766 922 inquietatum
2789 849 2897 916 est,
2922 863 3110 918 nuper
3130 845 3189 900 in
3212 833 3417 900 nostra
3438 841 3515 898 sit
3536 840 3756 898 audien-

2121 939 2204 994 tia
2223 943 2423 994 nostro
2432 936 2655 1008 judicio
2677 935 3118 1002 difﬁnita.Quod
3146 933 3303 990 enim
3325 931 3569 989 dilectio.
3582 935 3756 996 vestra

2121 1027 2354 1101 plenius
2382 1027 2558 1094 novit,
2593 1042 2744 1098 saepe
2773 1026 2845 1081 de
2875 1025 3078 1081 eodem
3127 1021 3362 1096 negotio
3395 1021 3456 1077 in
3515 1020 3756 1078 Romana

2121 1117 2398 1184 Ecclesia,
2432 1117 2584 1172 inter
2606 1114 2914 1188 synodales
2943 1118 3130 1182 actus,
3162 1118 3297 1168 ante
3317 1110 3754 1184 praedecessores

2123 1211 2354 1261 nostros
2389 1203 2632 1277 quaestio
2663 1208 2790 1260 acta
2819 1207 2908 1260 est
2931 1221 2965 1259 a
3003 1204 3215 1258 sanctae
3265 1198 3564 1257 memoriae
3604 1198 3756 1255 Desi-

2123 1293 2281 1350 derio
2309 1295 2537 1362 (Victore
2564 1294 2639 1349 III
2661 1303 2850 1364 papa),
2883 1289 3212 1364 apostolica:
3248 1289 3410 1346 sedis
3439 1287 3752 1362 presbytero

2123 1382 2404 1439 cardinali
2433 1386 2491 1438 et
2521 1382 2856 1438 monasterii
2879 1380 3207 1437 Casinensis
3224 1379 3461 1448 abbate,
3483 1377 3583 1450 qui
3612 1381 3754 1450 post-

2125 1473 2365 1528 modum
2393 1471 2598 1526 divinas
2630 1470 2988 1544 dignationis
3019 1470 3208 1543 gratia
3237 1469 3310 1525 ad
3339 1467 3560 1526 summi
3581 1465 3751 1540 ponti-

2125 1562 2331 1616 ﬁcatus
2362 1559 2582 1632 apicem
2619 1559 3004 1632 pervcnit,sed
3027 1559 3236 1632 exiguo
3267 1561 3532 1630 tempore
3571 1571 3751 1628 super-

2125 1651 2283 1705 vixit.
2317 1650 2524 1706 Nostro
2555 1649 2729 1706 etiam
2761 1654 3019 1722 tempore
3041 1648 3100 1704 in
3131 1647 3520 1722 synodalibus
3538 1645 3750 1720 gestisa

2126 1739 2414 1794 eonfratre
2468 1744 2680 1804 vestro,
2739 1755 2912 1810 quem
2972 1738 3246 1810 superius
3317 1735 3748 1800 nominavimus,

2127 1827 2408 1894 Oderisio,
2441 1833 2652 1884 sanctae
2679 1831 2892 1884 nostra:
2921 1826 3186 1884 Ecclesia:
3219 1827 3561 1900 presbytero
3582 1822 3748 1881 cardi-

2127 1917 2267 1983 nali,
2301 1917 2371 1972 de
2402 1934 2578 1972 causa
2626 1917 2752 1988 ipsa
2809 1933 3002 1973 coram
3062 1921 3265 1973 nostra
3318 1920 3410 1973 est
3465 1911 3750 1988 praesentia

2127 2006 2340 2079 saepius
2371 2005 2815 2079 proclamatum.
2858 2005 3082 2062 Accidit
3131 2009 3336 2062 autem
3381 2009 3449 2062 ut
3495 2003 3756 2061 Robertus

2127 2113 2323 2152 comes
2367 2096 2438 2152 ad
2483 2095 2636 2152 beati
2695 2095 2987 2152 Benedicti
3025 2095 3400 2153 devotionem
3456 2092 3756 2168 promptius

2129 2201 2462 2252 conversus,
2494 2183 2687 2240 locum
2720 2183 2916 2257 ipsum
2947 2185 3020 2240 ad
3060 2185 3237 2240 vestri
3286 2181 3629 2241 monasterii
3669 2182 3756 2254 jus

2129 2274 2418 2347 pertinere
2439 2277 2834 2346 cognosceret,
2869 2273 2968 2346 qui
3002 2291 3137 2329 mox
3165 2275 3449 2331 eumdem
3489 2273 3684 2332 locum.
3706 2269 3756 2324 in

2128 2379 2374 2420 manum
2406 2361 2629 2434 praefati
2661 2362 2859 2418 fratris
2889 2362 3075 2418 nostri
3100 2361 3360 2420 Oderisii
3409 2361 3758 2418 reddiditzeo

2130 2451 2424 2524 siquidem
2451 2455 2566 2506 tem
2574 2466 2711 2523 pore
2733 2449 3186 2523 abbatissa,quzc
3206 2449 3266 2505 in
3285 2449 3498 2507 cellam
3514 2447 3760 2506 violenter

2131 2541 2397 2613 ingressa
2427 2541 2634 2609 fuerat,
2669 2557 2771 2613 pro
2803 2540 3068 2611 ejusdem
3103 2539 3344 2596 comitis
3402 2539 3606 2596 timore
3657 2535 3760 2592 dis-

2131 2633 2406 2684 cesserat.
2442 2628 2626 2700 Coepit
2653 2627 2805 2684 inter
2851 2628 2971 2684 haec
2999 2628 3102 2684 illa
3144 2633 3366 2685 nostra:
3425 2623 3757 2686 auctoritatis

2114 2705 2324 2785 'aures,
2359 2718 2501 2773 dum
2551 2718 2607 2772 in
2641 2717 2785 2772 urbe
2815 2734 3105 2784 essemus,
3154 2718 3384 2774 crebris
3435 2713 3758 2774 clamoribus

2131 2807 2440 2880 appellare,
2476 2806 2628 2862 unde
2661 2823 2766 2862 nos
2795 2822 2864 2862 ex
2887 2806 3066 2862 latere
3099 2812 3304 2864 nostro
3339 2808 3491 2864 viros
3519 2810 3758 2863 strenuos

2131 2913 2318 2968 usque
2346 2897 2601 2968 Capuam
2635 2895 3074 2966 destinavimus,
3099 2896 3198 2969 qui
3215 2889 3528 2971 diligenter
3546 2907 3756 2951 causam

2133 2990 2444 3056 utramque
2474 2989 2890 3058 cognoscerent
2925 2989 2980 3041 et
3009 2985 3245 3058 paciﬁca
3277 2984 3620 3052 definirent;
3658 2996 3754 3054 quo

2130 3077 2271 3130 tunc
2303 3072 2540 3144 quidem
2563 3073 2918 3144 quibusdam
2950 3073 3364 3130 occasionibus
3401 3073 3471 3131 ad
3515 3071 3755 3134 effectum

378 3179 440 3222 se
461 3179 577 3218 non
595 3160 990 3218 satisfactione
1011 3173 1268 3232 congrua
1289 3159 1703 3227 emendaverit,
1723 3158 2026 3230 potestatis
2057 3147 2100 3215 C
2136 3162 2434 3233 pervenire
2465 3178 2580 3218 non
2613 3163 2820 3234 potuit.
2856 3163 2990 3220 Post
3019 3162 3396 3236 aliquantum
3442 3179 3544 3237 pro
3589 3158 3757 3218 causis

374 3250 732 3322 honorisque
762 3249 854 3305 sui
885 3249 1168 3322 dignitate
1197 3253 1410 3316 careat,
1447 3265 1722 3320 reamque
1748 3266 1810 3303 se
1830 3247 2025 3304 divino

365 3339 591 3413 judicio
623 3339 869 3394 existere
899 3338 970 3393 de
999 3341 1330 3410 perpetrata
1353 3337 1660 3409 iniquitate
1691 3343 2024 3411 cognoscat,

375 3434 432 3486 et
460 3447 495 3486 a
514 3427 914 3485 sacratissimo
933 3442 1172 3498 corpore
1203 3443 1268 3482 ac
1291 3426 1576 3499 sanguine
1596 3426 1693 3482 Dei
1717 3431 1774 3481 et
1794 3425 2026 3482 Domini

376 3517 780 3590 Redemptoris
804 3515 988 3572 nostri
1010 3516 1150 3572 Jesu
1172 3515 1385 3570 Christi
1407 3515 1596 3571 aliena
1625 3516 1747 3582 fiat,
1769 3519 1944 3586 atque
1967 3514 2025 3570 in

375 3612 632 3663 extremo
653 3605 918 3660 examine
933 3603 1208 3660 districta:
1235 3602 1442 3659 ultioni
1465 3603 2024 3674 subjaceat.Cunctis

377 3700 572 3751 autem
603 3693 791 3750 eidem
814 3691 940 3748 loco
963 3693 1129 3764 justa
1159 3691 1528 3748 servantibus
1550 3691 1627 3748 sit
1653 3709 1765 3764 pax
1793 3690 2027 3747 Domini

377 3783 561 3840 nostri
589 3783 730 3840 Jesu
761 3781 998 3851 Christi,
1034 3785 1330 3854 quatenus
1359 3786 1418 3836 et
1448 3779 1541 3834 hic
1576 3780 1830 3836 fructum
1859 3781 2026 3836 bona:

377 3871 624 3931 actionis
645 3870 986 3944 percipiant,
1007 3877 1063 3926 et
1084 3871 1238 3942 apud
1252 3869 1582 3925 districtum
1599 3869 1858 3940 judicem
1880 3887 2026 3942 prae-

377 3961 498 4016 mia
521 3965 744 4015 aeternae
777 3958 936 4031 pacis
969 3959 1288 4014 inveniant.

449 4049 747 4122 Scriptum
778 4064 882 4120 per
901 4065 1112 4104 manus
1131 4045 1372 4102 Gerardi
1397 4044 1606 4102 notarii
1639 4045 1950 4119 regionarii
1972 4052 2029 4103 et

378 4137 669 4194 scriniarii
696 4142 908 4194 sancta:
935 4137 1208 4192 Romanis
1232 4133 1684 4204 Ecclesim,anno
1707 4134 2022 4191 Dominicae

379 4225 799 4282 Incarnationis
833 4225 1146 4281 millesimo
1178 4223 1559 4294 nonagesimo
1603 4228 1822 4292 octavo,
1874 4223 2025 4282 indi-

378 4316 565 4372 ctione
596 4315 867 4389 septima,
901 4315 1122 4370 mensis
1151 4311 1486 4368 Decembris
1512 4311 1604 4368 die
1634 4313 1845 4386 primo.

1043 4401 1349 4458 CCXLVII.

558 4493 766 4552 Urbani
794 4493 850 4548 II
876 4491 1026 4547 bulla
1052 4507 1152 4562 pro
1177 4491 1460 4547 Casinensi
1487 4494 1834 4548 nwnasterio.

1011 4582 1198 4651 (Anno
1231 4579 1414 4638 4098.)

681 4671 970 4737 (Munna,
995 4669 1194 4724 Annal.
1231 4668 1452 4737 Bened.,
1487 4668 1552 4735 V,
1584 4669 1733 4740 665.)

448 4763 729 4819 URBANUS
751 4759 1082 4832 episcopus,
1107 4775 1310 4814 servus
1336 4774 1634 4814 servorum
1659 4759 1778 4827 Dei,
1804 4759 2030 4817 dilectis

353 4850 518 4908 'ﬁliis
545 4848 884 4906 Casinensis
916 4847 1162 4903 coenobii
1198 4847 1502 4904 monachis
1533 4848 1782 4904 salutem
1815 4856 1871 4906 et
1897 4866 2031 4922 apo-

377 4939 646 4996 stolicam
678 4935 1167 4992 benedictionem.

449 5033 532 5083 Ex
550 5024 726 5082 officii
749 5025 933 5080 nostri
955 5024 1151 5080 debito
1181 5029 1238 5082 et
1257 5025 1598 5082 auctoritate
1621 5027 2032 5101 compellimur

376 5113 771 5174 Ecclesiarum
805 5111 978 5168 saluti
1013 5118 1071 5168 et
1102 5114 1250 5185 paci,
1284 5120 1459 5188 prout
1488 5115 1772 5174 Dominus
1805 5117 1954 5174 scire
1976 5123 2034 5174 et

378 5220 552 5278 posse
589 5202 834 5273 dederit,
887 5201 1204 5274 providere,
1245 5205 1421 5260 vestri
1469 5207 1760 5279 praecipue
1817 5223 2028 5262 mona-

2135 3250 2546 3308 ecelesiasticis
2567 3251 2780 3308 Urbem
2809 3253 2917 3324 (49)
2943 3253 3184 3326 egressi,
3209 3270 3350 3310 cum
3370 3253 3626 3310 eamdem
3645 3264 3756 3306 csu-

2136 3355 2262 3396 sam
2287 3339 2696 3412 diligentiusin
2712 3340 3020 3414 utriusque
3038 3342 3221 3414 partis
3245 3341 3555 3414 praasentia
3575 3342 3756 3396 tracta-

2135 3445 2356 3494 remus,
2388 3429 2770 3501 cognovimus
2801 3430 3108 3502 prmfatum
3128 3430 3519 3488 venerabilem
3549 3430 3754 3486 fratrem

2136 3522 2403 3574 nostrum
2428 3518 2756 3575 OJerisium
2789 3519 3057 3575 abbatem
3089 3525 3378 3589 vestrum,
3408 3535 3520 3576 non
3550 3515 3754 3574 malitia

2135 3606 2481 3676 intentione,
2514 3608 2615 3664 sed
2638 3608 2888 3680 justitiaz
2919 3613 3184 3684 respectu
3220 3608 3418 3667 locum
3447 3609 3626 3675 illum,
3652 3610 3755 3660 tan-

2136 3713 2313 3768 quam
2346 3696 2436 3752 sui
2454 3697 2634 3768 juris,
2665 3697 2736 3753 de
2763 3714 2878 3770 quo
2901 3698 3115 3770 saepius
3147 3699 3752 3772 proclamaverat,rece-

2135 3784 2310 3857 pisse.
2346 3785 2651 3842 Enimvero
2681 3791 2740 3843 et
2769 3786 3202 3860 pontiﬁcalibus
3231 3789 3498 3858 decretis,
3529 3792 3582 3844 et
3609 3797 3750 3855 rega-

2135 3873 2292 3930 libus
2322 3873 2753 3944 instrumentis,
2785 3881 2842 3932 et
2871 3880 3035 3932 terra:
3067 3877 3398 3952 principum
3444 3873 3678 3950 scriptis,
3704 3873 3751 3925 et

2134 3961 2244 4020 loci
2261 3962 2402 4019 fund
2413 3963 2590 4020 atoris
2603 3963 2989 4038 chirographo
3011 3965 3214 4023 cellam
3231 3967 3419 4041 ipsam
3433 3967 3503 4024 ad
3523 3967 3748 4022 vestrum

2135 4051 2552 4108 ostendebatur
2581 4054 3002 4110 monasterium
3035 4055 3349 4128 pertinere.
3391 4056 3534 4123 Quia
3579 4055 3750 4108 tamen

2136 4140 2264 4196 sine
2288 4140 2510 4212 judicio
2556 4143 2913 4214 praecedente
2963 4149 3282 4218 receperat,
3331 4159 3559 4217 aequum
3607 4135 3752 4196 nobis

2133 4228 2329 4286 visum
2360 4235 2448 4286 est
2478 4233 2544 4286 ut
2573 4231 2891 4302 abbatissa,
2925 4250 3050 4305 qua:
3082 4251 3144 4291 se
3183 4237 3548 4308 quaerebatur
3573 4241 3752 4298 exspor

2135 4317 2296 4390 liata,
2315 4319 2587 4376 reinvesti
2596 4325 2782 4390 retur;
2803 4327 2934 4394 post
2955 4323 3346 4382 reversionem
3358 4339 3490 4381 vero
3503 4323 3752 4379 nostram,

2135 4406 2194 4462 in
2229 4412 2542 4481 utramque
2571 4415 2797 4482 partem
2819 4408 3149 4484 legitimum
3173 4413 3468 4486 judicium
3496 4408 3751 4484 ageretur-

2059 4517 2107 4582 Β
2139 4497 2205 4552 In
2233 4496 2306 4552 iis
2337 4497 2567 4568 diebus,
2596 4497 2878 4573 largiente
2905 4501 3174 4573 Domino,
3208 4503 3533 4577 plenarium
3564 4497 3618 4552 in
3648 4492 3753 4582 iBaf

2140 4586 2296 4641 rensi
2326 4585 2458 4642 urbi
2489 4587 2803 4644 concilium
2833 4588 3126 4650 celebrare
3146 4592 3615 4669 disponebamus.
3642 4580 3754 4669 Post

2139 4691 2371 4730 menses
2403 4675 2584 4749 igitur
2611 4694 2713 4734 sex
2758 4679 3120 4737 abbatissam
3178 4667 3339 4739 illam
3370 4684 3428 4737 et
3479 4672 3674 4734 litteris
3706 4667 3752 4722 et

2139 4761 2322 4818 nostri
2354 4763 2471 4820 oris
2502 4764 2845 4823 invitatione
2885 4769 3256 4842 vocavimus;
3296 4771 3490 4828 venire
3545 4761 3750 4838 quidem

2138 4853 2351 4922 renuit,
2385 4854 2486 4910 sed
2519 4855 2794 4912 nuntium
2815 4857 3166 4917 destinavit:
3197 4877 3330 4918 cum
3357 4863 3547 4918 autem
3578 4851 3749 4909 minus

2138 4939 2365 5014 plenas,
2399 4959 2506 4999 nec
2537 4943 2681 5000 satis
2711 4945 3090 5005 rationabiles
3120 4966 3328 5008 causas
3379 4949 3448 5006 de
3490 4944 3637 5001 illius
3662 4935 3746 4993 ab-

2139 5028 2328 5086 sentia
2355 5047 2550 5088 coram
2582 5033 2826 5090 concilio
2850 5036 3220 5108 reddidisset,
3243 5057 3368 5107 nos,
3401 5055 3472 5094 ne
3495 5029 3638 5107 quod
3665 5020 3749 5080 illi

2139 5119 2474 5192 gravamine
2495 5121 2612 5194 pati
2637 5128 3268 5199 quereretur,ejusdem
3290 5143 3474 5186 causa
3495 5120 3746 5180 actionem

2142 5225 2329 5280 usque
2369 5209 2442 5264 ad
2483 5214 2749 5268 nostrum
2790 5213 3039 5272 reditum
3082 5216 3358 5274 duximus
3383 5206 3746 5273 dinei-endam.

378 5293 562 5361 sterii,
596 5291 752 5365 quod
786 5295 997 5346 sanctae
1020 5297 1228 5348 nostra:
1261 5293 1418 5350 sedis
1439 5295 1770 5367 apostolica:
1802 5311 2036 5368 semper
2143 5296 2319 5354 Porro
2373 5298 2768 5358 Beneventum
2817 5305 3136 5378 venientes,
3186 5307 3397 5364 iterum
3445 5304 3654 5360 nostras
3686 5286 3746 5344 ad

377 5379 730 5441 familiarius
759 5396 825 5434 ac
857 5378 1122 5435 devotius
1151 5383 1413 5453 adhaesit,
1447 5388 1503 5439 et
1529 5383 1592 5438 in
1624 5382 1785 5438 omni
1837 5400 2034 5456 perse-

377 5564 493 5624 tur.

2141 5385 2304 5442 illam
2344 5387 2564 5446 litteras
2617 5391 3065 5469 destinavimus,
3114 5397 3270 5455 diem
3318 5401 3374 5454 et
3422 5394 3602 5451 locum
3651 5390 3747 5454 ιιυο

449 5490 562 5582 ς49)
593 5487 740 5546 Cum
791 5484 1012 5545 scilicet
1065 5483 1172 5548 has
1215 5495 1412 5566 partes
1469 5487 1614 5547 adiit
1660 5493 1794 5548 ante
1839 5488 2063 5566 aliquot
2101 5509 2354 5565 menses,
2407 5513 2523 5570 quo
2571 5503 2830 5575 tempore
2874 5505 3072 5577 Capua
3113 5521 3149 5563 a
3195 5503 3435 5582 Rogerio
3479 5485 3746 5558 obsideba-
