  <div class='ocr_page' id='page_1' title='image "/cluster/home/n/w/nwhite01/storage/ocr_20150623/151/uva.x000829795/282.png"; bbox 0 0 3928 6208; ppageno 0'>
   <div class='ocr_carea' id='block_1_1' title="bbox 185 243 304 320">
    <p class='ocr_par' dir='ltr' id='par_1_1' title="bbox 185 243 304 320">
     <span class='ocr_line' id='line_1_1' title="bbox 185 243 304 320; baseline -0.008 -2"><span class='ocrx_word' id='word_1_1' title='bbox 185 243 304 320; x_wconf 65' lang='lat'><strong>547</strong></span> 
     </span>
    </p>
   </div>
   <div class='ocr_carea' id='block_1_2' title="bbox 1365 253 2435 322">
    <p class='ocr_par' dir='ltr' id='par_1_2' title="bbox 1365 253 2435 322">
     <span class='ocr_line' id='line_1_2' title="bbox 1365 253 2435 322; baseline -0.002 -1"><span class='ocrx_word' id='word_1_2' title='bbox 1365 253 1773 322; x_wconf 73' lang='lat' dir='ltr'><strong>EPISTOLJE</strong></span> <span class='ocrx_word' id='word_1_3' title='bbox 1815 260 1915 321; x_wconf 88' lang='lat' dir='ltr'><strong>ET</strong></span> <span class='ocrx_word' id='word_1_4' title='bbox 1956 255 2435 322; x_wconf 80' lang='lat' dir='ltr'><strong>PBIVILEGIA.</strong></span> 
     </span>
    </p>
   </div>
   <div class='ocr_carea' id='block_1_3' title="bbox 3478 259 3598 320">
    <p class='ocr_par' dir='ltr' id='par_1_3' title="bbox 3478 259 3598 320">
     <span class='ocr_line' id='line_1_3' title="bbox 3478 259 3598 320; baseline 0 -1"><span class='ocrx_word' id='word_1_5' title='bbox 3478 259 3598 320; x_wconf 76' lang='lat'><strong>518</strong></span> 
     </span>
    </p>
   </div>
   <div class='ocr_carea' id='block_1_4' title="bbox 185 388 3599 465">
    <p class='ocr_par' dir='ltr' id='par_1_4' title="bbox 185 388 3599 465">
     <span class='ocr_line' id='line_1_4' title="bbox 185 388 3599 465; baseline 0 -21"><span class='ocrx_word' id='word_1_6' title='bbox 185 405 367 446; x_wconf 86' lang='lat' dir='ltr'><strong>causa</strong></span> <span class='ocrx_word' id='word_1_7' title='bbox 396 388 744 447; x_wconf 76' lang='lat' dir='ltr'><strong>ventilanda</strong></span> <span class='ocrx_word' id='word_1_8' title='bbox 792 389 987 458; x_wconf 88' lang='lat' dir='ltr'><strong>fuerit,</strong></span> <span class='ocrx_word' id='word_1_9' title='bbox 1044 388 1437 463; x_wconf 88' lang='lat' dir='ltr'><strong>designantes.</strong></span> <span class='ocrx_word' id='word_1_10' title='bbox 1471 392 1614 448; x_wconf 90' lang='lat' dir='ltr'><strong>Cum</strong></span> <span class='ocrx_word' id='word_1_11' title='bbox 1647 397 1839 449; x_wconf 87' lang='lat' dir='ltr'><strong>autem</strong></span> <span class='ocrx_word' id='word_1_12' title='bbox 1869 393 1924 459; x_wconf 86' lang='grc' dir='ltr'><strong>Î‘</strong></span> <span class='ocrx_word' id='word_1_13' title='bbox 1956 409 2067 448; x_wconf 90' lang='lat' dir='ltr'><strong>non</strong></span> <span class='ocrx_word' id='word_1_14' title='bbox 2092 392 2465 465; x_wconf 89' lang='lat' dir='ltr'><strong>ambigamus</strong></span> <span class='ocrx_word' id='word_1_15' title='bbox 2491 392 2628 463; x_wconf 91' lang='lat' dir='ltr'><strong>(non</strong></span> <span class='ocrx_word' id='word_1_16' title='bbox 2651 392 2808 448; x_wconf 89' lang='lat' dir='ltr'><strong>enim</strong></span> <span class='ocrx_word' id='word_1_17' title='bbox 2837 390 2898 446; x_wconf 91' lang='lat' dir='ltr'><strong>in</strong></span> <span class='ocrx_word' id='word_1_18' title='bbox 2919 390 3035 447; x_wconf 89' lang='lat' dir='ltr'><strong>vita</strong></span> <span class='ocrx_word' id='word_1_19' title='bbox 3049 392 3277 447; x_wconf 88' lang='lat' dir='ltr'><strong>tantum</strong></span> <span class='ocrx_word' id='word_1_20' title='bbox 3300 390 3599 448; x_wconf 87' lang='lat' dir='ltr'><strong>venerabi-</strong></span> 
     </span>
    </p>
   </div>
   <div class='ocr_carea' id='block_1_5' title="bbox 186 478 1842 548">
    <p class='ocr_par' dir='ltr' id='par_1_5' title="bbox 186 478 1842 548">
     <span class='ocr_line' id='line_1_5' title="bbox 186 478 1842 548; baseline 0.002 -15"><span class='ocrx_word' id='word_1_21' title='bbox 186 494 291 535; x_wconf 87' lang='lat' dir='ltr'><strong>nec</strong></span> <span class='ocrx_word' id='word_1_22' title='bbox 320 481 468 535; x_wconf 89' lang='lat' dir='ltr'><strong>tunc</strong></span> <span class='ocrx_word' id='word_1_23' title='bbox 488 479 849 548; x_wconf 88' lang='lat' dir='ltr'><strong>venisset,ad</strong></span> <span class='ocrx_word' id='word_1_24' title='bbox 879 478 1073 535; x_wconf 91' lang='lat' dir='ltr'><strong>locum</strong></span> <span class='ocrx_word' id='word_1_25' title='bbox 1106 478 1285 535; x_wconf 91' lang='lat' dir='ltr'><strong>alium</strong></span> <span class='ocrx_word' id='word_1_26' title='bbox 1308 497 1436 535; x_wconf 88' lang='lat' dir='ltr'><strong>eam</strong></span> <span class='ocrx_word' id='word_1_27' title='bbox 1469 481 1641 539; x_wconf 86' lang='lat' dir='ltr'><strong>tertio</strong></span> <span class='ocrx_word' id='word_1_28' title='bbox 1672 498 1842 537; x_wconf 89' lang='lat' dir='ltr'><strong>voca-</strong></span> 
     </span>
    </p>
   </div>
   <div class='ocr_carea' id='block_1_6' title="bbox 184 566 1845 641">
    <p class='ocr_par' dir='ltr' id='par_1_6' title="bbox 184 566 1845 641">
     <span class='ocr_line' id='line_1_6' title="bbox 184 566 1845 641; baseline 0.001 -18"><span class='ocrx_word' id='word_1_29' title='bbox 184 566 407 624; x_wconf 83' lang='lat' dir='ltr'><strong>vimus.</strong></span> <span class='ocrx_word' id='word_1_30' title='bbox 442 567 619 624; x_wconf 84' lang='lat' dir='ltr'><strong>Venit</strong></span> <span class='ocrx_word' id='word_1_31' title='bbox 648 568 769 635; x_wconf 91' lang='lat' dir='ltr'><strong>illa,</strong></span> <span class='ocrx_word' id='word_1_32' title='bbox 819 569 920 625; x_wconf 89' lang='lat' dir='ltr'><strong>sed</strong></span> <span class='ocrx_word' id='word_1_33' title='bbox 976 585 1213 625; x_wconf 80' lang='lat' dir='ltr'><strong>causam</strong></span> <span class='ocrx_word' id='word_1_34' title='bbox 1246 569 1482 641; x_wconf 75' lang='lat' dir='ltr'><strong>aggredi</strong></span> <span class='ocrx_word' id='word_1_35' title='bbox 1542 571 1845 637; x_wconf 82' lang='lat' dir='ltr'><strong>recusavit,</strong></span> 
     </span>
    </p>
   </div>
   <div class='ocr_carea' id='block_1_7' title="bbox 186 656 1851 730">
    <p class='ocr_par' dir='ltr' id='par_1_7' title="bbox 186 656 1851 730">
     <span class='ocr_line' id='line_1_7' title="bbox 186 656 1851 730; baseline 0.001 -17"><span class='ocrx_word' id='word_1_36' title='bbox 186 672 467 713; x_wconf 77' lang='lat' dir='ltr'><strong>asserens</strong></span> <span class='ocrx_word' id='word_1_37' title='bbox 489 673 553 713; x_wconf 88' lang='lat' dir='ltr'><strong>se</strong></span> <span class='ocrx_word' id='word_1_38' title='bbox 579 672 959 729; x_wconf 81' lang='lat' dir='ltr'><strong>nequaquam</strong></span> <span class='ocrx_word' id='word_1_39' title='bbox 983 656 1183 713; x_wconf 81' lang='lat' dir='ltr'><strong>omnia</strong></span> <span class='ocrx_word' id='word_1_40' title='bbox 1202 656 1528 730; x_wconf 82' lang='lat' dir='ltr'><strong>Cinglensis</strong></span> <span class='ocrx_word' id='word_1_41' title='bbox 1546 658 1702 715; x_wconf 67' lang='lat' dir='ltr'><strong>cellas</strong></span> <span class='ocrx_word' id='word_1_42' title='bbox 1725 676 1851 715; x_wconf 93' lang='lat' dir='ltr'><strong>mu-</strong></span> 
     </span>
    </p>
   </div>
   <div class='ocr_carea' id='block_1_8' title="bbox 185 745 1847 819">
    <p class='ocr_par' dir='ltr' id='par_1_8' title="bbox 185 745 1847 819">
     <span class='ocr_line' id='line_1_8' title="bbox 185 745 1847 819; baseline 0.001 -18"><span class='ocrx_word' id='word_1_43' title='bbox 185 745 458 801; x_wconf 88' lang='lat' dir='ltr'><strong>nimenta</strong></span> <span class='ocrx_word' id='word_1_44' title='bbox 506 750 564 801; x_wconf 88' lang='lat' dir='ltr'><strong>et</strong></span> <span class='ocrx_word' id='word_1_45' title='bbox 618 745 845 803; x_wconf 82' lang='lat' dir='ltr'><strong>litteras</strong></span> <span class='ocrx_word' id='word_1_46' title='bbox 894 746 1220 819; x_wconf 85' lang='lat' dir='ltr'><strong>recepisse;</strong></span> <span class='ocrx_word' id='word_1_47' title='bbox 1255 746 1326 801; x_wconf 91' lang='lat' dir='ltr'><strong>ad</strong></span> <span class='ocrx_word' id='word_1_48' title='bbox 1387 747 1541 819; x_wconf 90' lang='lat' dir='ltr'><strong>quod</strong></span> <span class='ocrx_word' id='word_1_49' title='bbox 1601 748 1847 804; x_wconf 83' lang='lat' dir='ltr'><strong>fratrum</strong></span> 
     </span>
    </p>
   </div>
   <div class='ocr_carea' id='block_1_9' title="bbox 185 834 1847 909">
    <p class='ocr_par' dir='ltr' id='par_1_9' title="bbox 185 834 1847 909">
     <span class='ocr_line' id='line_1_9' title="bbox 185 834 1847 909; baseline 0.002 -19"><span class='ocrx_word' id='word_1_50' title='bbox 185 837 532 890; x_wconf 84' lang='lat' dir='ltr'><strong>nostrorum</strong></span> <span class='ocrx_word' id='word_1_51' title='bbox 559 834 799 907; x_wconf 89' lang='lat' dir='ltr'><strong>quidam</strong></span> <span class='ocrx_word' id='word_1_52' title='bbox 832 835 1216 891; x_wconf 83' lang='lat' dir='ltr'><strong>sacramentis</strong></span> <span class='ocrx_word' id='word_1_53' title='bbox 1240 838 1695 909; x_wconf 88' lang='lat' dir='ltr'><strong>asserereparati</strong></span> <span class='ocrx_word' id='word_1_54' title='bbox 1727 837 1847 893; x_wconf 86' lang='lat' dir='ltr'><strong>fue-</strong></span> 
     </span>
    </p>
   </div>
   <div class='ocr_carea' id='block_1_10' title="bbox 184 922 1849 995">
    <p class='ocr_par' dir='ltr' id='par_1_10' title="bbox 184 922 1849 995">
     <span class='ocr_line' id='line_1_10' title="bbox 184 922 1849 995; baseline 0.002 -17"><span class='ocrx_word' id='word_1_55' title='bbox 184 927 344 989; x_wconf 86' lang='lat' dir='ltr'><strong>rant,</strong></span> <span class='ocrx_word' id='word_1_56' title='bbox 377 940 445 979; x_wconf 87' lang='lat' dir='ltr'><strong>se</strong></span> <span class='ocrx_word' id='word_1_57' title='bbox 479 939 587 979; x_wconf 88' lang='lat' dir='ltr'><strong>nec</strong></span> <span class='ocrx_word' id='word_1_58' title='bbox 618 922 836 995; x_wconf 80' lang='lat' dir='ltr'><strong>plures,</strong></span> <span class='ocrx_word' id='word_1_59' title='bbox 870 940 977 980; x_wconf 87' lang='lat' dir='ltr'><strong>nec</strong></span> <span class='ocrx_word' id='word_1_60' title='bbox 1009 922 1153 979; x_wconf 89' lang='lat' dir='ltr'><strong>alias</strong></span> <span class='ocrx_word' id='word_1_61' title='bbox 1183 923 1243 979; x_wconf 93' lang='lat' dir='ltr'><strong>in</strong></span> <span class='ocrx_word' id='word_1_62' title='bbox 1294 923 1419 979; x_wconf 91' lang='lat' dir='ltr'><strong>loco</strong></span> <span class='ocrx_word' id='word_1_63' title='bbox 1444 924 1645 981; x_wconf 90' lang='lat' dir='ltr'><strong>eodem</strong></span> <span class='ocrx_word' id='word_1_64' title='bbox 1680 925 1849 981; x_wconf 88' lang='lat' dir='ltr'><strong>char-</strong></span> 
     </span>
    </p>
   </div>
   <div class='ocr_carea' id='block_1_11' title="bbox 188 1012 1848 1084">
    <p class='ocr_par' dir='ltr' id='par_1_11' title="bbox 188 1012 1848 1084">
     <span class='ocr_line' id='line_1_11' title="bbox 188 1012 1848 1084; baseline 0.001 -16"><span class='ocrx_word' id='word_1_65' title='bbox 188 1017 304 1079; x_wconf 88' lang='lat' dir='ltr'><strong>tas,</strong></span> <span class='ocrx_word' id='word_1_66' title='bbox 338 1028 521 1084; x_wconf 88' lang='lat' dir='ltr'><strong>quam</strong></span> <span class='ocrx_word' id='word_1_67' title='bbox 553 1028 703 1084; x_wconf 87' lang='lat' dir='ltr'><strong>quas</strong></span> <span class='ocrx_word' id='word_1_68' title='bbox 731 1012 1125 1083; x_wconf 81' lang='lat' dir='ltr'><strong>reddiderant,</strong></span> <span class='ocrx_word' id='word_1_69' title='bbox 1160 1012 1471 1067; x_wconf 83' lang='lat' dir='ltr'><strong>invenisse.</strong></span> <span class='ocrx_word' id='word_1_70' title='bbox 1497 1012 1598 1068; x_wconf 91' lang='lat' dir='ltr'><strong>Illa</strong></span> <span class='ocrx_word' id='word_1_71' title='bbox 1629 1018 1848 1070; x_wconf 90' lang='lat' dir='ltr'><strong>secreto</strong></span> 
     </span>
    </p>
   </div>
   <div class='ocr_carea' id='block_1_12' title="bbox 188 1100 1849 1173">
    <p class='ocr_par' dir='ltr' id='par_1_12' title="bbox 188 1100 1849 1173">
     <span class='ocr_line' id='line_1_12' title="bbox 188 1100 1849 1173; baseline 0 -15"><span class='ocrx_word' id='word_1_72' title='bbox 188 1100 502 1158; x_wconf 85' lang='lat' dir='ltr'><strong>nonnullis</strong></span> <span class='ocrx_word' id='word_1_73' title='bbox 532 1101 776 1156; x_wconf 81' lang='lat' dir='ltr'><strong>fratrum</strong></span> <span class='ocrx_word' id='word_1_74' title='bbox 811 1100 911 1173; x_wconf 87' lang='lat' dir='ltr'><strong>qui</strong></span> <span class='ocrx_word' id='word_1_75' title='bbox 941 1100 1246 1157; x_wconf 92' lang='lat' dir='ltr'><strong>nobiscum</strong></span> <span class='ocrx_word' id='word_1_76' title='bbox 1279 1105 1444 1157; x_wconf 90' lang='lat' dir='ltr'><strong>erant</strong></span> <span class='ocrx_word' id='word_1_77' title='bbox 1482 1102 1849 1158; x_wconf 91' lang='lat' dir='ltr'><strong>munimenta</strong></span> 
     </span>
    </p>
   </div>
   <div class='ocr_carea' id='block_1_13' title="bbox 188 1189 1846 1262">
    <p class='ocr_par' dir='ltr' id='par_1_13' title="bbox 188 1189 1846 1262">
     <span class='ocr_line' id='line_1_13' title="bbox 188 1189 1846 1262; baseline 0.001 -16"><span class='ocrx_word' id='word_1_78' title='bbox 188 1204 301 1246; x_wconf 90' lang='lat' dir='ltr'><strong>sua</strong></span> <span class='ocrx_word' id='word_1_79' title='bbox 328 1189 614 1262; x_wconf 83' lang='lat' dir='ltr'><strong>prodidit,</strong></span> <span class='ocrx_word' id='word_1_80' title='bbox 656 1190 824 1246; x_wconf 90' lang='lat' dir='ltr'><strong>nobis</strong></span> <span class='ocrx_word' id='word_1_81' title='bbox 877 1193 1072 1245; x_wconf 91' lang='lat' dir='ltr'><strong>autem</strong></span> <span class='ocrx_word' id='word_1_82' title='bbox 1134 1190 1438 1246; x_wconf 87' lang='lat' dir='ltr'><strong>ostendere</strong></span> <span class='ocrx_word' id='word_1_83' title='bbox 1488 1191 1846 1247; x_wconf 85' lang='lat' dir='ltr'><strong>detrectavit.</strong></span> 
     </span>
    </p>
   </div>
   <div class='ocr_carea' id='block_1_14' title="bbox 185 1277 1850 1353">
    <p class='ocr_par' dir='ltr' id='par_1_14' title="bbox 185 1277 1850 1353">
     <span class='ocr_line' id='line_1_14' title="bbox 185 1277 1850 1353; baseline 0.001 -20"><span class='ocrx_word' id='word_1_84' title='bbox 185 1282 460 1350; x_wconf 88' lang='lat' dir='ltr'><strong>Cumque</strong></span> <span class='ocrx_word' id='word_1_85' title='bbox 472 1277 786 1348; x_wconf 91' lang='lat' dir='ltr'><strong>judiciario</strong></span> <span class='ocrx_word' id='word_1_86' title='bbox 816 1277 1018 1333; x_wconf 88' lang='lat' dir='ltr'><strong>ordine</strong></span> <span class='ocrx_word' id='word_1_87' title='bbox 1049 1294 1286 1333; x_wconf 87' lang='lat' dir='ltr'><strong>causam</strong></span> <span class='ocrx_word' id='word_1_88' title='bbox 1320 1295 1426 1334; x_wconf 91' lang='lat' dir='ltr'><strong>nec</strong></span> <span class='ocrx_word' id='word_1_89' title='bbox 1479 1278 1651 1336; x_wconf 87' lang='lat' dir='ltr'><strong>vellet</strong></span> <span class='ocrx_word' id='word_1_90' title='bbox 1681 1296 1850 1353; x_wconf 89' lang='lat' dir='ltr'><strong>agere</strong></span> 
     </span>
    </p>
   </div>
   <div class='ocr_carea' id='block_1_15' title="bbox 187 1365 1847 1433">
    <p class='ocr_par' dir='ltr' id='par_1_15' title="bbox 187 1365 1847 1433">
     <span class='ocr_line' id='line_1_15' title="bbox 187 1365 1847 1433; baseline -0.001 -10"><span class='ocrx_word' id='word_1_91' title='bbox 187 1382 298 1423; x_wconf 91' lang='lat' dir='ltr'><strong>nec</strong></span> <span class='ocrx_word' id='word_1_92' title='bbox 329 1365 571 1433; x_wconf 82' lang='lat' dir='ltr'><strong>valeret,</strong></span> <span class='ocrx_word' id='word_1_93' title='bbox 604 1382 712 1422; x_wconf 90' lang='lat' dir='ltr'><strong>nos</strong></span> <span class='ocrx_word' id='word_1_94' title='bbox 744 1382 873 1422; x_wconf 90' lang='lat' dir='ltr'><strong>eam</strong></span> <span class='ocrx_word' id='word_1_95' title='bbox 905 1371 972 1421; x_wconf 89' lang='lat' dir='ltr'><strong>ut</strong></span> <span class='ocrx_word' id='word_1_96' title='bbox 1001 1366 1072 1420; x_wconf 91' lang='lat' dir='ltr'><strong>ad</strong></span> <span class='ocrx_word' id='word_1_97' title='bbox 1105 1366 1336 1421; x_wconf 86' lang='lat' dir='ltr'><strong>abbatis</strong></span> <span class='ocrx_word' id='word_1_98' title='bbox 1387 1371 1445 1421; x_wconf 92' lang='lat' dir='ltr'><strong>et</strong></span> <span class='ocrx_word' id='word_1_99' title='bbox 1474 1367 1720 1422; x_wconf 85' lang='lat' dir='ltr'><strong>fratrum</strong></span> <span class='ocrx_word' id='word_1_100' title='bbox 1751 1384 1847 1422; x_wconf 90' lang='lat' dir='ltr'><strong>ve-</strong></span> 
     </span>
    </p>
   </div>
   <div class='ocr_carea' id='block_1_16' title="bbox 187 1455 1848 1527">
    <p class='ocr_par' dir='ltr' id='par_1_16' title="bbox 187 1455 1848 1527">
     <span class='ocr_line' id='line_1_16' title="bbox 187 1455 1848 1527; baseline 0 -15"><span class='ocrx_word' id='word_1_101' title='bbox 187 1459 458 1512; x_wconf 84' lang='lat' dir='ltr'><strong>strorum</strong></span> <span class='ocrx_word' id='word_1_102' title='bbox 490 1455 862 1510; x_wconf 87' lang='lat' dir='ltr'><strong>concordiam</strong></span> <span class='ocrx_word' id='word_1_103' title='bbox 886 1458 1197 1527; x_wconf 86' lang='lat' dir='ltr'><strong>satageret,</strong></span> <span class='ocrx_word' id='word_1_104' title='bbox 1225 1456 1719 1522; x_wconf 88' lang='lat' dir='ltr'><strong>commonuimus,</strong></span> <span class='ocrx_word' id='word_1_105' title='bbox 1744 1474 1848 1513; x_wconf 87' lang='lat' dir='ltr'><strong>nec</strong></span> 
     </span>
    </p>
   </div>
   <div class='ocr_carea' id='block_1_17' title="bbox 188 1543 1848 1617">
    <p class='ocr_par' dir='ltr' id='par_1_17' title="bbox 188 1543 1848 1617">
     <span class='ocr_line' id='line_1_17' title="bbox 188 1543 1848 1617; baseline 0.001 -18"><span class='ocrx_word' id='word_1_106' title='bbox 188 1544 421 1600; x_wconf 90' lang='lat' dir='ltr'><strong>monita</strong></span> <span class='ocrx_word' id='word_1_107' title='bbox 439 1544 781 1616; x_wconf 89' lang='lat' dir='ltr'><strong>suscepit,et</strong></span> <span class='ocrx_word' id='word_1_108' title='bbox 791 1543 1082 1614; x_wconf 88' lang='lat' dir='ltr'><strong>judicium</strong></span> <span class='ocrx_word' id='word_1_109' title='bbox 1108 1544 1339 1615; x_wconf 84' lang='lat' dir='ltr'><strong>penitus</strong></span> <span class='ocrx_word' id='word_1_110' title='bbox 1362 1544 1848 1617; x_wconf 73' lang='lat' dir='ltr'><strong>subterfugitJtc-</strong></span> 
     </span>
    </p>
   </div>
   <div class='ocr_carea' id='block_1_18' title="bbox 186 1630 1847 1701">
    <p class='ocr_par' dir='ltr' id='par_1_18' title="bbox 186 1630 1847 1701">
     <span class='ocr_line' id='line_1_18' title="bbox 186 1630 1847 1701; baseline 0.001 -14"><span class='ocrx_word' id='word_1_111' title='bbox 186 1648 328 1687; x_wconf 80' lang='lat' dir='ltr'><strong>rum</strong></span> <span class='ocrx_word' id='word_1_112' title='bbox 359 1631 609 1688; x_wconf 71' lang='lat' dir='ltr'><strong>cmnobii</strong></span> <span class='ocrx_word' id='word_1_113' title='bbox 661 1631 837 1687; x_wconf 88' lang='lat' dir='ltr'><strong>vestri</strong></span> <span class='ocrx_word' id='word_1_114' title='bbox 897 1631 1229 1688; x_wconf 91' lang='lat' dir='ltr'><strong>munimina</strong></span> <span class='ocrx_word' id='word_1_115' title='bbox 1284 1630 1578 1701; x_wconf 87' lang='lat' dir='ltr'><strong>vidimus;</strong></span> <span class='ocrx_word' id='word_1_116' title='bbox 1636 1633 1847 1689; x_wconf 91' lang='lat' dir='ltr'><strong>iterum</strong></span> 
     </span>
    </p>
   </div>
   <div class='ocr_carea' id='block_1_19' title="bbox 187 1719 1847 1793">
    <p class='ocr_par' dir='ltr' id='par_1_19' title="bbox 187 1719 1847 1793">
     <span class='ocr_line' id='line_1_19' title="bbox 187 1719 1847 1793; baseline 0.001 -17"><span class='ocrx_word' id='word_1_117' title='bbox 187 1719 544 1792; x_wconf 81' lang='lat' dir='ltr'><strong>pontificum</strong></span> <span class='ocrx_word' id='word_1_118' title='bbox 576 1720 975 1777; x_wconf 83' lang='lat' dir='ltr'><strong>Romanorum</strong></span> <span class='ocrx_word' id='word_1_119' title='bbox 1010 1719 1313 1793; x_wconf 90' lang='lat' dir='ltr'><strong>privilegia</strong></span> <span class='ocrx_word' id='word_1_120' title='bbox 1342 1724 1399 1776; x_wconf 91' lang='lat' dir='ltr'><strong>et</strong></span> <span class='ocrx_word' id='word_1_121' title='bbox 1428 1719 1847 1793; x_wconf 88' lang='lat' dir='ltr'><strong>imperatorum</strong></span> 
     </span>
    </p>
   </div>
   <div class='ocr_carea' id='block_1_20' title="bbox 192 1808 1847 1882">
    <p class='ocr_par' dir='ltr' id='par_1_20' title="bbox 192 1808 1847 1882">
     <span class='ocr_line' id='line_1_20' title="bbox 192 1808 1847 1882; baseline 0.001 -17"><span class='ocrx_word' id='word_1_122' title='bbox 192 1808 420 1882; x_wconf 88' lang='lat' dir='ltr'><strong>scripta</strong></span> <span class='ocrx_word' id='word_1_123' title='bbox 449 1809 893 1882; x_wconf 82' lang='lat' dir='ltr'><strong>perspeximus;</strong></span> <span class='ocrx_word' id='word_1_124' title='bbox 922 1808 1133 1865; x_wconf 87' lang='lat' dir='ltr'><strong>iterum</strong></span> <span class='ocrx_word' id='word_1_125' title='bbox 1163 1809 1488 1865; x_wconf 89' lang='lat' dir='ltr'><strong>fundatoris</strong></span> <span class='ocrx_word' id='word_1_126' title='bbox 1519 1808 1629 1865; x_wconf 91' lang='lat' dir='ltr'><strong>loci</strong></span> <span class='ocrx_word' id='word_1_127' title='bbox 1659 1809 1847 1866; x_wconf 89' lang='lat' dir='ltr'><strong>chiro-</strong></span> 
     </span>
    </p>
   </div>
   <div class='ocr_carea' id='block_1_21' title="bbox 190 1896 1847 1972">
    <p class='ocr_par' dir='ltr' id='par_1_21' title="bbox 190 1896 1847 1972">
     <span class='ocr_line' id='line_1_21' title="bbox 190 1896 1847 1972; baseline 0.001 -18"><span class='ocrx_word' id='word_1_128' title='bbox 190 1897 575 1972; x_wconf 79' lang='lat' dir='ltr'><strong>graphum,et</strong></span> <span class='ocrx_word' id='word_1_129' title='bbox 598 1896 985 1953; x_wconf 86' lang='lat' dir='ltr'><strong>Beneventani</strong></span> <span class='ocrx_word' id='word_1_130' title='bbox 1011 1896 1313 1970; x_wconf 87' lang='lat' dir='ltr'><strong>principis,</strong></span> <span class='ocrx_word' id='word_1_131' title='bbox 1336 1897 1436 1969; x_wconf 91' lang='lat' dir='ltr'><strong>qui</strong></span> <span class='ocrx_word' id='word_1_132' title='bbox 1462 1902 1602 1953; x_wconf 88' lang='lat' dir='ltr'><strong>tunc</strong></span> <span class='ocrx_word' id='word_1_133' title='bbox 1625 1902 1847 1972; x_wconf 91' lang='lat' dir='ltr'><strong>tempo-</strong></span> 
     </span>
    </p>
   </div>
   <div class='ocr_carea' id='block_1_22' title="bbox 191 1986 1850 2058">
    <p class='ocr_par' dir='ltr' id='par_1_22' title="bbox 191 1986 1850 2058">
     <span class='ocr_line' id='line_1_22' title="bbox 191 1986 1850 2058; baseline 0 -15"><span class='ocrx_word' id='word_1_134' title='bbox 191 1987 279 2043; x_wconf 85' lang='lat' dir='ltr'><strong>ris</strong></span> <span class='ocrx_word' id='word_1_135' title='bbox 310 1986 523 2056; x_wconf 82' lang='lat' dir='ltr'><strong>fuerat,</strong></span> <span class='ocrx_word' id='word_1_136' title='bbox 554 1986 994 2042; x_wconf 87' lang='lat' dir='ltr'><strong>concessionem</strong></span> <span class='ocrx_word' id='word_1_137' title='bbox 1018 1986 1348 2042; x_wconf 88' lang='lat' dir='ltr'><strong>audivimus</strong></span> <span class='ocrx_word' id='word_1_138' title='bbox 1373 2004 1386 2042; x_wconf 90' lang='lat'><strong>:</strong></span> <span class='ocrx_word' id='word_1_139' title='bbox 1420 1986 1639 2058; x_wconf 88' lang='lat' dir='ltr'><strong>quibus</strong></span> <span class='ocrx_word' id='word_1_140' title='bbox 1663 1988 1850 2043; x_wconf 87' lang='lat' dir='ltr'><strong>omni-</strong></span> 
     </span>
    </p>
   </div>
   <div class='ocr_carea' id='block_1_23' title="bbox 193 2074 1849 2148">
    <p class='ocr_par' dir='ltr' id='par_1_23' title="bbox 193 2074 1849 2148">
     <span class='ocr_line' id='line_1_23' title="bbox 193 2074 1849 2148; baseline 0 -16"><span class='ocrx_word' id='word_1_141' title='bbox 193 2076 311 2132; x_wconf 85' lang='lat' dir='ltr'><strong>bus</strong></span> <span class='ocrx_word' id='word_1_142' title='bbox 340 2074 612 2131; x_wconf 87' lang='lat' dir='ltr'><strong>instructi</strong></span> <span class='ocrx_word' id='word_1_143' title='bbox 643 2078 699 2131; x_wconf 90' lang='lat' dir='ltr'><strong>et</strong></span> <span class='ocrx_word' id='word_1_144' title='bbox 728 2074 892 2148; x_wconf 92' lang='lat' dir='ltr'><strong>prius</strong></span> <span class='ocrx_word' id='word_1_145' title='bbox 905 2091 1133 2141; x_wconf 90' lang='lat' dir='ltr'><strong>sumus,</strong></span> <span class='ocrx_word' id='word_1_146' title='bbox 1159 2074 1527 2147; x_wconf 89' lang='lat' dir='ltr'><strong>Cinglcnsem</strong></span> <span class='ocrx_word' id='word_1_147' title='bbox 1549 2074 1753 2131; x_wconf 83' lang='lat' dir='ltr'><strong>cellam</strong></span> <span class='ocrx_word' id='word_1_148' title='bbox 1778 2077 1849 2132; x_wconf 91' lang='lat' dir='ltr'><strong>ab</strong></span> 
     </span>
    </p>
   </div>
   <div class='ocr_carea' id='block_1_24' title="bbox 192 2162 1849 2237">
    <p class='ocr_par' dir='ltr' id='par_1_24' title="bbox 192 2162 1849 2237">
     <span class='ocr_line' id='line_1_24' title="bbox 192 2162 1849 2237; baseline 0 -18"><span class='ocrx_word' id='word_1_149' title='bbox 192 2165 326 2237; x_wconf 82' lang='lat' dir='ltr'><strong>ipso</strong></span> <span class='ocrx_word' id='word_1_150' title='bbox 358 2163 721 2220; x_wconf 86' lang='lat' dir='ltr'><strong>fundationis</strong></span> <span class='ocrx_word' id='word_1_151' title='bbox 753 2163 986 2219; x_wconf 85' lang='lat' dir='ltr'><strong>exordio</strong></span> <span class='ocrx_word' id='word_1_152' title='bbox 1039 2163 1110 2219; x_wconf 90' lang='lat' dir='ltr'><strong>ad</strong></span> <span class='ocrx_word' id='word_1_153' title='bbox 1143 2162 1461 2221; x_wconf 89' lang='lat' dir='ltr'><strong>Casinense</strong></span> <span class='ocrx_word' id='word_1_154' title='bbox 1521 2164 1849 2220; x_wconf 77' lang='lat' dir='ltr'><strong>cmnobium</strong></span> 
     </span>
    </p>
   </div>
   <div class='ocr_carea' id='block_1_25' title="bbox 199 2253 1851 2327">
    <p class='ocr_par' dir='ltr' id='par_1_25' title="bbox 199 2253 1851 2327">
     <span class='ocr_line' id='line_1_25' title="bbox 199 2253 1851 2327; baseline 0.001 -19"><span class='ocrx_word' id='word_1_155' title='bbox 199 2254 580 2327; x_wconf 86' lang='lat' dir='ltr'><strong>pertinuisse,</strong></span> <span class='ocrx_word' id='word_1_156' title='bbox 630 2258 688 2309; x_wconf 90' lang='lat' dir='ltr'><strong>et</strong></span> <span class='ocrx_word' id='word_1_157' title='bbox 733 2269 837 2326; x_wconf 88' lang='lat' dir='ltr'><strong>per</strong></span> <span class='ocrx_word' id='word_1_158' title='bbox 868 2253 1201 2309; x_wconf 90' lang='lat' dir='ltr'><strong>Pasinensis</strong></span> <span class='ocrx_word' id='word_1_159' title='bbox 1233 2253 1464 2309; x_wconf 89' lang='lat' dir='ltr'><strong>abbatis</strong></span> <span class='ocrx_word' id='word_1_160' title='bbox 1492 2253 1851 2309; x_wconf 90' lang='lat' dir='ltr'><strong>voluntatem</strong></span> 
     </span>
    </p>
   </div>
   <div class='ocr_carea' id='block_1_26' title="bbox 196 2342 1850 2415">
    <p class='ocr_par' dir='ltr' id='par_1_26' title="bbox 196 2342 1850 2415">
     <span class='ocr_line' id='line_1_26' title="bbox 196 2342 1850 2415; baseline -0.001 -16"><span class='ocrx_word' id='word_1_161' title='bbox 196 2342 737 2399; x_wconf 79' lang='lat' dir='ltr'><strong>sanctimonialium</strong></span> <span class='ocrx_word' id='word_1_162' title='bbox 772 2342 849 2397; x_wconf 92' lang='lat' dir='ltr'><strong>ibi</strong></span> <span class='ocrx_word' id='word_1_163' title='bbox 877 2342 1386 2415; x_wconf 79' lang='lat' dir='ltr'><strong>congregationem</strong></span> <span class='ocrx_word' id='word_1_164' title='bbox 1419 2342 1600 2398; x_wconf 88' lang='lat' dir='ltr'><strong>fuisse</strong></span> <span class='ocrx_word' id='word_1_165' title='bbox 1653 2343 1850 2415; x_wconf 86' lang='lat' dir='ltr'><strong>dispo-</strong></span> 
     </span>
    </p>
   </div>
   <div class='ocr_carea' id='block_1_27' title="bbox 197 2429 1852 2505">
    <p class='ocr_par' dir='ltr' id='par_1_27' title="bbox 197 2429 1852 2505">
     <span class='ocr_line' id='line_1_27' title="bbox 197 2429 1852 2505; baseline -0.001 -18"><span class='ocrx_word' id='word_1_166' title='bbox 197 2431 398 2488; x_wconf 86' lang='lat' dir='ltr'><strong>sitam.</strong></span> <span class='ocrx_word' id='word_1_167' title='bbox 444 2431 539 2486; x_wconf 85' lang='lat' dir='ltr'><strong>Sic</strong></span> <span class='ocrx_word' id='word_1_168' title='bbox 571 2434 701 2502; x_wconf 90' lang='lat' dir='ltr'><strong>post</strong></span> <span class='ocrx_word' id='word_1_169' title='bbox 730 2429 948 2487; x_wconf 88' lang='lat' dir='ltr'><strong>multas</strong></span> <span class='ocrx_word' id='word_1_170' title='bbox 980 2431 1216 2487; x_wconf 88' lang='lat' dir='ltr'><strong>tandem</strong></span> <span class='ocrx_word' id='word_1_171' title='bbox 1269 2430 1600 2497; x_wconf 86' lang='lat' dir='ltr'><strong>dilationes,</strong></span> <span class='ocrx_word' id='word_1_172' title='bbox 1634 2432 1852 2505; x_wconf 85' lang='lat' dir='ltr'><strong>negotii</strong></span> 
     </span>
    </p>
   </div>
   <div class='ocr_carea' id='block_1_28' title="bbox 194 2518 1854 2591">
    <p class='ocr_par' dir='ltr' id='par_1_28' title="bbox 194 2518 1854 2591">
     <span class='ocr_line' id='line_1_28' title="bbox 194 2518 1854 2591; baseline -0.001 -15"><span class='ocrx_word' id='word_1_173' title='bbox 194 2519 440 2576; x_wconf 84' lang='lat' dir='ltr'><strong>veritate</strong></span> <span class='ocrx_word' id='word_1_174' title='bbox 496 2523 824 2591; x_wconf 84' lang='lat' dir='ltr'><strong>perspecta,</strong></span> <span class='ocrx_word' id='word_1_175' title='bbox 895 2518 1325 2574; x_wconf 87' lang='lat' dir='ltr'><strong>communicato</strong></span> <span class='ocrx_word' id='word_1_176' title='bbox 1378 2535 1511 2574; x_wconf 92' lang='lat' dir='ltr'><strong>cum</strong></span> <span class='ocrx_word' id='word_1_177' title='bbox 1573 2519 1854 2575; x_wconf 89' lang='lat' dir='ltr'><strong>fratribus</strong></span> 
     </span>
    </p>
   </div>
   <div class='ocr_carea' id='block_1_29' title="bbox 195 2606 1851 2680">
    <p class='ocr_par' dir='ltr' id='par_1_29' title="bbox 195 2606 1851 2680">
     <span class='ocr_line' id='line_1_29' title="bbox 195 2606 1851 2680; baseline -0.001 -16"><span class='ocrx_word' id='word_1_178' title='bbox 195 2608 417 2664; x_wconf 85' lang='lat' dir='ltr'><strong>nostris</strong></span> <span class='ocrx_word' id='word_1_179' title='bbox 447 2608 763 2680; x_wconf 84' lang='lat' dir='ltr'><strong>episcOpis,</strong></span> <span class='ocrx_word' id='word_1_180' title='bbox 787 2624 888 2663; x_wconf 89' lang='lat' dir='ltr'><strong>seu</strong></span> <span class='ocrx_word' id='word_1_181' title='bbox 922 2608 1194 2662; x_wconf 68' lang='lat' dir='ltr'><strong>Romanae</strong></span> <span class='ocrx_word' id='word_1_182' title='bbox 1226 2606 1494 2663; x_wconf 66' lang='lat' dir='ltr'><strong>Ecclesiae</strong></span> <span class='ocrx_word' id='word_1_183' title='bbox 1544 2607 1851 2664; x_wconf 90' lang='lat' dir='ltr'><strong>cardinali-</strong></span> 
     </span>
    </p>
   </div>
   <div class='ocr_carea' id='block_1_30' title="bbox 194 2695 1845 2769">
    <p class='ocr_par' dir='ltr' id='par_1_30' title="bbox 194 2695 1845 2769">
     <span class='ocr_line' id='line_1_30' title="bbox 194 2695 1845 2769; baseline -0.001 -16"><span class='ocrx_word' id='word_1_184' title='bbox 194 2698 330 2769; x_wconf 82' lang='lat' dir='ltr'><strong>bus,</strong></span> <span class='ocrx_word' id='word_1_185' title='bbox 353 2696 778 2768; x_wconf 86' lang='lat' dir='ltr'><strong>judicibusque</strong></span> <span class='ocrx_word' id='word_1_186' title='bbox 807 2695 1074 2761; x_wconf 84' lang='lat' dir='ltr'><strong>concilio,</strong></span> <span class='ocrx_word' id='word_1_187' title='bbox 1106 2695 1423 2751; x_wconf 87' lang='lat' dir='ltr'><strong>venerabili</strong></span> <span class='ocrx_word' id='word_1_188' title='bbox 1456 2697 1615 2752; x_wconf 84' lang='lat' dir='ltr'><strong>fratri</strong></span> <span class='ocrx_word' id='word_1_189' title='bbox 1648 2696 1845 2752; x_wconf 92' lang='lat' dir='ltr'><strong>Oderi-</strong></span> 
     </span>
    </p>
   </div>
   <div class='ocr_carea' id='block_1_31' title="bbox 195 2783 1853 2859">
    <p class='ocr_par' dir='ltr' id='par_1_31' title="bbox 195 2783 1853 2859">
     <span class='ocr_line' id='line_1_31' title="bbox 195 2783 1853 2859; baseline -0.001 -17"><span class='ocrx_word' id='word_1_190' title='bbox 195 2786 283 2843; x_wconf 90' lang='lat' dir='ltr'><strong>sio</strong></span> <span class='ocrx_word' id='word_1_191' title='bbox 313 2783 515 2841; x_wconf 90' lang='lat' dir='ltr'><strong>abbati</strong></span> <span class='ocrx_word' id='word_1_192' title='bbox 534 2789 726 2841; x_wconf 89' lang='lat' dir='ltr'><strong>vestro</strong></span> <span class='ocrx_word' id='word_1_193' title='bbox 751 2784 1063 2857; x_wconf 87' lang='lat' dir='ltr'><strong>Cinglense</strong></span> <span class='ocrx_word' id='word_1_194' title='bbox 1094 2785 1515 2840; x_wconf 87' lang='lat' dir='ltr'><strong>monasterium</strong></span> <span class='ocrx_word' id='word_1_195' title='bbox 1540 2800 1607 2840; x_wconf 86' lang='lat' dir='ltr'><strong>ex</strong></span> <span class='ocrx_word' id='word_1_196' title='bbox 1628 2785 1853 2859; x_wconf 87' lang='lat' dir='ltr'><strong>integro</strong></span> 
     </span>
    </p>
   </div>
   <div class='ocr_carea' id='block_1_32' title="bbox 195 2872 1854 2944">
    <p class='ocr_par' dir='ltr' id='par_1_32' title="bbox 195 2872 1854 2944">
     <span class='ocr_line' id='line_1_32' title="bbox 195 2872 1854 2944; baseline -0.001 -13"><span class='ocrx_word' id='word_1_197' title='bbox 195 2874 572 2931; x_wconf 86' lang='lat' dir='ltr'><strong>restituimus</strong></span> <span class='ocrx_word' id='word_1_198' title='bbox 592 2891 605 2940; x_wconf 92' lang='lat'><strong>;</strong></span> <span class='ocrx_word' id='word_1_199' title='bbox 626 2873 916 2929; x_wconf 89' lang='lat' dir='ltr'><strong>itatamen</strong></span> <span class='ocrx_word' id='word_1_200' title='bbox 933 2873 1080 2928; x_wconf 88' lang='lat' dir='ltr'><strong>utde</strong></span> <span class='ocrx_word' id='word_1_201' title='bbox 1102 2872 1366 2944; x_wconf 90' lang='lat' dir='ltr'><strong>locoipso</strong></span> <span class='ocrx_word' id='word_1_202' title='bbox 1379 2873 1854 2930; x_wconf 88' lang='lat' dir='ltr'><strong>sanctimoniales</strong></span> 
     </span>
    </p>
   </div>
   <div class='ocr_carea' id='block_1_33' title="bbox 194 2961 1850 3035">
    <p class='ocr_par' dir='ltr' id='par_1_33' title="bbox 194 2961 1850 3035">
     <span class='ocr_line' id='line_1_33' title="bbox 194 2961 1850 3035; baseline -0.001 -15"><span class='ocrx_word' id='word_1_203' title='bbox 194 2963 442 3020; x_wconf 88' lang='lat' dir='ltr'><strong>minime</strong></span> <span class='ocrx_word' id='word_1_204' title='bbox 472 2961 859 3035; x_wconf 83' lang='lat' dir='ltr'><strong>expellantur,</strong></span> <span class='ocrx_word' id='word_1_205' title='bbox 892 2962 989 3017; x_wconf 88' lang='lat' dir='ltr'><strong>sed</strong></span> <span class='ocrx_word' id='word_1_206' title='bbox 1011 2977 1245 3034; x_wconf 80' lang='lat' dir='ltr'><strong>semper</strong></span> <span class='ocrx_word' id='word_1_207' title='bbox 1264 2961 1380 3015; x_wconf 89' lang='lat' dir='ltr'><strong>illic</strong></span> <span class='ocrx_word' id='word_1_208' title='bbox 1402 2961 1727 3033; x_wconf 87' lang='lat' dir='ltr'><strong>puellarum</strong></span> <span class='ocrx_word' id='word_1_209' title='bbox 1752 2962 1850 3018; x_wconf 90' lang='lat' dir='ltr'><strong>Dei</strong></span> 
     </span>
    </p>
   </div>
   <div class='ocr_carea' id='block_1_34' title="bbox 194 3050 1851 3125">
    <p class='ocr_par' dir='ltr' id='par_1_34' title="bbox 194 3050 1851 3125">
     <span class='ocr_line' id='line_1_34' title="bbox 194 3050 1851 3125; baseline -0.002 -17"><span class='ocrx_word' id='word_1_210' title='bbox 194 3050 578 3125; x_wconf 81' lang='lat' dir='ltr'><strong>congregatio</strong></span> <span class='ocrx_word' id='word_1_211' title='bbox 624 3054 1013 3115; x_wconf 86' lang='lat' dir='ltr'><strong>conversetur,</strong></span> <span class='ocrx_word' id='word_1_212' title='bbox 1049 3054 1230 3118; x_wconf 90' lang='lat' dir='ltr'><strong>tanto,</strong></span> <span class='ocrx_word' id='word_1_213' title='bbox 1265 3054 1331 3104; x_wconf 90' lang='lat' dir='ltr'><strong>ut</strong></span> <span class='ocrx_word' id='word_1_214' title='bbox 1360 3066 1690 3121; x_wconf 89' lang='lat' dir='ltr'><strong>speramus,</strong></span> <span class='ocrx_word' id='word_1_215' title='bbox 1718 3051 1851 3106; x_wconf 86' lang='lat' dir='ltr'><strong>reli-</strong></span> 
     </span>
    </p>
   </div>
   <div class='ocr_carea' id='block_1_35' title="bbox 1957 479 3598 551">
    <p class='ocr_par' dir='ltr' id='par_1_35' title="bbox 1957 479 3598 551">
     <span class='ocr_line' id='line_1_35' title="bbox 1957 479 3598 551; baseline -0.001 -14"><span class='ocrx_word' id='word_1_216' title='bbox 1957 481 2031 537; x_wconf 93' lang='lat' dir='ltr'><strong>lis</strong></span> <span class='ocrx_word' id='word_1_217' title='bbox 2063 482 2259 538; x_wconf 85' lang='lat' dir='ltr'><strong>fratris</strong></span> <span class='ocrx_word' id='word_1_218' title='bbox 2290 482 2471 539; x_wconf 88' lang='lat' dir='ltr'><strong>nostri</strong></span> <span class='ocrx_word' id='word_1_219' title='bbox 2508 481 2769 539; x_wconf 85' lang='lat' dir='ltr'><strong>Rabbodi</strong></span> <span class='ocrx_word' id='word_1_220' title='bbox 2793 479 3075 536; x_wconf 87' lang='lat' dir='ltr'><strong>unitatem</strong></span> <span class='ocrx_word' id='word_1_221' title='bbox 3110 479 3369 551; x_wconf 85' lang='lat' dir='ltr'><strong>ipsarum</strong></span> <span class='ocrx_word' id='word_1_222' title='bbox 3402 479 3598 535; x_wconf 86' lang='lat' dir='ltr'><strong>Eccle-</strong></span> 
     </span>
    </p>
   </div>
   <div class='ocr_carea' id='block_1_36' title="bbox 1958 567 3600 637">
    <p class='ocr_par' dir='ltr' id='par_1_36' title="bbox 1958 567 3600 637">
     <span class='ocr_line' id='line_1_36' title="bbox 1958 567 3600 637; baseline -0.002 -10"><span class='ocrx_word' id='word_1_223' title='bbox 1958 570 2179 627; x_wconf 91' lang='lat' dir='ltr'><strong>siarum</strong></span> <span class='ocrx_word' id='word_1_224' title='bbox 2212 588 2615 637; x_wconf 85' lang='lat' dir='ltr'><strong>sanxeramus,</strong></span> <span class='ocrx_word' id='word_1_225' title='bbox 2648 574 2705 626; x_wconf 89' lang='lat' dir='ltr'><strong>et</strong></span> <span class='ocrx_word' id='word_1_226' title='bbox 2762 567 3100 626; x_wconf 91' lang='lat' dir='ltr'><strong>authentica</strong></span> <span class='ocrx_word' id='word_1_227' title='bbox 3130 572 3360 624; x_wconf 89' lang='lat' dir='ltr'><strong>tantum</strong></span> <span class='ocrx_word' id='word_1_228' title='bbox 3392 568 3600 624; x_wconf 78' lang='lat' dir='ltr'><strong>Novio-</strong></span> 
     </span>
    </p>
   </div>
   <div class='ocr_carea' id='block_1_37' title="bbox 1958 656 3601 733">
    <p class='ocr_par' dir='ltr' id='par_1_37' title="bbox 1958 656 3601 733">
     <span class='ocr_line' id='line_1_37' title="bbox 1958 656 3601 733; baseline -0.004 -17"><span class='ocrx_word' id='word_1_229' title='bbox 1958 660 2252 716; x_wconf 85' lang='lat' dir='ltr'><strong>mensium</strong></span> <span class='ocrx_word' id='word_1_230' title='bbox 2283 659 2586 733; x_wconf 89' lang='lat' dir='ltr'><strong>privilegia</strong></span> <span class='ocrx_word' id='word_1_231' title='bbox 2616 664 2742 715; x_wconf 89' lang='lat' dir='ltr'><strong>rata</strong></span> <span class='ocrx_word' id='word_1_232' title='bbox 2769 675 3004 714; x_wconf 89' lang='lat' dir='ltr'><strong>manere</strong></span> <span class='ocrx_word' id='word_1_233' title='bbox 3032 656 3601 729; x_wconf 86' lang='lat' dir='ltr'><strong>decreveramus),nil</strong></span> 
     </span>
    </p>
   </div>
   <div class='ocr_carea' id='block_1_38' title="bbox 1958 744 3601 821">
    <p class='ocr_par' dir='ltr' id='par_1_38' title="bbox 1958 744 3601 821">
     <span class='ocr_line' id='line_1_38' title="bbox 1958 744 3601 821; baseline -0.003 -17"><span class='ocrx_word' id='word_1_234' title='bbox 1958 752 2153 805; x_wconf 88' lang='lat' dir='ltr'><strong>tamen</strong></span> <span class='ocrx_word' id='word_1_235' title='bbox 2186 750 2258 805; x_wconf 91' lang='lat' dir='ltr'><strong>ad</strong></span> <span class='ocrx_word' id='word_1_236' title='bbox 2281 766 2537 821; x_wconf 69' lang='lat' dir='ltr'><strong>praesens</strong></span> <span class='ocrx_word' id='word_1_237' title='bbox 2570 765 2745 821; x_wconf 86' lang='lat' dir='ltr'><strong>super</strong></span> <span class='ocrx_word' id='word_1_238' title='bbox 2773 748 2881 803; x_wconf 88' lang='lat' dir='ltr'><strong>hac</strong></span> <span class='ocrx_word' id='word_1_239' title='bbox 2913 763 2973 801; x_wconf 89' lang='lat' dir='ltr'><strong>re</strong></span> <span class='ocrx_word' id='word_1_240' title='bbox 3001 745 3089 803; x_wconf 91' lang='lat' dir='ltr'><strong>vel</strong></span> <span class='ocrx_word' id='word_1_241' title='bbox 3135 746 3484 801; x_wconf 89' lang='lat' dir='ltr'><strong>mutandum</strong></span> <span class='ocrx_word' id='word_1_242' title='bbox 3514 744 3601 800; x_wconf 91' lang='lat' dir='ltr'><strong>vel</strong></span> 
     </span>
    </p>
   </div>
   <div class='ocr_carea' id='block_1_39' title="bbox 1958 833 3600 897">
    <p class='ocr_par' dir='ltr' id='par_1_39' title="bbox 1958 833 3600 897">
     <span class='ocr_line' id='line_1_39' title="bbox 1958 833 3600 897; baseline -0.003 -5"><span class='ocrx_word' id='word_1_243' title='bbox 1958 836 2378 893; x_wconf 89' lang='lat' dir='ltr'><strong>stabiliendum</strong></span> <span class='ocrx_word' id='word_1_244' title='bbox 2410 837 2705 892; x_wconf 82' lang='lat' dir='ltr'><strong>duximus.</strong></span> <span class='ocrx_word' id='word_1_245' title='bbox 2729 836 2988 891; x_wconf 82' lang='lat' dir='ltr'><strong>Fratrem</strong></span> <span class='ocrx_word' id='word_1_246' title='bbox 3022 839 3219 891; x_wconf 89' lang='lat' dir='ltr'><strong>autem</strong></span> <span class='ocrx_word' id='word_1_247' title='bbox 3246 833 3600 897; x_wconf 89' lang='lat' dir='ltr'><strong>Baldricum,</strong></span> 
     </span>
    </p>
   </div>
   <div class='ocr_carea' id='block_1_40' title="bbox 1958 922 3605 998">
    <p class='ocr_par' dir='ltr' id='par_1_40' title="bbox 1958 922 3605 998">
     <span class='ocr_line' id='line_1_40' title="bbox 1958 922 3605 998; baseline -0.003 -17"><span class='ocrx_word' id='word_1_248' title='bbox 1958 941 2132 998; x_wconf 88' lang='lat' dir='ltr'><strong>quem</strong></span> <span class='ocrx_word' id='word_1_249' title='bbox 2164 926 2233 980; x_wconf 90' lang='lat' dir='ltr'><strong>ad</strong></span> <span class='ocrx_word' id='word_1_250' title='bbox 2268 942 2374 982; x_wconf 91' lang='lat' dir='ltr'><strong>nos</strong></span> <span class='ocrx_word' id='word_1_251' title='bbox 2406 926 2673 984; x_wconf 88' lang='lat' dir='ltr'><strong>misistis.</strong></span> <span class='ocrx_word' id='word_1_252' title='bbox 2706 925 3149 981; x_wconf 83' lang='lat' dir='ltr'><strong>Noviomenscm</strong></span> <span class='ocrx_word' id='word_1_253' title='bbox 3193 922 3443 979; x_wconf 88' lang='lat' dir='ltr'><strong>electum</strong></span> <span class='ocrx_word' id='word_1_254' title='bbox 3498 939 3605 977; x_wconf 89' lang='lat' dir='ltr'><strong>nos</strong></span> 
     </span>
    </p>
   </div>
   <div class='ocr_carea' id='block_1_41' title="bbox 1959 1009 3602 1082">
    <p class='ocr_par' dir='ltr' id='par_1_41' title="bbox 1959 1009 3602 1082">
     <span class='ocr_line' id='line_1_41' title="bbox 1959 1009 3602 1082; baseline -0.001 -13"><span class='ocrx_word' id='word_1_255' title='bbox 1959 1019 2072 1069; x_wconf 60' lang='lat' dir='ltr'><strong>tute</strong></span> <span class='ocrx_word' id='word_1_256' title='bbox 2104 1014 2449 1070; x_wconf 87' lang='lat' dir='ltr'><strong>fraternitati</strong></span> <span class='ocrx_word' id='word_1_257' title='bbox 2483 1013 2858 1070; x_wconf 76' lang='lat' dir='ltr'><strong>remittimus.</strong></span> <span class='ocrx_word' id='word_1_258' title='bbox 2904 1013 2986 1066; x_wconf 88' lang='lat' dir='ltr'><strong>Tu</strong></span> <span class='ocrx_word' id='word_1_259' title='bbox 3023 1010 3131 1082; x_wconf 84' lang='lat' dir='ltr'><strong>ipsi</strong></span> <span class='ocrx_word' id='word_1_260' title='bbox 3165 1015 3218 1066; x_wconf 91' lang='lat' dir='ltr'><strong>et</strong></span> <span class='ocrx_word' id='word_1_261' title='bbox 3248 1009 3518 1068; x_wconf 66' lang='lat' dir='ltr'><strong>Ecclesiae</strong></span> <span class='ocrx_word' id='word_1_262' title='bbox 3545 1011 3602 1067; x_wconf 92' lang='lat' dir='ltr'><strong>in</strong></span> 
     </span>
    </p>
   </div>
   <div class='ocr_carea' id='block_1_42' title="bbox 1958 1099 3608 1175">
    <p class='ocr_par' dir='ltr' id='par_1_42' title="bbox 1958 1099 3608 1175">
     <span class='ocr_line' id='line_1_42' title="bbox 1958 1099 3608 1175; baseline -0.001 -17"><span class='ocrx_word' id='word_1_263' title='bbox 1958 1120 2074 1175; x_wconf 91' lang='lat' dir='ltr'><strong>qua</strong></span> <span class='ocrx_word' id='word_1_264' title='bbox 2103 1103 2320 1159; x_wconf 81' lang='lat' dir='ltr'><strong>electus</strong></span> <span class='ocrx_word' id='word_1_265' title='bbox 2351 1106 2440 1158; x_wconf 91' lang='lat' dir='ltr'><strong>est</strong></span> <span class='ocrx_word' id='word_1_266' title='bbox 2468 1103 2789 1159; x_wconf 89' lang='lat' dir='ltr'><strong>secundum</strong></span> <span class='ocrx_word' id='word_1_267' title='bbox 2816 1102 2995 1157; x_wconf 84' lang='lat' dir='ltr'><strong>Deum</strong></span> <span class='ocrx_word' id='word_1_268' title='bbox 3024 1106 3200 1172; x_wconf 85' lang='lat' dir='ltr'><strong>atque</strong></span> <span class='ocrx_word' id='word_1_269' title='bbox 3221 1099 3470 1159; x_wconf 89' lang='lat' dir='ltr'><strong>salutem</strong></span> <span class='ocrx_word' id='word_1_270' title='bbox 3492 1105 3608 1156; x_wconf 67' lang='lat' dir='ltr'><strong>tua)</strong></span> 
     </span>
    </p>
   </div>
   <div class='ocr_carea' id='block_1_43' title="bbox 1957 1188 3606 1264">
    <p class='ocr_par' dir='ltr' id='par_1_43' title="bbox 1957 1188 3606 1264">
     <span class='ocr_line' id='line_1_43' title="bbox 1957 1188 3606 1264; baseline -0.001 -16"><span class='ocrx_word' id='word_1_271' title='bbox 1957 1196 2014 1248; x_wconf 83' lang='lat' dir='ltr'><strong>et</strong></span> <span class='ocrx_word' id='word_1_272' title='bbox 2041 1191 2230 1264; x_wconf 88' lang='lat' dir='ltr'><strong>ipsius</strong></span> <span class='ocrx_word' id='word_1_273' title='bbox 2262 1192 2472 1248; x_wconf 68' lang='lat' dir='ltr'><strong>animae</strong></span> <span class='ocrx_word' id='word_1_274' title='bbox 2501 1190 2801 1263; x_wconf 90' lang='lat' dir='ltr'><strong>providere</strong></span> <span class='ocrx_word' id='word_1_275' title='bbox 2832 1189 3026 1245; x_wconf 84' lang='lat' dir='ltr'><strong>debita</strong></span> <span class='ocrx_word' id='word_1_276' title='bbox 3052 1188 3443 1246; x_wconf 87' lang='lat' dir='ltr'><strong>sollicitudine</strong></span> <span class='ocrx_word' id='word_1_277' title='bbox 3473 1207 3606 1263; x_wconf 91' lang='lat' dir='ltr'><strong>pro-</strong></span> 
     </span>
    </p>
   </div>
   <div class='ocr_carea' id='block_1_44' title="bbox 1958 1280 2367 1336">
    <p class='ocr_par' dir='ltr' id='par_1_44' title="bbox 1958 1280 2367 1336">
     <span class='ocr_line' id='line_1_44' title="bbox 1958 1280 2367 1336; baseline 0.002 -1"><span class='ocrx_word' id='word_1_278' title='bbox 1958 1284 2176 1335; x_wconf 89' lang='lat' dir='ltr'><strong>curato.</strong></span> <span class='ocrx_word' id='word_1_279' title='bbox 2215 1280 2367 1336; x_wconf 90' lang='lat' dir='ltr'><strong>Vale.</strong></span> 
     </span>
    </p>
   </div>
   <div class='ocr_carea' id='block_1_45' title="bbox 2646 1368 2924 1423">
    <p class='ocr_par' dir='ltr' id='par_1_45' title="bbox 2646 1368 2924 1423">
     <span class='ocr_line' id='line_1_45' title="bbox 2646 1368 2924 1423; baseline -0.004 0"><span class='ocrx_word' id='word_1_280' title='bbox 2646 1368 2924 1423; x_wconf 72' lang='lat' dir='ltr'><strong>CCXLIX.</strong></span> 
     </span>
    </p>
   </div>
   <div class='ocr_carea' id='block_1_46' title="bbox 2042 1456 3513 1530">
    <p class='ocr_par' dir='ltr' id='par_1_46' title="bbox 2042 1456 3513 1530">
     <span class='ocr_line' id='line_1_46' title="bbox 2042 1456 3513 1530; baseline -0.001 -18"><span class='ocrx_word' id='word_1_281' title='bbox 2042 1458 2203 1513; x_wconf 85' lang='lat' dir='ltr'><strong>Bulla</strong></span> <span class='ocrx_word' id='word_1_282' title='bbox 2232 1473 2329 1530; x_wconf 80' lang='lat' dir='ltr'><strong>pro</strong></span> <span class='ocrx_word' id='word_1_283' title='bbox 2360 1458 2554 1513; x_wconf 76' lang='lat' dir='ltr'><strong>abbale</strong></span> <span class='ocrx_word' id='word_1_284' title='bbox 2584 1457 2803 1528; x_wconf 80' lang='lat' dir='ltr'><strong>Majoris</strong></span> <span class='ocrx_word' id='word_1_285' title='bbox 2832 1456 3143 1512; x_wconf 65' lang='lat' dir='ltr'><strong>Monasterii</strong></span> <span class='ocrx_word' id='word_1_286' title='bbox 3172 1456 3513 1511; x_wconf 78' lang='lat' dir='ltr'><strong>Turonensis.</strong></span> 
     </span>
    </p>
   </div>
   <div class='ocr_carea' id='block_1_47' title="bbox 2525 1545 3040 1613">
    <p class='ocr_par' dir='ltr' id='par_1_47' title="bbox 2525 1545 3040 1613">
     <span class='ocr_line' id='line_1_47' title="bbox 2525 1545 3040 1613; baseline -0.006 -12"><span class='ocrx_word' id='word_1_287' title='bbox 2525 1546 2707 1613; x_wconf 85' lang='lat' dir='ltr'><strong>(Circa</strong></span> <span class='ocrx_word' id='word_1_288' title='bbox 2738 1563 2829 1599; x_wconf 87' lang='lat' dir='ltr'><strong>an.</strong></span> <span class='ocrx_word' id='word_1_289' title='bbox 2859 1545 3040 1605; x_wconf 75' lang='lat'><strong>1098.)</strong></span> 
     </span>
    </p>
   </div>
   <div class='ocr_carea' id='block_1_48' title="bbox 2207 1632 3358 1708">
    <p class='ocr_par' dir='ltr' id='par_1_48' title="bbox 2207 1632 3358 1708">
     <span class='ocr_line' id='line_1_48' title="bbox 2207 1632 3358 1708; baseline -0.003 -19"><span class='ocrx_word' id='word_1_290' title='bbox 2207 1634 2460 1708; x_wconf 75' lang='lat' dir='ltr'><strong>[BALUZ.,</strong></span> <span class='ocrx_word' id='word_1_291' title='bbox 2493 1635 2713 1690; x_wconf 70' lang='lat' dir='ltr'><strong>Misceâ€.</strong></span> <span class='ocrx_word' id='word_1_292' title='bbox 2749 1634 2885 1688; x_wconf 85' lang='lat' dir='ltr'><strong>edit.</strong></span> <span class='ocrx_word' id='word_1_293' title='bbox 2925 1634 3089 1696; x_wconf 88' lang='lat' dir='ltr'><strong>Luc.,</strong></span> <span class='ocrx_word' id='word_1_294' title='bbox 3114 1632 3183 1697; x_wconf 86' lang='lat' dir='ltr'><strong>ll,</strong></span> <span class='ocrx_word' id='word_1_295' title='bbox 3211 1632 3358 1703; x_wconf 74' lang='lat'><strong>181.]</strong></span> 
     </span>
    </p>
   </div>
   <div class='ocr_carea' id='block_1_49' title="bbox 2034 1721 3606 1797">
    <p class='ocr_par' dir='ltr' id='par_1_49' title="bbox 2034 1721 3606 1797">
     <span class='ocr_line' id='line_1_49' title="bbox 2034 1721 3606 1797; baseline -0.002 -18"><span class='ocrx_word' id='word_1_296' title='bbox 2034 1724 2310 1780; x_wconf 76' lang='lat' dir='ltr'><strong>URBANUS</strong></span> <span class='ocrx_word' id='word_1_297' title='bbox 2321 1725 2859 1797; x_wconf 80' lang='lat' dir='ltr'><strong>episcopus,servus</strong></span> <span class='ocrx_word' id='word_1_298' title='bbox 2873 1721 3279 1778; x_wconf 71' lang='lat' dir='ltr'><strong>servorumDei</strong></span> <span class='ocrx_word' id='word_1_299' title='bbox 3293 1721 3606 1777; x_wconf 88' lang='lat' dir='ltr'><strong>venerabili</strong></span> 
     </span>
    </p>
   </div>
   <div class='ocr_carea' id='block_1_50' title="bbox 1960 1810 3610 1883">
    <p class='ocr_par' dir='ltr' id='par_1_50' title="bbox 1960 1810 3610 1883">
     <span class='ocr_line' id='line_1_50' title="bbox 1960 1810 3610 1883; baseline 0 -17"><span class='ocrx_word' id='word_1_300' title='bbox 1960 1811 2079 1867; x_wconf 83' lang='lat' dir='ltr'><strong>lilio</strong></span> <span class='ocrx_word' id='word_1_301' title='bbox 2109 1812 2420 1867; x_wconf 62' lang='lat' dir='ltr'><strong>Bnnmano</strong></span> <span class='ocrx_word' id='word_1_302' title='bbox 2442 1812 2677 1883; x_wconf 81' lang='lat' dir='ltr'><strong>Majoris</strong></span> <span class='ocrx_word' id='word_1_303' title='bbox 2702 1810 3030 1867; x_wconf 62' lang='lat' dir='ltr'><strong>\lnnastcrii</strong></span> <span class='ocrx_word' id='word_1_304' title='bbox 3058 1810 3530 1881; x_wconf 86' lang='lat' dir='ltr'><strong>abbati,salutem</strong></span> <span class='ocrx_word' id='word_1_305' title='bbox 3555 1816 3610 1869; x_wconf 77' lang='lat' dir='ltr'><strong>et</strong></span> 
     </span>
    </p>
   </div>
   <div class='ocr_carea' id='block_1_51' title="bbox 1960 1899 2855 1974">
    <p class='ocr_par' dir='ltr' id='par_1_51' title="bbox 1960 1899 2855 1974">
     <span class='ocr_line' id='line_1_51' title="bbox 1960 1899 2855 1974; baseline -0.001 -17"><span class='ocrx_word' id='word_1_306' title='bbox 1960 1899 2336 1974; x_wconf 85' lang='lat' dir='ltr'><strong>apostolicam</strong></span> <span class='ocrx_word' id='word_1_307' title='bbox 2369 1900 2855 1957; x_wconf 78' lang='lat' dir='ltr'><strong>benedictionem.</strong></span> 
     </span>
    </p>
   </div>
   <div class='ocr_carea' id='block_1_52' title="bbox 2032 1987 3612 2061">
    <p class='ocr_par' dir='ltr' id='par_1_52' title="bbox 2032 1987 3612 2061">
     <span class='ocr_line' id='line_1_52' title="bbox 2032 1987 3612 2061; baseline -0.001 -16"><span class='ocrx_word' id='word_1_308' title='bbox 2032 1990 2125 2045; x_wconf 89' lang='lat' dir='ltr'><strong>Sic</strong></span> <span class='ocrx_word' id='word_1_309' title='bbox 2156 1990 2309 2061; x_wconf 91' lang='lat' dir='ltr'><strong>apud</strong></span> <span class='ocrx_word' id='word_1_310' title='bbox 2345 1990 2529 2046; x_wconf 90' lang='lat' dir='ltr'><strong>bonos</strong></span> <span class='ocrx_word' id='word_1_311' title='bbox 2558 1990 2711 2045; x_wconf 88' lang='lat' dir='ltr'><strong>viros</strong></span> <span class='ocrx_word' id='word_1_312' title='bbox 2742 1994 2831 2044; x_wconf 87' lang='lat' dir='ltr'><strong>est</strong></span> <span class='ocrx_word' id='word_1_313' title='bbox 2862 1989 3145 2044; x_wconf 87' lang='lat' dir='ltr'><strong>servanda</strong></span> <span class='ocrx_word' id='word_1_314' title='bbox 3189 1987 3513 2056; x_wconf 88' lang='lat' dir='ltr'><strong>humilitas,</strong></span> <span class='ocrx_word' id='word_1_315' title='bbox 3546 1993 3612 2044; x_wconf 91' lang='lat' dir='ltr'><strong>ut</strong></span> 
     </span>
    </p>
   </div>
   <div class='ocr_carea' id='block_1_53' title="bbox 1959 2076 3610 2148">
    <p class='ocr_par' dir='ltr' id='par_1_53' title="bbox 1959 2076 3610 2148">
     <span class='ocr_line' id='line_1_53' title="bbox 1959 2076 3610 2148; baseline -0.001 -15"><span class='ocrx_word' id='word_1_316' title='bbox 1959 2078 2218 2133; x_wconf 87' lang='lat' dir='ltr'><strong>veritatis</strong></span> <span class='ocrx_word' id='word_1_317' title='bbox 2251 2095 2317 2133; x_wconf 89' lang='lat' dir='ltr'><strong>ac</strong></span> <span class='ocrx_word' id='word_1_318' title='bbox 2340 2078 2589 2148; x_wconf 72' lang='lat' dir='ltr'><strong>justitize</strong></span> <span class='ocrx_word' id='word_1_319' title='bbox 2620 2096 2733 2133; x_wconf 87' lang='lat' dir='ltr'><strong>non</strong></span> <span class='ocrx_word' id='word_1_320' title='bbox 2768 2079 3074 2133; x_wconf 86' lang='lat' dir='ltr'><strong>deseratur</strong></span> <span class='ocrx_word' id='word_1_321' title='bbox 3129 2076 3465 2134; x_wconf 89' lang='lat' dir='ltr'><strong>auctoritas.</strong></span> <span class='ocrx_word' id='word_1_322' title='bbox 3524 2078 3610 2133; x_wconf 87' lang='lat' dir='ltr'><strong>Ita</strong></span> 
     </span>
    </p>
   </div>
   <div class='ocr_carea' id='block_1_54' title="bbox 1961 2165 3609 2237">
    <p class='ocr_par' dir='ltr' id='par_1_54' title="bbox 1961 2165 3609 2237">
     <span class='ocr_line' id='line_1_54' title="bbox 1961 2165 3609 2237; baseline -0.001 -16"><span class='ocrx_word' id='word_1_323' title='bbox 1961 2182 2097 2237; x_wconf 86' lang='lat' dir='ltr'><strong>ergo</strong></span> <span class='ocrx_word' id='word_1_324' title='bbox 2123 2165 2511 2221; x_wconf 86' lang='lat' dir='ltr'><strong>humilitatem</strong></span> <span class='ocrx_word' id='word_1_325' title='bbox 2547 2170 2707 2221; x_wconf 91' lang='lat' dir='ltr'><strong>tuam</strong></span> <span class='ocrx_word' id='word_1_326' title='bbox 2742 2166 3101 2237; x_wconf 84' lang='lat' dir='ltr'><strong>suscipimus</strong></span> <span class='ocrx_word' id='word_1_327' title='bbox 3124 2170 3190 2219; x_wconf 91' lang='lat' dir='ltr'><strong>ut</strong></span> <span class='ocrx_word' id='word_1_328' title='bbox 3215 2166 3516 2221; x_wconf 86' lang='lat' dir='ltr'><strong>veritatem</strong></span> <span class='ocrx_word' id='word_1_329' title='bbox 3544 2182 3609 2220; x_wconf 91' lang='lat' dir='ltr'><strong>ac</strong></span> 
     </span>
    </p>
   </div>
   <div class='ocr_carea' id='block_1_55' title="bbox 1954 2252 3611 2325">
    <p class='ocr_par' dir='ltr' id='par_1_55' title="bbox 1954 2252 3611 2325">
     <span class='ocr_line' id='line_1_55' title="bbox 1954 2252 3611 2325; baseline 0.001 -18"><span class='ocrx_word' id='word_1_330' title='bbox 1954 2253 2246 2325; x_wconf 87' lang='lat' dir='ltr'><strong>justitiam</strong></span> <span class='ocrx_word' id='word_1_331' title='bbox 2279 2258 2603 2309; x_wconf 88' lang='lat' dir='ltr'><strong>teneamus.</strong></span> <span class='ocrx_word' id='word_1_332' title='bbox 2637 2254 2715 2308; x_wconf 90' lang='lat' dir='ltr'><strong>Te</strong></span> <span class='ocrx_word' id='word_1_333' title='bbox 2745 2252 3036 2324; x_wconf 83' lang='lat' dir='ltr'><strong>siquidem</strong></span> <span class='ocrx_word' id='word_1_334' title='bbox 3070 2271 3174 2325; x_wconf 89' lang='lat' dir='ltr'><strong>per</strong></span> <span class='ocrx_word' id='word_1_335' title='bbox 3192 2254 3611 2325; x_wconf 84' lang='lat' dir='ltr'><strong>omnipotentis</strong></span> 
     </span>
    </p>
   </div>
   <div class='ocr_carea' id='block_1_56' title="bbox 1962 2340 3606 2414">
    <p class='ocr_par' dir='ltr' id='par_1_56' title="bbox 1962 2340 3606 2414">
     <span class='ocr_line' id='line_1_56' title="bbox 1962 2340 3606 2414; baseline -0.001 -17"><span class='ocrx_word' id='word_1_336' title='bbox 1962 2342 2060 2397; x_wconf 90' lang='lat' dir='ltr'><strong>Dei</strong></span> <span class='ocrx_word' id='word_1_337' title='bbox 2083 2343 2329 2413; x_wconf 85' lang='lat' dir='ltr'><strong>gratiam</strong></span> <span class='ocrx_word' id='word_1_338' title='bbox 2349 2341 2700 2396; x_wconf 88' lang='lat' dir='ltr'><strong>catholicum</strong></span> <span class='ocrx_word' id='word_1_339' title='bbox 2720 2358 2785 2395; x_wconf 91' lang='lat' dir='ltr'><strong>ac</strong></span> <span class='ocrx_word' id='word_1_340' title='bbox 2805 2358 2934 2397; x_wconf 87' lang='lat' dir='ltr'><strong>vere</strong></span> <span class='ocrx_word' id='word_1_341' title='bbox 2947 2341 3282 2414; x_wconf 87' lang='lat' dir='ltr'><strong>religiosum</strong></span> <span class='ocrx_word' id='word_1_342' title='bbox 3301 2340 3606 2397; x_wconf 90' lang='lat' dir='ltr'><strong>habemus.</strong></span> 
     </span>
    </p>
   </div>
   <div class='ocr_carea' id='block_1_57' title="bbox 1962 2429 3612 2502">
    <p class='ocr_par' dir='ltr' id='par_1_57' title="bbox 1962 2429 3612 2502">
     <span class='ocr_line' id='line_1_57' title="bbox 1962 2429 3612 2502; baseline 0 -17"><span class='ocrx_word' id='word_1_343' title='bbox 1962 2430 2019 2486; x_wconf 90' lang='lat' dir='ltr'><strong>Si</strong></span> <span class='ocrx_word' id='word_1_344' title='bbox 2056 2430 2195 2502; x_wconf 90' lang='lat' dir='ltr'><strong>quid</strong></span> <span class='ocrx_word' id='word_1_345' title='bbox 2226 2446 2359 2485; x_wconf 89' lang='lat' dir='ltr'><strong>vero</strong></span> <span class='ocrx_word' id='word_1_346' title='bbox 2391 2431 2448 2486; x_wconf 91' lang='lat' dir='ltr'><strong>in</strong></span> <span class='ocrx_word' id='word_1_347' title='bbox 2481 2429 2865 2486; x_wconf 83' lang='lat' dir='ltr'><strong>ordinationis</strong></span> <span class='ocrx_word' id='word_1_348' title='bbox 2896 2433 3011 2486; x_wconf 65' lang='lat' dir='ltr'><strong>tuae</strong></span> <span class='ocrx_word' id='word_1_349' title='bbox 3032 2429 3367 2502; x_wconf 90' lang='lat' dir='ltr'><strong>primordiis</strong></span> <span class='ocrx_word' id='word_1_350' title='bbox 3395 2429 3481 2486; x_wconf 91' lang='lat' dir='ltr'><strong>vel</strong></span> <span class='ocrx_word' id='word_1_351' title='bbox 3509 2447 3612 2502; x_wconf 90' lang='lat' dir='ltr'><strong>per</strong></span> 
     </span>
    </p>
   </div>
   <div class='ocr_carea' id='block_1_58' title="bbox 1962 2517 3613 2591">
    <p class='ocr_par' dir='ltr' id='par_1_58' title="bbox 1962 2517 3613 2591">
     <span class='ocr_line' id='line_1_58' title="bbox 1962 2517 3613 2591; baseline -0.001 -17"><span class='ocrx_word' id='word_1_352' title='bbox 1962 2518 2286 2575; x_wconf 87' lang='lat' dir='ltr'><strong>ordinantis</strong></span> <span class='ocrx_word' id='word_1_353' title='bbox 2317 2518 2549 2591; x_wconf 90' lang='lat' dir='ltr'><strong>culpam</strong></span> <span class='ocrx_word' id='word_1_354' title='bbox 2581 2518 2668 2573; x_wconf 90' lang='lat' dir='ltr'><strong>vel</strong></span> <span class='ocrx_word' id='word_1_355' title='bbox 2700 2534 2803 2591; x_wconf 87' lang='lat' dir='ltr'><strong>per</strong></span> <span class='ocrx_word' id='word_1_356' title='bbox 2832 2523 2991 2573; x_wconf 89' lang='lat' dir='ltr'><strong>tuam</strong></span> <span class='ocrx_word' id='word_1_357' title='bbox 3028 2517 3440 2589; x_wconf 77' lang='lat' dir='ltr'><strong>negligentiam</strong></span> <span class='ocrx_word' id='word_1_358' title='bbox 3474 2518 3613 2575; x_wconf 88' lang='lat' dir='ltr'><strong>deli-</strong></span> 
     </span>
    </p>
   </div>
   <div class='ocr_carea' id='block_1_59' title="bbox 1962 2606 3610 2679">
    <p class='ocr_par' dir='ltr' id='par_1_59' title="bbox 1962 2606 3610 2679">
     <span class='ocr_line' id='line_1_59' title="bbox 1962 2606 3610 2679; baseline 0.001 -17"><span class='ocrx_word' id='word_1_359' title='bbox 1962 2607 2165 2679; x_wconf 89' lang='lat' dir='ltr'><strong>quisti,</strong></span> <span class='ocrx_word' id='word_1_360' title='bbox 2197 2625 2304 2663; x_wconf 91' lang='lat' dir='ltr'><strong>nos</strong></span> <span class='ocrx_word' id='word_1_361' title='bbox 2352 2607 2479 2675; x_wconf 90' lang='lat' dir='ltr'><strong>tibi,</strong></span> <span class='ocrx_word' id='word_1_362' title='bbox 2512 2607 2663 2663; x_wconf 89' lang='lat' dir='ltr'><strong>beati</strong></span> <span class='ocrx_word' id='word_1_363' title='bbox 2709 2606 2941 2662; x_wconf 86' lang='lat' dir='ltr'><strong>Martini</strong></span> <span class='ocrx_word' id='word_1_364' title='bbox 2977 2607 3201 2661; x_wconf 90' lang='lat' dir='ltr'><strong>meritis</strong></span> <span class='ocrx_word' id='word_1_365' title='bbox 3230 2607 3610 2673; x_wconf 85' lang='lat' dir='ltr'><strong>conï¬dentes,</strong></span> 
     </span>
    </p>
   </div>
   <div class='ocr_carea' id='block_1_60' title="bbox 1962 2695 3611 2753">
    <p class='ocr_par' dir='ltr' id='par_1_60' title="bbox 1962 2695 3611 2753">
     <span class='ocr_line' id='line_1_60' title="bbox 1962 2695 3611 2753; baseline 0 -2"><span class='ocrx_word' id='word_1_366' title='bbox 1962 2696 2111 2751; x_wconf 85' lang='lat' dir='ltr'><strong>beati</strong></span> <span class='ocrx_word' id='word_1_367' title='bbox 2131 2696 2275 2752; x_wconf 88' lang='lat' dir='ltr'><strong>Petri</strong></span> <span class='ocrx_word' id='word_1_368' title='bbox 2290 2696 2415 2752; x_wconf 91' lang='lat' dir='ltr'><strong>vice</strong></span> <span class='ocrx_word' id='word_1_369' title='bbox 2430 2702 2485 2751; x_wconf 91' lang='lat' dir='ltr'><strong>et</strong></span> <span class='ocrx_word' id='word_1_370' title='bbox 2498 2695 2847 2751; x_wconf 88' lang='lat' dir='ltr'><strong>auctoritate</strong></span> <span class='ocrx_word' id='word_1_371' title='bbox 2860 2695 2914 2750; x_wconf 91' lang='lat' dir='ltr'><strong>di</strong></span> <span class='ocrx_word' id='word_1_372' title='bbox 2924 2695 3134 2751; x_wconf 89' lang='lat' dir='ltr'><strong>mittim</strong></span> <span class='ocrx_word' id='word_1_373' title='bbox 3146 2696 3403 2753; x_wconf 88' lang='lat' dir='ltr'><strong>us.Hanc</strong></span> <span class='ocrx_word' id='word_1_374' title='bbox 3417 2699 3611 2751; x_wconf 91' lang='lat' dir='ltr'><strong>autem</strong></span> 
     </span>
    </p>
   </div>
   <div class='ocr_carea' id='block_1_61' title="bbox 1963 2784 3609 2857">
    <p class='ocr_par' dir='ltr' id='par_1_61' title="bbox 1963 2784 3609 2857">
     <span class='ocr_line' id='line_1_61' title="bbox 1963 2784 3609 2857; baseline -0.001 -17"><span class='ocrx_word' id='word_1_375' title='bbox 1963 2785 2068 2841; x_wconf 92' lang='lat' dir='ltr'><strong>tibi</strong></span> <span class='ocrx_word' id='word_1_376' title='bbox 2084 2785 2481 2857; x_wconf 57' lang='lat' dir='ltr'><strong>paenitentiam</strong></span> <span class='ocrx_word' id='word_1_377' title='bbox 2502 2784 2899 2840; x_wconf 90' lang='lat' dir='ltr'><strong>indicimusut</strong></span> <span class='ocrx_word' id='word_1_378' title='bbox 2923 2784 2994 2839; x_wconf 90' lang='lat' dir='ltr'><strong>de</strong></span> <span class='ocrx_word' id='word_1_379' title='bbox 3025 2788 3230 2840; x_wconf 64' lang='lat' dir='ltr'><strong>caetero</strong></span> <span class='ocrx_word' id='word_1_380' title='bbox 3264 2784 3609 2840; x_wconf 90' lang='lat' dir='ltr'><strong>commisso-</strong></span> 
     </span>
    </p>
   </div>
   <div class='ocr_carea' id='block_1_62' title="bbox 1963 2871 3612 2945">
    <p class='ocr_par' dir='ltr' id='par_1_62' title="bbox 1963 2871 3612 2945">
     <span class='ocr_line' id='line_1_62' title="bbox 1963 2871 3612 2945; baseline 0 -17"><span class='ocrx_word' id='word_1_381' title='bbox 1963 2890 2095 2928; x_wconf 90' lang='lat' dir='ltr'><strong>rum</strong></span> <span class='ocrx_word' id='word_1_382' title='bbox 2128 2874 2374 2929; x_wconf 90' lang='lat' dir='ltr'><strong>fratrum</strong></span> <span class='ocrx_word' id='word_1_383' title='bbox 2409 2873 2583 2928; x_wconf 90' lang='lat' dir='ltr'><strong>saluti</strong></span> <span class='ocrx_word' id='word_1_384' title='bbox 2615 2871 3032 2945; x_wconf 90' lang='lat' dir='ltr'><strong>vigilantiusac</strong></span> <span class='ocrx_word' id='word_1_385' title='bbox 3063 2872 3612 2928; x_wconf 78' lang='lat' dir='ltr'><strong>ferventiusinstare</strong></span> 
     </span>
    </p>
   </div>
   <div class='ocr_carea' id='block_1_63' title="bbox 1963 2961 3615 3035">
    <p class='ocr_par' dir='ltr' id='par_1_63' title="bbox 1963 2961 3615 3035">
     <span class='ocr_line' id='line_1_63' title="bbox 1963 2961 3615 3035; baseline -0.001 -17"><span class='ocrx_word' id='word_1_386' title='bbox 1963 2979 2077 3018; x_wconf 90' lang='lat' dir='ltr'><strong>non</strong></span> <span class='ocrx_word' id='word_1_387' title='bbox 2097 2961 2416 3018; x_wconf 88' lang='lat' dir='ltr'><strong>desinas.ln</strong></span> <span class='ocrx_word' id='word_1_388' title='bbox 2441 2961 2550 3017; x_wconf 89' lang='lat' dir='ltr'><strong>hac</strong></span> <span class='ocrx_word' id='word_1_389' title='bbox 2563 2961 2850 3035; x_wconf 90' lang='lat' dir='ltr'><strong>siquidem</strong></span> <span class='ocrx_word' id='word_1_390' title='bbox 2868 2966 3029 3034; x_wconf 89' lang='lat' dir='ltr'><strong>parte</strong></span> <span class='ocrx_word' id='word_1_391' title='bbox 3045 2961 3319 3017; x_wconf 89' lang='lat' dir='ltr'><strong>omnibus</strong></span> <span class='ocrx_word' id='word_1_392' title='bbox 3335 2962 3615 3018; x_wconf 90' lang='lat' dir='ltr'><strong>adversus</strong></span> 
     </span>
    </p>
   </div>
   <div class='ocr_carea' id='block_1_64' title="bbox 1962 3050 3616 3123">
    <p class='ocr_par' dir='ltr' id='par_1_64' title="bbox 1962 3050 3616 3123">
     <span class='ocr_line' id='line_1_64' title="bbox 1962 3050 3616 3123; baseline 0 -17"><span class='ocrx_word' id='word_1_393' title='bbox 1962 3051 2418 3107; x_wconf 89' lang='lat' dir='ltr'><strong>teoblocutionis</strong></span> <span class='ocrx_word' id='word_1_394' title='bbox 2438 3067 2634 3106; x_wconf 83' lang='lat' dir='ltr'><strong>vocem</strong></span> <span class='ocrx_word' id='word_1_395' title='bbox 2658 3050 3049 3106; x_wconf 87' lang='lat' dir='ltr'><strong>auferimuset</strong></span> <span class='ocrx_word' id='word_1_396' title='bbox 3074 3055 3421 3123; x_wconf 90' lang='lat' dir='ltr'><strong>perpetuum</strong></span> <span class='ocrx_word' id='word_1_397' title='bbox 3445 3050 3616 3107; x_wconf 89' lang='lat' dir='ltr'><strong>silen-</strong></span> 
     </span>
    </p>
   </div>
   <div class='ocr_carea' id='block_1_65' title="bbox 197 3128 3615 3212">
    <p class='ocr_par' dir='ltr' id='par_1_65' title="bbox 197 3128 3615 3212">
     <span class='ocr_line' id='line_1_65' title="bbox 197 3128 3615 3212; baseline 0 -18"><span class='ocrx_word' id='word_1_398' title='bbox 197 3139 448 3212; x_wconf 85' lang='lat' dir='ltr'><strong>giosius,</strong></span> <span class='ocrx_word' id='word_1_399' title='bbox 484 3143 703 3211; x_wconf 91' lang='lat' dir='ltr'><strong>quanto</strong></span> <span class='ocrx_word' id='word_1_400' title='bbox 754 3137 1029 3192; x_wconf 90' lang='lat' dir='ltr'><strong>sanotiori</strong></span> <span class='ocrx_word' id='word_1_401' title='bbox 1086 3141 1331 3209; x_wconf 88' lang='lat' dir='ltr'><strong>patrono</strong></span> <span class='ocrx_word' id='word_1_402' title='bbox 1385 3140 1852 3211; x_wconf 89' lang='lat' dir='ltr'><strong>monasterioque</strong></span> <span class='ocrx_word' id='word_1_403' title='bbox 1882 3128 1925 3195; x_wconf 86' lang='lat' dir='ltr'>C</span> <span class='ocrx_word' id='word_1_404' title='bbox 1964 3138 2112 3195; x_wconf 90' lang='lat' dir='ltr'><strong>tium</strong></span> <span class='ocrx_word' id='word_1_405' title='bbox 2144 3140 2526 3211; x_wconf 87' lang='lat' dir='ltr'><strong>imperamus.</strong></span> <span class='ocrx_word' id='word_1_406' title='bbox 2561 3139 2858 3194; x_wconf 88' lang='lat' dir='ltr'><strong>Universis</strong></span> <span class='ocrx_word' id='word_1_407' title='bbox 2907 3142 3101 3195; x_wconf 86' lang='lat' dir='ltr'><strong>autem</strong></span> <span class='ocrx_word' id='word_1_408' title='bbox 3134 3138 3307 3194; x_wconf 84' lang='lat' dir='ltr'><strong>vestri</strong></span> <span class='ocrx_word' id='word_1_409' title='bbox 3368 3139 3615 3194; x_wconf 76' lang='lat' dir='ltr'><strong>cmnobii</strong></span> 
     </span>
    </p>
   </div>
   <div class='ocr_carea' id='block_1_66' title="bbox 196 3225 1850 3299">
    <p class='ocr_par' dir='ltr' id='par_1_66' title="bbox 196 3225 1850 3299">
     <span class='ocr_line' id='line_1_66' title="bbox 196 3225 1850 3299; baseline -0.001 -15"><span class='ocrx_word' id='word_1_410' title='bbox 196 3228 530 3285; x_wconf 63' lang='lat' dir='ltr'><strong>commissae</strong></span> <span class='ocrx_word' id='word_1_411' title='bbox 566 3230 725 3294; x_wconf 87' lang='lat' dir='ltr'><strong>sunt,</strong></span> <span class='ocrx_word' id='word_1_412' title='bbox 755 3225 914 3281; x_wconf 89' lang='lat' dir='ltr'><strong>salva</strong></span> <span class='ocrx_word' id='word_1_413' title='bbox 944 3225 1000 3280; x_wconf 89' lang='lat' dir='ltr'><strong>in</strong></span> <span class='ocrx_word' id='word_1_414' title='bbox 1036 3226 1310 3281; x_wconf 85' lang='lat' dir='ltr'><strong>omnibus</strong></span> <span class='ocrx_word' id='word_1_415' title='bbox 1331 3226 1489 3282; x_wconf 90' lang='lat' dir='ltr'><strong>sedis</strong></span> <span class='ocrx_word' id='word_1_416' title='bbox 1520 3228 1850 3299; x_wconf 74' lang='lat' dir='ltr'><strong>apostolicae</strong></span> 
     </span>
    </p>
   </div>
   <div class='ocr_carea' id='block_1_67' title="bbox 197 3314 1853 3379">
    <p class='ocr_par' dir='ltr' id='par_1_67' title="bbox 197 3314 1853 3379">
     <span class='ocr_line' id='line_1_67' title="bbox 197 3314 1853 3379; baseline 0 -6"><span class='ocrx_word' id='word_1_417' title='bbox 197 3316 548 3375; x_wconf 85' lang='lat' dir='ltr'><strong>reverentia.</strong></span> <span class='ocrx_word' id='word_1_418' title='bbox 609 3316 794 3379; x_wconf 90' lang='lat' dir='ltr'><strong>Quam</strong></span> <span class='ocrx_word' id='word_1_419' title='bbox 860 3314 1081 3369; x_wconf 90' lang='lat' dir='ltr'><strong>scilicet</strong></span> <span class='ocrx_word' id='word_1_420' title='bbox 1137 3314 1569 3370; x_wconf 89' lang='lat' dir='ltr'><strong>restitutionem</strong></span> <span class='ocrx_word' id='word_1_421' title='bbox 1644 3316 1853 3373; x_wconf 89' lang='lat' dir='ltr'><strong>litteris</strong></span> 
     </span>
    </p>
   </div>
   <div class='ocr_carea' id='block_1_68' title="bbox 194 3402 1854 3479">
    <p class='ocr_par' dir='ltr' id='par_1_68' title="bbox 194 3402 1854 3479">
     <span class='ocr_line' id='line_1_68' title="bbox 194 3402 1854 3479; baseline 0 -18"><span class='ocrx_word' id='word_1_422' title='bbox 194 3405 590 3479; x_wconf 70' lang='lat' dir='ltr'><strong>praesentibus</strong></span> <span class='ocrx_word' id='word_1_423' title='bbox 622 3408 809 3459; x_wconf 88' lang='lat' dir='ltr'><strong>ratam</strong></span> <span class='ocrx_word' id='word_1_424' title='bbox 851 3408 907 3457; x_wconf 89' lang='lat' dir='ltr'><strong>et</strong></span> <span class='ocrx_word' id='word_1_425' title='bbox 939 3402 1274 3458; x_wconf 88' lang='lat' dir='ltr'><strong>inviolatam</strong></span> <span class='ocrx_word' id='word_1_426' title='bbox 1308 3410 1585 3475; x_wconf 86' lang='lat' dir='ltr'><strong>perpetuo</strong></span> <span class='ocrx_word' id='word_1_427' title='bbox 1616 3422 1854 3462; x_wconf 89' lang='lat' dir='ltr'><strong>manere</strong></span> 
     </span>
    </p>
   </div>
   <div class='ocr_carea' id='block_1_69' title="bbox 196 3492 1855 3566">
    <p class='ocr_par' dir='ltr' id='par_1_69' title="bbox 196 3492 1855 3566">
     <span class='ocr_line' id='line_1_69' title="bbox 196 3492 1855 3566; baseline -0.001 -15"><span class='ocrx_word' id='word_1_428' title='bbox 196 3510 534 3561; x_wconf 88' lang='lat' dir='ltr'><strong>censemus,</strong></span> <span class='ocrx_word' id='word_1_429' title='bbox 592 3492 721 3548; x_wconf 93' lang='lat' dir='ltr'><strong>dico</strong></span> <span class='ocrx_word' id='word_1_430' title='bbox 753 3492 1144 3548; x_wconf 88' lang='lat' dir='ltr'><strong>decernimus.</strong></span> <span class='ocrx_word' id='word_1_431' title='bbox 1204 3492 1262 3547; x_wconf 92' lang='lat' dir='ltr'><strong>Si</strong></span> <span class='ocrx_word' id='word_1_432' title='bbox 1321 3492 1454 3564; x_wconf 88' lang='lat' dir='ltr'><strong>quis</strong></span> <span class='ocrx_word' id='word_1_433' title='bbox 1496 3497 1689 3549; x_wconf 90' lang='lat' dir='ltr'><strong>autem</strong></span> <span class='ocrx_word' id='word_1_434' title='bbox 1722 3499 1855 3566; x_wconf 90' lang='lat' dir='ltr'><strong>post</strong></span> 
     </span>
    </p>
   </div>
   <div class='ocr_carea' id='block_1_70' title="bbox 191 3580 1851 3654">
    <p class='ocr_par' dir='ltr' id='par_1_70' title="bbox 191 3580 1851 3654">
     <span class='ocr_line' id='line_1_70' title="bbox 191 3580 1851 3654; baseline 0 -16"><span class='ocrx_word' id='word_1_435' title='bbox 191 3583 334 3651; x_wconf 69' lang='lat' dir='ltr'><strong>haec,</strong></span> <span class='ocrx_word' id='word_1_436' title='bbox 368 3582 622 3654; x_wconf 88' lang='lat' dir='ltr'><strong>hujusce</strong></span> <span class='ocrx_word' id='word_1_437' title='bbox 655 3580 902 3637; x_wconf 88' lang='lat' dir='ltr'><strong>actionis</strong></span> <span class='ocrx_word' id='word_1_438' title='bbox 942 3586 1137 3637; x_wconf 90' lang='lat' dir='ltr'><strong>tenore</strong></span> <span class='ocrx_word' id='word_1_439' title='bbox 1167 3582 1417 3653; x_wconf 85' lang='lat' dir='ltr'><strong>cognito,</strong></span> <span class='ocrx_word' id='word_1_440' title='bbox 1449 3582 1851 3639; x_wconf 88' lang='lat' dir='ltr'><strong>constitutioni</strong></span> 
     </span>
    </p>
   </div>
   <div class='ocr_carea' id='block_1_71' title="bbox 191 3669 1850 3743">
    <p class='ocr_par' dir='ltr' id='par_1_71' title="bbox 191 3669 1850 3743">
     <span class='ocr_line' id='line_1_71' title="bbox 191 3669 1850 3743; baseline -0.001 -16"><span class='ocrx_word' id='word_1_441' title='bbox 191 3676 405 3728; x_wconf 73' lang='lat' dir='ltr'><strong>nostra:</strong></span> <span class='ocrx_word' id='word_1_442' title='bbox 436 3676 657 3727; x_wconf 89' lang='lat' dir='ltr'><strong>temere</strong></span> <span class='ocrx_word' id='word_1_443' title='bbox 720 3669 951 3725; x_wconf 90' lang='lat' dir='ltr'><strong>obviare</strong></span> <span class='ocrx_word' id='word_1_444' title='bbox 979 3669 1305 3737; x_wconf 88' lang='lat' dir='ltr'><strong>tentaverit,</strong></span> <span class='ocrx_word' id='word_1_445' title='bbox 1340 3670 1666 3743; x_wconf 66' lang='lat' dir='ltr'><strong>apostolicae</strong></span> <span class='ocrx_word' id='word_1_446' title='bbox 1695 3671 1850 3727; x_wconf 82' lang='lat' dir='ltr'><strong>indi-</strong></span> 
     </span>
    </p>
   </div>
   <div class='ocr_carea' id='block_1_72' title="bbox 154 3758 1854 3834">
    <p class='ocr_par' dir='ltr' id='par_1_72' title="bbox 154 3758 1854 3834">
     <span class='ocr_line' id='line_1_72' title="bbox 154 3758 1854 3834; baseline 0 -17"><span class='ocrx_word' id='word_1_447' title='bbox 154 3760 491 3834; x_wconf 85' lang='lat' dir='ltr'><strong>-gnationis</strong></span> <span class='ocrx_word' id='word_1_448' title='bbox 540 3758 761 3814; x_wconf 89' lang='lat' dir='ltr'><strong>ultione</strong></span> <span class='ocrx_word' id='word_1_449' title='bbox 797 3758 1118 3831; x_wconf 90' lang='lat' dir='ltr'><strong>plectetur;</strong></span> <span class='ocrx_word' id='word_1_450' title='bbox 1152 3759 1252 3830; x_wconf 90' lang='lat' dir='ltr'><strong>qui</strong></span> <span class='ocrx_word' id='word_1_451' title='bbox 1290 3776 1424 3815; x_wconf 91' lang='lat' dir='ltr'><strong>vero</strong></span> <span class='ocrx_word' id='word_1_452' title='bbox 1483 3766 1854 3818; x_wconf 90' lang='lat' dir='ltr'><strong>conservator</strong></span> 
     </span>
    </p>
   </div>
   <div class='ocr_carea' id='block_1_73' title="bbox 186 3846 1848 3920">
    <p class='ocr_par' dir='ltr' id='par_1_73' title="bbox 186 3846 1848 3920">
     <span class='ocr_line' id='line_1_73' title="bbox 186 3846 1848 3920; baseline -0.001 -13"><span class='ocrx_word' id='word_1_453' title='bbox 186 3849 500 3919; x_wconf 81' lang='lat' dir='ltr'><strong>exstiterit,</strong></span> <span class='ocrx_word' id='word_1_454' title='bbox 528 3847 738 3902; x_wconf 65' lang='lat' dir='ltr'><strong>divinis</strong></span> <span class='ocrx_word' id='word_1_455' title='bbox 796 3846 1220 3903; x_wconf 88' lang='lat' dir='ltr'><strong>benedictionis</strong></span> <span class='ocrx_word' id='word_1_456' title='bbox 1251 3848 1440 3920; x_wconf 89' lang='lat' dir='ltr'><strong>gratia</strong></span> <span class='ocrx_word' id='word_1_457' title='bbox 1494 3848 1848 3920; x_wconf 85' lang='lat' dir='ltr'><strong>perfruatur.</strong></span> 
     </span>
    </p>
   </div>
   <div class='ocr_carea' id='block_1_74' title="bbox 258 3935 1848 4009">
    <p class='ocr_par' dir='ltr' id='par_1_74' title="bbox 258 3935 1848 4009">
     <span class='ocr_line' id='line_1_74' title="bbox 258 3935 1848 4009; baseline 0.001 -16"><span class='ocrx_word' id='word_1_458' title='bbox 258 3937 559 4009; x_wconf 84' lang='lat' dir='ltr'><strong>Scriptum</strong></span> <span class='ocrx_word' id='word_1_459' title='bbox 596 3952 700 4008; x_wconf 90' lang='lat' dir='ltr'><strong>per</strong></span> <span class='ocrx_word' id='word_1_460' title='bbox 729 3952 970 3991; x_wconf 88' lang='lat' dir='ltr'><strong>manum</strong></span> <span class='ocrx_word' id='word_1_461' title='bbox 989 3935 1140 3991; x_wconf 91' lang='lat' dir='ltr'><strong>Petri</strong></span> <span class='ocrx_word' id='word_1_462' title='bbox 1171 3935 1438 3991; x_wconf 71' lang='lat' dir='ltr'><strong>scriniari</strong></span> <span class='ocrx_word' id='word_1_463' title='bbox 1470 3938 1673 3993; x_wconf 89' lang='lat' dir='ltr'><strong>nostrii</strong></span> <span class='ocrx_word' id='word_1_464' title='bbox 1700 3940 1848 3995; x_wconf 90' lang='lat' dir='ltr'><strong>sacri</strong></span> 
     </span>
    </p>
   </div>
   <div class='ocr_carea' id='block_1_75' title="bbox 186 4023 1851 4099">
    <p class='ocr_par' dir='ltr' id='par_1_75' title="bbox 186 4023 1851 4099">
     <span class='ocr_line' id='line_1_75' title="bbox 186 4023 1851 4099; baseline 0.002 -19"><span class='ocrx_word' id='word_1_465' title='bbox 186 4024 419 4099; x_wconf 86' lang='lat' dir='ltr'><strong>palatii,</strong></span> <span class='ocrx_word' id='word_1_466' title='bbox 453 4023 773 4080; x_wconf 91' lang='lat' dir='ltr'><strong>indictione</strong></span> <span class='ocrx_word' id='word_1_467' title='bbox 800 4024 1071 4096; x_wconf 88' lang='lat' dir='ltr'><strong>septima,</strong></span> <span class='ocrx_word' id='word_1_468' title='bbox 1097 4025 1320 4081; x_wconf 89' lang='lat' dir='ltr'><strong>mensis</strong></span> <span class='ocrx_word' id='word_1_469' title='bbox 1376 4025 1713 4083; x_wconf 88' lang='lat' dir='ltr'><strong>Decembris</strong></span> <span class='ocrx_word' id='word_1_470' title='bbox 1759 4029 1851 4084; x_wconf 89' lang='lat' dir='ltr'><strong>die</strong></span> 
     </span>
    </p>
   </div>
   <div class='ocr_carea' id='block_1_76' title="bbox 194 4132 297 4171">
    <p class='ocr_par' dir='ltr' id='par_1_76' title="bbox 194 4132 297 4171">
     <span class='ocr_line' id='line_1_76' title="bbox 194 4132 297 4171; baseline -0.01 0"><span class='ocrx_word' id='word_1_471' title='bbox 194 4132 297 4171; x_wconf 75' lang='lat' dir='ltr'><strong>VII.</strong></span> 
     </span>
    </p>
   </div>
   <div class='ocr_carea' id='block_1_77' title="bbox 262 4202 1845 4275">
    <p class='ocr_par' dir='ltr' id='par_1_77' title="bbox 262 4202 1845 4275">
     <span class='ocr_line' id='line_1_77' title="bbox 262 4202 1845 4275; baseline 0.002 -16"><span class='ocrx_word' id='word_1_472' title='bbox 262 4206 481 4259; x_wconf 90' lang='lat' dir='ltr'><strong>Datum</strong></span> <span class='ocrx_word' id='word_1_473' title='bbox 514 4202 709 4258; x_wconf 69' lang='lat' dir='ltr'><strong>Romae</strong></span> <span class='ocrx_word' id='word_1_474' title='bbox 735 4202 888 4274; x_wconf 91' lang='lat' dir='ltr'><strong>apud</strong></span> <span class='ocrx_word' id='word_1_475' title='bbox 922 4203 1162 4258; x_wconf 89' lang='lat' dir='ltr'><strong>Beatum</strong></span> <span class='ocrx_word' id='word_1_476' title='bbox 1205 4202 1436 4258; x_wconf 86' lang='lat' dir='ltr'><strong>Petrum</strong></span> <span class='ocrx_word' id='word_1_477' title='bbox 1472 4220 1574 4275; x_wconf 90' lang='lat' dir='ltr'><strong>per</strong></span> <span class='ocrx_word' id='word_1_478' title='bbox 1604 4221 1845 4262; x_wconf 91' lang='lat' dir='ltr'><strong>manum</strong></span> 
     </span>
    </p>
   </div>
   <div class='ocr_carea' id='block_1_78' title="bbox 188 4290 1847 4357">
    <p class='ocr_par' dir='ltr' id='par_1_78' title="bbox 188 4290 1847 4357">
     <span class='ocr_line' id='line_1_78' title="bbox 188 4290 1847 4357; baseline 0.001 -8"><span class='ocrx_word' id='word_1_479' title='bbox 188 4291 464 4357; x_wconf 87' lang='lat' dir='ltr'><strong>Joannis,</strong></span> <span class='ocrx_word' id='word_1_480' title='bbox 496 4296 711 4347; x_wconf 79' lang='lat' dir='ltr'><strong>sanctae</strong></span> <span class='ocrx_word' id='word_1_481' title='bbox 745 4290 1016 4346; x_wconf 65' lang='lat' dir='ltr'><strong>Romanae</strong></span> <span class='ocrx_word' id='word_1_482' title='bbox 1037 4290 1302 4347; x_wconf 69' lang='lat' dir='ltr'><strong>Ecclesize</strong></span> <span class='ocrx_word' id='word_1_483' title='bbox 1325 4291 1551 4347; x_wconf 92' lang='lat' dir='ltr'><strong>diaconi</strong></span> <span class='ocrx_word' id='word_1_484' title='bbox 1583 4294 1847 4351; x_wconf 87' lang='lat' dir='ltr'><strong>cardina-</strong></span> 
     </span>
    </p>
   </div>
   <div class='ocr_carea' id='block_1_79' title="bbox 189 4379 1847 4453">
    <p class='ocr_par' dir='ltr' id='par_1_79' title="bbox 189 4379 1847 4453">
     <span class='ocr_line' id='line_1_79' title="bbox 189 4379 1847 4453; baseline 0.002 -17"><span class='ocrx_word' id='word_1_485' title='bbox 189 4380 288 4451; x_wconf 89' lang='lat' dir='ltr'><strong>lis,</strong></span> <span class='ocrx_word' id='word_1_486' title='bbox 316 4384 485 4437; x_wconf 82' lang='lat' dir='ltr'><strong>sexto</strong></span> <span class='ocrx_word' id='word_1_487' title='bbox 517 4380 655 4435; x_wconf 90' lang='lat' dir='ltr'><strong>Idus</strong></span> <span class='ocrx_word' id='word_1_488' title='bbox 688 4380 1040 4447; x_wconf 91' lang='lat' dir='ltr'><strong>Decembris,</strong></span> <span class='ocrx_word' id='word_1_489' title='bbox 1069 4379 1384 4435; x_wconf 90' lang='lat' dir='ltr'><strong>indictione</strong></span> <span class='ocrx_word' id='word_1_490' title='bbox 1404 4380 1670 4453; x_wconf 91' lang='lat' dir='ltr'><strong>septima,</strong></span> <span class='ocrx_word' id='word_1_491' title='bbox 1696 4399 1847 4439; x_wconf 91' lang='lat' dir='ltr'><strong>anno</strong></span> 
     </span>
    </p>
   </div>
   <div class='ocr_carea' id='block_1_80' title="bbox 1962 3226 3611 3299">
    <p class='ocr_par' dir='ltr' id='par_1_80' title="bbox 1962 3226 3611 3299">
     <span class='ocr_line' id='line_1_80' title="bbox 1962 3226 3611 3299; baseline -0.001 -16"><span class='ocrx_word' id='word_1_492' title='bbox 1962 3227 2242 3283; x_wconf 87' lang='lat' dir='ltr'><strong>fratribus</strong></span> <span class='ocrx_word' id='word_1_493' title='bbox 2275 3227 2649 3299; x_wconf 69' lang='lat' dir='ltr'><strong>prtesentium</strong></span> <span class='ocrx_word' id='word_1_494' title='bbox 2683 3226 3007 3283; x_wconf 87' lang='lat' dir='ltr'><strong>litterarum</strong></span> <span class='ocrx_word' id='word_1_495' title='bbox 3039 3227 3381 3283; x_wconf 88' lang='lat' dir='ltr'><strong>auctoritate</strong></span> <span class='ocrx_word' id='word_1_496' title='bbox 3414 3227 3611 3298; x_wconf 70' lang='lat' dir='ltr'><strong>praeci-</strong></span> 
     </span>
    </p>
   </div>
   <div class='ocr_carea' id='block_1_81' title="bbox 1962 3314 3611 3388">
    <p class='ocr_par' dir='ltr' id='par_1_81' title="bbox 1962 3314 3611 3388">
     <span class='ocr_line' id='line_1_81' title="bbox 1962 3314 3611 3388; baseline -0.001 -17"><span class='ocrx_word' id='word_1_497' title='bbox 1962 3317 2160 3388; x_wconf 90' lang='lat' dir='ltr'><strong>pimus</strong></span> <span class='ocrx_word' id='word_1_498' title='bbox 2190 3320 2256 3371; x_wconf 91' lang='lat' dir='ltr'><strong>ut</strong></span> <span class='ocrx_word' id='word_1_499' title='bbox 2272 3315 2575 3371; x_wconf 88' lang='lat' dir='ltr'><strong>devotione</strong></span> <span class='ocrx_word' id='word_1_500' title='bbox 2588 3314 2929 3387; x_wconf 90' lang='lat' dir='ltr'><strong>plenissima</strong></span> <span class='ocrx_word' id='word_1_501' title='bbox 2946 3315 3201 3370; x_wconf 91' lang='lat' dir='ltr'><strong>debitam</strong></span> <span class='ocrx_word' id='word_1_502' title='bbox 3221 3314 3323 3370; x_wconf 90' lang='lat' dir='ltr'><strong>tibi</strong></span> <span class='ocrx_word' id='word_1_503' title='bbox 3344 3331 3611 3372; x_wconf 78' lang='lat' dir='ltr'><strong>reveren-</strong></span> 
     </span>
    </p>
   </div>
   <div class='ocr_carea' id='block_1_82' title="bbox 1962 3403 3612 3476">
    <p class='ocr_par' dir='ltr' id='par_1_82' title="bbox 1962 3403 3612 3476">
     <span class='ocr_line' id='line_1_82' title="bbox 1962 3403 3612 3476; baseline 0 -16"><span class='ocrx_word' id='word_1_504' title='bbox 1962 3406 2099 3461; x_wconf 90' lang='lat' dir='ltr'><strong>tiam</strong></span> <span class='ocrx_word' id='word_1_505' title='bbox 2124 3403 2631 3475; x_wconf 88' lang='lat' dir='ltr'><strong>obedientiamque</strong></span> <span class='ocrx_word' id='word_1_506' title='bbox 2652 3403 3303 3476; x_wconf 88' lang='lat' dir='ltr'><strong>persolvant,quatonus</strong></span> <span class='ocrx_word' id='word_1_507' title='bbox 3319 3410 3612 3460; x_wconf 85' lang='lat' dir='ltr'><strong>annuente</strong></span> 
     </span>
    </p>
   </div>
   <div class='ocr_carea' id='block_1_83' title="bbox 1962 3490 3614 3566">
    <p class='ocr_par' dir='ltr' id='par_1_83' title="bbox 1962 3490 3614 3566">
     <span class='ocr_line' id='line_1_83' title="bbox 1962 3490 3614 3566; baseline 0 -17"><span class='ocrx_word' id='word_1_508' title='bbox 1962 3497 2076 3549; x_wconf 81' lang='lat' dir='ltr'><strong>Deo</strong></span> <span class='ocrx_word' id='word_1_509' title='bbox 2098 3496 2155 3549; x_wconf 89' lang='lat' dir='ltr'><strong>et</strong></span> <span class='ocrx_word' id='word_1_510' title='bbox 2183 3493 2293 3564; x_wconf 89' lang='lat' dir='ltr'><strong>ipsi</strong></span> <span class='ocrx_word' id='word_1_511' title='bbox 2325 3493 2397 3548; x_wconf 89' lang='lat' dir='ltr'><strong>de</strong></span> <span class='ocrx_word' id='word_1_512' title='bbox 2426 3497 2542 3548; x_wconf 75' lang='lat' dir='ltr'><strong>tuas</strong></span> <span class='ocrx_word' id='word_1_513' title='bbox 2571 3490 2986 3547; x_wconf 89' lang='lat' dir='ltr'><strong>sollicitudinis</strong></span> <span class='ocrx_word' id='word_1_514' title='bbox 3017 3493 3206 3565; x_wconf 87' lang='lat' dir='ltr'><strong>gratia</strong></span> <span class='ocrx_word' id='word_1_515' title='bbox 3234 3496 3293 3549; x_wconf 89' lang='lat' dir='ltr'><strong>et</strong></span> <span class='ocrx_word' id='word_1_516' title='bbox 3313 3496 3373 3548; x_wconf 90' lang='lat' dir='ltr'><strong>tu</strong></span> <span class='ocrx_word' id='word_1_517' title='bbox 3408 3493 3478 3547; x_wconf 91' lang='lat' dir='ltr'><strong>de</strong></span> <span class='ocrx_word' id='word_1_518' title='bbox 3500 3492 3614 3566; x_wconf 88' lang='lat' dir='ltr'><strong>ips-</strong></span> 
     </span>
    </p>
   </div>
   <div class='ocr_carea' id='block_1_84' title="bbox 1961 3580 3403 3653">
    <p class='ocr_par' dir='ltr' id='par_1_84' title="bbox 1961 3580 3403 3653">
     <span class='ocr_line' id='line_1_84' title="bbox 1961 3580 3403 3653; baseline -0.003 -15"><span class='ocrx_word' id='word_1_519' title='bbox 1961 3598 2128 3638; x_wconf 91' lang='lat' dir='ltr'><strong>orum</strong></span> <span class='ocrx_word' id='word_1_520' title='bbox 2160 3581 2486 3638; x_wconf 89' lang='lat' dir='ltr'><strong>obedientia</strong></span> <span class='ocrx_word' id='word_1_521' title='bbox 2516 3580 2735 3653; x_wconf 88' lang='lat' dir='ltr'><strong>pariter</strong></span> <span class='ocrx_word' id='word_1_522' title='bbox 2763 3581 3017 3653; x_wconf 89' lang='lat' dir='ltr'><strong>gaudere</strong></span> <span class='ocrx_word' id='word_1_523' title='bbox 3049 3581 3307 3653; x_wconf 89' lang='lat' dir='ltr'><strong>possitis.</strong></span> <span class='ocrx_word' id='word_1_524' title='bbox 3402 3630 3403 3633; x_wconf 44' lang='grc' dir='ltr'><strong>Î·</strong></span> 
     </span>
    </p>
   </div>
   <div class='ocr_carea' id='block_1_85' title="bbox 2705 3688 2849 3743">
    <p class='ocr_par' dir='ltr' id='par_1_85' title="bbox 2705 3688 2849 3743">
     <span class='ocr_line' id='line_1_85' title="bbox 2705 3688 2849 3743; baseline -0.007 0"><span class='ocrx_word' id='word_1_525' title='bbox 2705 3688 2849 3743; x_wconf 88' lang='lat' dir='ltr'><strong>CCL.</strong></span> 
     </span>
    </p>
   </div>
   <div class='ocr_carea' id='block_1_86' title="bbox 1926 3776 3605 3849">
    <p class='ocr_par' dir='ltr' id='par_1_86' title="bbox 1926 3776 3605 3849">
     <span class='ocr_line' id='line_1_86' title="bbox 1926 3776 3605 3849; baseline -0.002 -14"><span class='ocrx_word' id='word_1_526' title='bbox 1926 3778 2172 3836; x_wconf 84' lang='lat' dir='ltr'><strong>â€˜Urbamâ€˜</strong></span> <span class='ocrx_word' id='word_1_527' title='bbox 2220 3779 2270 3833; x_wconf 86' lang='grc' dir='ltr'><em>Î™Î™</em></span> <span class='ocrx_word' id='word_1_528' title='bbox 2313 3776 2664 3849; x_wconf 21' lang='grc' dir='ltr'><strong>Ïƒá¿ƒá½·ÎµÎ¹Î¿Î¹Î±Î»Î±Î¹á½·</strong></span> <span class='ocrx_word' id='word_1_529' title='bbox 2721 3778 3028 3848; x_wconf 80' lang='lat' dir='ltr'><strong>episcopum</strong></span> <span class='ocrx_word' id='word_1_530' title='bbox 3081 3777 3605 3849; x_wconf 73' lang='lat' dir='ltr'><strong>Magdeburgensm.</strong></span> 
     </span>
    </p>
   </div>
   <div class='ocr_carea' id='block_1_87' title="bbox 2031 3847 3536 3915">
    <p class='ocr_par' dir='ltr' id='par_1_87' title="bbox 2031 3847 3536 3915">
     <span class='ocr_line' id='line_1_87' title="bbox 2031 3847 3536 3915; baseline 0 -10"><span class='ocrx_word' id='word_1_531' title='bbox 2031 3881 2099 3892; x_wconf 58' lang='lat'><strong>-</strong></span> <span class='ocrx_word' id='word_1_532' title='bbox 2128 3849 2204 3905; x_wconf 85' lang='lat' dir='ltr'><strong>Ne</strong></span> <span class='ocrx_word' id='word_1_533' title='bbox 2223 3847 2459 3909; x_wconf 76' lang='lat' dir='ltr'><strong>vacillet.</strong></span> <span class='ocrx_word' id='word_1_534' title='bbox 2479 3847 2573 3904; x_wconf 81' lang='lat' dir='ltr'><strong>sed</strong></span> <span class='ocrx_word' id='word_1_535' title='bbox 2605 3847 2765 3904; x_wconf 64' lang='lat' dir='ltr'><strong>rectae</strong></span> <span class='ocrx_word' id='word_1_536' title='bbox 2784 3847 2968 3905; x_wconf 52' lang='lat' dir='ltr'><strong>causa</strong></span> <span class='ocrx_word' id='word_1_537' title='bbox 2992 3847 3230 3915; x_wconf 75' lang='lat' dir='ltr'><strong>insistat,</strong></span> <span class='ocrx_word' id='word_1_538' title='bbox 3265 3849 3536 3906; x_wconf 80' lang='lat' dir='ltr'><strong>hortatur.</strong></span> 
     </span>
    </p>
   </div>
   <div class='ocr_carea' id='block_1_88' title="bbox 2436 3936 3129 4007">
    <p class='ocr_par' dir='ltr' id='par_1_88' title="bbox 2436 3936 3129 4007">
     <span class='ocr_line' id='line_1_88' title="bbox 2436 3936 3129 4007; baseline -0.001 -15"><span class='ocrx_word' id='word_1_539' title='bbox 2436 3936 2620 4006; x_wconf 88' lang='lat' dir='ltr'><strong>(Intra</strong></span> <span class='ocrx_word' id='word_1_540' title='bbox 2647 3953 2740 3991; x_wconf 92' lang='lat' dir='ltr'><strong>an.</strong></span> <span class='ocrx_word' id='word_1_541' title='bbox 2777 3936 3129 4007; x_wconf 80' lang='lat'><strong>1098-1099).</strong></span> 
     </span>
    </p>
   </div>
   <div class='ocr_carea' id='block_1_89' title="bbox 2380 4025 3185 4097">
    <p class='ocr_par' dir='ltr' id='par_1_89' title="bbox 2380 4025 3185 4097">
     <span class='ocr_line' id='line_1_89' title="bbox 2380 4025 3185 4097; baseline 0 -16"><span class='ocrx_word' id='word_1_542' title='bbox 2380 4026 2614 4097; x_wconf 80' lang='lat' dir='ltr'><strong>[MANSI,</strong></span> <span class='ocrx_word' id='word_1_543' title='bbox 2649 4025 2856 4082; x_wconf 77' lang='lat' dir='ltr'><strong>Concil.</strong></span> <span class='ocrx_word' id='word_1_544' title='bbox 2888 4025 3002 4093; x_wconf 84' lang='lat' dir='ltr'><strong>XX,</strong></span> <span class='ocrx_word' id='word_1_545' title='bbox 3034 4025 3185 4093; x_wconf 79' lang='lat' dir='ltr'><strong>7H].</strong></span> 
     </span>
    </p>
   </div>
   <div class='ocr_carea' id='block_1_90' title="bbox 2028 4114 3607 4186">
    <p class='ocr_par' dir='ltr' id='par_1_90' title="bbox 2028 4114 3607 4186">
     <span class='ocr_line' id='line_1_90' title="bbox 2028 4114 3607 4186; baseline 0 -16"><span class='ocrx_word' id='word_1_546' title='bbox 2028 4115 2298 4171; x_wconf 69' lang='lat' dir='ltr'><strong>Unamus</strong></span> <span class='ocrx_word' id='word_1_547' title='bbox 2329 4114 2659 4186; x_wconf 89' lang='lat' dir='ltr'><strong>episcopus,</strong></span> <span class='ocrx_word' id='word_1_548' title='bbox 2728 4129 2930 4170; x_wconf 92' lang='lat' dir='ltr'><strong>servus</strong></span> <span class='ocrx_word' id='word_1_549' title='bbox 2978 4131 3277 4172; x_wconf 89' lang='lat' dir='ltr'><strong>servorum</strong></span> <span class='ocrx_word' id='word_1_550' title='bbox 3325 4115 3445 4183; x_wconf 92' lang='lat' dir='ltr'><strong>Dei,</strong></span> <span class='ocrx_word' id='word_1_551' title='bbox 3516 4116 3607 4180; x_wconf 85' lang='lat' dir='ltr'><strong>N.,</strong></span> 
     </span>
    </p>
   </div>
   <div class='ocr_carea' id='block_1_91' title="bbox 1956 4202 3609 4276">
    <p class='ocr_par' dir='ltr' id='par_1_91' title="bbox 1956 4202 3609 4276">
     <span class='ocr_line' id='line_1_91' title="bbox 1956 4202 3609 4276; baseline 0 -16"><span class='ocrx_word' id='word_1_552' title='bbox 1956 4203 2444 4276; x_wconf 85' lang='lat' dir='ltr'><strong>Magdeburgensi</strong></span> <span class='ocrx_word' id='word_1_553' title='bbox 2466 4202 3018 4276; x_wconf 85' lang='lat' dir='ltr'><strong>episcopo,salutem</strong></span> <span class='ocrx_word' id='word_1_554' title='bbox 3041 4208 3098 4259; x_wconf 91' lang='lat' dir='ltr'><strong>et</strong></span> <span class='ocrx_word' id='word_1_555' title='bbox 3113 4202 3490 4276; x_wconf 88' lang='lat' dir='ltr'><strong>apostolicam</strong></span> <span class='ocrx_word' id='word_1_556' title='bbox 3511 4204 3609 4260; x_wconf 89' lang='lat' dir='ltr'><strong>be-</strong></span> 
     </span>
    </p>
   </div>
   <div class='ocr_carea' id='block_1_92' title="bbox 1958 4291 2369 4349">
    <p class='ocr_par' dir='ltr' id='par_1_92' title="bbox 1958 4291 2369 4349">
     <span class='ocr_line' id='line_1_92' title="bbox 1958 4291 2369 4349; baseline -0.005 -1"><span class='ocrx_word' id='word_1_557' title='bbox 1958 4291 2369 4349; x_wconf 86' lang='lat' dir='ltr'><strong>nedictionem.</strong></span> 
     </span>
    </p>
   </div>
   <div class='ocr_carea' id='block_1_93' title="bbox 2026 4378 3608 4447">
    <p class='ocr_par' dir='ltr' id='par_1_93' title="bbox 2026 4378 3608 4447">
     <span class='ocr_line' id='line_1_93' title="bbox 2026 4378 3608 4447; baseline -0.001 -11"><span class='ocrx_word' id='word_1_558' title='bbox 2026 4380 2247 4437; x_wconf 90' lang='lat' dir='ltr'><strong>Indolis</strong></span> <span class='ocrx_word' id='word_1_559' title='bbox 2274 4384 2407 4447; x_wconf 65' lang='lat' dir='ltr'><strong>tua),</strong></span> <span class='ocrx_word' id='word_1_560' title='bbox 2448 4379 2657 4437; x_wconf 88' lang='lat' dir='ltr'><strong>dilecte</strong></span> <span class='ocrx_word' id='word_1_561' title='bbox 2689 4380 2747 4435; x_wconf 92' lang='lat' dir='ltr'><strong>in</strong></span> <span class='ocrx_word' id='word_1_562' title='bbox 2779 4378 3009 4435; x_wconf 86' lang='lat' dir='ltr'><strong>Christo</strong></span> <span class='ocrx_word' id='word_1_563' title='bbox 3059 4380 3257 4446; x_wconf 88' lang='lat' dir='ltr'><strong>frater,</strong></span> <span class='ocrx_word' id='word_1_564' title='bbox 3289 4379 3608 4435; x_wconf 87' lang='lat' dir='ltr'><strong>strenuita-</strong></span> 
     </span>
    </p>
   </div>
   <div class='ocr_carea' id='block_1_94' title="bbox 188 4467 3610 4559">
    <p class='ocr_par' dir='ltr' id='par_1_94' title="bbox 188 4467 3610 4559">
     <span class='ocr_line' id='line_1_94' title="bbox 188 4467 3610 4559; baseline -0.001 -31"><span class='ocrx_word' id='word_1_565' title='bbox 188 4469 512 4528; x_wconf 64' lang='lat' dir='ltr'><strong>Dominicis</strong></span> <span class='ocrx_word' id='word_1_566' title='bbox 564 4468 989 4525; x_wconf 91' lang='lat' dir='ltr'><strong>lncarnationis</strong></span> <span class='ocrx_word' id='word_1_567' title='bbox 1023 4468 1181 4537; x_wconf 76' lang='lat'><strong>1098,</strong></span> <span class='ocrx_word' id='word_1_568' title='bbox 1214 4468 1594 4541; x_wconf 83' lang='lat' dir='ltr'><strong>pontiï¬catus</strong></span> <span class='ocrx_word' id='word_1_569' title='bbox 1650 4477 1844 4528; x_wconf 90' lang='lat' dir='ltr'><strong>autem</strong></span> <span class='ocrx_word' id='word_1_570' title='bbox 1874 4494 1922 4559; x_wconf 71' lang='grc' dir='ltr'><strong>Î’</strong></span> <span class='ocrx_word' id='word_1_571' title='bbox 1953 4474 2070 4526; x_wconf 90' lang='lat' dir='ltr'><strong>tem</strong></span> <span class='ocrx_word' id='word_1_572' title='bbox 2103 4470 2413 4538; x_wconf 91' lang='lat' dir='ltr'><strong>miramur,</strong></span> <span class='ocrx_word' id='word_1_573' title='bbox 2444 4469 2564 4525; x_wconf 92' lang='lat' dir='ltr'><strong>imo</strong></span> <span class='ocrx_word' id='word_1_574' title='bbox 2594 4468 3029 4541; x_wconf 91' lang='lat' dir='ltr'><strong>aliquantulum</strong></span> <span class='ocrx_word' id='word_1_575' title='bbox 3079 4468 3234 4523; x_wconf 90' lang='lat' dir='ltr'><strong>circa</strong></span> <span class='ocrx_word' id='word_1_576' title='bbox 3264 4467 3497 4540; x_wconf 88' lang='lat' dir='ltr'><strong>pietatis</strong></span> <span class='ocrx_word' id='word_1_577' title='bbox 3524 4468 3610 4524; x_wconf 88' lang='lat' dir='ltr'><strong>vi-</strong></span> 
     </span>
    </p>
   </div>
   <div class='ocr_carea' id='block_1_95' title="bbox 190 4556 1043 4630">
    <p class='ocr_par' dir='ltr' id='par_1_95' title="bbox 190 4556 1043 4630">
     <span class='ocr_line' id='line_1_95' title="bbox 190 4556 1043 4630; baseline -0.006 -13"><span class='ocrx_word' id='word_1_578' title='bbox 190 4559 419 4617; x_wconf 87' lang='lat' dir='ltr'><strong>domini</strong></span> <span class='ocrx_word' id='word_1_579' title='bbox 455 4557 672 4614; x_wconf 89' lang='lat' dir='ltr'><strong>Urbani</strong></span> <span class='ocrx_word' id='word_1_580' title='bbox 703 4556 752 4612; x_wconf 84' lang='lat' dir='ltr'><strong>Il</strong></span> <span class='ocrx_word' id='word_1_581' title='bbox 774 4574 936 4630; x_wconf 64' lang='lat' dir='ltr'><strong>papa;</strong></span> <span class='ocrx_word' id='word_1_582' title='bbox 965 4575 1043 4613; x_wconf 74' lang='grc' dir='ltr'><strong>Ï‡Î¹.</strong></span> 
     </span>
    </p>
   </div>
   <div class='ocr_carea' id='block_1_96' title="bbox 854 4624 1201 4719">
    <p class='ocr_par' dir='ltr' id='par_1_96' title="bbox 854 4624 1201 4719">
     <span class='ocr_line' id='line_1_96' title="bbox 854 4624 1201 4719; baseline -0.003 -1"><span class='ocrx_word' id='word_1_583' title='bbox 854 4624 1201 4719; x_wconf 60' lang='grc' dir='ltr'><strong>á½¸Ï‚Ï‡Î¹Î½Î·Î¹â€™</strong></span> 
     </span>
    </p>
   </div>
   <div class='ocr_carea' id='block_1_97' title="bbox 193 4752 1851 4827">
    <p class='ocr_par' dir='ltr' id='par_1_97' title="bbox 193 4752 1851 4827">
     <span class='ocr_line' id='line_1_97' title="bbox 193 4752 1851 4827; baseline -0.001 -15"><span class='ocrx_word' id='word_1_584' title='bbox 193 4756 405 4814; x_wconf 80' lang='lat' dir='ltr'><strong>Urbani</strong></span> <span class='ocrx_word' id='word_1_585' title='bbox 432 4756 487 4811; x_wconf 88' lang='lat' dir='ltr'><strong><em>II</em></strong></span> <span class='ocrx_word' id='word_1_586' title='bbox 512 4754 738 4827; x_wconf 76' lang='lat' dir='ltr'><strong>epistola</strong></span> <span class='ocrx_word' id='word_1_587' title='bbox 767 4753 838 4809; x_wconf 89' lang='lat' dir='ltr'><strong>ad</strong></span> <span class='ocrx_word' id='word_1_588' title='bbox 869 4753 1167 4808; x_wconf 84' lang='lat' dir='ltr'><strong>Manassem</strong></span> <span class='ocrx_word' id='word_1_589' title='bbox 1199 4756 1514 4808; x_wconf 79' lang='lat' dir='ltr'><strong>Remcnsem</strong></span> <span class='ocrx_word' id='word_1_590' title='bbox 1557 4752 1851 4826; x_wconf 76' lang='lat' dir='ltr'><strong>archiepis-</strong></span> 
     </span>
    </p>
   </div>
   <div class='ocr_carea' id='block_1_98' title="bbox 917 4839 1126 4895">
    <p class='ocr_par' dir='ltr' id='par_1_98' title="bbox 917 4839 1126 4895">
     <span class='ocr_line' id='line_1_98' title="bbox 917 4839 1126 4895; baseline -0.005 -18"><span class='ocrx_word' id='word_1_591' title='bbox 917 4839 1126 4895; x_wconf 73' lang='lat' dir='ltr'><strong>rapum.</strong></span> 
     </span>
    </p>
   </div>
   <div class='ocr_carea' id='block_1_99' title="bbox 820 4912 1229 4983">
    <p class='ocr_par' dir='ltr' id='par_1_99' title="bbox 820 4912 1229 4983">
     <span class='ocr_line' id='line_1_99' title="bbox 820 4912 1229 4983; baseline 0 -18"><span class='ocrx_word' id='word_1_592' title='bbox 820 4914 1011 4983; x_wconf 83' lang='lat' dir='ltr'><strong>(Anno</strong></span> <span class='ocrx_word' id='word_1_593' title='bbox 1047 4912 1229 4981; x_wconf 86' lang='grc'><strong>1098.)</strong></span> 
     </span>
    </p>
   </div>
   <div class='ocr_carea' id='block_1_100' title="bbox 198 5000 1610 5075">
    <p class='ocr_par' dir='ltr' id='par_1_100' title="bbox 198 5000 1610 5075">
     <span class='ocr_line' id='line_1_100' title="bbox 198 5000 1610 5075; baseline -0.002 -16"><span class='ocrx_word' id='word_1_594' title='bbox 198 5068 205 5075; x_wconf 46' lang='grc'><em>,</em></span> <span class='ocrx_word' id='word_1_595' title='bbox 428 5003 690 5075; x_wconf 74' lang='grc' dir='ltr'><strong>[Î’Î‘Î¹Ï…Î–.,</strong></span> <span class='ocrx_word' id='word_1_596' title='bbox 725 5000 949 5056; x_wconf 72' lang='lat' dir='ltr'><strong>Misceâ€.</strong></span> <span class='ocrx_word' id='word_1_597' title='bbox 982 5000 1122 5056; x_wconf 89' lang='lat' dir='ltr'><strong>edit.</strong></span> <span class='ocrx_word' id='word_1_598' title='bbox 1161 5000 1323 5069; x_wconf 90' lang='lat' dir='ltr'><strong>Luc.,</strong></span> <span class='ocrx_word' id='word_1_599' title='bbox 1357 5000 1430 5067; x_wconf 88' lang='lat' dir='ltr'><strong>Il,</strong></span> <span class='ocrx_word' id='word_1_600' title='bbox 1460 5001 1610 5073; x_wconf 69' lang='lat'><strong>444.]</strong></span> 
     </span>
    </p>
   </div>
   <div class='ocr_carea' id='block_1_101' title="bbox 219 5090 1849 5162">
    <p class='ocr_par' dir='ltr' id='par_1_101' title="bbox 219 5090 1849 5162">
     <span class='ocr_line' id='line_1_101' title="bbox 219 5090 1849 5162; baseline -0.002 -12"><span class='ocrx_word' id='word_1_601' title='bbox 219 5157 223 5160; x_wconf 51' lang='grc'><strong>,</strong></span> <span class='ocrx_word' id='word_1_602' title='bbox 265 5092 548 5150; x_wconf 68' lang='lat' dir='ltr'><strong>Unemus</strong></span> <span class='ocrx_word' id='word_1_603' title='bbox 578 5090 912 5162; x_wconf 90' lang='lat' dir='ltr'><strong>episcopus,</strong></span> <span class='ocrx_word' id='word_1_604' title='bbox 960 5104 1164 5145; x_wconf 88' lang='lat' dir='ltr'><strong>servus</strong></span> <span class='ocrx_word' id='word_1_605' title='bbox 1208 5103 1505 5145; x_wconf 90' lang='lat' dir='ltr'><strong>servorum</strong></span> <span class='ocrx_word' id='word_1_606' title='bbox 1537 5090 1660 5159; x_wconf 88' lang='lat' dir='ltr'><strong>Dei,</strong></span> <span class='ocrx_word' id='word_1_607' title='bbox 1694 5106 1849 5147; x_wconf 89' lang='lat' dir='ltr'><strong>reve-</strong></span> 
     </span>
    </p>
   </div>
   <div class='ocr_carea' id='block_1_102' title="bbox 192 5165 1851 5249">
    <p class='ocr_par' dir='ltr' id='par_1_102' title="bbox 192 5165 1851 5249">
     <span class='ocr_line' id='line_1_102' title="bbox 192 5165 1851 5249; baseline -0.002 -11"><span class='ocrx_word' id='word_1_608' title='bbox 192 5165 536 5239; x_wconf 70' lang='lat' dir='ltr'><strong>rentisSimo</strong></span> <span class='ocrx_word' id='word_1_609' title='bbox 566 5177 730 5234; x_wconf 86' lang='lat' dir='ltr'><strong>fratri</strong></span> <span class='ocrx_word' id='word_1_610' title='bbox 763 5181 821 5233; x_wconf 90' lang='lat' dir='ltr'><strong>et</strong></span> <span class='ocrx_word' id='word_1_611' title='bbox 851 5175 1190 5249; x_wconf 90' lang='lat' dir='ltr'><strong>coepiscopo</strong></span> <span class='ocrx_word' id='word_1_612' title='bbox 1222 5176 1514 5246; x_wconf 79' lang='lat' dir='ltr'><strong>MANASSE,</strong></span> <span class='ocrx_word' id='word_1_613' title='bbox 1579 5179 1851 5236; x_wconf 85' lang='lat' dir='ltr'><strong>Remensi</strong></span> 
     </span>
    </p>
   </div>
   <div class='ocr_carea' id='block_1_103' title="bbox 188 5254 1851 5344">
    <p class='ocr_par' dir='ltr' id='par_1_103' title="bbox 188 5254 1851 5344">
     <span class='ocr_line' id='line_1_103' title="bbox 188 5254 1851 5344; baseline -0.005 -14"><span class='ocrx_word' id='word_1_614' title='bbox 188 5254 662 5344; x_wconf 84' lang='lat' dir='ltr'><strong>archiepiscopo,</strong></span> <span class='ocrx_word' id='word_1_615' title='bbox 696 5264 945 5321; x_wconf 90' lang='lat' dir='ltr'><strong>salutem</strong></span> <span class='ocrx_word' id='word_1_616' title='bbox 980 5268 1037 5320; x_wconf 88' lang='lat' dir='ltr'><strong>et</strong></span> <span class='ocrx_word' id='word_1_617' title='bbox 1078 5263 1454 5337; x_wconf 89' lang='lat' dir='ltr'><strong>apostolicam</strong></span> <span class='ocrx_word' id='word_1_618' title='bbox 1504 5266 1851 5323; x_wconf 90' lang='lat' dir='ltr'><strong>benedictio-</strong></span> 
     </span>
    </p>
   </div>
   <div class='ocr_carea' id='block_1_104' title="bbox 182 5379 336 5421">
    <p class='ocr_par' dir='ltr' id='par_1_104' title="bbox 182 5379 336 5421">
     <span class='ocr_line' id='line_1_104' title="bbox 182 5379 336 5421; baseline -0.019 -2"><span class='ocrx_word' id='word_1_619' title='bbox 182 5379 313 5421; x_wconf 89' lang='lat' dir='ltr'><strong>nem</strong></span> <span class='ocrx_word' id='word_1_620' title='bbox 326 5405 336 5416; x_wconf 93' lang='lat'><strong>.</strong></span> 
     </span>
    </p>
   </div>
   <div class='ocr_carea' id='block_1_105' title="bbox 248 5440 1851 5521">
    <p class='ocr_par' dir='ltr' id='par_1_105' title="bbox 248 5440 1851 5521">
     <span class='ocr_line' id='line_1_105' title="bbox 248 5440 1851 5521; baseline -0.005 -13"><span class='ocrx_word' id='word_1_621' title='bbox 248 5448 548 5521; x_wconf 86' lang='lat' dir='ltr'><strong>Quamvis</strong></span> <span class='ocrx_word' id='word_1_622' title='bbox 600 5440 944 5499; x_wconf 90' lang='lat' dir='ltr'><strong>clericorum</strong></span> <span class='ocrx_word' id='word_1_623' title='bbox 1001 5440 1477 5498; x_wconf 90' lang='lat' dir='ltr'><strong>Noviomensium</strong></span> <span class='ocrx_word' id='word_1_624' title='bbox 1526 5443 1750 5500; x_wconf 86' lang='lat' dir='ltr'><strong>litteras</strong></span> <span class='ocrx_word' id='word_1_625' title='bbox 1782 5444 1851 5500; x_wconf 88' lang='lat' dir='ltr'><strong>de</strong></span> 
     </span>
    </p>
   </div>
   <div class='ocr_carea' id='block_1_106' title="bbox 166 5529 1851 5609">
    <p class='ocr_par' dir='ltr' id='par_1_106' title="bbox 166 5529 1851 5609">
     <span class='ocr_line' id='line_1_106' title="bbox 166 5529 1851 5609; baseline -0.011 -3"><span class='ocrx_word' id='word_1_626' title='bbox 166 5532 589 5606; x_wconf 35' lang='lat' dir='ltr'><strong>&quot;Tornacensis</strong></span> <span class='ocrx_word' id='word_1_627' title='bbox 621 5529 889 5597; x_wconf 67' lang='lat' dir='ltr'><strong>Ecclesia:</strong></span> <span class='ocrx_word' id='word_1_628' title='bbox 928 5529 1335 5607; x_wconf 84' lang='lat' dir='ltr'><strong>conjunctione</strong></span> <span class='ocrx_word' id='word_1_629' title='bbox 1383 5530 1559 5593; x_wconf 84' lang='lat' dir='ltr'><strong>falsas</strong></span> <span class='ocrx_word' id='word_1_630' title='bbox 1591 5550 1659 5592; x_wconf 80' lang='lat' dir='ltr'><strong>ex</strong></span> <span class='ocrx_word' id='word_1_631' title='bbox 1689 5536 1851 5609; x_wconf 84' lang='lat' dir='ltr'><strong>parte</strong></span> 
     </span>
    </p>
   </div>
   <div class='ocr_carea' id='block_1_107' title="bbox 1955 4555 3605 4627">
    <p class='ocr_par' dir='ltr' id='par_1_107' title="bbox 1955 4555 3605 4627">
     <span class='ocr_line' id='line_1_107' title="bbox 1955 4555 3605 4627; baseline -0.001 -13"><span class='ocrx_word' id='word_1_632' title='bbox 1955 4575 2120 4615; x_wconf 91' lang='lat' dir='ltr'><strong>scera</strong></span> <span class='ocrx_word' id='word_1_633' title='bbox 2153 4558 2454 4626; x_wconf 89' lang='lat' dir='ltr'><strong>timemus,</strong></span> <span class='ocrx_word' id='word_1_634' title='bbox 2489 4575 2560 4614; x_wconf 90' lang='lat' dir='ltr'><strong>ne</strong></span> <span class='ocrx_word' id='word_1_635' title='bbox 2620 4556 2971 4614; x_wconf 79' lang='lat' dir='ltr'><strong>incurrentia</strong></span> <span class='ocrx_word' id='word_1_636' title='bbox 3029 4555 3242 4613; x_wconf 87' lang='lat' dir='ltr'><strong>erroris</strong></span> <span class='ocrx_word' id='word_1_637' title='bbox 3299 4556 3605 4627; x_wconf 86' lang='lat' dir='ltr'><strong>persuasio</strong></span> 
     </span>
    </p>
   </div>
   <div class='ocr_carea' id='block_1_108' title="bbox 1952 4643 3609 4719">
    <p class='ocr_par' dir='ltr' id='par_1_108' title="bbox 1952 4643 3609 4719">
     <span class='ocr_line' id='line_1_108' title="bbox 1952 4643 3609 4719; baseline -0.002 -18"><span class='ocrx_word' id='word_1_638' title='bbox 1952 4646 2105 4703; x_wconf 83' lang='lat' dir='ltr'><strong>infra</strong></span> <span class='ocrx_word' id='word_1_639' title='bbox 2134 4646 2454 4719; x_wconf 65' lang='lat' dir='ltr'><strong>praecordia</strong></span> <span class='ocrx_word' id='word_1_640' title='bbox 2502 4644 2859 4716; x_wconf 85' lang='lat' dir='ltr'><strong>jamdudum</strong></span> <span class='ocrx_word' id='word_1_641' title='bbox 2912 4646 3019 4701; x_wconf 88' lang='lat' dir='ltr'><strong>tibi</strong></span> <span class='ocrx_word' id='word_1_642' title='bbox 3052 4643 3417 4717; x_wconf 89' lang='lat' dir='ltr'><strong>pollulasset,</strong></span> <span class='ocrx_word' id='word_1_643' title='bbox 3452 4643 3609 4717; x_wconf 92' lang='lat' dir='ltr'><strong>quod</strong></span> 
     </span>
    </p>
   </div>
   <div class='ocr_carea' id='block_1_109' title="bbox 1958 4731 3614 4806">
    <p class='ocr_par' dir='ltr' id='par_1_109' title="bbox 1958 4731 3614 4806">
     <span class='ocr_line' id='line_1_109' title="bbox 1958 4731 3614 4806; baseline -0.001 -17"><span class='ocrx_word' id='word_1_644' title='bbox 1958 4734 2150 4801; x_wconf 91' lang='lat' dir='ltr'><strong>absit;</strong></span> <span class='ocrx_word' id='word_1_645' title='bbox 2185 4733 2657 4806; x_wconf 88' lang='lat' dir='ltr'><strong>quandoquidem</strong></span> <span class='ocrx_word' id='word_1_646' title='bbox 2693 4749 2797 4805; x_wconf 90' lang='lat' dir='ltr'><strong>per</strong></span> <span class='ocrx_word' id='word_1_647' title='bbox 2854 4731 3161 4804; x_wconf 89' lang='lat' dir='ltr'><strong>utriusque</strong></span> <span class='ocrx_word' id='word_1_648' title='bbox 3193 4748 3367 4787; x_wconf 85' lang='lat' dir='ltr'><strong>sexus</strong></span> <span class='ocrx_word' id='word_1_649' title='bbox 3410 4731 3614 4788; x_wconf 81' lang='lat' dir='ltr'><strong>fideles</strong></span> 
     </span>
    </p>
   </div>
   <div class='ocr_carea' id='block_1_110' title="bbox 1960 4820 3615 4894">
    <p class='ocr_par' dir='ltr' id='par_1_110' title="bbox 1960 4820 3615 4894">
     <span class='ocr_line' id='line_1_110' title="bbox 1960 4820 3615 4894; baseline -0.001 -17"><span class='ocrx_word' id='word_1_650' title='bbox 1960 4820 2264 4893; x_wconf 89' lang='lat' dir='ltr'><strong>religiosos</strong></span> <span class='ocrx_word' id='word_1_651' title='bbox 2293 4822 2574 4878; x_wconf 87' lang='lat' dir='ltr'><strong>veraciter</strong></span> <span class='ocrx_word' id='word_1_652' title='bbox 2606 4822 2709 4878; x_wconf 92' lang='lat' dir='ltr'><strong>tibi</strong></span> <span class='ocrx_word' id='word_1_653' title='bbox 2735 4827 3036 4894; x_wconf 89' lang='lat' dir='ltr'><strong>exoptatos</strong></span> <span class='ocrx_word' id='word_1_654' title='bbox 3054 4820 3364 4894; x_wconf 89' lang='lat' dir='ltr'><strong>aliquoties</strong></span> <span class='ocrx_word' id='word_1_655' title='bbox 3382 4825 3615 4878; x_wconf 86' lang='lat' dir='ltr'><strong>nostras</strong></span> 
     </span>
    </p>
   </div>
   <div class='ocr_carea' id='block_1_111' title="bbox 1959 4907 3610 4981">
    <p class='ocr_par' dir='ltr' id='par_1_111' title="bbox 1959 4907 3610 4981">
     <span class='ocr_line' id='line_1_111' title="bbox 1959 4907 3610 4981; baseline -0.001 -16"><span class='ocrx_word' id='word_1_656' title='bbox 1959 4910 2281 4965; x_wconf 85' lang='lat' dir='ltr'><strong>direximus</strong></span> <span class='ocrx_word' id='word_1_657' title='bbox 2339 4908 2563 4965; x_wconf 89' lang='lat' dir='ltr'><strong>litteras</strong></span> <span class='ocrx_word' id='word_1_658' title='bbox 2619 4914 2755 4978; x_wconf 67' lang='lat' dir='ltr'><strong>tuae,</strong></span> <span class='ocrx_word' id='word_1_659' title='bbox 2808 4913 2873 4964; x_wconf 92' lang='lat' dir='ltr'><strong>ut</strong></span> <span class='ocrx_word' id='word_1_660' title='bbox 2929 4925 3257 4981; x_wconf 89' lang='lat' dir='ltr'><strong>speramus,</strong></span> <span class='ocrx_word' id='word_1_661' title='bbox 3318 4907 3610 4975; x_wconf 82' lang='lat' dir='ltr'><strong>fidelitati,</strong></span> 
     </span>
    </p>
   </div>
   <div class='ocr_carea' id='block_1_112' title="bbox 1959 4996 3613 5071">
    <p class='ocr_par' dir='ltr' id='par_1_112' title="bbox 1959 4996 3613 5071">
     <span class='ocr_line' id='line_1_112' title="bbox 1959 4996 3613 5071; baseline -0.001 -17"><span class='ocrx_word' id='word_1_662' title='bbox 1959 4998 2325 5069; x_wconf 89' lang='lat' dir='ltr'><strong>nullumque,</strong></span> <span class='ocrx_word' id='word_1_663' title='bbox 2359 5002 2460 5053; x_wconf 90' lang='lat' dir='ltr'><strong>aut</strong></span> <span class='ocrx_word' id='word_1_664' title='bbox 2516 5015 2758 5071; x_wconf 90' lang='lat' dir='ltr'><strong>prorsus</strong></span> <span class='ocrx_word' id='word_1_665' title='bbox 2817 5015 2969 5067; x_wconf 89' lang='lat' dir='ltr'><strong>raro,</strong></span> <span class='ocrx_word' id='word_1_666' title='bbox 3029 4998 3114 5054; x_wconf 89' lang='lat' dir='ltr'><strong>uti</strong></span> <span class='ocrx_word' id='word_1_667' title='bbox 3174 4996 3352 5054; x_wconf 88' lang='lat' dir='ltr'><strong>talem</strong></span> <span class='ocrx_word' id='word_1_668' title='bbox 3391 5014 3457 5054; x_wconf 91' lang='lat' dir='ltr'><strong>ac</strong></span> <span class='ocrx_word' id='word_1_669' title='bbox 3490 5003 3613 5055; x_wconf 90' lang='lat' dir='ltr'><strong>tam</strong></span> 
     </span>
    </p>
   </div>
   <div class='ocr_carea' id='block_1_113' title="bbox 1959 5085 3612 5158">
    <p class='ocr_par' dir='ltr' id='par_1_113' title="bbox 1959 5085 3612 5158">
     <span class='ocr_line' id='line_1_113' title="bbox 1959 5085 3612 5158; baseline -0.002 -14"><span class='ocrx_word' id='word_1_670' title='bbox 1959 5092 2290 5153; x_wconf 88' lang='lat' dir='ltr'><strong>strenuum,</strong></span> <span class='ocrx_word' id='word_1_671' title='bbox 2344 5088 2509 5143; x_wconf 89' lang='lat' dir='ltr'><strong>decet</strong></span> <span class='ocrx_word' id='word_1_672' title='bbox 2534 5087 2748 5155; x_wconf 92' lang='lat' dir='ltr'><strong>virum,</strong></span> <span class='ocrx_word' id='word_1_673' title='bbox 2782 5086 2949 5143; x_wconf 91' lang='lat' dir='ltr'><strong>nobis</strong></span> <span class='ocrx_word' id='word_1_674' title='bbox 2980 5085 3193 5142; x_wconf 90' lang='lat' dir='ltr'><strong>dedisti</strong></span> <span class='ocrx_word' id='word_1_675' title='bbox 3241 5102 3612 5158; x_wconf 88' lang='lat' dir='ltr'><strong>responsum.</strong></span> 
     </span>
    </p>
   </div>
   <div class='ocr_carea' id='block_1_114' title="bbox 1957 5174 3613 5249">
    <p class='ocr_par' dir='ltr' id='par_1_114' title="bbox 1957 5174 3613 5249">
     <span class='ocr_line' id='line_1_114' title="bbox 1957 5174 3613 5249; baseline -0.003 -16"><span class='ocrx_word' id='word_1_676' title='bbox 1957 5177 2105 5233; x_wconf 87' lang='lat' dir='ltr'><strong>Cave</strong></span> <span class='ocrx_word' id='word_1_677' title='bbox 2134 5191 2290 5249; x_wconf 85' lang='lat' dir='ltr'><strong>ergo,</strong></span> <span class='ocrx_word' id='word_1_678' title='bbox 2323 5192 2456 5231; x_wconf 92' lang='lat' dir='ltr'><strong>cave</strong></span> <span class='ocrx_word' id='word_1_679' title='bbox 2486 5174 2748 5243; x_wconf 89' lang='lat' dir='ltr'><strong>interim,</strong></span> <span class='ocrx_word' id='word_1_680' title='bbox 2784 5191 3003 5247; x_wconf 76' lang='lat' dir='ltr'><strong>quasso,</strong></span> <span class='ocrx_word' id='word_1_681' title='bbox 3039 5190 3111 5229; x_wconf 92' lang='lat' dir='ltr'><strong>ne</strong></span> <span class='ocrx_word' id='word_1_682' title='bbox 3170 5174 3386 5231; x_wconf 90' lang='lat' dir='ltr'><strong>collum</strong></span> <span class='ocrx_word' id='word_1_683' title='bbox 3443 5181 3613 5229; x_wconf 88' lang='lat' dir='ltr'><strong>tuum</strong></span> 
     </span>
    </p>
   </div>
   <div class='ocr_carea' id='block_1_115' title="bbox 1958 5263 3613 5336">
    <p class='ocr_par' dir='ltr' id='par_1_115' title="bbox 1958 5263 3613 5336">
     <span class='ocr_line' id='line_1_115' title="bbox 1958 5263 3613 5336; baseline -0.004 -14"><span class='ocrx_word' id='word_1_684' title='bbox 1958 5265 2247 5322; x_wconf 90' lang='lat' dir='ltr'><strong>Pharaoni</strong></span> <span class='ocrx_word' id='word_1_685' title='bbox 2278 5264 2567 5320; x_wconf 89' lang='lat' dir='ltr'><strong>subdatur</strong></span> <span class='ocrx_word' id='word_1_686' title='bbox 2615 5280 2730 5336; x_wconf 93' lang='lat' dir='ltr'><strong>quo</strong></span> <span class='ocrx_word' id='word_1_687' title='bbox 2788 5264 3089 5320; x_wconf 87' lang='lat' dir='ltr'><strong>decidente</strong></span> <span class='ocrx_word' id='word_1_688' title='bbox 3146 5263 3323 5319; x_wconf 87' lang='lat' dir='ltr'><strong>veteri</strong></span> <span class='ocrx_word' id='word_1_689' title='bbox 3381 5270 3613 5317; x_wconf 89' lang='lat' dir='ltr'><strong>contro-</strong></span> 
     </span>
    </p>
   </div>
   <div class='ocr_carea' id='block_1_116' title="bbox 1956 5352 3612 5426">
    <p class='ocr_par' dir='ltr' id='par_1_116' title="bbox 1956 5352 3612 5426">
     <span class='ocr_line' id='line_1_116' title="bbox 1956 5352 3612 5426; baseline -0.005 -15"><span class='ocrx_word' id='word_1_690' title='bbox 1956 5354 2164 5423; x_wconf 89' lang='lat' dir='ltr'><strong>versia,</strong></span> <span class='ocrx_word' id='word_1_691' title='bbox 2201 5369 2350 5426; x_wconf 71' lang='lat' dir='ltr'><strong>quas,</strong></span> <span class='ocrx_word' id='word_1_692' title='bbox 2384 5352 2637 5425; x_wconf 87' lang='lat' dir='ltr'><strong>peccatis</strong></span> <span class='ocrx_word' id='word_1_693' title='bbox 2682 5352 2900 5409; x_wconf 90' lang='lat' dir='ltr'><strong>nostris</strong></span> <span class='ocrx_word' id='word_1_694' title='bbox 2957 5352 3345 5425; x_wconf 76' lang='lat' dir='ltr'><strong>exigentibus,</strong></span> <span class='ocrx_word' id='word_1_695' title='bbox 3397 5365 3612 5422; x_wconf 87' lang='lat' dir='ltr'><strong>magno</strong></span> 
     </span>
    </p>
   </div>
   <div class='ocr_carea' id='block_1_117' title="bbox 1959 5437 3612 5514">
    <p class='ocr_par' dir='ltr' id='par_1_117' title="bbox 1959 5437 3612 5514">
     <span class='ocr_line' id='line_1_117' title="bbox 1959 5437 3612 5514; baseline -0.004 -17"><span class='ocrx_word' id='word_1_696' title='bbox 1959 5442 2240 5513; x_wconf 90' lang='lat' dir='ltr'><strong>temporis</strong></span> <span class='ocrx_word' id='word_1_697' title='bbox 2272 5441 2460 5514; x_wconf 90' lang='lat' dir='ltr'><strong>spatio</strong></span> <span class='ocrx_word' id='word_1_698' title='bbox 2490 5440 2810 5498; x_wconf 80' lang='lat' dir='ltr'><strong>Ecclesiam</strong></span> <span class='ocrx_word' id='word_1_699' title='bbox 2870 5440 2974 5497; x_wconf 90' lang='lat' dir='ltr'><strong>Dei</strong></span> <span class='ocrx_word' id='word_1_700' title='bbox 3008 5455 3113 5512; x_wconf 91' lang='lat' dir='ltr'><strong>per</strong></span> <span class='ocrx_word' id='word_1_701' title='bbox 3175 5438 3405 5494; x_wconf 90' lang='lat' dir='ltr'><strong>diversa</strong></span> <span class='ocrx_word' id='word_1_702' title='bbox 3450 5437 3612 5492; x_wconf 90' lang='lat' dir='ltr'><strong>orbis</strong></span> 
     </span>
    </p>
   </div>
   <div class='ocr_carea' id='block_1_118' title="bbox 1960 5522 3606 5608">
    <p class='ocr_par' dir='ltr' id='par_1_118' title="bbox 1960 5522 3606 5608">
     <span class='ocr_line' id='line_1_118' title="bbox 1960 5522 3606 5608; baseline -0.006 -14"><span class='ocrx_word' id='word_1_703' title='bbox 1960 5528 2215 5605; x_wconf 82' lang='lat' dir='ltr'><strong>climata,</strong></span> <span class='ocrx_word' id='word_1_704' title='bbox 2248 5545 2395 5607; x_wconf 84' lang='lat' dir='ltr'><strong>pene</strong></span> <span class='ocrx_word' id='word_1_705' title='bbox 2441 5545 2545 5608; x_wconf 89' lang='lat' dir='ltr'><strong>per</strong></span> <span class='ocrx_word' id='word_1_706' title='bbox 2596 5528 2905 5589; x_wconf 86' lang='lat' dir='ltr'><strong>interiores</strong></span> <span class='ocrx_word' id='word_1_707' title='bbox 2961 5525 3250 5587; x_wconf 82' lang='lat' dir='ltr'><strong>medullas</strong></span> <span class='ocrx_word' id='word_1_708' title='bbox 3305 5522 3606 5608; x_wconf 74' lang='lat' dir='ltr'><strong>fatigavit;</strong></span> 
     </span>
    </p>
   </div>
  </div>
