  <div class='ocr_page' id='page_1' title='image "/cluster/home/n/w/nwhite01/storage/ocr_20150623/151/uva.x000829795/283.png"; bbox 0 0 3928 6208; ppageno 0'>
   <div class='ocr_carea' id='block_1_1' title="bbox 395 351 513 410">
    <p class='ocr_par' dir='ltr' id='par_1_1' title="bbox 395 351 513 410">
     <span class='ocr_line' id='line_1_1' title="bbox 395 351 513 410; baseline -0.017 0"><span class='ocrx_word' id='word_1_1' title='bbox 395 351 513 410; x_wconf 76' lang='lat' dir='ltr'><strong>5f9</strong></span> 
     </span>
    </p>
   </div>
   <div class='ocr_carea' id='block_1_2' title="bbox 1695 341 2500 404">
    <p class='ocr_par' dir='ltr' id='par_1_2' title="bbox 1695 341 2500 404">
     <span class='ocr_line' id='line_1_2' title="bbox 1695 341 2500 404; baseline -0.005 -1"><span class='ocrx_word' id='word_1_2' title='bbox 1695 345 1764 403; x_wconf 86' lang='grc' dir='ltr'><strong>Β.</strong></span> <span class='ocrx_word' id='word_1_3' title='bbox 1812 343 2105 404; x_wconf 80' lang='lat' dir='ltr'><strong>URBANI</strong></span> <span class='ocrx_word' id='word_1_4' title='bbox 2155 343 2201 401; x_wconf 87' lang='lat' dir='ltr'><strong>ll</strong></span> <span class='ocrx_word' id='word_1_5' title='bbox 2253 341 2500 401; x_wconf 75' lang='grc' dir='ltr'><strong>ΡΑΡιΕ.</strong></span> 
     </span>
    </p>
   </div>
   <div class='ocr_carea' id='block_1_3' title="bbox 3680 308 3818 398">
    <p class='ocr_par' dir='ltr' id='par_1_3' title="bbox 3680 308 3818 398">
     <span class='ocr_line' id='line_1_3' title="bbox 3680 308 3818 398; baseline 0.022 -3"><span class='ocrx_word' id='word_1_6' title='bbox 3680 308 3818 398; x_wconf 69' lang='lat'><strong>5&#39;20</strong></span> 
     </span>
    </p>
   </div>
   <div class='ocr_carea' id='block_1_4' title="bbox 391 462 3818 550">
    <p class='ocr_par' dir='ltr' id='par_1_4' title="bbox 391 462 3818 550">
     <span class='ocr_line' id='line_1_4' title="bbox 391 462 3818 550; baseline -0.004 -12"><span class='ocrx_word' id='word_1_7' title='bbox 391 479 552 538; x_wconf 90' lang='lat' dir='ltr'><strong>salvo</strong></span> <span class='ocrx_word' id='word_1_8' title='bbox 583 483 778 536; x_wconf 87' lang='lat' dir='ltr'><strong>tamen</strong></span> <span class='ocrx_word' id='word_1_9' title='bbox 803 492 1123 550; x_wconf 89' lang='lat' dir='ltr'><strong>paucorum</strong></span> <span class='ocrx_word' id='word_1_10' title='bbox 1152 473 1427 532; x_wconf 88' lang='lat' dir='ltr'><strong>interiore</strong></span> <span class='ocrx_word' id='word_1_11' title='bbox 1447 474 1704 543; x_wconf 83' lang='lat' dir='ltr'><strong>nomine,</strong></span> <span class='ocrx_word' id='word_1_12' title='bbox 1733 473 1868 530; x_wconf 87' lang='lat' dir='ltr'><strong>Baal</strong></span> <span class='ocrx_word' id='word_1_13' title='bbox 1901 491 2038 545; x_wconf 86' lang='lat' dir='ltr'><strong>pau-</strong></span> <span class='ocrx_word' id='word_1_14' title='bbox 2069 476 2122 542; x_wconf 76' lang='grc' dir='ltr'><strong>Α</strong></span> <span class='ocrx_word' id='word_1_15' title='bbox 2151 471 2411 544; x_wconf 88' lang='lat' dir='ltr'><strong>qualibet</strong></span> <span class='ocrx_word' id='word_1_16' title='bbox 2439 489 2539 528; x_wconf 90' lang='lat' dir='ltr'><strong>eas</strong></span> <span class='ocrx_word' id='word_1_17' title='bbox 2561 473 2770 528; x_wconf 83' lang='lat' dir='ltr'><strong>audeat</strong></span> <span class='ocrx_word' id='word_1_18' title='bbox 2793 489 2827 528; x_wconf 91' lang='lat' dir='ltr'><strong>a</strong></span> <span class='ocrx_word' id='word_1_19' title='bbox 2855 470 3076 545; x_wconf 68' lang='lat' dir='ltr'><strong>praefati</strong></span> <span class='ocrx_word' id='word_1_20' title='bbox 3098 469 3436 527; x_wconf 86' lang='lat' dir='ltr'><strong>monasterii</strong></span> <span class='ocrx_word' id='word_1_21' title='bbox 3449 462 3818 543; x_wconf 84' lang='lat' dir='ltr'><strong>proprietate</strong></span> 
     </span>
    </p>
   </div>
   <div class='ocr_carea' id='block_1_5' title="bbox 387 563 2037 626">
    <p class='ocr_par' dir='ltr' id='par_1_5' title="bbox 387 563 2037 626">
     <span class='ocr_line' id='line_1_5' title="bbox 387 563 2037 626; baseline -0.005 0"><span class='ocrx_word' id='word_1_22' title='bbox 387 569 556 626; x_wconf 83' lang='lat' dir='ltr'>latim</span> <span class='ocrx_word' id='word_1_23' title='bbox 609 568 892 624; x_wconf 88' lang='lat' dir='ltr'><strong>confusus</strong></span> <span class='ocrx_word' id='word_1_24' title='bbox 922 571 1010 623; x_wconf 90' lang='lat' dir='ltr'><strong>est</strong></span> <span class='ocrx_word' id='word_1_25' title='bbox 1057 569 1113 622; x_wconf 89' lang='lat' dir='ltr'><strong>et</strong></span> <span class='ocrx_word' id='word_1_26' title='bbox 1145 565 1363 620; x_wconf 89' lang='lat' dir='ltr'><strong>mundo</strong></span> <span class='ocrx_word' id='word_1_27' title='bbox 1421 564 1695 620; x_wconf 88' lang='lat' dir='ltr'><strong>absordet</strong></span> <span class='ocrx_word' id='word_1_28' title='bbox 1751 563 2037 620; x_wconf 87' lang='lat' dir='ltr'><strong>donorum</strong></span> 
     </span>
    </p>
   </div>
   <div class='ocr_carea' id='block_1_6' title="bbox 389 651 2036 732">
    <p class='ocr_par' dir='ltr' id='par_1_6' title="bbox 389 651 2036 732">
     <span class='ocr_line' id='line_1_6' title="bbox 389 651 2036 732; baseline -0.007 -17"><span class='ocrx_word' id='word_1_29' title='bbox 389 657 646 732; x_wconf 81' lang='lat' dir='ltr'><strong>episcopi</strong></span> <span class='ocrx_word' id='word_1_30' title='bbox 679 655 866 712; x_wconf 86' lang='lat' dir='ltr'><strong>sancti</strong></span> <span class='ocrx_word' id='word_1_31' title='bbox 895 653 1302 711; x_wconf 87' lang='lat' dir='ltr'><strong>fraudulentus</strong></span> <span class='ocrx_word' id='word_1_32' title='bbox 1332 652 1736 710; x_wconf 88' lang='lat' dir='ltr'><strong>mercator.Tu</strong></span> <span class='ocrx_word' id='word_1_33' title='bbox 1757 668 1892 724; x_wconf 89' lang='lat' dir='ltr'><strong>ergo</strong></span> <span class='ocrx_word' id='word_1_34' title='bbox 1913 651 2036 723; x_wconf 90' lang='lat' dir='ltr'><strong>qui,</strong></span> 
     </span>
    </p>
   </div>
   <div class='ocr_carea' id='block_1_7' title="bbox 390 741 2034 812">
    <p class='ocr_par' dir='ltr' id='par_1_7' title="bbox 390 741 2034 812">
     <span class='ocr_line' id='line_1_7' title="bbox 390 741 2034 812; baseline -0.006 -8"><span class='ocrx_word' id='word_1_35' title='bbox 390 751 454 804; x_wconf 88' lang='lat' dir='ltr'><strong>ut</strong></span> <span class='ocrx_word' id='word_1_36' title='bbox 486 765 520 803; x_wconf 90' lang='lat' dir='ltr'><strong>a</strong></span> <span class='ocrx_word' id='word_1_37' title='bbox 549 747 686 812; x_wconf 90' lang='lat' dir='ltr'><strong>Deo,</strong></span> <span class='ocrx_word' id='word_1_38' title='bbox 719 745 801 802; x_wconf 88' lang='lat' dir='ltr'><strong>ita</strong></span> <span class='ocrx_word' id='word_1_39' title='bbox 829 749 886 800; x_wconf 92' lang='lat' dir='ltr'><strong>et</strong></span> <span class='ocrx_word' id='word_1_40' title='bbox 932 745 1006 800; x_wconf 89' lang='lat' dir='ltr'><strong>ab</strong></span> <span class='ocrx_word' id='word_1_41' title='bbox 1055 743 1396 798; x_wconf 89' lang='lat' dir='ltr'><strong>hominibus</strong></span> <span class='ocrx_word' id='word_1_42' title='bbox 1453 741 1686 798; x_wconf 85' lang='lat' dir='ltr'>culmen</span> <span class='ocrx_word' id='word_1_43' title='bbox 1739 741 2034 812; x_wconf 87' lang='lat' dir='ltr'><strong>accepisti,</strong></span> 
     </span>
    </p>
   </div>
   <div class='ocr_carea' id='block_1_8' title="bbox 388 830 2038 910">
    <p class='ocr_par' dir='ltr' id='par_1_8' title="bbox 388 830 2038 910">
     <span class='ocr_line' id='line_1_8' title="bbox 388 830 2038 910; baseline -0.004 -17"><span class='ocrx_word' id='word_1_44' title='bbox 388 837 544 909; x_wconf 90' lang='lat' dir='ltr'><strong>quod</strong></span> <span class='ocrx_word' id='word_1_45' title='bbox 574 835 856 910; x_wconf 84' lang='lat' dir='ltr'><strong>magistro</strong></span> <span class='ocrx_word' id='word_1_46' title='bbox 881 831 1299 906; x_wconf 81' lang='lat' dir='ltr'><strong>apostolorum,</strong></span> <span class='ocrx_word' id='word_1_47' title='bbox 1333 831 1502 903; x_wconf 86' lang='lat' dir='ltr'><strong>cujus</strong></span> <span class='ocrx_word' id='word_1_48' title='bbox 1549 830 1733 886; x_wconf 86' lang='lat' dir='ltr'><strong>vicem</strong></span> <span class='ocrx_word' id='word_1_49' title='bbox 1793 830 2038 902; x_wconf 90' lang='lat' dir='ltr'><strong>adeptus</strong></span> 
     </span>
    </p>
   </div>
   <div class='ocr_carea' id='block_1_9' title="bbox 387 919 2036 997">
    <p class='ocr_par' dir='ltr' id='par_1_9' title="bbox 387 919 2036 997">
     <span class='ocr_line' id='line_1_9' title="bbox 387 919 2036 997; baseline -0.005 -15"><span class='ocrx_word' id='word_1_50' title='bbox 387 943 473 992; x_wconf 91' lang='lat' dir='ltr'><strong>es,</strong></span> <span class='ocrx_word' id='word_1_51' title='bbox 501 925 744 997; x_wconf 84' lang='lat' dir='ltr'><strong>suisque</strong></span> <span class='ocrx_word' id='word_1_52' title='bbox 765 919 1206 980; x_wconf 83' lang='lat' dir='ltr'><strong>successoribus</strong></span> <span class='ocrx_word' id='word_1_53' title='bbox 1234 919 1618 992; x_wconf 86' lang='lat' dir='ltr'><strong>spopondisti.</strong></span> <span class='ocrx_word' id='word_1_54' title='bbox 1639 919 1798 986; x_wconf 89' lang='lat' dir='ltr'><strong>Quod</strong></span> <span class='ocrx_word' id='word_1_55' title='bbox 1834 919 1884 975; x_wconf 92' lang='lat' dir='ltr'>si</span> <span class='ocrx_word' id='word_1_56' title='bbox 1907 935 2036 991; x_wconf 83' lang='lat' dir='ltr'><strong>per-</strong></span> 
     </span>
    </p>
   </div>
   <div class='ocr_carea' id='block_1_10' title="bbox 387 1007 2036 1072">
    <p class='ocr_par' dir='ltr' id='par_1_10' title="bbox 387 1007 2036 1072">
     <span class='ocr_line' id='line_1_10' title="bbox 387 1007 2036 1072; baseline -0.005 0"><span class='ocrx_word' id='word_1_57' title='bbox 387 1031 649 1072; x_wconf 85' lang='lat' dir='ltr'><strong>severare</strong></span> <span class='ocrx_word' id='word_1_58' title='bbox 678 1011 870 1068; x_wconf 84' lang='lat' dir='ltr'><strong>valeas</strong></span> <span class='ocrx_word' id='word_1_59' title='bbox 933 1011 1130 1067; x_wconf 89' lang='lat' dir='ltr'><strong>salvus</strong></span> <span class='ocrx_word' id='word_1_60' title='bbox 1155 1007 1291 1066; x_wconf 90' lang='lat' dir='ltr'><strong>eris.</strong></span> <span class='ocrx_word' id='word_1_61' title='bbox 1349 1009 1530 1066; x_wconf 87' lang='lat' dir='ltr'><strong>Nemo</strong></span> <span class='ocrx_word' id='word_1_62' title='bbox 1581 1009 1736 1065; x_wconf 92' lang='lat' dir='ltr'><strong>enim</strong></span> <span class='ocrx_word' id='word_1_63' title='bbox 1795 1007 2036 1064; x_wconf 89' lang='lat' dir='ltr'><strong>mittens</strong></span> 
     </span>
    </p>
   </div>
   <div class='ocr_carea' id='block_1_11' title="bbox 387 1097 2034 1171">
    <p class='ocr_par' dir='ltr' id='par_1_11' title="bbox 387 1097 2034 1171">
     <span class='ocr_line' id='line_1_11' title="bbox 387 1097 2034 1171; baseline -0.005 -11"><span class='ocrx_word' id='word_1_64' title='bbox 387 1119 629 1160; x_wconf 89' lang='lat' dir='ltr'><strong>manum</strong></span> <span class='ocrx_word' id='word_1_65' title='bbox 661 1118 828 1158; x_wconf 89' lang='lat' dir='ltr'><strong>suam</strong></span> <span class='ocrx_word' id='word_1_66' title='bbox 861 1100 922 1156; x_wconf 90' lang='lat' dir='ltr'><strong>in</strong></span> <span class='ocrx_word' id='word_1_67' title='bbox 954 1104 1239 1165; x_wconf 81' lang='lat' dir='ltr'><strong>aratrum,</strong></span> <span class='ocrx_word' id='word_1_68' title='bbox 1270 1098 1320 1154; x_wconf 93' lang='lat' dir='ltr'><strong>si</strong></span> <span class='ocrx_word' id='word_1_69' title='bbox 1370 1102 1522 1154; x_wconf 87' lang='lat' dir='ltr'><strong>retro</strong></span> <span class='ocrx_word' id='word_1_70' title='bbox 1581 1097 1918 1171; x_wconf 87' lang='lat' dir='ltr'><strong>prospiciat,</strong></span> <span class='ocrx_word' id='word_1_71' title='bbox 1952 1097 2034 1152; x_wconf 84' lang='lat' dir='ltr'><strong>fa-</strong></span> 
     </span>
    </p>
   </div>
   <div class='ocr_carea' id='block_1_12' title="bbox 384 1185 2034 1261">
    <p class='ocr_par' dir='ltr' id='par_1_12' title="bbox 384 1185 2034 1261">
     <span class='ocr_line' id='line_1_12' title="bbox 384 1185 2034 1261; baseline -0.004 -13"><span class='ocrx_word' id='word_1_72' title='bbox 384 1192 546 1248; x_wconf 88' lang='lat' dir='ltr'>ciens</span> <span class='ocrx_word' id='word_1_73' title='bbox 575 1191 864 1261; x_wconf 88' lang='lat' dir='ltr'><strong>injustum</strong></span> <span class='ocrx_word' id='word_1_74' title='bbox 896 1187 1149 1256; x_wconf 89' lang='lat' dir='ltr'>sulcum,</span> <span class='ocrx_word' id='word_1_75' title='bbox 1175 1189 1348 1258; x_wconf 88' lang='lat' dir='ltr'><strong>aptus</strong></span> <span class='ocrx_word' id='word_1_76' title='bbox 1369 1191 1455 1243; x_wconf 88' lang='lat' dir='ltr'><strong>est</strong></span> <span class='ocrx_word' id='word_1_77' title='bbox 1488 1203 1664 1260; x_wconf 89' lang='lat' dir='ltr'><strong>regno</strong></span> <span class='ocrx_word' id='word_1_78' title='bbox 1694 1187 1794 1243; x_wconf 88' lang='lat' dir='ltr'>Dei</span> <span class='ocrx_word' id='word_1_79' title='bbox 1821 1204 1832 1255; x_wconf 94' lang='lat'>;</span> <span class='ocrx_word' id='word_1_80' title='bbox 1857 1189 1915 1242; x_wconf 89' lang='lat' dir='ltr'><strong>et</strong></span> <span class='ocrx_word' id='word_1_81' title='bbox 1934 1185 2034 1258; x_wconf 87' lang='lat' dir='ltr'><strong>qui</strong></span> 
     </span>
    </p>
   </div>
   <div class='ocr_carea' id='block_1_13' title="bbox 384 1275 2034 1353">
    <p class='ocr_par' dir='ltr' id='par_1_13' title="bbox 384 1275 2034 1353">
     <span class='ocr_line' id='line_1_13' title="bbox 384 1275 2034 1353; baseline -0.003 -17"><span class='ocrx_word' id='word_1_82' title='bbox 384 1279 878 1353; x_wconf 66' lang='lat' dir='ltr'><strong>tetigeritpicem,</strong></span> <span class='ocrx_word' id='word_1_83' title='bbox 938 1275 1346 1350; x_wconf 90' lang='lat' dir='ltr'><strong>inquinabitur</strong></span> <span class='ocrx_word' id='word_1_84' title='bbox 1389 1276 1460 1332; x_wconf 89' lang='lat' dir='ltr'><strong>ab</strong></span> <span class='ocrx_word' id='word_1_85' title='bbox 1509 1293 1596 1332; x_wconf 88' lang='lat' dir='ltr'><strong>ea.</strong></span> <span class='ocrx_word' id='word_1_86' title='bbox 1629 1275 1780 1332; x_wconf 87' lang='lat' dir='ltr'><strong>Sunt</strong></span> <span class='ocrx_word' id='word_1_87' title='bbox 1837 1279 2034 1332; x_wconf 88' lang='lat' dir='ltr'><strong>autem</strong></span> 
     </span>
    </p>
   </div>
   <div class='ocr_carea' id='block_1_14' title="bbox 382 1365 2034 1437">
    <p class='ocr_par' dir='ltr' id='par_1_14' title="bbox 382 1365 2034 1437">
     <span class='ocr_line' id='line_1_14' title="bbox 382 1365 2034 1437; baseline -0.002 -13"><span class='ocrx_word' id='word_1_88' title='bbox 382 1367 497 1425; x_wconf 88' lang='lat' dir='ltr'><strong>alia</strong></span> <span class='ocrx_word' id='word_1_89' title='bbox 526 1385 642 1424; x_wconf 94' lang='lat' dir='ltr'>non</span> <span class='ocrx_word' id='word_1_90' title='bbox 664 1367 902 1424; x_wconf 88' lang='lat' dir='ltr'><strong>modulo</strong></span> <span class='ocrx_word' id='word_1_91' title='bbox 934 1367 1213 1425; x_wconf 69' lang='lat' dir='ltr'><strong>chartulae</strong></span> <span class='ocrx_word' id='word_1_92' title='bbox 1244 1366 1730 1433; x_wconf 90' lang='lat' dir='ltr'><strong>commendanda,</strong></span> <span class='ocrx_word' id='word_1_93' title='bbox 1759 1382 1887 1437; x_wconf 66' lang='lat' dir='ltr'><strong>quas</strong></span> <span class='ocrx_word' id='word_1_94' title='bbox 1923 1365 2034 1420; x_wconf 90' lang='lat' dir='ltr'><strong>Deo</strong></span> 
     </span>
    </p>
   </div>
   <div class='ocr_carea' id='block_1_15' title="bbox 379 1453 2037 1532">
    <p class='ocr_par' dir='ltr' id='par_1_15' title="bbox 379 1453 2037 1532">
     <span class='ocr_line' id='line_1_15' title="bbox 379 1453 2037 1532; baseline -0.003 -20"><span class='ocrx_word' id='word_1_95' title='bbox 379 1457 726 1530; x_wconf 85' lang='lat' dir='ltr'><strong>disponente</strong></span> <span class='ocrx_word' id='word_1_96' title='bbox 755 1474 1012 1530; x_wconf 75' lang='lat' dir='ltr'><strong>praesens</strong></span> <span class='ocrx_word' id='word_1_97' title='bbox 1044 1458 1274 1532; x_wconf 80' lang='lat' dir='ltr'><strong>legatus</strong></span> <span class='ocrx_word' id='word_1_98' title='bbox 1295 1458 1488 1516; x_wconf 87' lang='lat' dir='ltr'><strong>verbis</strong></span> <span class='ocrx_word' id='word_1_99' title='bbox 1517 1454 1645 1512; x_wconf 90' lang='lat' dir='ltr'><strong>auri</strong></span> <span class='ocrx_word' id='word_1_100' title='bbox 1667 1457 1886 1510; x_wconf 85' lang='lat' dir='ltr'><strong>secrete</strong></span> <span class='ocrx_word' id='word_1_101' title='bbox 1907 1453 2037 1508; x_wconf 87' lang='lat' dir='ltr'><strong>inti-</strong></span> 
     </span>
    </p>
   </div>
   <div class='ocr_carea' id='block_1_16' title="bbox 380 1541 2034 1618">
    <p class='ocr_par' dir='ltr' id='par_1_16' title="bbox 380 1541 2034 1618">
     <span class='ocr_line' id='line_1_16' title="bbox 380 1541 2034 1618; baseline -0.002 -16"><span class='ocrx_word' id='word_1_102' title='bbox 380 1546 586 1613; x_wconf 85' lang='lat' dir='ltr'><strong>mabit,</strong></span> <span class='ocrx_word' id='word_1_103' title='bbox 621 1563 749 1618; x_wconf 68' lang='lat' dir='ltr'><strong>quae</strong></span> <span class='ocrx_word' id='word_1_104' title='bbox 783 1563 1094 1618; x_wconf 87' lang='lat' dir='ltr'><strong>precamur</strong></span> <span class='ocrx_word' id='word_1_105' title='bbox 1122 1548 1364 1605; x_wconf 85' lang='lat' dir='ltr'><strong>honeste</strong></span> <span class='ocrx_word' id='word_1_106' title='bbox 1399 1545 1664 1602; x_wconf 87' lang='lat' dir='ltr'><strong>remittas</strong></span> <span class='ocrx_word' id='word_1_107' title='bbox 1685 1541 2034 1616; x_wconf 85' lang='lat' dir='ltr'><strong>quantocius</strong></span> 
     </span>
    </p>
   </div>
   <div class='ocr_carea' id='block_1_17' title="bbox 380 1632 2031 1708">
    <p class='ocr_par' dir='ltr' id='par_1_17' title="bbox 380 1632 2031 1708">
     <span class='ocr_line' id='line_1_17' title="bbox 380 1632 2031 1708; baseline -0.002 -18"><span class='ocrx_word' id='word_1_108' title='bbox 380 1636 618 1708; x_wconf 87' lang='lat' dir='ltr'><strong>poteris.</strong></span> <span class='ocrx_word' id='word_1_109' title='bbox 653 1633 954 1692; x_wconf 86' lang='lat' dir='ltr'><strong>Gloriosus</strong></span> <span class='ocrx_word' id='word_1_110' title='bbox 984 1636 1137 1694; x_wconf 89' lang='lat' dir='ltr'><strong>Deus</strong></span> <span class='ocrx_word' id='word_1_111' title='bbox 1163 1641 1421 1694; x_wconf 87' lang='lat' dir='ltr'>mentem</span> <span class='ocrx_word' id='word_1_112' title='bbox 1443 1639 1606 1690; x_wconf 86' lang='lat' dir='ltr'><strong>tuam</strong></span> <span class='ocrx_word' id='word_1_113' title='bbox 1638 1637 1811 1704; x_wconf 85' lang='lat' dir='ltr'><strong>atque</strong></span> <span class='ocrx_word' id='word_1_114' title='bbox 1843 1632 2031 1704; x_wconf 83' lang='lat' dir='ltr'><strong>provi-</strong></span> 
     </span>
    </p>
   </div>
   <div class='ocr_carea' id='block_1_18' title="bbox 378 1723 896 1780">
    <p class='ocr_par' dir='ltr' id='par_1_18' title="bbox 378 1723 896 1780">
     <span class='ocr_line' id='line_1_18' title="bbox 378 1723 896 1780; baseline 0 -2"><span class='ocrx_word' id='word_1_115' title='bbox 378 1723 514 1780; x_wconf 90' lang='lat' dir='ltr'><strong>deat</strong></span> <span class='ocrx_word' id='word_1_116' title='bbox 543 1727 678 1778; x_wconf 91' lang='lat' dir='ltr'><strong>tuos</strong></span> <span class='ocrx_word' id='word_1_117' title='bbox 710 1728 896 1779; x_wconf 90' lang='lat' dir='ltr'><strong>actus.</strong></span> 
     </span>
    </p>
   </div>
   <div class='ocr_carea' id='block_1_19' title="bbox 1112 1813 1292 1870">
    <p class='ocr_par' dir='ltr' id='par_1_19' title="bbox 1112 1813 1292 1870">
     <span class='ocr_line' id='line_1_19' title="bbox 1112 1813 1292 1870; baseline 0.006 -1"><span class='ocrx_word' id='word_1_118' title='bbox 1112 1813 1292 1870; x_wconf 79' lang='lat' dir='ltr'><strong>CCLI.</strong></span> 
     </span>
    </p>
   </div>
   <div class='ocr_carea' id='block_1_20' title="bbox 383 1901 2028 1970">
    <p class='ocr_par' dir='ltr' id='par_1_20' title="bbox 383 1901 2028 1970">
     <span class='ocr_line' id='line_1_20' title="bbox 383 1901 2028 1970; baseline -0.003 -12"><span class='ocrx_word' id='word_1_119' title='bbox 383 1901 632 1958; x_wconf 79' lang='lat' dir='ltr'><strong>Urbanus</strong></span> <span class='ocrx_word' id='word_1_120' title='bbox 687 1901 738 1956; x_wconf 83' lang='lat' dir='ltr'><strong>II</strong></span> <span class='ocrx_word' id='word_1_121' title='bbox 794 1905 1229 1970; x_wconf 78' lang='lat' dir='ltr'><strong>llartmannum,</strong></span> <span class='ocrx_word' id='word_1_122' title='bbox 1289 1903 1537 1958; x_wconf 79' lang='lat' dir='ltr'><strong>abbatem</strong></span> <span class='ocrx_word' id='word_1_123' title='bbox 1603 1901 2028 1966; x_wconf 78' lang='lat' dir='ltr'><strong>Gottwicensem,</strong></span> 
     </span>
    </p>
   </div>
   <div class='ocr_carea' id='block_1_21' title="bbox 453 1971 2032 2046">
    <p class='ocr_par' dir='ltr' id='par_1_21' title="bbox 453 1971 2032 2046">
     <span class='ocr_line' id='line_1_21' title="bbox 453 1971 2032 2046; baseline 0 -20"><span class='ocrx_word' id='word_1_124' title='bbox 453 1994 478 2046; x_wconf 68' lang='grc' dir='ltr'><em>ᾳ</em></span> <span class='ocrx_word' id='word_1_125' title='bbox 517 1971 847 2046; x_wconf 68' lang='lat' dir='ltr'><strong>Gebehardo,</strong></span> <span class='ocrx_word' id='word_1_126' title='bbox 876 1973 1278 2030; x_wconf 76' lang='lat' dir='ltr'><strong>Constantiensi</strong></span> <span class='ocrx_word' id='word_1_127' title='bbox 1307 1975 1568 2046; x_wconf 82' lang='lat' dir='ltr'><strong>episcopo,</strong></span> <span class='ocrx_word' id='word_1_128' title='bbox 1623 1973 1680 2028; x_wconf 80' lang='lat' dir='ltr'><strong>in</strong></span> <span class='ocrx_word' id='word_1_129' title='bbox 1737 1971 2032 2044; x_wconf 85' lang='lat' dir='ltr'><strong>apostolica</strong></span> 
     </span>
    </p>
   </div>
   <div class='ocr_carea' id='block_1_22' title="bbox 449 2044 1449 2116">
    <p class='ocr_par' dir='ltr' id='par_1_22' title="bbox 449 2044 1449 2116">
     <span class='ocr_line' id='line_1_22' title="bbox 449 2044 1449 2116; baseline 0.003 -16"><span class='ocrx_word' id='word_1_130' title='bbox 449 2045 724 2114; x_wconf 74' lang='lat' dir='ltr'><strong>legatione</strong></span> <span class='ocrx_word' id='word_1_131' title='bbox 755 2044 1062 2116; x_wconf 83' lang='lat' dir='ltr'><strong>adjutorem</strong></span> <span class='ocrx_word' id='word_1_132' title='bbox 1087 2044 1393 2102; x_wconf 73' lang='lat' dir='ltr'><strong>constituit.</strong></span> <span class='ocrx_word' id='word_1_133' title='bbox 1420 2067 1449 2095; x_wconf 91' lang='lat'>»</span> 
     </span>
    </p>
   </div>
   <div class='ocr_carea' id='block_1_23' title="bbox 841 2134 1542 2205">
    <p class='ocr_par' dir='ltr' id='par_1_23' title="bbox 841 2134 1542 2205">
     <span class='ocr_line' id='line_1_23' title="bbox 841 2134 1542 2205; baseline 0 -17"><span class='ocrx_word' id='word_1_134' title='bbox 841 2135 1027 2204; x_wconf 88' lang='lat' dir='ltr'><strong>(lntra</strong></span> <span class='ocrx_word' id='word_1_135' title='bbox 1055 2151 1151 2191; x_wconf 90' lang='lat' dir='ltr'><strong>an.</strong></span> <span class='ocrx_word' id='word_1_136' title='bbox 1185 2134 1542 2205; x_wconf 63' lang='grc'>10884099.)</span> 
     </span>
    </p>
   </div>
   <div class='ocr_carea' id='block_1_24' title="bbox 381 2221 2030 2306">
    <p class='ocr_par' dir='ltr' id='par_1_24' title="bbox 381 2221 2030 2306">
     <span class='ocr_line' id='line_1_24' title="bbox 381 2221 2030 2306; baseline 0 -30"><span class='ocrx_word' id='word_1_137' title='bbox 381 2221 548 2292; x_wconf 89' lang='lat' dir='ltr'>[Vide</span> <span class='ocrx_word' id='word_1_138' title='bbox 577 2223 706 2277; x_wconf 77' lang='lat' dir='ltr'><strong>Acta</strong></span> <span class='ocrx_word' id='word_1_139' title='bbox 757 2225 1265 2306; x_wconf 39' lang='lat' dir='ltr'><strong>sanctorum,.Aug.</strong></span> <span class='ocrx_word' id='word_1_140' title='bbox 1300 2227 1343 2279; x_wconf 89' lang='lat' dir='ltr'><strong>t.</strong></span> <span class='ocrx_word' id='word_1_141' title='bbox 1385 2223 1474 2306; x_wconf 45' lang='lat' dir='ltr'><strong>.I-l,</strong></span> <span class='ocrx_word' id='word_1_142' title='bbox 1502 2239 1565 2306; x_wconf 75' lang='lat' dir='ltr'><strong>_p.</strong></span> <span class='ocrx_word' id='word_1_143' title='bbox 1599 2222 1726 2306; x_wconf 60' lang='lat'><strong>3:76,</strong></span> <span class='ocrx_word' id='word_1_144' title='bbox 1783 2221 1843 2276; x_wconf 91' lang='lat' dir='ltr'><strong>in</strong></span> <span class='ocrx_word' id='word_1_145' title='bbox 1898 2221 2030 2277; x_wconf 88' lang='lat' dir='ltr'><strong>Vita</strong></span> 
     </span>
    </p>
   </div>
   <div class='ocr_carea' id='block_1_25' title="bbox 767 2293 1638 2368">
    <p class='ocr_par' dir='ltr' id='par_1_25' title="bbox 767 2293 1638 2368">
     <span class='ocr_line' id='line_1_25' title="bbox 767 2293 1638 2368; baseline 0 -20"><span class='ocrx_word' id='word_1_146' title='bbox 767 2293 1122 2363; x_wconf 83' lang='lat' dir='ltr'><strong>Altemanni,</strong></span> <span class='ocrx_word' id='word_1_147' title='bbox 1143 2293 1399 2368; x_wconf 87' lang='lat' dir='ltr'>episcopi</span> <span class='ocrx_word' id='word_1_148' title='bbox 1421 2293 1638 2365; x_wconf 56' lang='lat' dir='ltr'><strong>Petam]</strong></span> 
     </span>
    </p>
   </div>
   <div class='ocr_carea' id='block_1_26' title="bbox 1105 2383 1308 2439">
    <p class='ocr_par' dir='ltr' id='par_1_26' title="bbox 1105 2383 1308 2439">
     <span class='ocr_line' id='line_1_26' title="bbox 1105 2383 1308 2439; baseline 0.005 -2"><span class='ocrx_word' id='word_1_149' title='bbox 1105 2383 1308 2439; x_wconf 88' lang='lat' dir='ltr'><strong>CCLlI.</strong></span> 
     </span>
    </p>
   </div>
   <div class='ocr_carea' id='block_1_27' title="bbox 379 2469 2030 2544">
    <p class='ocr_par' dir='ltr' id='par_1_27' title="bbox 379 2469 2030 2544">
     <span class='ocr_line' id='line_1_27' title="bbox 379 2469 2030 2544; baseline 0 -17"><span class='ocrx_word' id='word_1_150' title='bbox 379 2469 628 2527; x_wconf 78' lang='lat' dir='ltr'><strong>Urbanus</strong></span> <span class='ocrx_word' id='word_1_151' title='bbox 653 2472 708 2527; x_wconf 50' lang='lat' dir='ltr'><strong>&quot;II</strong></span> <span class='ocrx_word' id='word_1_152' title='bbox 733 2473 1056 2544; x_wconf 69' lang='lat' dir='ltr'><strong>monasterii</strong></span> <span class='ocrx_word' id='word_1_153' title='bbox 1087 2472 1454 2528; x_wconf 81' lang='lat' dir='ltr'><strong>Gottwioensis</strong></span> <span class='ocrx_word' id='word_1_154' title='bbox 1471 2473 2030 2544; x_wconf 77' lang='lat' dir='ltr'><strong>privilegia,royante</strong></span> 
     </span>
    </p>
   </div>
   <div class='ocr_carea' id='block_1_28' title="bbox 748 2543 1668 2613">
    <p class='ocr_par' dir='ltr' id='par_1_28' title="bbox 748 2543 1668 2613">
     <span class='ocr_line' id='line_1_28' title="bbox 748 2543 1668 2613; baseline 0 -15"><span class='ocrx_word' id='word_1_155' title='bbox 748 2543 1086 2600; x_wconf 77' lang='lat' dir='ltr'><strong>Hartmanno</strong></span> <span class='ocrx_word' id='word_1_156' title='bbox 1115 2545 1327 2612; x_wconf 78' lang='lat' dir='ltr'><strong>abbate,</strong></span> <span class='ocrx_word' id='word_1_157' title='bbox 1363 2543 1668 2613; x_wconf 76' lang='lat' dir='ltr'><strong>conﬁrmat.</strong></span> 
     </span>
    </p>
   </div>
   <div class='ocr_carea' id='block_1_29' title="bbox 865 2631 1555 2704">
    <p class='ocr_par' dir='ltr' id='par_1_29' title="bbox 865 2631 1555 2704">
     <span class='ocr_line' id='line_1_29' title="bbox 865 2631 1555 2704; baseline 0.003 -18"><span class='ocrx_word' id='word_1_158' title='bbox 865 2632 1046 2704; x_wconf 88' lang='lat' dir='ltr'><strong>(Intra</strong></span> <span class='ocrx_word' id='word_1_159' title='bbox 1066 2649 1160 2688; x_wconf 87' lang='lat' dir='ltr'><strong>an.</strong></span> <span class='ocrx_word' id='word_1_160' title='bbox 1191 2631 1555 2704; x_wconf 51' lang='lat'><strong>408871099.)</strong></span> 
     </span>
    </p>
   </div>
   <div class='ocr_carea' id='block_1_30' title="bbox 678 2719 1744 2792">
    <p class='ocr_par' dir='ltr' id='par_1_30' title="bbox 678 2719 1744 2792">
     <span class='ocr_line' id='line_1_30' title="bbox 678 2719 1744 2792; baseline 0 -19"><span class='ocrx_word' id='word_1_161' title='bbox 678 2719 844 2790; x_wconf 79' lang='lat' dir='ltr'><strong>[Vide</strong></span> <span class='ocrx_word' id='word_1_162' title='bbox 875 2723 1014 2776; x_wconf 76' lang='lat' dir='ltr'><strong>Acta</strong></span> <span class='ocrx_word' id='word_1_163' title='bbox 1042 2727 1352 2777; x_wconf 84' lang='lat' dir='ltr'><strong>sanctorum</strong></span> <span class='ocrx_word' id='word_1_164' title='bbox 1382 2720 1482 2775; x_wconf 91' lang='lat' dir='ltr'><strong>ubi</strong></span> <span class='ocrx_word' id='word_1_165' title='bbox 1515 2719 1744 2792; x_wconf 84' lang='lat' dir='ltr'><strong>supra.]</strong></span> 
     </span>
    </p>
   </div>
   <div class='ocr_carea' id='block_1_31' title="bbox 1093 2809 1324 2864">
    <p class='ocr_par' dir='ltr' id='par_1_31' title="bbox 1093 2809 1324 2864">
     <span class='ocr_line' id='line_1_31' title="bbox 1093 2809 1324 2864; baseline -0.004 0"><span class='ocrx_word' id='word_1_166' title='bbox 1093 2809 1324 2864; x_wconf 83' lang='lat' dir='ltr'><strong>CCLIIl.</strong></span> 
     </span>
    </p>
   </div>
   <div class='ocr_carea' id='block_1_32' title="bbox 374 2895 2028 2970">
    <p class='ocr_par' dir='ltr' id='par_1_32' title="bbox 374 2895 2028 2970">
     <span class='ocr_line' id='line_1_32' title="bbox 374 2895 2028 2970; baseline 0.002 -20"><span class='ocrx_word' id='word_1_167' title='bbox 374 2895 736 2964; x_wconf 82' lang='lat' dir='ltr'><strong>Privitegium</strong></span> <span class='ocrx_word' id='word_1_168' title='bbox 791 2898 1159 2952; x_wconf 81' lang='lat' dir='ltr'><strong>immanitatis</strong></span> <span class='ocrx_word' id='word_1_169' title='bbox 1215 2895 1558 2970; x_wconf 79' lang='lat' dir='ltr'><strong>Shafhusano</strong></span> <span class='ocrx_word' id='word_1_170' title='bbox 1617 2897 1675 2951; x_wconf 84' lang='lat' dir='ltr'><strong>in</strong></span> <span class='ocrx_word' id='word_1_171' title='bbox 1732 2899 2028 2968; x_wconf 83' lang='lat' dir='ltr'><strong>Hirsaugia</strong></span> 
     </span>
    </p>
   </div>
   <div class='ocr_carea' id='block_1_33' title="bbox 855 2970 1546 3024">
    <p class='ocr_par' dir='ltr' id='par_1_33' title="bbox 855 2970 1546 3024">
     <span class='ocr_line' id='line_1_33' title="bbox 855 2970 1546 3024; baseline 0.003 -3"><span class='ocrx_word' id='word_1_172' title='bbox 855 2970 1182 3024; x_wconf 77' lang='lat' dir='ltr'><strong>monasterio</strong></span> <span class='ocrx_word' id='word_1_173' title='bbox 1211 2984 1546 3024; x_wconf 83' lang='lat' dir='ltr'><strong>concessum.</strong></span> 
     </span>
    </p>
   </div>
   <div class='ocr_carea' id='block_1_34' title="bbox 842 3056 1550 3122">
    <p class='ocr_par' dir='ltr' id='par_1_34' title="bbox 842 3056 1550 3122">
     <span class='ocr_line' id='line_1_34' title="bbox 842 3056 1550 3122; baseline 0 -12"><span class='ocrx_word' id='word_1_174' title='bbox 842 3056 1021 3122; x_wconf 87' lang='lat' dir='ltr'><strong>(Intra</strong></span> <span class='ocrx_word' id='word_1_175' title='bbox 1051 3073 1145 3110; x_wconf 88' lang='lat' dir='ltr'><strong>an.</strong></span> <span class='ocrx_word' id='word_1_176' title='bbox 1201 3057 1550 3112; x_wconf 57' lang='lat'><strong>1088-10993.</strong></span> 
     </span>
    </p>
   </div>
   <div class='ocr_carea' id='block_1_35' title="bbox 785 3127 1604 3198">
    <p class='ocr_par' dir='ltr' id='par_1_35' title="bbox 785 3127 1604 3198">
     <span class='ocr_line' id='line_1_35' title="bbox 785 3127 1604 3198; baseline -0.001 -16"><span class='ocrx_word' id='word_1_177' title='bbox 785 3127 1018 3198; x_wconf 52' lang='lat' dir='ltr'><strong>[Musa</strong></span> <span class='ocrx_word' id='word_1_178' title='bbox 1055 3128 1268 3185; x_wconf 83' lang='lat' dir='ltr'><strong>Concil.</strong></span> <span class='ocrx_word' id='word_1_179' title='bbox 1307 3127 1423 3194; x_wconf 88' lang='lat' dir='ltr'><strong>XX,</strong></span> <span class='ocrx_word' id='word_1_180' title='bbox 1456 3130 1604 3196; x_wconf 78' lang='lat'><strong>706.]</strong></span> 
     </span>
    </p>
   </div>
   <div class='ocr_carea' id='block_1_36' title="bbox 2059 1843 2108 1911">
    <p class='ocr_par' dir='ltr' id='par_1_36' title="bbox 2059 1843 2108 1911">
     <span class='ocr_line' id='line_1_36' title="bbox 2059 1843 2108 1911; baseline 0 0"><span class='ocrx_word' id='word_1_181' title='bbox 2059 1843 2108 1911; x_wconf 91' lang='lat' dir='ltr'><strong>B</strong></span> 
     </span>
    </p>
   </div>
   <div class='ocr_carea' id='block_1_37' title="bbox 2149 557 3818 632">
    <p class='ocr_par' dir='ltr' id='par_1_37' title="bbox 2149 557 3818 632">
     <span class='ocr_line' id='line_1_37' title="bbox 2149 557 3818 632; baseline -0.002 -15"><span class='ocrx_word' id='word_1_182' title='bbox 2149 561 2493 618; x_wconf 83' lang='lat' dir='ltr'><strong>subtrahere</strong></span> <span class='ocrx_word' id='word_1_183' title='bbox 2520 560 2608 618; x_wconf 88' lang='lat' dir='ltr'><strong>vel</strong></span> <span class='ocrx_word' id='word_1_184' title='bbox 2665 561 2940 629; x_wconf 88' lang='lat' dir='ltr'><strong>alienare,</strong></span> <span class='ocrx_word' id='word_1_185' title='bbox 2975 560 3075 618; x_wconf 90' lang='lat' dir='ltr'><strong>sed</strong></span> <span class='ocrx_word' id='word_1_186' title='bbox 3108 559 3168 616; x_wconf 91' lang='lat' dir='ltr'><strong>in</strong></span> <span class='ocrx_word' id='word_1_187' title='bbox 3211 576 3277 616; x_wconf 91' lang='lat' dir='ltr'><strong>eo</strong></span> <span class='ocrx_word' id='word_1_188' title='bbox 3337 557 3540 616; x_wconf 81' lang='lat' dir='ltr'><strong>ordine</strong></span> <span class='ocrx_word' id='word_1_189' title='bbox 3569 565 3818 632; x_wconf 84' lang='lat' dir='ltr'><strong>semper</strong></span> 
     </span>
    </p>
   </div>
   <div class='ocr_carea' id='block_1_38' title="bbox 2147 643 3814 724">
    <p class='ocr_par' dir='ltr' id='par_1_38' title="bbox 2147 643 3814 724">
     <span class='ocr_line' id='line_1_38' title="bbox 2147 643 3814 724; baseline -0.001 -18"><span class='ocrx_word' id='word_1_190' title='bbox 2147 655 2424 708; x_wconf 88' lang='lat' dir='ltr'><strong>maneant</strong></span> <span class='ocrx_word' id='word_1_191' title='bbox 2447 669 2460 719; x_wconf 92' lang='lat'>;</span> <span class='ocrx_word' id='word_1_192' title='bbox 2485 667 2602 724; x_wconf 87' lang='lat' dir='ltr'><strong>quo</strong></span> <span class='ocrx_word' id='word_1_193' title='bbox 2619 668 2653 706; x_wconf 89' lang='lat' dir='ltr'><strong>a</strong></span> <span class='ocrx_word' id='word_1_194' title='bbox 2671 650 3102 721; x_wconf 89' lang='lat' dir='ltr'><strong>te,charissime</strong></span> <span class='ocrx_word' id='word_1_195' title='bbox 3129 647 3216 705; x_wconf 86' lang='lat' dir='ltr'><strong>ﬁli</strong></span> <span class='ocrx_word' id='word_1_196' title='bbox 3231 647 3626 720; x_wconf 64' lang='lat' dir='ltr'><strong>N.,in‘stituta‘</strong></span> <span class='ocrx_word' id='word_1_197' title='bbox 3639 643 3814 716; x_wconf 77' lang='lat' dir='ltr'><strong>sunt,</strong></span> 
     </span>
    </p>
   </div>
   <div class='ocr_carea' id='block_1_39' title="bbox 2148 733 3813 797">
    <p class='ocr_par' dir='ltr' id='par_1_39' title="bbox 2148 733 3813 797">
     <span class='ocr_line' id='line_1_39' title="bbox 2148 733 3813 797; baseline -0.001 -3"><span class='ocrx_word' id='word_1_198' title='bbox 2148 756 2254 795; x_wconf 90' lang='lat' dir='ltr'><strong>nec</strong></span> <span class='ocrx_word' id='word_1_199' title='bbox 2285 740 2393 796; x_wconf 89' lang='lat' dir='ltr'><strong>tibi</strong></span> <span class='ocrx_word' id='word_1_200' title='bbox 2425 757 2531 796; x_wconf 90' lang='lat' dir='ltr'><strong>nec</strong></span> <span class='ocrx_word' id='word_1_201' title='bbox 2561 755 2970 797; x_wconf 86' lang='lat' dir='ltr'><strong>successorum</strong></span> <span class='ocrx_word' id='word_1_202' title='bbox 3001 744 3240 795; x_wconf 87' lang='lat' dir='ltr'><strong>tuorum</strong></span> <span class='ocrx_word' id='word_1_203' title='bbox 3269 735 3450 794; x_wconf 77' lang='lat' dir='ltr'><strong>alicui</strong></span> <span class='ocrx_word' id='word_1_204' title='bbox 3501 735 3676 793; x_wconf 80' lang='lat' dir='ltr'><strong>liceat</strong></span> <span class='ocrx_word' id='word_1_205' title='bbox 3700 733 3813 793; x_wconf 72' lang='lat' dir='ltr'><strong>eas</strong></span> 
     </span>
    </p>
   </div>
   <div class='ocr_carea' id='block_1_40' title="bbox 2146 817 3816 898">
    <p class='ocr_par' dir='ltr' id='par_1_40' title="bbox 2146 817 3816 898">
     <span class='ocr_line' id='line_1_40' title="bbox 2146 817 3816 898; baseline -0.001 -14"><span class='ocrx_word' id='word_1_206' title='bbox 2146 827 2492 898; x_wconf 85' lang='lat' dir='ltr'><strong>distrahere,</strong></span> <span class='ocrx_word' id='word_1_207' title='bbox 2525 828 2611 885; x_wconf 88' lang='lat' dir='ltr'><strong>vel</strong></span> <span class='ocrx_word' id='word_1_208' title='bbox 2663 845 2867 886; x_wconf 89' lang='lat' dir='ltr'><strong>earum</strong></span> <span class='ocrx_word' id='word_1_209' title='bbox 2905 829 3061 885; x_wconf 89' lang='lat' dir='ltr'><strong>bona</strong></span> <span class='ocrx_word' id='word_1_210' title='bbox 3115 831 3336 884; x_wconf 82' lang='lat' dir='ltr'><strong>temere</strong></span> <span class='ocrx_word' id='word_1_211' title='bbox 3365 829 3468 883; x_wconf 88' lang='lat' dir='ltr'><strong>aut</strong></span> <span class='ocrx_word' id='word_1_212' title='bbox 3517 817 3816 882; x_wconf 58' lang='lat' dir='ltr'><strong>violenter</strong></span> 
     </span>
    </p>
   </div>
   <div class='ocr_carea' id='block_1_41' title="bbox 2147 909 3811 990">
    <p class='ocr_par' dir='ltr' id='par_1_41' title="bbox 2147 909 3811 990">
     <span class='ocr_line' id='line_1_41' title="bbox 2147 909 3811 990; baseline -0.002 -16"><span class='ocrx_word' id='word_1_213' title='bbox 2147 917 2414 975; x_wconf 86' lang='lat' dir='ltr'><strong>minuere</strong></span> <span class='ocrx_word' id='word_1_214' title='bbox 2441 917 2528 975; x_wconf 91' lang='lat' dir='ltr'><strong>vel</strong></span> <span class='ocrx_word' id='word_1_215' title='bbox 2560 918 2807 975; x_wconf 87' lang='lat' dir='ltr'><strong>auferre.</strong></span> <span class='ocrx_word' id='word_1_216' title='bbox 2867 918 2925 975; x_wconf 90' lang='lat' dir='ltr'><strong>Si</strong></span> <span class='ocrx_word' id='word_1_217' title='bbox 2944 917 3091 990; x_wconf 77' lang='lat' dir='ltr'><strong>“quis</strong></span> <span class='ocrx_word' id='word_1_218' title='bbox 3121 932 3253 974; x_wconf 91' lang='lat' dir='ltr'><strong>vero</strong></span> <span class='ocrx_word' id='word_1_219' title='bbox 3281 915 3567 973; x_wconf 84' lang='lat' dir='ltr'><strong>hactenus</strong></span> <span class='ocrx_word' id='word_1_220' title='bbox 3596 909 3811 972; x_wconf 76' lang='lat' dir='ltr'><strong>eurum</strong></span> 
     </span>
    </p>
   </div>
   <div class='ocr_carea' id='block_1_42' title="bbox 2147 1003 3813 1081">
    <p class='ocr_par' dir='ltr' id='par_1_42' title="bbox 2147 1003 3813 1081">
     <span class='ocr_line' id='line_1_42' title="bbox 2147 1003 3813 1081; baseline -0.002 -17"><span class='ocrx_word' id='word_1_221' title='bbox 2147 1009 2475 1081; x_wconf 86' lang='lat' dir='ltr'><strong>quidquam</strong></span> <span class='ocrx_word' id='word_1_222' title='bbox 2500 1007 2952 1076; x_wconf 90' lang='lat' dir='ltr'><strong>abstulit,donec</strong></span> <span class='ocrx_word' id='word_1_223' title='bbox 2983 1003 3356 1074; x_wconf 86' lang='lat' dir='ltr'><strong>restituat,ab</strong></span> <span class='ocrx_word' id='word_1_224' title='bbox 3378 1003 3813 1078; x_wconf 82' lang='lat' dir='ltr'><strong>omnipotentis</strong></span> 
     </span>
    </p>
   </div>
   <div class='ocr_carea' id='block_1_43' title="bbox 2145 1091 3808 1170">
    <p class='ocr_par' dir='ltr' id='par_1_43' title="bbox 2145 1091 3808 1170">
     <span class='ocr_line' id='line_1_43' title="bbox 2145 1091 3808 1170; baseline -0.001 -18"><span class='ocrx_word' id='word_1_225' title='bbox 2145 1095 2246 1153; x_wconf 92' lang='lat' dir='ltr'><strong>Dei</strong></span> <span class='ocrx_word' id='word_1_226' title='bbox 2280 1097 2468 1170; x_wconf 84' lang='lat' dir='ltr'><strong>gratia</strong></span> <span class='ocrx_word' id='word_1_227' title='bbox 2521 1097 2750 1154; x_wconf 88' lang='lat' dir='ltr'><strong>alienus</strong></span> <span class='ocrx_word' id='word_1_228' title='bbox 2797 1095 3027 1154; x_wconf 84' lang='lat' dir='ltr'><strong>existat.</strong></span> <span class='ocrx_word' id='word_1_229' title='bbox 3085 1096 3370 1152; x_wconf 75' lang='lat' dir='ltr'><strong>Praeterea</strong></span> <span class='ocrx_word' id='word_1_230' title='bbox 3427 1103 3710 1151; x_wconf 87' lang='lat' dir='ltr'><strong>mansuro</strong></span> <span class='ocrx_word' id='word_1_231' title='bbox 3745 1091 3808 1150; x_wconf 88' lang='lat' dir='ltr'><strong>in</strong></span> 
     </span>
    </p>
   </div>
   <div class='ocr_carea' id='block_1_44' title="bbox 2143 1175 3812 1259">
    <p class='ocr_par' dir='ltr' id='par_1_44' title="bbox 2143 1175 3812 1259">
     <span class='ocr_line' id='line_1_44' title="bbox 2143 1175 3812 1259; baseline -0.003 -16"><span class='ocrx_word' id='word_1_232' title='bbox 2143 1191 2492 1259; x_wconf 88' lang='lat' dir='ltr'><strong>perpetuum</strong></span> <span class='ocrx_word' id='word_1_233' title='bbox 2523 1186 2753 1242; x_wconf 88' lang='lat' dir='ltr'><strong>decreto</strong></span> <span class='ocrx_word' id='word_1_234' title='bbox 2784 1184 3107 1254; x_wconf 85' lang='lat' dir='ltr'><strong>sancimus,</strong></span> <span class='ocrx_word' id='word_1_235' title='bbox 3136 1187 3204 1240; x_wconf 91' lang='lat' dir='ltr'><strong>ut</strong></span> <span class='ocrx_word' id='word_1_236' title='bbox 3250 1181 3397 1240; x_wconf 90' lang='lat' dir='ltr'><strong>nulli</strong></span> <span class='ocrx_word' id='word_1_237' title='bbox 3449 1183 3692 1240; x_wconf 81' lang='lat' dir='ltr'><strong>Omnino</strong></span> <span class='ocrx_word' id='word_1_238' title='bbox 3727 1175 3812 1238; x_wconf 70' lang='lat' dir='ltr'><strong>vi-</strong></span> 
     </span>
    </p>
   </div>
   <div class='ocr_carea' id='block_1_45' title="bbox 2141 1265 3812 1345">
    <p class='ocr_par' dir='ltr' id='par_1_45' title="bbox 2141 1265 3812 1345">
     <span class='ocr_line' id='line_1_45' title="bbox 2141 1265 3812 1345; baseline -0.002 -14"><span class='ocrx_word' id='word_1_239' title='bbox 2141 1273 2403 1332; x_wconf 88' lang='lat' dir='ltr'><strong>ventium</strong></span> <span class='ocrx_word' id='word_1_240' title='bbox 2460 1273 2634 1331; x_wconf 89' lang='lat' dir='ltr'><strong>liceat</strong></span> <span class='ocrx_word' id='word_1_241' title='bbox 2661 1275 2720 1330; x_wconf 92' lang='lat' dir='ltr'><strong>in</strong></span> <span class='ocrx_word' id='word_1_242' title='bbox 2750 1279 2940 1330; x_wconf 88' lang='lat' dir='ltr'><strong>vestro</strong></span> <span class='ocrx_word' id='word_1_243' title='bbox 2995 1272 3351 1330; x_wconf 86' lang='lat' dir='ltr'><strong>monasterio</strong></span> <span class='ocrx_word' id='word_1_244' title='bbox 3373 1269 3607 1344; x_wconf 73' lang='lat' dir='ltr'><strong>aliquid</strong></span> <span class='ocrx_word' id='word_1_245' title='bbox 3659 1265 3812 1345; x_wconf 82' lang='lat' dir='ltr'><strong>pro-</strong></span> 
     </span>
    </p>
   </div>
   <div class='ocr_carea' id='block_1_46' title="bbox 2144 1353 3806 1438">
    <p class='ocr_par' dir='ltr' id='par_1_46' title="bbox 2144 1353 3806 1438">
     <span class='ocr_line' id='line_1_46' title="bbox 2144 1353 3806 1438; baseline -0.002 -18"><span class='ocrx_word' id='word_1_246' title='bbox 2144 1363 2428 1438; x_wconf 83' lang='lat' dir='ltr'><strong>prietatis,</strong></span> <span class='ocrx_word' id='word_1_247' title='bbox 2457 1363 2830 1432; x_wconf 88' lang='lat' dir='ltr'><strong>conditionis,</strong></span> <span class='ocrx_word' id='word_1_248' title='bbox 2881 1361 3232 1418; x_wconf 61' lang='lat' dir='ltr'><strong>haereditarii</strong></span> <span class='ocrx_word' id='word_1_249' title='bbox 3273 1361 3454 1432; x_wconf 85' lang='lat' dir='ltr'><strong>juris,</strong></span> <span class='ocrx_word' id='word_1_250' title='bbox 3485 1353 3806 1416; x_wconf 74' lang='lat' dir='ltr'><strong>advocatiae</strong></span> 
     </span>
    </p>
   </div>
   <div class='ocr_carea' id='block_1_47' title="bbox 2143 1447 3809 1524">
    <p class='ocr_par' dir='ltr' id='par_1_47' title="bbox 2143 1447 3809 1524">
     <span class='ocr_line' id='line_1_47' title="bbox 2143 1447 3809 1524; baseline 0 -17"><span class='ocrx_word' id='word_1_251' title='bbox 2143 1451 2499 1510; x_wconf 69' lang='lat' dir='ltr'><strong>investiturae</strong></span> <span class='ocrx_word' id='word_1_252' title='bbox 2531 1455 2634 1507; x_wconf 91' lang='lat' dir='ltr'><strong>aut</strong></span> <span class='ocrx_word' id='word_1_253' title='bbox 2662 1450 2978 1524; x_wconf 88' lang='lat' dir='ltr'><strong>cujuslibet</strong></span> <span class='ocrx_word' id='word_1_254' title='bbox 3005 1449 3334 1524; x_wconf 86' lang='lat' dir='ltr'><strong>potestatis,</strong></span> <span class='ocrx_word' id='word_1_255' title='bbox 3379 1463 3512 1524; x_wconf 66' lang='lat' dir='ltr'><strong>quin</strong></span> <span class='ocrx_word' id='word_1_256' title='bbox 3537 1447 3809 1507; x_wconf 70' lang='lat' dir='ltr'><strong>libertati</strong></span> 
     </span>
    </p>
   </div>
   <div class='ocr_carea' id='block_1_48' title="bbox 2141 1534 3807 1614">
    <p class='ocr_par' dir='ltr' id='par_1_48' title="bbox 2141 1534 3807 1614">
     <span class='ocr_line' id='line_1_48' title="bbox 2141 1534 3807 1614; baseline -0.003 -16"><span class='ocrx_word' id='word_1_257' title='bbox 2141 1546 2199 1598; x_wconf 90' lang='lat' dir='ltr'><strong>et</strong></span> <span class='ocrx_word' id='word_1_258' title='bbox 2234 1541 2410 1614; x_wconf 89' lang='lat' dir='ltr'><strong>quieti</strong></span> <span class='ocrx_word' id='word_1_259' title='bbox 2441 1541 2692 1596; x_wconf 85' lang='lat' dir='ltr'><strong>fratrum</strong></span> <span class='ocrx_word' id='word_1_260' title='bbox 2741 1543 2966 1614; x_wconf 84' lang='lat' dir='ltr'><strong>noceat,</strong></span> <span class='ocrx_word' id='word_1_261' title='bbox 3023 1539 3338 1596; x_wconf 89' lang='lat' dir='ltr'><strong>vindicare.</strong></span> <span class='ocrx_word' id='word_1_262' title='bbox 3399 1534 3596 1595; x_wconf 84' lang='lat' dir='ltr'><strong>Abb‘as</strong></span> <span class='ocrx_word' id='word_1_263' title='bbox 3655 1547 3807 1595; x_wconf 86' lang='lat' dir='ltr'><strong>sane</strong></span> 
     </span>
    </p>
   </div>
   <div class='ocr_carea' id='block_1_49' title="bbox 2141 1610 3808 1700">
    <p class='ocr_par' dir='ltr' id='par_1_49' title="bbox 2141 1610 3808 1700">
     <span class='ocr_line' id='line_1_49' title="bbox 2141 1610 3808 1700; baseline -0.001 -14"><span class='ocrx_word' id='word_1_264' title='bbox 2141 1610 2276 1686; x_wconf 80' lang='lat' dir='ltr'><strong>cum</strong></span> <span class='ocrx_word' id='word_1_265' title='bbox 2310 1629 2590 1686; x_wconf 79' lang='lat' dir='ltr'><strong>fratribus</strong></span> <span class='ocrx_word' id='word_1_266' title='bbox 2620 1610 2966 1686; x_wconf 77' lang='lat' dir='ltr'><strong>advocatum</strong></span> <span class='ocrx_word' id='word_1_267' title='bbox 2997 1628 3316 1700; x_wconf 91' lang='lat' dir='ltr'><strong>sibi,quem</strong></span> <span class='ocrx_word' id='word_1_268' title='bbox 3346 1627 3646 1684; x_wconf 87' lang='lat' dir='ltr'><strong>utiliorem</strong></span> <span class='ocrx_word' id='word_1_269' title='bbox 3669 1643 3808 1700; x_wconf 83' lang='lat' dir='ltr'><strong>pro-</strong></span> 
     </span>
    </p>
   </div>
   <div class='ocr_carea' id='block_1_50' title="bbox 2139 1715 3805 1790">
    <p class='ocr_par' dir='ltr' id='par_1_50' title="bbox 2139 1715 3805 1790">
     <span class='ocr_line' id='line_1_50' title="bbox 2139 1715 3805 1790; baseline -0.001 -17"><span class='ocrx_word' id='word_1_270' title='bbox 2139 1719 2411 1788; x_wconf 87' lang='lat' dir='ltr'><strong>viderint,</strong></span> <span class='ocrx_word' id='word_1_271' title='bbox 2446 1719 2737 1774; x_wconf 87' lang='lat' dir='ltr'><strong>instituat.</strong></span> <span class='ocrx_word' id='word_1_272' title='bbox 2773 1717 2880 1785; x_wconf 91' lang='lat' dir='ltr'><strong>Qui</strong></span> <span class='ocrx_word' id='word_1_273' title='bbox 2911 1717 2959 1774; x_wconf 87' lang='lat' dir='ltr'><strong>si</strong></span> <span class='ocrx_word' id='word_1_274' title='bbox 2996 1716 3377 1790; x_wconf 88' lang='lat' dir='ltr'><strong>postmodum</strong></span> <span class='ocrx_word' id='word_1_275' title='bbox 3437 1715 3805 1773; x_wconf 84' lang='lat' dir='ltr'><strong>monasterio</strong></span> 
     </span>
    </p>
   </div>
   <div class='ocr_carea' id='block_1_51' title="bbox 2139 1802 3806 1878">
    <p class='ocr_par' dir='ltr' id='par_1_51' title="bbox 2139 1802 3806 1878">
     <span class='ocr_line' id='line_1_51' title="bbox 2139 1802 3806 1878; baseline -0.002 -15"><span class='ocrx_word' id='word_1_276' title='bbox 2139 1807 2368 1864; x_wconf 87' lang='lat' dir='ltr'><strong>inutilis</strong></span> <span class='ocrx_word' id='word_1_277' title='bbox 2401 1807 2824 1876; x_wconf 87' lang='lat' dir='ltr'><strong>fuerit,remoto</strong></span> <span class='ocrx_word' id='word_1_278' title='bbox 2855 1823 2921 1863; x_wconf 89' lang='lat' dir='ltr'>eo</span> <span class='ocrx_word' id='word_1_279' title='bbox 2954 1805 3134 1862; x_wconf 89' lang='lat' dir='ltr'><strong>alium</strong></span> <span class='ocrx_word' id='word_1_280' title='bbox 3163 1802 3806 1878; x_wconf 51' lang='lat' dir='ltr'><strong>prmﬁciantﬁepultu-</strong></span> 
     </span>
    </p>
   </div>
   <div class='ocr_carea' id='block_1_52' title="bbox 2141 1893 3802 1968">
    <p class='ocr_par' dir='ltr' id='par_1_52' title="bbox 2141 1893 3802 1968">
     <span class='ocr_line' id='line_1_52' title="bbox 2141 1893 3802 1968; baseline -0.002 -15"><span class='ocrx_word' id='word_1_281' title='bbox 2141 1913 2266 1954; x_wconf 90' lang='lat' dir='ltr'><strong>ram</strong></span> <span class='ocrx_word' id='word_1_282' title='bbox 2298 1897 2564 1968; x_wconf 89' lang='lat' dir='ltr'><strong>ejusdem</strong></span> <span class='ocrx_word' id='word_1_283' title='bbox 2597 1895 2706 1951; x_wconf 92' lang='lat' dir='ltr'><strong>loci</strong></span> <span class='ocrx_word' id='word_1_284' title='bbox 2735 1894 2980 1951; x_wconf 89' lang='lat' dir='ltr'><strong>liberam</strong></span> <span class='ocrx_word' id='word_1_285' title='bbox 2998 1893 3238 1952; x_wconf 89' lang='lat' dir='ltr'><strong>omnino</strong></span> <span class='ocrx_word' id='word_1_286' title='bbox 3259 1893 3802 1964; x_wconf 85' lang='lat' dir='ltr'><strong>esse‘deerevimus,</strong></span> 
     </span>
    </p>
   </div>
   <div class='ocr_carea' id='block_1_53' title="bbox 2142 1981 3803 2064">
    <p class='ocr_par' dir='ltr' id='par_1_53' title="bbox 2142 1981 3803 2064">
     <span class='ocr_line' id='line_1_53' title="bbox 2142 1981 3803 2064; baseline -0.002 -22"><span class='ocrx_word' id='word_1_287' title='bbox 2142 1990 2206 2042; x_wconf 92' lang='lat' dir='ltr'><strong>ut</strong></span> <span class='ocrx_word' id='word_1_288' title='bbox 2233 2001 2434 2042; x_wconf 89' lang='lat' dir='ltr'><strong>eorum</strong></span> <span class='ocrx_word' id='word_1_289' title='bbox 2468 1985 2568 2057; x_wconf 91' lang='lat' dir='ltr'><strong>qui</strong></span> <span class='ocrx_word' id='word_1_290' title='bbox 2600 1984 2679 2040; x_wconf 89' lang='lat' dir='ltr'><strong>ibi</strong></span> <span class='ocrx_word' id='word_1_291' title='bbox 2705 1983 2942 2058; x_wconf 89' lang='lat' dir='ltr'><strong>sepeliri</strong></span> <span class='ocrx_word' id='word_1_292' title='bbox 2975 1981 3472 2064; x_wconf 36' lang='lat' dir='ltr'><strong>deliberaverint,</strong></span> <span class='ocrx_word' id='word_1_293' title='bbox 3503 1981 3803 2040; x_wconf 85' lang='lat' dir='ltr'><strong>devotioni</strong></span> 
     </span>
    </p>
   </div>
   <div class='ocr_carea' id='block_1_54' title="bbox 2139 2071 3803 2140">
    <p class='ocr_par' dir='ltr' id='par_1_54' title="bbox 2139 2071 3803 2140">
     <span class='ocr_line' id='line_1_54' title="bbox 2139 2071 3803 2140; baseline -0.001 -10"><span class='ocrx_word' id='word_1_294' title='bbox 2139 2079 2197 2130; x_wconf 92' lang='lat' dir='ltr'><strong>et</strong></span> <span class='ocrx_word' id='word_1_295' title='bbox 2225 2079 2496 2131; x_wconf 60' lang='lat' dir='ltr'><strong>extremas</strong></span> <span class='ocrx_word' id='word_1_296' title='bbox 2511 2073 2946 2140; x_wconf 86' lang='lat' dir='ltr'><strong>voluntati,nisi</strong></span> <span class='ocrx_word' id='word_1_297' title='bbox 2977 2073 3123 2129; x_wconf 88' lang='lat' dir='ltr'><strong>forte</strong></span> <span class='ocrx_word' id='word_1_298' title='bbox 3143 2071 3632 2129; x_wconf 80' lang='lat' dir='ltr'><strong>excommunicati</strong></span> <span class='ocrx_word' id='word_1_299' title='bbox 3654 2072 3803 2140; x_wconf 84' lang='lat' dir='ltr'><strong>sint,</strong></span> 
     </span>
    </p>
   </div>
   <div class='ocr_carea' id='block_1_55' title="bbox 2140 2161 3804 2236">
    <p class='ocr_par' dir='ltr' id='par_1_55' title="bbox 2140 2161 3804 2236">
     <span class='ocr_line' id='line_1_55' title="bbox 2140 2161 3804 2236; baseline -0.001 -16"><span class='ocrx_word' id='word_1_300' title='bbox 2140 2163 2338 2220; x_wconf 90' lang='lat' dir='ltr'><strong>nullus</strong></span> <span class='ocrx_word' id='word_1_301' title='bbox 2369 2163 2640 2220; x_wconf 88' lang='lat' dir='ltr'><strong>obsistat.</strong></span> <span class='ocrx_word' id='word_1_302' title='bbox 2671 2162 2728 2218; x_wconf 86' lang='lat' dir='ltr'><strong>Si</strong></span> <span class='ocrx_word' id='word_1_303' title='bbox 2761 2179 2908 2236; x_wconf 90' lang='lat' dir='ltr'><strong>quas</strong></span> <span class='ocrx_word' id='word_1_304' title='bbox 2955 2178 3088 2218; x_wconf 87' lang='lat' dir='ltr'><strong>vero</strong></span> <span class='ocrx_word' id='word_1_305' title='bbox 3117 2162 3376 2219; x_wconf 89' lang='lat' dir='ltr'><strong>decimas</strong></span> <span class='ocrx_word' id='word_1_306' title='bbox 3431 2161 3804 2234; x_wconf 84' lang='lat' dir='ltr'><strong>pertinentes</strong></span> 
     </span>
    </p>
   </div>
   <div class='ocr_carea' id='block_1_56' title="bbox 2138 2249 3804 2324">
    <p class='ocr_par' dir='ltr' id='par_1_56' title="bbox 2138 2249 3804 2324">
     <span class='ocr_line' id='line_1_56' title="bbox 2138 2249 3804 2324; baseline -0.002 -16"><span class='ocrx_word' id='word_1_307' title='bbox 2138 2251 2579 2324; x_wconf 88' lang='lat' dir='ltr'><strong>ecclesiis,quas</strong></span> <span class='ocrx_word' id='word_1_308' title='bbox 2611 2251 2839 2308; x_wconf 88' lang='lat' dir='ltr'><strong>habetis</strong></span> <span class='ocrx_word' id='word_1_309' title='bbox 2871 2255 2930 2308; x_wconf 87' lang='lat' dir='ltr'><strong>et</strong></span> <span class='ocrx_word' id='word_1_310' title='bbox 2955 2249 3271 2323; x_wconf 88' lang='lat' dir='ltr'><strong>habebitis,</strong></span> <span class='ocrx_word' id='word_1_311' title='bbox 3293 2267 3329 2307; x_wconf 88' lang='lat' dir='ltr'><strong>a</strong></span> <span class='ocrx_word' id='word_1_312' title='bbox 3356 2249 3525 2308; x_wconf 89' lang='lat' dir='ltr'><strong>laicis</strong></span> <span class='ocrx_word' id='word_1_313' title='bbox 3549 2259 3804 2324; x_wconf 84' lang='lat' dir='ltr'><strong>recupe-</strong></span> 
     </span>
    </p>
   </div>
   <div class='ocr_carea' id='block_1_57' title="bbox 2139 2337 3801 2414">
    <p class='ocr_par' dir='ltr' id='par_1_57' title="bbox 2139 2337 3801 2414">
     <span class='ocr_line' id='line_1_57' title="bbox 2139 2337 3801 2414; baseline -0.001 -18"><span class='ocrx_word' id='word_1_314' title='bbox 2139 2358 2286 2408; x_wconf 89' lang='lat' dir='ltr'><strong>rare,</strong></span> <span class='ocrx_word' id='word_1_315' title='bbox 2323 2345 2616 2398; x_wconf 88' lang='lat' dir='ltr'><strong>annuente</strong></span> <span class='ocrx_word' id='word_1_316' title='bbox 2646 2340 2914 2408; x_wconf 90' lang='lat' dir='ltr'><strong>Domino,</strong></span> <span class='ocrx_word' id='word_1_317' title='bbox 2947 2337 3277 2414; x_wconf 86' lang='lat' dir='ltr'><strong>potueritis,</strong></span> <span class='ocrx_word' id='word_1_318' title='bbox 3317 2339 3530 2396; x_wconf 87' lang='lat' dir='ltr'><strong>vestris</strong></span> <span class='ocrx_word' id='word_1_319' title='bbox 3581 2338 3801 2396; x_wconf 88' lang='lat' dir='ltr'><strong>usibus</strong></span> 
     </span>
    </p>
   </div>
   <div class='ocr_carea' id='block_1_58' title="bbox 2138 2428 3801 2503">
    <p class='ocr_par' dir='ltr' id='par_1_58' title="bbox 2138 2428 3801 2503">
     <span class='ocr_line' id='line_1_58' title="bbox 2138 2428 3801 2503; baseline -0.001 -17"><span class='ocrx_word' id='word_1_320' title='bbox 2138 2434 2416 2503; x_wconf 90' lang='lat' dir='ltr'><strong>perpetuo</strong></span> <span class='ocrx_word' id='word_1_321' title='bbox 2447 2429 2873 2501; x_wconf 88' lang='lat' dir='ltr'><strong>mancipandas</strong></span> <span class='ocrx_word' id='word_1_322' title='bbox 2903 2428 3127 2502; x_wconf 90' lang='lat' dir='ltr'><strong>absque</strong></span> <span class='ocrx_word' id='word_1_323' title='bbox 3179 2428 3443 2485; x_wconf 90' lang='lat' dir='ltr'><strong>omnium</strong></span> <span class='ocrx_word' id='word_1_324' title='bbox 3486 2428 3801 2502; x_wconf 88' lang='lat' dir='ltr'><strong>episcopo-</strong></span> 
     </span>
    </p>
   </div>
   <div class='ocr_carea' id='block_1_59' title="bbox 2135 2515 3803 2590">
    <p class='ocr_par' dir='ltr' id='par_1_59' title="bbox 2135 2515 3803 2590">
     <span class='ocr_line' id='line_1_59' title="bbox 2135 2515 3803 2590; baseline 0.001 -17"><span class='ocrx_word' id='word_1_325' title='bbox 2135 2535 2264 2575; x_wconf 86' lang='lat' dir='ltr'><strong>rum</strong></span> <span class='ocrx_word' id='word_1_326' title='bbox 2297 2518 2762 2575; x_wconf 88' lang='lat' dir='ltr'><strong>contradictione</strong></span> <span class='ocrx_word' id='word_1_327' title='bbox 2792 2533 3122 2586; x_wconf 87' lang='lat' dir='ltr'><strong>censemus,</strong></span> <span class='ocrx_word' id='word_1_328' title='bbox 3159 2516 3320 2574; x_wconf 88' lang='lat' dir='ltr'><strong>salva</strong></span> <span class='ocrx_word' id='word_1_329' title='bbox 3349 2515 3669 2590; x_wconf 87' lang='lat' dir='ltr'><strong>episcopali</strong></span> <span class='ocrx_word' id='word_1_330' title='bbox 3707 2530 3803 2574; x_wconf 82' lang='lat' dir='ltr'><strong>re-</strong></span> 
     </span>
    </p>
   </div>
   <div class='ocr_carea' id='block_1_60' title="bbox 2135 2605 3802 2664">
    <p class='ocr_par' dir='ltr' id='par_1_60' title="bbox 2135 2605 3802 2664">
     <span class='ocr_line' id='line_1_60' title="bbox 2135 2605 3802 2664; baseline 0.001 -3"><span class='ocrx_word' id='word_1_331' title='bbox 2135 2609 2416 2664; x_wconf 89' lang='lat' dir='ltr'><strong>verentia.</strong></span> <span class='ocrx_word' id='word_1_332' title='bbox 2452 2606 2650 2663; x_wconf 89' lang='lat' dir='ltr'><strong>Laicos</strong></span> <span class='ocrx_word' id='word_1_333' title='bbox 2682 2623 2785 2663; x_wconf 90' lang='lat' dir='ltr'><strong>seu</strong></span> <span class='ocrx_word' id='word_1_334' title='bbox 2817 2605 3058 2663; x_wconf 89' lang='lat' dir='ltr'><strong>clericos</strong></span> <span class='ocrx_word' id='word_1_335' title='bbox 3089 2605 3399 2663; x_wconf 70' lang='lat' dir='ltr'><strong>saeculares</strong></span> <span class='ocrx_word' id='word_1_336' title='bbox 3449 2605 3522 2662; x_wconf 86' lang='lat' dir='ltr'><strong>ad</strong></span> <span class='ocrx_word' id='word_1_337' title='bbox 3553 2619 3802 2663; x_wconf 85' lang='lat' dir='ltr'><strong>conver-</strong></span> 
     </span>
    </p>
   </div>
   <div class='ocr_carea' id='block_1_61' title="bbox 2137 2692 3803 2770">
    <p class='ocr_par' dir='ltr' id='par_1_61' title="bbox 2137 2692 3803 2770">
     <span class='ocr_line' id='line_1_61' title="bbox 2137 2692 3803 2770; baseline -0.003 -15"><span class='ocrx_word' id='word_1_338' title='bbox 2137 2696 2362 2755; x_wconf 88' lang='lat' dir='ltr'><strong>sionem</strong></span> <span class='ocrx_word' id='word_1_339' title='bbox 2406 2696 2723 2768; x_wconf 84' lang='lat' dir='ltr'><strong>suscipere,</strong></span> <span class='ocrx_word' id='word_1_340' title='bbox 2785 2694 3006 2752; x_wconf 90' lang='lat' dir='ltr'><strong>nullius</strong></span> <span class='ocrx_word' id='word_1_341' title='bbox 3058 2695 3318 2770; x_wconf 90' lang='lat' dir='ltr'><strong>episcopi</strong></span> <span class='ocrx_word' id='word_1_342' title='bbox 3345 2693 3435 2754; x_wconf 88' lang='lat' dir='ltr'><strong>vel</strong></span> <span class='ocrx_word' id='word_1_343' title='bbox 3495 2692 3803 2768; x_wconf 69' lang='lat' dir='ltr'><strong>praepositi</strong></span> 
     </span>
    </p>
   </div>
   <div class='ocr_carea' id='block_1_62' title="bbox 2136 2783 3803 2856">
    <p class='ocr_par' dir='ltr' id='par_1_62' title="bbox 2136 2783 3803 2856">
     <span class='ocr_line' id='line_1_62' title="bbox 2136 2783 3803 2856; baseline -0.002 -12"><span class='ocrx_word' id='word_1_344' title='bbox 2136 2785 2516 2844; x_wconf 88' lang='lat' dir='ltr'><strong>contradictio</strong></span> <span class='ocrx_word' id='word_1_345' title='bbox 2554 2802 2656 2842; x_wconf 90' lang='lat' dir='ltr'><strong>vos</strong></span> <span class='ocrx_word' id='word_1_346' title='bbox 2710 2785 2990 2841; x_wconf 86' lang='lat' dir='ltr'><strong>inhibeat.</strong></span> <span class='ocrx_word' id='word_1_347' title='bbox 3050 2785 3135 2840; x_wconf 88' lang='lat' dir='ltr'><strong>Ad</strong></span> <span class='ocrx_word' id='word_1_348' title='bbox 3184 2784 3296 2840; x_wconf 89' lang='lat' dir='ltr'><strong>hoc</strong></span> <span class='ocrx_word' id='word_1_349' title='bbox 3355 2783 3670 2856; x_wconf 81' lang='lat' dir='ltr'><strong>adjicimus</strong></span> <span class='ocrx_word' id='word_1_350' title='bbox 3739 2789 3803 2840; x_wconf 89' lang='lat' dir='ltr'><strong>ut</strong></span> 
     </span>
    </p>
   </div>
   <div class='ocr_carea' id='block_1_63' title="bbox 2136 2871 3802 2948">
    <p class='ocr_par' dir='ltr' id='par_1_63' title="bbox 2136 2871 3802 2948">
     <span class='ocr_line' id='line_1_63' title="bbox 2136 2871 3802 2948; baseline -0.002 -17"><span class='ocrx_word' id='word_1_351' title='bbox 2136 2875 2282 2931; x_wconf 92' lang='lat' dir='ltr'><strong>nulli</strong></span> <span class='ocrx_word' id='word_1_352' title='bbox 2313 2875 2721 2948; x_wconf 88' lang='lat' dir='ltr'><strong>episcoporum</strong></span> <span class='ocrx_word' id='word_1_353' title='bbox 2771 2873 3019 2930; x_wconf 81' lang='lat' dir='ltr'><strong>facultas</strong></span> <span class='ocrx_word' id='word_1_354' title='bbox 3049 2873 3125 2929; x_wconf 90' lang='lat' dir='ltr'><strong>sit</strong></span> <span class='ocrx_word' id='word_1_355' title='bbox 3155 2873 3282 2930; x_wconf 91' lang='lat' dir='ltr'><strong>sine</strong></span> <span class='ocrx_word' id='word_1_356' title='bbox 3311 2871 3560 2928; x_wconf 82' lang='lat' dir='ltr'><strong>Romani</strong></span> <span class='ocrx_word' id='word_1_357' title='bbox 3603 2874 3802 2946; x_wconf 80' lang='lat' dir='ltr'><strong>ponti-</strong></span> 
     </span>
    </p>
   </div>
   <div class='ocr_carea' id='block_1_64' title="bbox 2135 2961 3792 3040">
    <p class='ocr_par' dir='ltr' id='par_1_64' title="bbox 2135 2961 3792 3040">
     <span class='ocr_line' id='line_1_64' title="bbox 2135 2961 3792 3040; baseline -0.001 -20"><span class='ocrx_word' id='word_1_358' title='bbox 2135 2964 2262 3022; x_wconf 85' lang='lat' dir='ltr'><strong>ﬁcis</strong></span> <span class='ocrx_word' id='word_1_359' title='bbox 2293 2962 2526 3020; x_wconf 89' lang='lat' dir='ltr'><strong>licentia</strong></span> <span class='ocrx_word' id='word_1_360' title='bbox 2553 2963 2680 3020; x_wconf 92' lang='lat' dir='ltr'><strong>loca</strong></span> <span class='ocrx_word' id='word_1_361' title='bbox 2707 2968 2902 3019; x_wconf 86' lang='lat' dir='ltr'><strong>vestra</strong></span> <span class='ocrx_word' id='word_1_362' title='bbox 2921 2962 3008 3020; x_wconf 91' lang='lat' dir='ltr'><strong>vel</strong></span> <span class='ocrx_word' id='word_1_363' title='bbox 3027 2961 3792 3040; x_wconf 78' lang='lat' dir='ltr'><strong>monachosinterdictioni,</strong></span> 
     </span>
    </p>
   </div>
   <div class='ocr_carea' id='block_1_65' title="bbox 2133 3045 3793 3124">
    <p class='ocr_par' dir='ltr' id='par_1_65' title="bbox 2133 3045 3793 3124">
     <span class='ocr_line' id='line_1_65' title="bbox 2133 3045 3793 3124; baseline -0.001 -15"><span class='ocrx_word' id='word_1_364' title='bbox 2133 3053 2220 3109; x_wconf 88' lang='lat' dir='ltr'><strong>vel</strong></span> <span class='ocrx_word' id='word_1_365' title='bbox 2252 3051 2840 3109; x_wconf 86' lang='lat' dir='ltr'><strong>excommunicationi</strong></span> <span class='ocrx_word' id='word_1_366' title='bbox 2871 3050 3342 3122; x_wconf 90' lang='lat' dir='ltr'><strong>subjicere.Nulli</strong></span> <span class='ocrx_word' id='word_1_367' title='bbox 3373 3045 3654 3124; x_wconf 63' lang='lat' dir='ltr'><strong>praeterea</strong></span> <span class='ocrx_word' id='word_1_368' title='bbox 3685 3050 3793 3108; x_wconf 85' lang='lat' dir='ltr'><strong>ho—</strong></span> 
     </span>
    </p>
   </div>
   <div class='ocr_carea' id='block_1_66' title="bbox 2135 3141 3795 3214">
    <p class='ocr_par' dir='ltr' id='par_1_66' title="bbox 2135 3141 3795 3214">
     <span class='ocr_line' id='line_1_66' title="bbox 2135 3141 3795 3214; baseline -0.001 -16"><span class='ocrx_word' id='word_1_369' title='bbox 2135 3142 2277 3198; x_wconf 80' lang='lat' dir='ltr'><strong>mini</strong></span> <span class='ocrx_word' id='word_1_370' title='bbox 2311 3141 2480 3198; x_wconf 90' lang='lat' dir='ltr'><strong>liceat</strong></span> <span class='ocrx_word' id='word_1_371' title='bbox 2509 3141 2851 3214; x_wconf 68' lang='lat' dir='ltr'><strong>saepefatum</strong></span> <span class='ocrx_word' id='word_1_372' title='bbox 2883 3141 3542 3197; x_wconf 87' lang='lat' dir='ltr'><strong>monasteriumtemere</strong></span> <span class='ocrx_word' id='word_1_373' title='bbox 3563 3144 3795 3214; x_wconf 88' lang='lat' dir='ltr'><strong>pertur-</strong></span> 
     </span>
    </p>
   </div>
   <div class='ocr_carea' id='block_1_67' title="bbox 447 3207 3790 3303">
    <p class='ocr_par' dir='ltr' id='par_1_67' title="bbox 447 3207 3790 3303">
     <span class='ocr_line' id='line_1_67' title="bbox 447 3207 3790 3303; baseline 0 -15"><span class='ocrx_word' id='word_1_374' title='bbox 447 3214 722 3270; x_wconf 62' lang='lat' dir='ltr'><strong>URBANUS</strong></span> <span class='ocrx_word' id='word_1_375' title='bbox 744 3215 1078 3288; x_wconf 63' lang='lat' dir='ltr'><strong>episcopus,</strong></span> <span class='ocrx_word' id='word_1_376' title='bbox 1113 3232 1314 3272; x_wconf 60' lang='lat' dir='ltr'><strong>servus</strong></span> <span class='ocrx_word' id='word_1_377' title='bbox 1335 3232 1637 3273; x_wconf 60' lang='lat' dir='ltr'><strong>servorum</strong></span> <span class='ocrx_word' id='word_1_378' title='bbox 1671 3215 1792 3284; x_wconf 61' lang='lat' dir='ltr'><strong>D35,</strong></span> <span class='ocrx_word' id='word_1_379' title='bbox 1814 3215 2021 3273; x_wconf 66' lang='grc' dir='ltr'><strong>ἀίῙθθῒο</strong></span> <span class='ocrx_word' id='word_1_380' title='bbox 2053 3207 2096 3275; x_wconf 78' lang='lat' dir='ltr'>C</span> <span class='ocrx_word' id='word_1_381' title='bbox 2135 3230 2386 3300; x_wconf 89' lang='lat' dir='ltr'><strong>bare,vel</strong></span> <span class='ocrx_word' id='word_1_382' title='bbox 2417 3232 2545 3302; x_wconf 78' lang='lat' dir='ltr'><strong>eius</strong></span> <span class='ocrx_word' id='word_1_383' title='bbox 2575 3230 3111 3303; x_wconf 89' lang='lat' dir='ltr'><strong>possessiones,seu</strong></span> <span class='ocrx_word' id='word_1_384' title='bbox 3145 3246 3238 3286; x_wconf 90' lang='lat' dir='ltr'><strong>res</strong></span> <span class='ocrx_word' id='word_1_385' title='bbox 3269 3228 3790 3296; x_wconf 75' lang='lat' dir='ltr'><strong>casteras&#39;aui&#39;erre,</strong></span> 
     </span>
    </p>
   </div>
   <div class='ocr_carea' id='block_1_68' title="bbox 375 3303 2024 3378">
    <p class='ocr_par' dir='ltr' id='par_1_68' title="bbox 375 3303 2024 3378">
     <span class='ocr_line' id='line_1_68' title="bbox 375 3303 2024 3378; baseline 0.002 -20"><span class='ocrx_word' id='word_1_386' title='bbox 375 3303 433 3358; x_wconf 91' lang='lat' dir='ltr'><strong>in</strong></span> <span class='ocrx_word' id='word_1_387' title='bbox 465 3303 694 3360; x_wconf 83' lang='lat' dir='ltr'><strong>Christo</strong></span> <span class='ocrx_word' id='word_1_388' title='bbox 725 3303 844 3360; x_wconf 82' lang='lat' dir='ltr'><strong>filio</strong></span> <span class='ocrx_word' id='word_1_389' title='bbox 874 3304 1291 3360; x_wconf 78' lang='lat' dir='ltr'><strong>Schal‘husensi</strong></span> <span class='ocrx_word' id='word_1_390' title='bbox 1331 3305 1548 3374; x_wconf 84' lang='lat' dir='ltr'><strong>abbati,</strong></span> <span class='ocrx_word' id='word_1_391' title='bbox 1595 3305 1838 3378; x_wconf 82' lang='lat' dir='ltr'><strong>ejusque</strong></span> <span class='ocrx_word' id='word_1_392' title='bbox 1890 3323 2024 3362; x_wconf 87' lang='lat' dir='ltr'><strong>suc-</strong></span> 
     </span>
    </p>
   </div>
   <div class='ocr_carea' id='block_1_69' title="bbox 374 3391 2020 3467">
    <p class='ocr_par' dir='ltr' id='par_1_69' title="bbox 374 3391 2020 3467">
     <span class='ocr_line' id='line_1_69' title="bbox 374 3391 2020 3467; baseline 0.002 -20"><span class='ocrx_word' id='word_1_393' title='bbox 374 3393 706 3450; x_wconf 74' lang='lat' dir='ltr'><strong>cesseribUS</strong></span> <span class='ocrx_word' id='word_1_394' title='bbox 738 3391 1082 3466; x_wconf 73' lang='lat' dir='ltr'><strong>regulariter</strong></span> <span class='ocrx_word' id='word_1_395' title='bbox 1125 3394 1628 3450; x_wconf 89' lang='lat' dir='ltr'><strong>substituendisin</strong></span> <span class='ocrx_word' id='word_1_396' title='bbox 1652 3399 2020 3467; x_wconf 89' lang='lat' dir='ltr'><strong>perpetuum.</strong></span> 
     </span>
    </p>
   </div>
   <div class='ocr_carea' id='block_1_70' title="bbox 373 3481 2026 3555">
    <p class='ocr_par' dir='ltr' id='par_1_70' title="bbox 373 3481 2026 3555">
     <span class='ocr_line' id='line_1_70' title="bbox 373 3481 2026 3555; baseline 0.001 -19"><span class='ocrx_word' id='word_1_397' title='bbox 373 3485 518 3539; x_wconf 91' lang='lat' dir='ltr'><strong>Cum</strong></span> <span class='ocrx_word' id='word_1_398' title='bbox 549 3481 836 3538; x_wconf 83' lang='lat' dir='ltr'><strong>universis</strong></span> <span class='ocrx_word' id='word_1_399' title='bbox 887 3485 1102 3538; x_wconf 70' lang='lat' dir='ltr'><strong>sancta:</strong></span> <span class='ocrx_word' id='word_1_400' title='bbox 1157 3482 1424 3538; x_wconf 70' lang='lat' dir='ltr'><strong>Ecclesiae</strong></span> <span class='ocrx_word' id='word_1_401' title='bbox 1474 3481 1614 3538; x_wconf 86' lang='lat' dir='ltr'><strong>ﬂliis</strong></span> <span class='ocrx_word' id='word_1_402' title='bbox 1671 3487 1729 3538; x_wconf 90' lang='lat' dir='ltr'><strong>et</strong></span> <span class='ocrx_word' id='word_1_403' title='bbox 1787 3487 2026 3555; x_wconf 83' lang='lat' dir='ltr'><strong>aposto-</strong></span> 
     </span>
    </p>
   </div>
   <div class='ocr_carea' id='block_1_71' title="bbox 374 3570 2024 3630">
    <p class='ocr_par' dir='ltr' id='par_1_71' title="bbox 374 3570 2024 3630">
     <span class='ocr_line' id='line_1_71' title="bbox 374 3570 2024 3630; baseline 0.001 -2"><span class='ocrx_word' id='word_1_404' title='bbox 374 3571 496 3628; x_wconf 61' lang='lat' dir='ltr'><strong>lica:</strong></span> <span class='ocrx_word' id='word_1_405' title='bbox 542 3571 700 3628; x_wconf 90' lang='lat' dir='ltr'><strong>sedis</strong></span> <span class='ocrx_word' id='word_1_406' title='bbox 752 3571 1104 3628; x_wconf 84' lang='lat' dir='ltr'><strong>auctoritate</strong></span> <span class='ocrx_word' id='word_1_407' title='bbox 1152 3589 1218 3628; x_wconf 89' lang='lat' dir='ltr'><strong>ac</strong></span> <span class='ocrx_word' id='word_1_408' title='bbox 1271 3570 1676 3628; x_wconf 89' lang='lat' dir='ltr'><strong>benevolentia</strong></span> <span class='ocrx_word' id='word_1_409' title='bbox 1731 3572 2024 3630; x_wconf 90' lang='lat' dir='ltr'><strong>debitores</strong></span> 
     </span>
    </p>
   </div>
   <div class='ocr_carea' id='block_1_72' title="bbox 373 3658 2024 3734">
    <p class='ocr_par' dir='ltr' id='par_1_72' title="bbox 373 3658 2024 3734">
     <span class='ocr_line' id='line_1_72' title="bbox 373 3658 2024 3734; baseline 0.003 -20"><span class='ocrx_word' id='word_1_410' title='bbox 373 3659 718 3728; x_wconf 84' lang='lat' dir='ltr'><strong>existamus,</strong></span> <span class='ocrx_word' id='word_1_411' title='bbox 747 3658 865 3716; x_wconf 92' lang='lat' dir='ltr'><strong>illis</strong></span> <span class='ocrx_word' id='word_1_412' title='bbox 909 3665 1105 3716; x_wconf 89' lang='lat' dir='ltr'><strong>tamen</strong></span> <span class='ocrx_word' id='word_1_413' title='bbox 1138 3659 1281 3717; x_wconf 92' lang='lat' dir='ltr'><strong>locis</strong></span> <span class='ocrx_word' id='word_1_414' title='bbox 1341 3665 1516 3733; x_wconf 90' lang='lat' dir='ltr'><strong>atque</strong></span> <span class='ocrx_word' id='word_1_415' title='bbox 1575 3661 1841 3733; x_wconf 88' lang='lat' dir='ltr'><strong>personis</strong></span> <span class='ocrx_word' id='word_1_416' title='bbox 1897 3679 2024 3734; x_wconf 83' lang='lat' dir='ltr'><strong>quae</strong></span> 
     </span>
    </p>
   </div>
   <div class='ocr_carea' id='block_1_73' title="bbox 374 3747 2026 3820">
    <p class='ocr_par' dir='ltr' id='par_1_73' title="bbox 374 3747 2026 3820">
     <span class='ocr_line' id='line_1_73' title="bbox 374 3747 2026 3820; baseline 0.001 -15"><span class='ocrx_word' id='word_1_417' title='bbox 374 3747 685 3820; x_wconf 86' lang='lat' dir='ltr'><strong>specialius</strong></span> <span class='ocrx_word' id='word_1_418' title='bbox 717 3765 783 3804; x_wconf 88' lang='lat' dir='ltr'><strong>ac</strong></span> <span class='ocrx_word' id='word_1_419' title='bbox 810 3747 1160 3806; x_wconf 82' lang='lat' dir='ltr'><strong>familiarius</strong></span> <span class='ocrx_word' id='word_1_420' title='bbox 1194 3751 1467 3806; x_wconf 70' lang='lat' dir='ltr'><strong>Romana:</strong></span> <span class='ocrx_word' id='word_1_421' title='bbox 1507 3749 1803 3806; x_wconf 60' lang='lat' dir='ltr'><strong>adhaerent</strong></span> <span class='ocrx_word' id='word_1_422' title='bbox 1831 3751 2026 3808; x_wconf 89' lang='lat' dir='ltr'><strong>Eccle-</strong></span> 
     </span>
    </p>
   </div>
   <div class='ocr_carea' id='block_1_74' title="bbox 290 3835 2022 3912">
    <p class='ocr_par' dir='ltr' id='par_1_74' title="bbox 290 3835 2022 3912">
     <span class='ocr_line' id='line_1_74' title="bbox 290 3835 2022 3912; baseline 0.001 -18"><span class='ocrx_word' id='word_1_423' title='bbox 290 3844 300 3852; x_wconf 84' lang='lat'><strong><em>&#39;</em></strong></span> <span class='ocrx_word' id='word_1_424' title='bbox 373 3839 496 3904; x_wconf 67' lang='grc' dir='ltr'><strong>βίω,</strong></span> <span class='ocrx_word' id='word_1_425' title='bbox 528 3853 776 3910; x_wconf 57' lang='lat' dir='ltr'><strong>quisque</strong></span> <span class='ocrx_word' id='word_1_426' title='bbox 807 3835 1108 3909; x_wconf 87' lang='lat' dir='ltr'><strong>amplioris</strong></span> <span class='ocrx_word' id='word_1_427' title='bbox 1167 3837 1468 3912; x_wconf 86' lang='lat' dir='ltr'><strong>religionis</strong></span> <span class='ocrx_word' id='word_1_428' title='bbox 1497 3839 1687 3912; x_wconf 87' lang='lat' dir='ltr'><strong>gratia</strong></span> <span class='ocrx_word' id='word_1_429' title='bbox 1743 3841 2022 3910; x_wconf 88' lang='lat' dir='ltr'><strong>eminent,</strong></span> 
     </span>
    </p>
   </div>
   <div class='ocr_carea' id='block_1_75' title="bbox 376 3925 2022 3998">
    <p class='ocr_par' dir='ltr' id='par_1_75' title="bbox 376 3925 2022 3998">
     <span class='ocr_line' id='line_1_75' title="bbox 376 3925 2022 3998; baseline 0.004 -18"><span class='ocrx_word' id='word_1_430' title='bbox 376 3925 740 3998; x_wconf 87' lang='lat' dir='ltr'><strong>propensiori</strong></span> <span class='ocrx_word' id='word_1_431' title='bbox 766 3941 875 3982; x_wconf 89' lang='lat' dir='ltr'><strong>nos</strong></span> <span class='ocrx_word' id='word_1_432' title='bbox 887 3927 1152 3983; x_wconf 88' lang='lat' dir='ltr'><strong>convenit</strong></span> <span class='ocrx_word' id='word_1_433' title='bbox 1165 3926 1466 3984; x_wconf 89' lang='lat' dir='ltr'><strong>charitatis</strong></span> <span class='ocrx_word' id='word_1_434' title='bbox 1479 3927 1674 3983; x_wconf 89' lang='lat' dir='ltr'><strong>studio</strong></span> <span class='ocrx_word' id='word_1_435' title='bbox 1697 3927 2022 3986; x_wconf 90' lang='lat' dir='ltr'><strong>imminere.</strong></span> 
     </span>
    </p>
   </div>
   <div class='ocr_carea' id='block_1_76' title="bbox 377 4013 2026 4090">
    <p class='ocr_par' dir='ltr' id='par_1_76' title="bbox 377 4013 2026 4090">
     <span class='ocr_line' id='line_1_76' title="bbox 377 4013 2026 4090; baseline 0.002 -21"><span class='ocrx_word' id='word_1_436' title='bbox 377 4013 562 4086; x_wconf 83' lang='lat' dir='ltr'><strong>Igitur</strong></span> <span class='ocrx_word' id='word_1_437' title='bbox 589 4018 710 4070; x_wconf 89' lang='lat' dir='ltr'><strong>tam</strong></span> <span class='ocrx_word' id='word_1_438' title='bbox 741 4013 860 4070; x_wconf 89' lang='lat' dir='ltr'><strong>tuis</strong></span> <span class='ocrx_word' id='word_1_439' title='bbox 890 4018 946 4070; x_wconf 91' lang='lat' dir='ltr'><strong>et</strong></span> <span class='ocrx_word' id='word_1_440' title='bbox 960 4021 1193 4072; x_wconf 87' lang='lat' dir='ltr'><strong>tuorum</strong></span> <span class='ocrx_word' id='word_1_441' title='bbox 1217 4016 1677 4087; x_wconf 87' lang='lat' dir='ltr'><strong>fratrum,quam</strong></span> <span class='ocrx_word' id='word_1_442' title='bbox 1695 4021 1752 4072; x_wconf 91' lang='lat' dir='ltr'><strong>et</strong></span> <span class='ocrx_word' id='word_1_443' title='bbox 1772 4015 2026 4090; x_wconf 89' lang='lat' dir='ltr'><strong>religiosi</strong></span> 
     </span>
    </p>
   </div>
   <div class='ocr_carea' id='block_1_77' title="bbox 378 4101 2025 4177">
    <p class='ocr_par' dir='ltr' id='par_1_77' title="bbox 378 4101 2025 4177">
     <span class='ocr_line' id='line_1_77' title="bbox 378 4101 2025 4177; baseline 0.002 -19"><span class='ocrx_word' id='word_1_444' title='bbox 378 4101 608 4158; x_wconf 90' lang='lat' dir='ltr'><strong>comitis</strong></span> <span class='ocrx_word' id='word_1_445' title='bbox 639 4102 706 4160; x_wconf 90' lang='lat' dir='ltr'><strong>N.</strong></span> <span class='ocrx_word' id='word_1_446' title='bbox 767 4103 880 4175; x_wconf 88' lang='lat' dir='ltr'><strong>piis</strong></span> <span class='ocrx_word' id='word_1_447' title='bbox 933 4105 1082 4162; x_wconf 90' lang='lat' dir='ltr'><strong>votis</strong></span> <span class='ocrx_word' id='word_1_448' title='bbox 1123 4109 1180 4161; x_wconf 91' lang='lat' dir='ltr'><strong>et</strong></span> <span class='ocrx_word' id='word_1_449' title='bbox 1237 4103 1620 4177; x_wconf 83' lang='lat' dir='ltr'><strong>petitionibus</strong></span> <span class='ocrx_word' id='word_1_450' title='bbox 1679 4111 2025 4177; x_wconf 90' lang='lat' dir='ltr'><strong>annuentes,</strong></span> 
     </span>
    </p>
   </div>
   <div class='ocr_carea' id='block_1_78' title="bbox 376 4189 2028 4272">
    <p class='ocr_par' dir='ltr' id='par_1_78' title="bbox 376 4189 2028 4272">
     <span class='ocr_line' id='line_1_78' title="bbox 376 4189 2028 4272; baseline 0.004 -26"><span class='ocrx_word' id='word_1_451' title='bbox 376 4189 574 4247; x_wconf 84' lang='lat' dir='ltr'><strong>Sancti</strong></span> <span class='ocrx_word' id='word_1_452' title='bbox 603 4191 920 4272; x_wconf 76' lang='lat' dir='ltr'><strong>salvatoris</strong></span> <span class='ocrx_word' id='word_1_453' title='bbox 949 4192 1282 4251; x_wconf 86' lang='lat' dir='ltr'><strong>venerabile</strong></span> <span class='ocrx_word' id='word_1_454' title='bbox 1313 4191 2028 4268; x_wconf 84' lang='lat' dir='ltr'><strong>ccenobium,ab‘N.quon-</strong></span> 
     </span>
    </p>
   </div>
   <div class='ocr_carea' id='block_1_79' title="bbox 379 4281 2026 4354">
    <p class='ocr_par' dir='ltr' id='par_1_79' title="bbox 379 4281 2026 4354">
     <span class='ocr_line' id='line_1_79' title="bbox 379 4281 2026 4354; baseline 0.004 -19"><span class='ocrx_word' id='word_1_455' title='bbox 379 4281 514 4336; x_wconf 90' lang='lat' dir='ltr'><strong>dam</strong></span> <span class='ocrx_word' id='word_1_456' title='bbox 544 4281 758 4338; x_wconf 90' lang='lat' dir='ltr'><strong>comite</strong></span> <span class='ocrx_word' id='word_1_457' title='bbox 789 4283 943 4354; x_wconf 89' lang='lat' dir='ltr'><strong>apud</strong></span> <span class='ocrx_word' id='word_1_458' title='bbox 987 4281 1187 4340; x_wconf 88' lang='lat' dir='ltr'><strong>villam</strong></span> <span class='ocrx_word' id='word_1_459' title='bbox 1237 4281 1304 4337; x_wconf 90' lang='lat' dir='ltr'><strong>H.</strong></span> <span class='ocrx_word' id='word_1_460' title='bbox 1339 4281 1448 4338; x_wconf 87' lang='lat' dir='ltr'><strong>sub</strong></span> <span class='ocrx_word' id='word_1_461' title='bbox 1499 4283 1718 4339; x_wconf 88' lang='lat' dir='ltr'><strong>honore</strong></span> <span class='ocrx_word' id='word_1_462' title='bbox 1760 4285 2026 4342; x_wconf 91' lang='lat' dir='ltr'><strong>omnium</strong></span> 
     </span>
    </p>
   </div>
   <div class='ocr_carea' id='block_1_80' title="bbox 378 4370 2026 4442">
    <p class='ocr_par' dir='ltr' id='par_1_80' title="bbox 378 4370 2026 4442">
     <span class='ocr_line' id='line_1_80' title="bbox 378 4370 2026 4442; baseline 0.002 -16"><span class='ocrx_word' id='word_1_463' title='bbox 378 4374 714 4428; x_wconf 89' lang='lat' dir='ltr'><strong>sanctorum</strong></span> <span class='ocrx_word' id='word_1_464' title='bbox 745 4371 1116 4438; x_wconf 61' lang='lat' dir='ltr'><strong>aedificatum,</strong></span> <span class='ocrx_word' id='word_1_465' title='bbox 1149 4375 1208 4428; x_wconf 92' lang='lat' dir='ltr'><strong>et</strong></span> <span class='ocrx_word' id='word_1_466' title='bbox 1257 4371 1425 4426; x_wconf 88' lang='lat' dir='ltr'><strong>beato</strong></span> <span class='ocrx_word' id='word_1_467' title='bbox 1457 4370 1622 4427; x_wconf 88' lang='lat' dir='ltr'><strong>Petro</strong></span> <span class='ocrx_word' id='word_1_468' title='bbox 1651 4371 1933 4442; x_wconf 88' lang='lat' dir='ltr'><strong>oblatum,</strong></span> <span class='ocrx_word' id='word_1_469' title='bbox 1967 4374 2026 4430; x_wconf 92' lang='lat' dir='ltr'>in</span> 
     </span>
    </p>
   </div>
   <div class='ocr_carea' id='block_1_81' title="bbox 369 4457 2024 4533">
    <p class='ocr_par' dir='ltr' id='par_1_81' title="bbox 369 4457 2024 4533">
     <span class='ocr_line' id='line_1_81' title="bbox 369 4457 2024 4533; baseline 0.004 -19"><span class='ocrx_word' id='word_1_470' title='bbox 369 4459 472 4530; x_wconf 87' lang='lat' dir='ltr'><strong>jus</strong></span> <span class='ocrx_word' id='word_1_471' title='bbox 483 4465 830 4533; x_wconf 84' lang='lat' dir='ltr'><strong>perpetuum</strong></span> <span class='ocrx_word' id='word_1_472' title='bbox 843 4460 1156 4516; x_wconf 86' lang='lat' dir='ltr'><strong>ettutelum</strong></span> <span class='ocrx_word' id='word_1_473' title='bbox 1171 4457 1484 4532; x_wconf 87' lang='lat' dir='ltr'><strong>recipimus</strong></span> <span class='ocrx_word' id='word_1_474' title='bbox 1496 4460 1826 4532; x_wconf 67' lang='lat' dir='ltr'><strong>apostolicae</strong></span> <span class='ocrx_word' id='word_1_475' title='bbox 1847 4464 2024 4533; x_wconf 91' lang='lat' dir='ltr'><strong>sedis,</strong></span> 
     </span>
    </p>
   </div>
   <div class='ocr_carea' id='block_1_82' title="bbox 2135 3315 3792 3387">
    <p class='ocr_par' dir='ltr' id='par_1_82' title="bbox 2135 3315 3792 3387">
     <span class='ocr_line' id='line_1_82' title="bbox 2135 3315 3792 3387; baseline -0.001 -11"><span class='ocrx_word' id='word_1_476' title='bbox 2135 3318 2360 3376; x_wconf 87' lang='lat' dir='ltr'><strong>ablatas</strong></span> <span class='ocrx_word' id='word_1_477' title='bbox 2391 3319 2664 3387; x_wconf 84' lang='lat' dir='ltr'><strong>retinere,</strong></span> <span class='ocrx_word' id='word_1_478' title='bbox 2697 3319 2963 3375; x_wconf 89' lang='lat' dir='ltr'><strong>minuere</strong></span> <span class='ocrx_word' id='word_1_479' title='bbox 2997 3317 3084 3374; x_wconf 86' lang='lat' dir='ltr'><strong>vel</strong></span> <span class='ocrx_word' id='word_1_480' title='bbox 3115 3315 3446 3374; x_wconf 88' lang='lat' dir='ltr'><strong>temerariis</strong></span> <span class='ocrx_word' id='word_1_481' title='bbox 3469 3317 3792 3375; x_wconf 83' lang='lat' dir='ltr'><strong>vexationi-</strong></span> 
     </span>
    </p>
   </div>
   <div class='ocr_carea' id='block_1_83' title="bbox 2133 3406 3790 3481">
    <p class='ocr_par' dir='ltr' id='par_1_83' title="bbox 2133 3406 3790 3481">
     <span class='ocr_line' id='line_1_83' title="bbox 2133 3406 3790 3481; baseline -0.001 -17"><span class='ocrx_word' id='word_1_482' title='bbox 2133 3410 2245 3465; x_wconf 92' lang='lat' dir='ltr'><strong>bus</strong></span> <span class='ocrx_word' id='word_1_483' title='bbox 2297 3407 2577 3481; x_wconf 82' lang='lat' dir='ltr'><strong>fatigare;</strong></span> <span class='ocrx_word' id='word_1_484' title='bbox 2635 3407 2735 3464; x_wconf 92' lang='lat' dir='ltr'><strong>sed</strong></span> <span class='ocrx_word' id='word_1_485' title='bbox 2793 3407 2995 3464; x_wconf 86' lang='lat' dir='ltr'><strong>omnia</strong></span> <span class='ocrx_word' id='word_1_486' title='bbox 3055 3406 3282 3480; x_wconf 83' lang='lat' dir='ltr'><strong>integra</strong></span> <span class='ocrx_word' id='word_1_487' title='bbox 3337 3409 3790 3476; x_wconf 82' lang='lat' dir='ltr'><strong>conserventur,</strong></span> 
     </span>
    </p>
   </div>
   <div class='ocr_carea' id='block_1_84' title="bbox 2133 3493 3792 3569">
    <p class='ocr_par' dir='ltr' id='par_1_84' title="bbox 2133 3493 3792 3569">
     <span class='ocr_line' id='line_1_84' title="bbox 2133 3493 3792 3569; baseline -0.002 -15"><span class='ocrx_word' id='word_1_488' title='bbox 2133 3513 2334 3554; x_wconf 90' lang='lat' dir='ltr'><strong>eorum</strong></span> <span class='ocrx_word' id='word_1_489' title='bbox 2362 3512 2466 3569; x_wconf 91' lang='lat' dir='ltr'><strong>pro</strong></span> <span class='ocrx_word' id='word_1_490' title='bbox 2499 3512 2750 3568; x_wconf 89' lang='lat' dir='ltr'><strong>quorum</strong></span> <span class='ocrx_word' id='word_1_491' title='bbox 2807 3494 3236 3552; x_wconf 88' lang='lat' dir='ltr'><strong>sustentatione</strong></span> <span class='ocrx_word' id='word_1_492' title='bbox 3266 3511 3331 3551; x_wconf 90' lang='lat' dir='ltr'><strong>ac</strong></span> <span class='ocrx_word' id='word_1_493' title='bbox 3361 3493 3792 3568; x_wconf 82' lang='lat' dir='ltr'><strong>gubernatione</strong></span> 
     </span>
    </p>
   </div>
   <div class='ocr_carea' id='block_1_85' title="bbox 2134 3583 3790 3658">
    <p class='ocr_par' dir='ltr' id='par_1_85' title="bbox 2134 3583 3790 3658">
     <span class='ocr_line' id='line_1_85' title="bbox 2134 3583 3790 3658; baseline -0.001 -16"><span class='ocrx_word' id='word_1_494' title='bbox 2134 3601 2411 3642; x_wconf 84' lang='lat' dir='ltr'><strong>concessa</strong></span> <span class='ocrx_word' id='word_1_495' title='bbox 2440 3587 2596 3654; x_wconf 89' lang='lat' dir='ltr'><strong>sunt,</strong></span> <span class='ocrx_word' id='word_1_496' title='bbox 2632 3585 2840 3640; x_wconf 88' lang='lat' dir='ltr'><strong>usibus</strong></span> <span class='ocrx_word' id='word_1_497' title='bbox 2873 3583 3230 3640; x_wconf 89' lang='lat' dir='ltr'><strong>omnimodis</strong></span> <span class='ocrx_word' id='word_1_498' title='bbox 3261 3583 3592 3658; x_wconf 87' lang='lat' dir='ltr'><strong>profutura,</strong></span> <span class='ocrx_word' id='word_1_499' title='bbox 3635 3591 3790 3657; x_wconf 85' lang='lat' dir='ltr'><strong>qua-</strong></span> 
     </span>
    </p>
   </div>
   <div class='ocr_carea' id='block_1_86' title="bbox 2133 3673 3792 3745">
    <p class='ocr_par' dir='ltr' id='par_1_86' title="bbox 2133 3673 3792 3745">
     <span class='ocr_line' id='line_1_86' title="bbox 2133 3673 3792 3745; baseline -0.001 -13"><span class='ocrx_word' id='word_1_500' title='bbox 2133 3679 2306 3732; x_wconf 87' lang='lat' dir='ltr'><strong>tenus</strong></span> <span class='ocrx_word' id='word_1_501' title='bbox 2336 3673 2456 3730; x_wconf 92' lang='lat' dir='ltr'><strong>illic</strong></span> <span class='ocrx_word' id='word_1_502' title='bbox 2499 3675 2610 3730; x_wconf 88' lang='lat' dir='ltr'><strong>Deo</strong></span> <span class='ocrx_word' id='word_1_503' title='bbox 2641 3673 2956 3730; x_wconf 87' lang='lat' dir='ltr'><strong>servientes</strong></span> <span class='ocrx_word' id='word_1_504' title='bbox 2987 3673 3194 3729; x_wconf 82' lang='lat' dir='ltr'><strong>fratres</strong></span> <span class='ocrx_word' id='word_1_505' title='bbox 3225 3673 3298 3730; x_wconf 91' lang='lat' dir='ltr'><strong>ab</strong></span> <span class='ocrx_word' id='word_1_506' title='bbox 3318 3673 3477 3728; x_wconf 92' lang='lat' dir='ltr'><strong>omni</strong></span> <span class='ocrx_word' id='word_1_507' title='bbox 3500 3676 3792 3745; x_wconf 79' lang='lat' dir='ltr'><strong>potestate</strong></span> 
     </span>
    </p>
   </div>
   <div class='ocr_carea' id='block_1_87' title="bbox 2133 3761 3792 3836">
    <p class='ocr_par' dir='ltr' id='par_1_87' title="bbox 2133 3761 3792 3836">
     <span class='ocr_line' id='line_1_87' title="bbox 2133 3761 3792 3836; baseline -0.001 -16"><span class='ocrx_word' id='word_1_508' title='bbox 2133 3763 2301 3821; x_wconf 89' lang='lat' dir='ltr'><strong>liberi</strong></span> <span class='ocrx_word' id='word_1_509' title='bbox 2332 3764 2606 3820; x_wconf 62' lang='lat' dir='ltr'><strong>Romanae</strong></span> <span class='ocrx_word' id='word_1_510' title='bbox 2662 3761 3030 3818; x_wconf 89' lang='lat' dir='ltr'><strong>liberalitatis</strong></span> <span class='ocrx_word' id='word_1_511' title='bbox 3061 3762 3248 3836; x_wconf 86' lang='lat' dir='ltr'><strong>gratia</strong></span> <span class='ocrx_word' id='word_1_512' title='bbox 3294 3761 3619 3835; x_wconf 86' lang='lat' dir='ltr'><strong>potiantur,</strong></span> <span class='ocrx_word' id='word_1_513' title='bbox 3649 3767 3710 3818; x_wconf 86' lang='lat' dir='ltr'><strong>et</strong></span> <span class='ocrx_word' id='word_1_514' title='bbox 3761 3780 3792 3818; x_wconf 86' lang='lat' dir='ltr'><strong>a</strong></span> 
     </span>
    </p>
   </div>
   <div class='ocr_carea' id='block_1_88' title="bbox 2135 3850 3790 3924">
    <p class='ocr_par' dir='ltr' id='par_1_88' title="bbox 2135 3850 3790 3924">
     <span class='ocr_line' id='line_1_88' title="bbox 2135 3850 3790 3924; baseline -0.002 -15"><span class='ocrx_word' id='word_1_515' title='bbox 2135 3851 2518 3910; x_wconf 64' lang='lat' dir='ltr'><strong>saecularibus</strong></span> <span class='ocrx_word' id='word_1_516' title='bbox 2569 3851 2923 3908; x_wconf 89' lang='lat' dir='ltr'><strong>tumultibus</strong></span> <span class='ocrx_word' id='word_1_517' title='bbox 2980 3850 3177 3918; x_wconf 89' lang='lat' dir='ltr'><strong>alieni,</strong></span> <span class='ocrx_word' id='word_1_518' title='bbox 3235 3851 3662 3924; x_wconf 88' lang='lat' dir='ltr'><strong>omnipotentis</strong></span> <span class='ocrx_word' id='word_1_519' title='bbox 3695 3851 3790 3908; x_wconf 91' lang='lat' dir='ltr'><strong>Dei</strong></span> 
     </span>
    </p>
   </div>
   <div class='ocr_carea' id='block_1_89' title="bbox 2135 3938 3792 4015">
    <p class='ocr_par' dir='ltr' id='par_1_89' title="bbox 2135 3938 3792 4015">
     <span class='ocr_line' id='line_1_89' title="bbox 2135 3938 3792 4015; baseline -0.001 -17"><span class='ocrx_word' id='word_1_520' title='bbox 2135 3940 2518 4015; x_wconf 84' lang='lat' dir='ltr'><strong>speculationi</strong></span> <span class='ocrx_word' id='word_1_521' title='bbox 2550 3939 2820 3997; x_wconf 88' lang='lat' dir='ltr'><strong>licentius</strong></span> <span class='ocrx_word' id='word_1_522' title='bbox 2849 3957 3054 3998; x_wconf 88' lang='lat' dir='ltr'><strong>vacare</strong></span> <span class='ocrx_word' id='word_1_523' title='bbox 3097 3938 3463 4013; x_wconf 62' lang='lat' dir='ltr'><strong>praevaleant.</strong></span> <span class='ocrx_word' id='word_1_524' title='bbox 3525 3939 3792 3997; x_wconf 85' lang='lat' dir='ltr'><strong>Obeunte</strong></span> 
     </span>
    </p>
   </div>
   <div class='ocr_carea' id='block_1_90' title="bbox 2134 4027 3792 4102">
    <p class='ocr_par' dir='ltr' id='par_1_90' title="bbox 2134 4027 3792 4102">
     <span class='ocr_line' id='line_1_90' title="bbox 2134 4027 3792 4102; baseline -0.002 -16"><span class='ocrx_word' id='word_1_525' title='bbox 2134 4035 2191 4088; x_wconf 92' lang='lat' dir='ltr'><strong>te</strong></span> <span class='ocrx_word' id='word_1_526' title='bbox 2221 4047 2377 4088; x_wconf 91' lang='lat' dir='ltr'>nunc</span> <span class='ocrx_word' id='word_1_527' title='bbox 2406 4030 2672 4102; x_wconf 89' lang='lat' dir='ltr'><strong>ejusdem</strong></span> <span class='ocrx_word' id='word_1_528' title='bbox 2703 4027 2816 4086; x_wconf 91' lang='lat' dir='ltr'><strong>loci</strong></span> <span class='ocrx_word' id='word_1_529' title='bbox 2848 4029 3075 4096; x_wconf 83' lang='lat' dir='ltr'><strong>abbate,</strong></span> <span class='ocrx_word' id='word_1_530' title='bbox 3110 4027 3197 4084; x_wconf 89' lang='lat' dir='ltr'><strong>vel</strong></span> <span class='ocrx_word' id='word_1_531' title='bbox 3259 4032 3496 4084; x_wconf 88' lang='lat' dir='ltr'><strong>tuorum</strong></span> <span class='ocrx_word' id='word_1_532' title='bbox 3527 4027 3792 4100; x_wconf 89' lang='lat' dir='ltr'><strong>quolibet</strong></span> 
     </span>
    </p>
   </div>
   <div class='ocr_carea' id='block_1_91' title="bbox 2136 4116 3791 4190">
    <p class='ocr_par' dir='ltr' id='par_1_91' title="bbox 2136 4116 3791 4190">
     <span class='ocr_line' id='line_1_91' title="bbox 2136 4116 3791 4190; baseline -0.001 -14"><span class='ocrx_word' id='word_1_533' title='bbox 2136 4135 2564 4186; x_wconf 90' lang='lat' dir='ltr'><strong>successorum,</strong></span> <span class='ocrx_word' id='word_1_534' title='bbox 2585 4117 2784 4174; x_wconf 92' lang='lat' dir='ltr'><strong>nullus</strong></span> <span class='ocrx_word' id='word_1_535' title='bbox 2815 4118 2895 4172; x_wconf 93' lang='lat' dir='ltr'><strong>ibi</strong></span> <span class='ocrx_word' id='word_1_536' title='bbox 2927 4117 3188 4190; x_wconf 90' lang='lat' dir='ltr'><strong>qualibet</strong></span> <span class='ocrx_word' id='word_1_537' title='bbox 3217 4116 3618 4190; x_wconf 84' lang='lat' dir='ltr'><strong>subreptionis</strong></span> <span class='ocrx_word' id='word_1_538' title='bbox 3637 4121 3791 4175; x_wconf 81' lang='lat' dir='ltr'><strong>astu-</strong></span> 
     </span>
    </p>
   </div>
   <div class='ocr_carea' id='block_1_92' title="bbox 2140 4205 3790 4280">
    <p class='ocr_par' dir='ltr' id='par_1_92' title="bbox 2140 4205 3790 4280">
     <span class='ocr_line' id='line_1_92' title="bbox 2140 4205 3790 4280; baseline -0.001 -15"><span class='ocrx_word' id='word_1_539' title='bbox 2140 4208 2241 4274; x_wconf 87' lang='lat' dir='ltr'><strong>tia,</strong></span> <span class='ocrx_word' id='word_1_540' title='bbox 2277 4225 2379 4265; x_wconf 90' lang='lat' dir='ltr'><strong>seu</strong></span> <span class='ocrx_word' id='word_1_541' title='bbox 2410 4206 2690 4264; x_wconf 89' lang='lat' dir='ltr'><strong>violentia</strong></span> <span class='ocrx_word' id='word_1_542' title='bbox 2745 4211 3139 4280; x_wconf 64' lang='lat' dir='ltr'><strong>prmponatur,</strong></span> <span class='ocrx_word' id='word_1_543' title='bbox 3198 4205 3311 4263; x_wconf 91' lang='lat' dir='ltr'>nisi</span> <span class='ocrx_word' id='word_1_544' title='bbox 3343 4222 3519 4279; x_wconf 89' lang='lat' dir='ltr'><strong>quem</strong></span> <span class='ocrx_word' id='word_1_545' title='bbox 3580 4207 3790 4264; x_wconf 82' lang='lat' dir='ltr'><strong>fratres</strong></span> 
     </span>
    </p>
   </div>
   <div class='ocr_carea' id='block_1_93' title="bbox 2135 4293 3790 4368">
    <p class='ocr_par' dir='ltr' id='par_1_93' title="bbox 2135 4293 3790 4368">
     <span class='ocr_line' id='line_1_93' title="bbox 2135 4293 3790 4368; baseline -0.001 -15"><span class='ocrx_word' id='word_1_546' title='bbox 2135 4296 2435 4353; x_wconf 91' lang='lat' dir='ltr'><strong>communi</strong></span> <span class='ocrx_word' id='word_1_547' title='bbox 2448 4313 2737 4353; x_wconf 88' lang='lat' dir='ltr'><strong>consensu</strong></span> <span class='ocrx_word' id='word_1_548' title='bbox 2749 4295 2836 4352; x_wconf 92' lang='lat' dir='ltr'><strong>vel</strong></span> <span class='ocrx_word' id='word_1_549' title='bbox 2861 4297 3108 4352; x_wconf 81' lang='lat' dir='ltr'><strong>fratrum</strong></span> <span class='ocrx_word' id='word_1_550' title='bbox 3121 4311 3258 4368; x_wconf 86' lang='lat' dir='ltr'><strong>pars</strong></span> <span class='ocrx_word' id='word_1_551' title='bbox 3281 4293 3512 4352; x_wconf 88' lang='lat' dir='ltr'><strong>concilii</strong></span> <span class='ocrx_word' id='word_1_552' title='bbox 3537 4294 3790 4352; x_wconf 85' lang='lat' dir='ltr'><strong>sanioris</strong></span> 
     </span>
    </p>
   </div>
   <div class='ocr_carea' id='block_1_94' title="bbox 2137 4383 3790 4462">
    <p class='ocr_par' dir='ltr' id='par_1_94' title="bbox 2137 4383 3790 4462">
     <span class='ocr_line' id='line_1_94' title="bbox 2137 4383 3790 4462; baseline 0 -20"><span class='ocrx_word' id='word_1_553' title='bbox 2137 4385 2463 4442; x_wconf 89' lang='lat' dir='ltr'><strong>secundum</strong></span> <span class='ocrx_word' id='word_1_554' title='bbox 2497 4385 2647 4442; x_wconf 91' lang='lat' dir='ltr'><strong>beati</strong></span> <span class='ocrx_word' id='word_1_555' title='bbox 2681 4384 2972 4441; x_wconf 88' lang='lat' dir='ltr'><strong>Benedicti</strong></span> <span class='ocrx_word' id='word_1_556' title='bbox 3005 4383 3268 4458; x_wconf 88' lang='lat' dir='ltr'><strong>regulam</strong></span> <span class='ocrx_word' id='word_1_557' title='bbox 3307 4383 3610 4458; x_wconf 85' lang='lat' dir='ltr'><strong>elegerint.</strong></span> <span class='ocrx_word' id='word_1_558' title='bbox 3645 4385 3790 4462; x_wconf 80' lang='lat' dir='ltr'><strong>Con-</strong></span> 
     </span>
    </p>
   </div>
   <div class='ocr_carea' id='block_1_95' title="bbox 2137 4469 3788 4544">
    <p class='ocr_par' dir='ltr' id='par_1_95' title="bbox 2137 4469 3788 4544">
     <span class='ocr_line' id='line_1_95' title="bbox 2137 4469 3788 4544; baseline 0 -14"><span class='ocrx_word' id='word_1_559' title='bbox 2137 4475 2492 4530; x_wconf 89' lang='lat' dir='ltr'><strong>secrationes</strong></span> <span class='ocrx_word' id='word_1_560' title='bbox 2524 4473 2800 4530; x_wconf 88' lang='lat' dir='ltr'><strong>altarium</strong></span> <span class='ocrx_word' id='word_1_561' title='bbox 2840 4469 3240 4544; x_wconf 87' lang='lat' dir='ltr'><strong>basilicarum,</strong></span> <span class='ocrx_word' id='word_1_562' title='bbox 3283 4473 3518 4530; x_wconf 90' lang='lat' dir='ltr'><strong>ordines</strong></span> <span class='ocrx_word' id='word_1_563' title='bbox 3550 4472 3788 4530; x_wconf 85' lang='lat' dir='ltr'><strong>clerico-</strong></span> 
     </span>
    </p>
   </div>
   <div class='ocr_carea' id='block_1_96' title="bbox 378 4547 3787 4644">
    <p class='ocr_par' dir='ltr' id='par_1_96' title="bbox 378 4547 3787 4644">
     <span class='ocr_line' id='line_1_96' title="bbox 378 4547 3787 4644; baseline -0.001 -23"><span class='ocrx_word' id='word_1_564' title='bbox 378 4547 730 4644; x_wconf 53' lang='grc' dir='ltr'><strong>εξοαξξ-Ρίω</strong></span> <span class='ocrx_word' id='word_1_565' title='bbox 780 4548 1072 4644; x_wconf 48' lang='grc' dir='ltr'><strong>φραξοῖίδε</strong></span> <span class='ocrx_word' id='word_1_566' title='bbox 1101 4547 1776 4644; x_wconf 27' lang='grc' dir='ltr'><strong>Ρτωάθοέεεονθῇῐιίξῗῑῐδο-</strong></span> <span class='ocrx_word' id='word_1_567' title='bbox 1800 4551 2028 4644; x_wconf 42' lang='grc' dir='ltr'><strong>-ίῖνεῖεο-</strong></span> <span class='ocrx_word' id='word_1_568' title='bbox 2056 4579 2105 4644; x_wconf 81' lang='lat' dir='ltr'><strong>D</strong></span> <span class='ocrx_word' id='word_1_569' title='bbox 2136 4580 2291 4630; x_wconf 91' lang='lat' dir='ltr'><strong>rum,</strong></span> <span class='ocrx_word' id='word_1_570' title='bbox 2324 4563 2602 4631; x_wconf 89' lang='lat' dir='ltr'><strong>chrisma,</strong></span> <span class='ocrx_word' id='word_1_571' title='bbox 2658 4565 2716 4619; x_wconf 90' lang='lat' dir='ltr'><strong>et</strong></span> <span class='ocrx_word' id='word_1_572' title='bbox 2745 4567 2952 4619; x_wconf 62' lang='lat' dir='ltr'><strong>cetera</strong></span> <span class='ocrx_word' id='word_1_573' title='bbox 3008 4563 3080 4618; x_wconf 91' lang='lat' dir='ltr'><strong>ad</strong></span> <span class='ocrx_word' id='word_1_574' title='bbox 3137 4560 3470 4638; x_wconf 90' lang='lat' dir='ltr'><strong>episcopale</strong></span> <span class='ocrx_word' id='word_1_575' title='bbox 3527 4561 3787 4620; x_wconf 76' lang='lat' dir='ltr'><strong>officium</strong></span> 
     </span>
    </p>
   </div>
   <div class='ocr_carea' id='block_1_97' title="bbox 378 4636 1929 4726">
    <p class='ocr_par' dir='ltr' id='par_1_97' title="bbox 378 4636 1926 4711">
     <span class='ocr_line' id='line_1_97' title="bbox 378 4636 1926 4711; baseline 0.003 -19"><span class='ocrx_word' id='word_1_576' title='bbox 378 4637 464 4693; x_wconf 90' lang='lat' dir='ltr'><strong>rio</strong></span> <span class='ocrx_word' id='word_1_577' title='bbox 511 4637 612 4693; x_wconf 88' lang='lat' dir='ltr'><strong>VII</strong></span> <span class='ocrx_word' id='word_1_578' title='bbox 641 4640 872 4694; x_wconf 85' lang='lat' dir='ltr'><strong>constat</strong></span> <span class='ocrx_word' id='word_1_579' title='bbox 902 4636 1083 4693; x_wconf 87' lang='lat' dir='ltr'><strong>fuisse</strong></span> <span class='ocrx_word' id='word_1_580' title='bbox 1113 4640 1475 4710; x_wconf 86' lang='lat' dir='ltr'><strong>susceptum.</strong></span> <span class='ocrx_word' id='word_1_581' title='bbox 1523 4637 1820 4711; x_wconf 88' lang='lat' dir='ltr'><strong>Quidquid</strong></span> <span class='ocrx_word' id='word_1_582' title='bbox 1851 4641 1926 4696; x_wconf 91' lang='lat' dir='ltr'><strong>eti</strong></span> 
     </span>
    </p>
   </div>
   <div class='ocr_carea' id='block_1_98' title="bbox 2238 4636 3789 4726">
    <p class='ocr_par' dir='ltr' id='par_1_98' title="bbox 2238 4636 3789 4725">
     <span class='ocr_line' id='line_1_98' title="bbox 2238 4636 3789 4725; baseline 0 -17"><span class='ocrx_word' id='word_1_583' title='bbox 2238 4653 2488 4708; x_wconf 87' lang='lat' dir='ltr'><strong>tinentia</strong></span> <span class='ocrx_word' id='word_1_584' title='bbox 2525 4652 2598 4708; x_wconf 89' lang='lat' dir='ltr'><strong>ab</strong></span> <span class='ocrx_word' id='word_1_585' title='bbox 2629 4651 2902 4725; x_wconf 80' lang='lat' dir='ltr'><strong>episeopo</strong></span> <span class='ocrx_word' id='word_1_586' title='bbox 2933 4636 3448 4717; x_wconf 83' lang='lat' dir='ltr'><strong>Constantiensi,in</strong></span> <span class='ocrx_word' id='word_1_587' title='bbox 3480 4652 3657 4724; x_wconf 84' lang='lat' dir='ltr'><strong>cujus</strong></span> <span class='ocrx_word' id='word_1_588' title='bbox 3703 4662 3789 4708; x_wconf 88' lang='lat' dir='ltr'><strong>es-</strong></span> 
     </span>
    </p>
   </div>
   <div class='ocr_carea' id='block_1_99' title="bbox 377 4725 2030 4799">
    <p class='ocr_par' dir='ltr' id='par_1_99' title="bbox 377 4725 2030 4799">
     <span class='ocr_line' id='line_1_99' title="bbox 377 4725 2030 4799; baseline 0.004 -15"><span class='ocrx_word' id='word_1_589' title='bbox 377 4727 776 4784; x_wconf 85' lang='lat' dir='ltr'><strong>immunitatis</strong></span> <span class='ocrx_word' id='word_1_590' title='bbox 804 4725 960 4782; x_wconf 89' lang='lat' dir='ltr'><strong>idem</strong></span> <span class='ocrx_word' id='word_1_591' title='bbox 986 4726 1245 4799; x_wconf 78' lang='lat' dir='ltr'><strong>pontifex</strong></span> <span class='ocrx_word' id='word_1_592' title='bbox 1275 4725 1402 4781; x_wconf 91' lang='lat' dir='ltr'><strong>loco</strong></span> <span class='ocrx_word' id='word_1_593' title='bbox 1432 4725 1544 4798; x_wconf 91' lang='lat' dir='ltr'><strong>ipsi</strong></span> <span class='ocrx_word' id='word_1_594' title='bbox 1603 4728 1864 4798; x_wconf 86' lang='lat' dir='ltr'><strong>contulit,</strong></span> <span class='ocrx_word' id='word_1_595' title='bbox 1925 4749 2030 4790; x_wconf 91' lang='lat' dir='ltr'><strong>nos</strong></span> 
     </span>
    </p>
   </div>
   <div class='ocr_carea' id='block_1_100' title="bbox 378 4815 2023 4890">
    <p class='ocr_par' dir='ltr' id='par_1_100' title="bbox 378 4815 2023 4890">
     <span class='ocr_line' id='line_1_100' title="bbox 378 4815 2023 4890; baseline 0.003 -17"><span class='ocrx_word' id='word_1_596' title='bbox 378 4831 611 4890; x_wconf 89' lang='lat' dir='ltr'><strong>quoque</strong></span> <span class='ocrx_word' id='word_1_597' title='bbox 641 4815 1038 4882; x_wconf 89' lang='lat' dir='ltr'><strong>concedimus,</strong></span> <span class='ocrx_word' id='word_1_598' title='bbox 1070 4820 1128 4872; x_wconf 90' lang='lat' dir='ltr'><strong>et</strong></span> <span class='ocrx_word' id='word_1_599' title='bbox 1186 4815 1456 4889; x_wconf 67' lang='lat' dir='ltr'><strong>praesenti</strong></span> <span class='ocrx_word' id='word_1_600' title='bbox 1486 4816 1714 4873; x_wconf 87' lang='lat' dir='ltr'><strong>decreto</strong></span> <span class='ocrx_word' id='word_1_601' title='bbox 1755 4823 2023 4878; x_wconf 87' lang='lat' dir='ltr'><strong>corrobo-</strong></span> 
     </span>
    </p>
   </div>
   <div class='ocr_carea' id='block_1_101' title="bbox 378 4903 2028 4978">
    <p class='ocr_par' dir='ltr' id='par_1_101' title="bbox 378 4903 2028 4978">
     <span class='ocr_line' id='line_1_101' title="bbox 378 4903 2028 4978; baseline 0.005 -18"><span class='ocrx_word' id='word_1_602' title='bbox 378 4921 601 4963; x_wconf 89' lang='lat' dir='ltr'><strong>ramus.</strong></span> <span class='ocrx_word' id='word_1_603' title='bbox 633 4903 964 4976; x_wconf 88' lang='lat' dir='ltr'><strong>Apostolica</strong></span> <span class='ocrx_word' id='word_1_604' title='bbox 996 4907 1194 4978; x_wconf 88' lang='lat' dir='ltr'><strong>itaque</strong></span> <span class='ocrx_word' id='word_1_605' title='bbox 1225 4905 1566 4962; x_wconf 86' lang='lat' dir='ltr'><strong>auctoritate</strong></span> <span class='ocrx_word' id='word_1_606' title='bbox 1617 4909 1932 4967; x_wconf 84' lang='lat' dir='ltr'><strong>statuimus</strong></span> <span class='ocrx_word' id='word_1_607' title='bbox 1965 4917 2028 4968; x_wconf 89' lang='lat' dir='ltr'><strong>ut</strong></span> 
     </span>
    </p>
   </div>
   <div class='ocr_carea' id='block_1_102' title="bbox 381 4992 2026 5068">
    <p class='ocr_par' dir='ltr' id='par_1_102' title="bbox 381 4992 2026 5068">
     <span class='ocr_line' id='line_1_102' title="bbox 381 4992 2026 5068; baseline 0.004 -18"><span class='ocrx_word' id='word_1_608' title='bbox 381 4993 652 5050; x_wconf 85' lang='lat' dir='ltr'><strong>universa</strong></span> <span class='ocrx_word' id='word_1_609' title='bbox 681 5009 808 5064; x_wconf 64' lang='lat' dir='ltr'><strong>quae</strong></span> <span class='ocrx_word' id='word_1_610' title='bbox 831 4994 1052 5064; x_wconf 73' lang='lat' dir='ltr'><strong>praefati</strong></span> <span class='ocrx_word' id='word_1_611' title='bbox 1073 4993 1315 5050; x_wconf 89' lang='lat' dir='ltr'><strong>comites</strong></span> <span class='ocrx_word' id='word_1_612' title='bbox 1335 4992 1422 5049; x_wconf 90' lang='lat' dir='ltr'><strong>vel</strong></span> <span class='ocrx_word' id='word_1_613' title='bbox 1437 4993 1535 5050; x_wconf 88' lang='lat' dir='ltr'><strong>alii</strong></span> <span class='ocrx_word' id='word_1_614' title='bbox 1557 4995 1802 5068; x_wconf 90' lang='lat' dir='ltr'><strong>quilibet</strong></span> <span class='ocrx_word' id='word_1_615' title='bbox 1825 4999 2026 5058; x_wconf 77' lang='lat' dir='ltr'><strong>fideles</strong></span> 
     </span>
    </p>
   </div>
   <div class='ocr_carea' id='block_1_103' title="bbox 379 5079 2022 5158">
    <p class='ocr_par' dir='ltr' id='par_1_103' title="bbox 379 5079 2022 5158">
     <span class='ocr_line' id='line_1_103' title="bbox 379 5079 2022 5158; baseline 0.004 -20"><span class='ocrx_word' id='word_1_616' title='bbox 379 5079 642 5138; x_wconf 74' lang='lat' dir='ltr'><strong>coenbbio</strong></span> <span class='ocrx_word' id='word_1_617' title='bbox 692 5085 883 5136; x_wconf 88' lang='lat' dir='ltr'><strong>vestro</strong></span> <span class='ocrx_word' id='word_1_618' title='bbox 914 5081 986 5136; x_wconf 89' lang='lat' dir='ltr'><strong>de</strong></span> <span class='ocrx_word' id='word_1_619' title='bbox 1041 5082 1166 5139; x_wconf 89' lang='lat' dir='ltr'><strong>suis</strong></span> <span class='ocrx_word' id='word_1_620' title='bbox 1222 5081 1595 5142; x_wconf 83' lang='lat' dir='ltr'><strong>facultatibus</strong></span> <span class='ocrx_word' id='word_1_621' title='bbox 1647 5087 2022 5158; x_wconf 89' lang='lat' dir='ltr'><strong>contulerint,</strong></span> 
     </span>
    </p>
   </div>
   <div class='ocr_carea' id='block_1_104' title="bbox 379 5167 2027 5243">
    <p class='ocr_par' dir='ltr' id='par_1_104' title="bbox 379 5167 2027 5243">
     <span class='ocr_line' id='line_1_104' title="bbox 379 5167 2027 5243; baseline 0.005 -17"><span class='ocrx_word' id='word_1_622' title='bbox 379 5185 624 5243; x_wconf 70' lang='lat' dir='ltr'><strong>quaeque</strong></span> <span class='ocrx_word' id='word_1_623' title='bbox 649 5167 822 5226; x_wconf 90' lang='lat' dir='ltr'><strong>hodie</strong></span> <span class='ocrx_word' id='word_1_624' title='bbox 845 5174 1060 5242; x_wconf 90' lang='lat' dir='ltr'><strong>posset,</strong></span> <span class='ocrx_word' id='word_1_625' title='bbox 1087 5172 1206 5228; x_wconf 85' lang='lat' dir='ltr'><strong>sive</strong></span> <span class='ocrx_word' id='word_1_626' title='bbox 1236 5173 1296 5228; x_wconf 90' lang='lat' dir='ltr'><strong>in</strong></span> <span class='ocrx_word' id='word_1_627' title='bbox 1339 5171 1602 5230; x_wconf 83' lang='lat' dir='ltr'><strong>futurum</strong></span> <span class='ocrx_word' id='word_1_628' title='bbox 1653 5173 2027 5234; x_wconf 88' lang='lat' dir='ltr'><strong>concessione</strong></span> 
     </span>
    </p>
   </div>
   <div class='ocr_carea' id='block_1_105' title="bbox 379 5256 2026 5336">
    <p class='ocr_par' dir='ltr' id='par_1_105' title="bbox 379 5256 2026 5336">
     <span class='ocr_line' id='line_1_105' title="bbox 379 5256 2026 5336; baseline 0.005 -20"><span class='ocrx_word' id='word_1_629' title='bbox 379 5257 746 5334; x_wconf 83' lang='lat' dir='ltr'><strong>pontificum,</strong></span> <span class='ocrx_word' id='word_1_630' title='bbox 777 5256 1129 5316; x_wconf 89' lang='lat' dir='ltr'><strong>liberalitate</strong></span> <span class='ocrx_word' id='word_1_631' title='bbox 1185 5261 1538 5336; x_wconf 90' lang='lat' dir='ltr'><strong>principum,</strong></span> <span class='ocrx_word' id='word_1_632' title='bbox 1593 5263 1682 5320; x_wconf 91' lang='lat' dir='ltr'><strong>vel</strong></span> <span class='ocrx_word' id='word_1_633' title='bbox 1737 5263 2026 5324; x_wconf 88' lang='lat' dir='ltr'><strong>oblatione</strong></span> 
     </span>
    </p>
   </div>
   <div class='ocr_carea' id='block_1_106' title="bbox 378 5348 2028 5426">
    <p class='ocr_par' dir='ltr' id='par_1_106' title="bbox 378 5348 2028 5426">
     <span class='ocr_line' id='line_1_106' title="bbox 378 5348 2028 5426; baseline 0.004 -20"><span class='ocrx_word' id='word_1_634' title='bbox 378 5348 643 5407; x_wconf 82' lang='lat' dir='ltr'><strong>fidelium</strong></span> <span class='ocrx_word' id='word_1_635' title='bbox 666 5350 832 5421; x_wconf 89' lang='lat' dir='ltr'><strong>juste</strong></span> <span class='ocrx_word' id='word_1_636' title='bbox 854 5350 1026 5420; x_wconf 87' lang='lat' dir='ltr'><strong>atque</strong></span> <span class='ocrx_word' id='word_1_637' title='bbox 1057 5352 1332 5409; x_wconf 86' lang='lat' dir='ltr'><strong>canonice</strong></span> <span class='ocrx_word' id='word_1_638' title='bbox 1357 5352 1567 5426; x_wconf 85' lang='lat' dir='ltr'><strong>poterit</strong></span> <span class='ocrx_word' id='word_1_639' title='bbox 1582 5351 1891 5424; x_wconf 64' lang='lat' dir='ltr'><strong>adispiciﬁ</strong></span> <span class='ocrx_word' id='word_1_640' title='bbox 1901 5371 2028 5413; x_wconf 89' lang='lat' dir='ltr'><strong>rma</strong></span> 
     </span>
    </p>
   </div>
   <div class='ocr_carea' id='block_1_107' title="bbox 379 5440 2024 5512">
    <p class='ocr_par' dir='ltr' id='par_1_107' title="bbox 379 5440 2024 5512">
     <span class='ocr_line' id='line_1_107' title="bbox 379 5440 2024 5512; baseline 0.004 -17"><span class='ocrx_word' id='word_1_641' title='bbox 379 5440 506 5506; x_wconf 86' lang='lat' dir='ltr'><strong>tibi,</strong></span> <span class='ocrx_word' id='word_1_642' title='bbox 535 5440 776 5512; x_wconf 86' lang='lat' dir='ltr'><strong>tuisque</strong></span> <span class='ocrx_word' id='word_1_643' title='bbox 807 5441 1240 5499; x_wconf 88' lang='lat' dir='ltr'><strong>successoribus</strong></span> <span class='ocrx_word' id='word_1_644' title='bbox 1271 5446 1330 5498; x_wconf 90' lang='lat' dir='ltr'><strong>et</strong></span> <span class='ocrx_word' id='word_1_645' title='bbox 1349 5440 1584 5510; x_wconf 87' lang='lat' dir='ltr'><strong>illibata</strong></span> <span class='ocrx_word' id='word_1_646' title='bbox 1621 5448 2024 5511; x_wconf 86' lang='lat' dir='ltr'><strong>permaneant.</strong></span> 
     </span>
    </p>
   </div>
   <div class='ocr_carea' id='block_1_108' title="bbox 377 5527 2027 5605">
    <p class='ocr_par' dir='ltr' id='par_1_108' title="bbox 377 5527 2027 5605">
     <span class='ocr_line' id='line_1_108' title="bbox 377 5527 2027 5605; baseline 0.003 -19"><span class='ocrx_word' id='word_1_647' title='bbox 377 5529 459 5586; x_wconf 91' lang='lat' dir='ltr'><strong>De</strong></span> <span class='ocrx_word' id='word_1_648' title='bbox 483 5529 647 5587; x_wconf 87' lang='lat' dir='ltr'><strong>cellis</strong></span> <span class='ocrx_word' id='word_1_649' title='bbox 677 5528 876 5584; x_wconf 85' lang='lat' dir='ltr'><strong>autem</strong></span> <span class='ocrx_word' id='word_1_650' title='bbox 908 5530 1090 5586; x_wconf 71' lang='lat' dir='ltr'><strong>Beata:</strong></span> <span class='ocrx_word' id='word_1_651' title='bbox 1136 5530 1378 5605; x_wconf 86' lang='lat' dir='ltr'><strong>Agnetis</strong></span> <span class='ocrx_word' id='word_1_652' title='bbox 1409 5534 1468 5586; x_wconf 87' lang='lat' dir='ltr'><strong>et</strong></span> <span class='ocrx_word' id='word_1_653' title='bbox 1526 5529 1709 5585; x_wconf 68' lang='lat' dir='ltr'><strong>Beata:</strong></span> <span class='ocrx_word' id='word_1_654' title='bbox 1739 5527 1934 5587; x_wconf 71' lang='lat' dir='ltr'><strong>Mariae</strong></span> <span class='ocrx_word' id='word_1_655' title='bbox 1965 5532 2027 5592; x_wconf 91' lang='lat' dir='ltr'>in</span> 
     </span>
    </p>
   </div>
   <div class='ocr_carea' id='block_1_109' title="bbox 377 5613 2028 5694">
    <p class='ocr_par' dir='ltr' id='par_1_109' title="bbox 377 5613 2028 5694">
     <span class='ocr_line' id='line_1_109' title="bbox 377 5613 2028 5694; baseline 0.006 -20"><span class='ocrx_word' id='word_1_656' title='bbox 377 5616 518 5677; x_wconf 85' lang='lat' dir='ltr'><strong>villa</strong></span> <span class='ocrx_word' id='word_1_657' title='bbox 545 5619 614 5678; x_wconf 88' lang='lat' dir='ltr'><strong>N.</strong></span> <span class='ocrx_word' id='word_1_658' title='bbox 647 5613 999 5678; x_wconf 86' lang='lat' dir='ltr'><strong>nominatim</strong></span> <span class='ocrx_word' id='word_1_659' title='bbox 1027 5619 1531 5689; x_wconf 88' lang='lat' dir='ltr'><strong>interdicimus,ne</strong></span> <span class='ocrx_word' id='word_1_660' title='bbox 1559 5616 1692 5694; x_wconf 87' lang='lat' dir='ltr'><strong>quis</strong></span> <span class='ocrx_word' id='word_1_661' title='bbox 1723 5619 2028 5686; x_wconf 81' lang='lat' dir='ltr'><strong>occasione</strong></span> 
     </span>
    </p>
   </div>
   <div class='ocr_carea' id='block_1_110' title="bbox 2139 4739 3789 4816">
    <p class='ocr_par' dir='ltr' id='par_1_110' title="bbox 2139 4739 3789 4816">
     <span class='ocr_line' id='line_1_110' title="bbox 2139 4739 3789 4816; baseline -0.001 -18"><span class='ocrx_word' id='word_1_662' title='bbox 2139 4741 2213 4798; x_wconf 91' lang='lat' dir='ltr'><strong>tis</strong></span> <span class='ocrx_word' id='word_1_663' title='bbox 2243 4740 2497 4808; x_wconf 86' lang='lat' dir='ltr'><strong>dioecesi,</strong></span> <span class='ocrx_word' id='word_1_664' title='bbox 2531 4739 2850 4813; x_wconf 85' lang='lat' dir='ltr'><strong>accipiatis,</strong></span> <span class='ocrx_word' id='word_1_665' title='bbox 2887 4739 2936 4796; x_wconf 89' lang='lat' dir='ltr'><strong>si</strong></span> <span class='ocrx_word' id='word_1_666' title='bbox 2984 4743 3182 4798; x_wconf 86' lang='lat' dir='ltr'><strong>tamen</strong></span> <span class='ocrx_word' id='word_1_667' title='bbox 3213 4739 3566 4816; x_wconf 89' lang='lat' dir='ltr'><strong>catholicus_</strong></span> <span class='ocrx_word' id='word_1_668' title='bbox 3595 4745 3709 4810; x_wconf 90' lang='lat' dir='ltr'><strong>est,</strong></span> <span class='ocrx_word' id='word_1_669' title='bbox 3736 4743 3789 4797; x_wconf 90' lang='lat' dir='ltr'><strong>et</strong></span> 
     </span>
    </p>
   </div>
   <div class='ocr_carea' id='block_1_111' title="bbox 2138 4827 3784 4904">
    <p class='ocr_par' dir='ltr' id='par_1_111' title="bbox 2138 4827 3784 4904">
     <span class='ocr_line' id='line_1_111' title="bbox 2138 4827 3784 4904; baseline -0.002 -18"><span class='ocrx_word' id='word_1_670' title='bbox 2138 4831 2284 4904; x_wconf 86' lang='lat' dir='ltr'><strong>grati</strong></span> <span class='ocrx_word' id='word_1_671' title='bbox 2295 4847 2387 4885; x_wconf 89' lang='lat' dir='ltr'><strong>am</strong></span> <span class='ocrx_word' id='word_1_672' title='bbox 2417 4833 2474 4884; x_wconf 91' lang='lat' dir='ltr'><strong>et</strong></span> <span class='ocrx_word' id='word_1_673' title='bbox 2486 4829 2956 4886; x_wconf 88' lang='lat' dir='ltr'><strong>communionem</strong></span> <span class='ocrx_word' id='word_1_674' title='bbox 2981 4828 3313 4902; x_wconf 66' lang='lat' dir='ltr'><strong>apostolica</strong></span> <span class='ocrx_word' id='word_1_675' title='bbox 3325 4827 3484 4886; x_wconf 89' lang='lat' dir='ltr'><strong>sedis</strong></span> <span class='ocrx_word' id='word_1_676' title='bbox 3497 4828 3784 4887; x_wconf 85' lang='lat' dir='ltr'><strong>habuerit.</strong></span> 
     </span>
    </p>
   </div>
   <div class='ocr_carea' id='block_1_112' title="bbox 2133 4917 3784 4992">
    <p class='ocr_par' dir='ltr' id='par_1_112' title="bbox 2133 4917 3784 4992">
     <span class='ocr_line' id='line_1_112' title="bbox 2133 4917 3784 4992; baseline -0.001 -16"><span class='ocrx_word' id='word_1_677' title='bbox 2133 4919 2293 4976; x_wconf 87' lang='lat' dir='ltr'><strong>Alias</strong></span> <span class='ocrx_word' id='word_1_678' title='bbox 2323 4935 2454 4975; x_wconf 90' lang='lat' dir='ltr'><strong>vero</strong></span> <span class='ocrx_word' id='word_1_679' title='bbox 2485 4917 2658 4974; x_wconf 88' lang='lat' dir='ltr'><strong>liceat</strong></span> <span class='ocrx_word' id='word_1_680' title='bbox 2672 4917 2837 4974; x_wconf 90' lang='lat' dir='ltr'><strong>vobis</strong></span> <span class='ocrx_word' id='word_1_681' title='bbox 2869 4917 3242 4986; x_wconf 85' lang='lat' dir='ltr'><strong>catholicum,</strong></span> <span class='ocrx_word' id='word_1_682' title='bbox 3257 4935 3442 4992; x_wconf 78' lang='lat' dir='ltr'><strong>quem</strong></span> <span class='ocrx_word' id='word_1_683' title='bbox 3461 4919 3784 4984; x_wconf 87' lang='lat' dir='ltr'><strong>volueritis,</strong></span> 
     </span>
    </p>
   </div>
   <div class='ocr_carea' id='block_1_113' title="bbox 2135 5006 3786 5078">
    <p class='ocr_par' dir='ltr' id='par_1_113' title="bbox 2135 5006 3786 5078">
     <span class='ocr_line' id='line_1_113' title="bbox 2135 5006 3786 5078; baseline 0.001 -14"><span class='ocrx_word' id='word_1_684' title='bbox 2135 5007 2296 5064; x_wconf 89' lang='lat' dir='ltr'><strong>adire</strong></span> <span class='ocrx_word' id='word_1_685' title='bbox 2355 5006 2704 5078; x_wconf 89' lang='lat' dir='ltr'><strong>antistitem,</strong></span> <span class='ocrx_word' id='word_1_686' title='bbox 2765 5010 2824 5064; x_wconf 89' lang='lat' dir='ltr'><strong>et</strong></span> <span class='ocrx_word' id='word_1_687' title='bbox 2851 5007 2922 5063; x_wconf 90' lang='lat' dir='ltr'><strong>ab</strong></span> <span class='ocrx_word' id='word_1_688' title='bbox 2955 5024 3022 5064; x_wconf 91' lang='lat' dir='ltr'><strong>eo</strong></span> <span class='ocrx_word' id='word_1_689' title='bbox 3079 5007 3541 5066; x_wconf 88' lang='lat' dir='ltr'><strong>consecrationis</strong></span> <span class='ocrx_word' id='word_1_690' title='bbox 3597 5023 3786 5066; x_wconf 81' lang='lat' dir='ltr'><strong>sacra-</strong></span> 
     </span>
    </p>
   </div>
   <div class='ocr_carea' id='block_1_114' title="bbox 2135 5093 3790 5172">
    <p class='ocr_par' dir='ltr' id='par_1_114' title="bbox 2135 5093 3790 5172">
     <span class='ocr_line' id='line_1_114' title="bbox 2135 5093 3790 5172; baseline 0 -20"><span class='ocrx_word' id='word_1_691' title='bbox 2135 5099 2333 5152; x_wconf 90' lang='lat' dir='ltr'><strong>menta</strong></span> <span class='ocrx_word' id='word_1_692' title='bbox 2361 5095 2680 5168; x_wconf 87' lang='lat' dir='ltr'><strong>suscipere,</strong></span> <span class='ocrx_word' id='word_1_693' title='bbox 2713 5093 2800 5152; x_wconf 91' lang='lat' dir='ltr'><strong>vel</strong></span> <span class='ocrx_word' id='word_1_694' title='bbox 2832 5097 2904 5152; x_wconf 92' lang='lat' dir='ltr'><strong>ad</strong></span> <span class='ocrx_word' id='word_1_695' title='bbox 2940 5097 3139 5153; x_wconf 87' lang='lat' dir='ltr'><strong>sedem</strong></span> <span class='ocrx_word' id='word_1_696' title='bbox 3181 5097 3564 5172; x_wconf 86' lang='lat' dir='ltr'><strong>apostolicam</strong></span> <span class='ocrx_word' id='word_1_697' title='bbox 3594 5114 3790 5156; x_wconf 84' lang='lat' dir='ltr'><strong>recur-</strong></span> 
     </span>
    </p>
   </div>
   <div class='ocr_carea' id='block_1_115' title="bbox 2137 5183 3789 5262">
    <p class='ocr_par' dir='ltr' id='par_1_115' title="bbox 2137 5183 3789 5262">
     <span class='ocr_line' id='line_1_115' title="bbox 2137 5183 3789 5262; baseline 0.001 -21"><span class='ocrx_word' id='word_1_698' title='bbox 2137 5201 2294 5241; x_wconf 90' lang='lat' dir='ltr'><strong>rere:</strong></span> <span class='ocrx_word' id='word_1_699' title='bbox 2327 5184 2427 5258; x_wconf 91' lang='lat' dir='ltr'><strong>qui</strong></span> <span class='ocrx_word' id='word_1_700' title='bbox 2469 5183 2790 5258; x_wconf 89' lang='lat' dir='ltr'><strong>apostolica</strong></span> <span class='ocrx_word' id='word_1_701' title='bbox 2816 5183 3002 5242; x_wconf 86' lang='lat' dir='ltr'><strong>fultus</strong></span> <span class='ocrx_word' id='word_1_702' title='bbox 3034 5186 3399 5257; x_wconf 89' lang='lat' dir='ltr'><strong>auctoritate,</strong></span> <span class='ocrx_word' id='word_1_703' title='bbox 3432 5203 3566 5260; x_wconf 72' lang='lat' dir='ltr'><strong>quas</strong></span> <span class='ocrx_word' id='word_1_704' title='bbox 3596 5191 3789 5262; x_wconf 91' lang='lat' dir='ltr'><strong>postu-</strong></span> 
     </span>
    </p>
   </div>
   <div class='ocr_carea' id='block_1_116' title="bbox 2136 5272 3786 5350">
    <p class='ocr_par' dir='ltr' id='par_1_116' title="bbox 2136 5272 3786 5350">
     <span class='ocr_line' id='line_1_116' title="bbox 2136 5272 3786 5350; baseline 0 -20"><span class='ocrx_word' id='word_1_705' title='bbox 2136 5274 2338 5330; x_wconf 90' lang='lat' dir='ltr'><strong>lantur</strong></span> <span class='ocrx_word' id='word_1_706' title='bbox 2365 5273 2686 5347; x_wconf 89' lang='lat' dir='ltr'><strong>indulgeat.</strong></span> <span class='ocrx_word' id='word_1_707' title='bbox 2732 5273 2818 5328; x_wconf 86' lang='lat' dir='ltr'><strong>Ad</strong></span> <span class='ocrx_word' id='word_1_708' title='bbox 2848 5272 3133 5331; x_wconf 87' lang='lat' dir='ltr'><strong>indicium</strong></span> <span class='ocrx_word' id='word_1_709' title='bbox 3187 5278 3384 5333; x_wconf 89' lang='lat' dir='ltr'><strong>autem</strong></span> <span class='ocrx_word' id='word_1_710' title='bbox 3442 5279 3786 5350; x_wconf 67' lang='lat' dir='ltr'><strong>perceptas.</strong></span> 
     </span>
    </p>
   </div>
   <div class='ocr_carea' id='block_1_117' title="bbox 2137 5360 3785 5436">
    <p class='ocr_par' dir='ltr' id='par_1_117' title="bbox 2137 5360 3785 5436">
     <span class='ocr_line' id='line_1_117' title="bbox 2137 5360 3785 5436; baseline 0 -18"><span class='ocrx_word' id='word_1_711' title='bbox 2137 5364 2400 5418; x_wconf 83' lang='lat' dir='ltr'><strong>Romana</strong></span> <span class='ocrx_word' id='word_1_712' title='bbox 2427 5360 2686 5418; x_wconf 90' lang='lat' dir='ltr'><strong>Ecclesia</strong></span> <span class='ocrx_word' id='word_1_713' title='bbox 2717 5360 3003 5420; x_wconf 89' lang='lat' dir='ltr'><strong>libertatis</strong></span> <span class='ocrx_word' id='word_1_714' title='bbox 3032 5363 3162 5420; x_wconf 89' lang='lat' dir='ltr'><strong>auri</strong></span> <span class='ocrx_word' id='word_1_715' title='bbox 3194 5363 3430 5420; x_wconf 88' lang='lat' dir='ltr'><strong>unciam</strong></span> <span class='ocrx_word' id='word_1_716' title='bbox 3473 5361 3785 5436; x_wconf 88' lang='lat' dir='ltr'><strong>quotannis</strong></span> 
     </span>
    </p>
   </div>
   <div class='ocr_carea' id='block_1_118' title="bbox 2138 5447 3786 5528">
    <p class='ocr_par' dir='ltr' id='par_1_118' title="bbox 2138 5447 3786 5528">
     <span class='ocr_line' id='line_1_118' title="bbox 2138 5447 3786 5528; baseline -0.001 -20"><span class='ocrx_word' id='word_1_717' title='bbox 2138 5449 2514 5508; x_wconf 89' lang='lat' dir='ltr'><strong>Lateranensi</strong></span> <span class='ocrx_word' id='word_1_718' title='bbox 2535 5447 2752 5522; x_wconf 88' lang='lat' dir='ltr'><strong>palatio</strong></span> <span class='ocrx_word' id='word_1_719' title='bbox 2774 5449 3206 5522; x_wconf 89' lang='lat' dir='ltr'><strong>persolvetis.Si</strong></span> <span class='ocrx_word' id='word_1_720' title='bbox 3232 5469 3350 5528; x_wconf 90' lang='lat' dir='ltr'><strong>qua</strong></span> <span class='ocrx_word' id='word_1_721' title='bbox 3363 5469 3506 5510; x_wconf 87' lang='lat' dir='ltr'><strong>sane</strong></span> <span class='ocrx_word' id='word_1_722' title='bbox 3517 5452 3786 5524; x_wconf 87' lang='lat' dir='ltr'><strong>deinceps</strong></span> 
     </span>
    </p>
   </div>
   <div class='ocr_carea' id='block_1_119' title="bbox 2135 5537 3788 5617">
    <p class='ocr_par' dir='ltr' id='par_1_119' title="bbox 2135 5537 3788 5617">
     <span class='ocr_line' id='line_1_119' title="bbox 2135 5537 3788 5617; baseline -0.001 -19"><span class='ocrx_word' id='word_1_723' title='bbox 2135 5538 2529 5598; x_wconf 87' lang='lat' dir='ltr'><strong>ecclesiastica</strong></span> <span class='ocrx_word' id='word_1_724' title='bbox 2557 5537 2927 5600; x_wconf 75' lang='lat' dir='ltr'><strong>saecularisve</strong></span> <span class='ocrx_word' id='word_1_725' title='bbox 2965 5556 3238 5615; x_wconf 89' lang='lat' dir='ltr'><strong>persona,</strong></span> <span class='ocrx_word' id='word_1_726' title='bbox 3290 5541 3472 5616; x_wconf 87' lang='lat' dir='ltr'><strong>hujus</strong></span> <span class='ocrx_word' id='word_1_727' title='bbox 3499 5539 3788 5617; x_wconf 85' lang='lat' dir='ltr'><strong>privilegii</strong></span> 
     </span>
    </p>
   </div>
   <div class='ocr_carea' id='block_1_120' title="bbox 2136 5628 3784 5708">
    <p class='ocr_par' dir='ltr' id='par_1_120' title="bbox 2136 5628 3784 5708">
     <span class='ocr_line' id='line_1_120' title="bbox 2136 5628 3784 5708; baseline 0.002 -20"><span class='ocrx_word' id='word_1_728' title='bbox 2136 5629 2412 5708; x_wconf 78' lang='lat' dir='ltr'><strong>paginam</strong></span> <span class='ocrx_word' id='word_1_729' title='bbox 2443 5628 2654 5702; x_wconf 87' lang='lat' dir='ltr'><strong>sciens,</strong></span> <span class='ocrx_word' id='word_1_730' title='bbox 2699 5632 2905 5691; x_wconf 86' lang='lat' dir='ltr'><strong>contra</strong></span> <span class='ocrx_word' id='word_1_731' title='bbox 2953 5647 3083 5694; x_wconf 83' lang='lat' dir='ltr'><strong>eam</strong></span> <span class='ocrx_word' id='word_1_732' title='bbox 3109 5636 3328 5694; x_wconf 86' lang='lat' dir='ltr'><strong>temere</strong></span> <span class='ocrx_word' id='word_1_733' title='bbox 3372 5631 3574 5694; x_wconf 85' lang='lat' dir='ltr'><strong>venire</strong></span> <span class='ocrx_word' id='word_1_734' title='bbox 3603 5633 3784 5697; x_wconf 67' lang='lat' dir='ltr'><strong>tenta-</strong></span> 
     </span>
    </p>
   </div>
  </div>
