3928 6208
104 269 213 331 ω

107 489 289 545 ctione
319 505 587 561 congrua
637 486 1051 553 emendaverit,
1104 483 1407 558 potestatis
1454 483 1759 539 honorisve

106 579 194 637 sui
240 576 532 652 dignitate
572 581 787 643 careat,
844 591 1123 647 reamque
1172 590 1234 630 se
1281 571 1476 628 divino
1532 571 1758 643 judicio

104 668 347 739 existere
377 667 449 723 de
480 668 813 738 perpetrata
841 662 1151 735 iniquitate
1173 666 1505 735 cognoscat,
1531 666 1705 731 atque
1726 676 1761 713 a

101 754 481 813 sanctissimo
502 770 743 826 corpore
763 758 819 809 et
840 752 1130 826 sanguine
1151 751 1251 809 Dei
1274 768 1340 807 ac
1372 747 1759 821 redemptoris

103 843 286 902 nostri
315 843 459 900 Jesu
493 841 707 897 Christi
740 841 930 897 aliena
963 842 1083 907 fiat,
1115 846 1174 896 et
1218 840 1277 895 in
1320 842 1576 895 extremo
1626 852 1757 893 exa-

102 933 260 995 mine
305 932 588 989 districtte
638 929 846 986 ultioni
898 929 1217 1001 subjaceat.
1263 926 1503 983 Cunctis
1563 928 1757 981 autem

100 1020 291 1081 eidem
313 1019 443 1079 loco
467 1020 634 1090 justa
664 1018 1033 1075 servantibus
1064 1016 1139 1073 sit
1179 1034 1289 1088 pax
1318 1014 1550 1071 Domini
1574 1012 1758 1069 nostri

101 1109 236 1173 Jesu
270 1108 510 1171 Christi,
536 1112 828 1180 quatenus
851 1111 907 1162 et
924 1106 1019 1161 hic
1047 1107 1301 1161 fructum
1324 1104 1487 1158 bonae
1515 1100 1759 1157 actionis

99 1197 457 1274 percipiant,
479 1201 536 1253 et
558 1196 712 1268 apud
731 1194 1064 1250 districtum
1079 1193 1341 1266 judicem
1355 1190 1593 1265 praemia
1604 1194 1761 1245 teter-

105 1305 187 1344 nte
214 1285 385 1360 pacis
418 1284 741 1341 inveniant.

822 1371 1039 1428 CCLIV.

107 1465 316 1523 Urbani
343 1464 403 1520 II
426 1461 653 1534 epistola
681 1459 752 1516 ad
796 1460 1140 1534 Rodulphum
1204 1460 1475 1534 comitem.
1508 1486 1577 1498 —-
1624 1457 1759 1512 Pro-

569 1534 917 1586 immunitate
945 1531 1331 1587 ecclesiastica.

591 1623 773 1689 (intra
802 1637 895 1674 an.
934 1618 1282 1685 1088-1099.)

561 1709 788 1776 [MANSI,
824 1708 1008 1763 Concil
1031 1707 1149 1774 XX,
1168 1706 1319 1775 656.)

176 1820 365 1877 Nosse
398 1823 451 1873 te
481 1815 753 1871 volumus
783 1814 923 1887 quia
950 1813 1095 1870 nulli
1127 1810 1493 1870 saecularium
1523 1810 1760 1866 domino

110 1914 457 1983 potestatem
508 1905 569 1959 in
619 1903 860 1959 clericos
908 1903 1121 1959 habere
1170 1902 1332 1969 licet;
1389 1900 1488 1956 sed
1556 1916 1760 1955 omnes

112 1996 303 2055 clerici
335 1996 610 2069 episcopo
644 1990 750 2049 soli
784 2009 912 2048 esse
945 1992 1157 2048 debent
1186 1990 1453 2062 subjecti.
1506 1988 1760 2053 Quicun-

111 2104 223 2160 que
269 2101 408 2141 vero
467 2081 639 2138 aliter
702 2081 1146 2153 praesumpserit
1206 2078 1495 2135 canonicze
1559 2076 1761 2149 procul

113 2174 291 2232 dubio
315 2169 616 2231 sententia:
640 2169 986 2241 subjacebit.

850 2275 1050 2331 CCLV.

135 2333 141 2336 ⁵
215 2368 424 2427 Urbani
454 2366 503 2423 II
530 2366 755 2438 epistola
800 2363 873 2438 ad
925 2365 1203 2438 llugonem
1250 2367 1665 2437 Lugdunensem

694 2436 1179 2507 archiepiscopum.

615 2525 799 2596 (Intra
815 2541 909 2579 an.
939 2524 1129 2579 1088-4
1142 2526 1291 2596 099.)

549 2614 777 2680 [MANSI,
808 2613 1015 2670 Concii.
1049 2612 1168 2684 ΧΧ,
1200 2616 1346 2683 677.]

186 2706 467 2763 Unsarms
496 2702 544 2758 Il
581 2702 807 2757 Hucom
836 2701 1213 2773 Lugdunensi
1236 2704 1691 2780 archiepiscopo.

188 2790 604 2868 Lugdunensis
641 2792 904 2862 parmcite
945 2789 1206 2859 clericos,
1242 2808 1390 2864 quos
1426 2800 1628 2851 contra
1655 2801 1769 2852 sta-

117 2890 242 2939 tuta
270 2882 637 2938 canonumet
659 2880 729 2934 ab
753 2877 996 2934 alterius
1019 2879 1278 2950 parceciae
1303 2881 1592 2955 episcopis
1614 2886 1767 2941 ordi-

119 2978 287 3028 natos
316 2970 644 3026 litterarum
666 2972 901 3023 tuarum
934 2966 1360 3039 signiﬁcatione
1406 2973 1766 3041 monstrasti,

119 3078 249 3117 cum
277 3059 575 3132 graduum
606 3072 850 3111 suorum
901 3055 1121 3111 honore
1172 3056 1423 3128 recipere
1471 3060 1770 3132 religionis

119 3158 229 3207 tuas
278 3146 597 3223 prudentia
647 3143 879 3217 poterit,
930 3145 978 3200 si
1031 3161 1130 3200 eos
1181 3144 1327 3202 alias
1384 3149 1658 3204 canonice
1716 3154 1773 3204 et

119 3240 245 3297 sine
273 3236 559 3312 gravitate
587 3233 782 3306 aliqua
810 3232 1110 3289 ordinatos
1132 3234 1480 3304 constiterit,
1501 3237 1550 3292 si
1573 3241 1770 3294 tamen

121 3345 322 3386 eorum
356 3326 540 3381 vitam
572 3320 933 3395 probabilem
965 3321 1022 3377 id
1056 3321 1432 3395 indulgentiae
1463 3341 1772 3398 prospexe-

122 3417 201 3474 ris
215 3412 562 3490 promereri.
580 3411 852 3483 Legimus
866 3409 1079 3482 quippe
1096 3415 1364 3466 sanctum
1384 3412 1773 3485 Epiphanium

60 3514 61 3517 “
122 3507 472 3580 episcopum
505 3518 574 3558 ex
601 3498 834 3556 dioecesi
867 3499 1052 3555 sancti
1087 3498 1331 3556 Joannis
1377 3500 1775 3574 Chrysostomi

122 3594 417 3669 quosdam
448 3590 692 3647 clericos
723 3586 1044 3656 ordinasse,
1078 3589 1231 3661 quod
1255 3594 1497 3645 sanctus
1526 3591 1613 3647 vir
1650 3609 1774 3647 om-

119 3684 263 3740 nino
291 3699 413 3739 non
445 3679 699 3745 fecisset,
733 3677 783 3733 si
813 3677 896 3733 eis
929 3677 1346 3733 detrimentum
1371 3685 1518 3735 terre
1539 3697 1779 3754 perpen-

117 3772 325 3828 disset.
359 3769 519 3833 Quos
543 3766 722 3839 igitur
749 3764 1116 3837 recipiendos
1145 3767 1462 3823 moderatio
1490 3772 1590 3825 tua
1632 3768 1781 3825 arbi-

114 3866 272 3917 trata
300 3857 501 3924 fuerit,
536 3855 804 3925 injuncta
848 3853 1267 3911 satisfactionis
1312 3856 1503 3927 gratia
1545 3861 1781 3930 propter

118 3948 448 4006 Ecclesiam
499 3960 679 4017 quam
724 3942 1092 3998 oii'enderunt
1136 3958 1393 4016 congrua
1440 3945 1783 4018 poenitentia

120 4033 530 4094 miserationis
545 4031 765 4087 intuitu
777 4030 837 4086 in
852 4048 958 4087 suo
972 4048 1266 4104 quemque
1282 4032 1497 4089 honore
1514 4034 1780 4106 recipias,

119 4125 286 4185 salva
314 4128 375 4182 in
404 4120 685 4182 omnibus
716 4127 1058 4177 sanctorum
1090 4137 1383 4177 canonum
1417 4122 1745 4197 disciplina.

849 4226 1074 4283 CCLVI.

127 4326 339 4391 Urbani
370 4323 424 4380 II
445 4318 675 4392 epistola
701 4318 771 4373 ad
799 4316 1253 4392 Ebredunensem,
1315 4320 1694 4392 Vapincensem
1739 4329 1789 4377 et

194 4389 784 4462 Diemem'episcOpos.
811 4420 878 4463 e
909 4389 1211 4463 Antequam
1240 4391 1680 4457 reconcilientur,
1722 4393 1788 4463 ﬁ-

198 4469 491 4524 delitatem
519 4460 1003 4517 excommunicatis
1032 4460 1221 4515 nullus
1244 4477 1461 4515 servare
1488 4463 1718 4532 cogitur.

430 4552 691 4623 (Fragm.
728 4582 791 4589 —
827 4550 984 4604 Intra
1014 4565 1107 4603 an.
1144 4549 1494 4617 1088-1099.)

346 4643 680 4716 [GRATIAN.,
716 4642 948 4704 Decret.,
983 4638 1042 4693 C.
1076 4655 1167 4704 xv,
1196 4654 1295 4710 qu.
1327 4639 1383 4703 6,
1410 4654 1461 4707 c,
1492 4639 1573 4710 5.]

192 4735 444 4791 Juratos
478 4729 698 4784 milites
728 4727 955 4801 Hugoni
988 4726 1205 4796 comiti,
1242 4744 1312 4782 ne
1343 4726 1477 4799 ipsi,
1528 4728 1790 4800 quandiu

120 4820 684 4881 excommunicatus
716 4822 823 4883 est,
859 4816 1131 4883 serviant,
1154 4815 1478 4887 prohibeto.
1505 4817 1609 4882 Qui
1630 4817 1680 4873 si
1702 4834 1794 4874 sa-

124 4915 443 4969 cramenta
454 4905 890 4981 praetenderint,
912 4909 1261 4961 moneantur
1277 4909 1539 4978 oportere
1553 4906 1666 4962 Deo
1680 4924 1798 4963 ma-

125 5002 222 5077 gis
240 5000 468 5059 servire
487 5012 666 5068 quam
688 4994 1048 5050 hominibus.
1070 4993 1430 5050 Fidelitatem
1448 4995 1600 5051 enim
1621 5013 1796 5069 quam

128 5089 482 5147 Christiano
514 5083 766 5158 principi
791 5084 1091 5154 jurarunt,
1126 5086 1238 5138 Deo
1290 5084 1534 5156 ejusque
1579 5085 1800 5141 sanctis

130 5175 502 5243 adversanti,
558 5178 617 5229 et
645 5189 847 5229 eorum
874 5175 1160 5244 praecepta
1190 5170 1436 5228 calcanti
1458 5172 1620 5229 nulla
1640 5174 1801 5230 cohi-

134 5268 362 5325 bentur
393 5261 741 5321 auctoritate
773 5258 1118 5334 persolvere.

182 5392 335 5463 ,(50)
369 5392 511 5456 Qum
561 5386 735 5463 prius
768 5384 1196 5463 Cluniacenses
1243 5384 1335 5463 ad_
1362 5384 1805 5463 informandum

139 5456 446 5522 Sitbiense
471 5463 529 5515 S.
561 5456 785 5514 Bertini
813 5456 1236 5514 monasterium
1268 5457 1645 5515 advocaverat
1681 5458 1808 5517 Cle-

138 5533 397 5607 mentia,
430 5529 638 5591 eadem
672 5544 825 5586 anno
854 5528 993 5587 4112
1034 5532 1100 5589 ut
1143 5527 1280 5587 inde
1327 5528 1676 5605 ejicerentur
1723 5529 1810 5592 illi

228 5628 231 5633 Α
477 5656 750 5724 Panos.
794 5652 937 5718 GLI.

1287 261 1692 327 EPISTOLJE
1735 258 1839 321 ET
1880 257 2356 321 PRIVILEGIA.

105 400 263 467 verit,
316 399 579 456 secundo
629 398 864 454 tertiove
902 396 1252 463 commonia,
1288 396 1334 450 si
1374 412 1489 450 non
1526 394 1754 450 satista-
1784 392 1838 459 Α

1791 1757 1839 1823 Β

3398 246 3518 309 522

2562 385 2810 442 CCLVII.

1872 481 2077 539 Urbani
2106 481 2160 535 ll
2186 479 2422 550 cpistola,
2442 476 2510 531 ad
2542 476 2836 550 "agonem,
2871 475 3175 550 cpiscottum
3229 470 3517 550 Gratiano-

2013 541 2270 607 litanum.
2303 579 2371 588 ——
2402 541 2865 602 Extraordinaria
2889 541 3121 617 pollutio
3152 543 3213 596 in
3239 541 3519 597 naturali-

1993 639 2037 677 ιε
2066 637 2176 678 ηοη
2199 619 2422 693 impedit
2440 618 2877 674 matrimonium.

2156 710 2409 782 (Fragm.
2443 738 2513 749 —
2545 708 2701 762 Intra
2730 722 2825 761 an.
2862 699 3216 772 1088-1099.)

2013 799 2341 870 (Gnarum,
2368 797 2597 864 Decret.,
2631 796 2690 851 C.
2722 810 2892 860 xxxv,
2925 808 3024 864 qu.
3057 794 3112 856 2,
3146 806 3197 846 c.
3227 788 3341 854 11.)

1940 886 2412 942 Extraordinaria
2434 883 2678 957 pollutio
2723 899 2839 939 non
2888 881 3001 937 nisi
3050 880 3111 935 in
3154 875 3521 934 naturalibus

1869 976 2150 1042 admissa,
2182 973 2271 1030 vel
2305 972 2517 1045 saepius
2548 971 2837 1041 reiterata,
2871 970 3018 1026 citra
3031 965 3358 1024 maritalem
3382 965 3520 1023 affe-

1867 1070 2050 1130 ctum,
2085 1063 2133 1119 si
2163 1062 2419 1136 przebitis
2452 1060 2831 1117 sacramentis
2881 1058 2963 1114 ita
3010 1073 3140 1114 esse
3190 1052 3523 1113 constiterit

1870 1151 2367 1226 quemadmodum
2400 1149 2567 1205 nobis
2598 1147 2717 1203 tuis
2747 1146 3143 1219 significatum
3176 1148 3265 1201 est
3285 1143 3518 1211 litteris,

1869 1259 1985 1298 non
1999 1241 2229 1296 videtur
2241 1237 2680 1294 matrimonium
2696 1235 3000 1307 impedire,
3013 1232 3282 1307 quamvis
3296 1232 3425 1307 ipsa
3436 1238 3525 1289 est

1869 1330 2187 1385 criminosa
2217 1332 2274 1384 et
2303 1324 2679 1383 damnabilis.

2544 1408 2822 1469 CCLVIII.

1875 1508 2081 1565 Urbani
2110 1510 2159 1563 11
2196 1520 2373 1579 papae
2406 1504 2649 1579 cpistola
2677 1502 2747 1558 ad
2793 1503 3071 1579 nugonem
3113 1499 3523 1579 Cluniacensem

1942 1573 2212 1634 abbatem:
2246 1573 2314 1619 -ξ-
2347 1578 2401 1632 S.
2435 1573 2650 1632 Bertini
2679 1574 3073 1644 monasterium
3097 1573 3152 1628 ei
3170 1573 3338 1644 juxta
3387 1587 3519 1628 con-

1938 1651 2250 1706 suetudines
2282 1649 2662 1705 Cluniacenses
2692 1643 3108 1715 infamandam
3134 1642 3396 1700 concedit.

2332 1738 2515 1808 (Intra
2545 1752 2641 1792 an.
2676 1733 3034 1803 1088-1099.)

2173 1830 2259 1895 (Ι).
2293 1826 2585 1892 Βουουετ,
2620 1824 2853 1891 Recueii,
2885 1826 2928 1877 t.
2963 1840 3020 1893 p.
3048 1822 3203 1892 737,)

1944 1917 2223 1972 Uasmus
2248 1914 2579 1986 episc0pus,
2602 1928 2804 1968 servus
2827 1926 3125 1967 servorum
3148 1910 3273 1980 Dei,
3289 1927 3525 1968 venera-

1873 2006 1973 2061 bili
2007 2005 2172 2061 fratri
2205 2004 2453 2069 Hucom,
2485 1998 2855 2058 Cluniacensi
2902 1998 3120 2067 abbati,
3170 1997 3421 2057 salutem
3466 2004 3527 2056 et

1872 2092 2257 2166 apostolicam
2289 2090 2771 2146 benedictionem.

1942 2183 1973 2237 J
1982 2182 2132 2237 ustis
2163 2180 2435 2253 precibus
2457 2177 2853 2234 ministerium
2882 2181 3151 2232 nostrum
3182 2176 3385 2233 deesse
3406 2192 3523 2232 non

1873 2271 2063 2327 debet.
2097 2269 2315 2325 Idcirco
2351 2264 2721 2322 Flandrensis
2750 2264 3066 2320 comitissre
3105 2278 3328 2336 preces,
3375 2280 3524 2335 quas

1870 2360 2079 2415 abbate
2101 2358 2163 2412 Β.
2189 2355 2406 2412 Bertini
2422 2356 2769 2427 suggerente
2780 2352 3099 2419 mandavit,
3122 2352 3523 2409 admittenda:

1873 2464 1971 2504 ore
2001 2446 2386 2502 decrevimus.
2418 2440 2736 2500 Postulavit
2764 2442 2876 2512 (50)
2906 2440 3063 2503 enim
3094 2444 3161 2496 ut
3197 2440 3261 2497 B.
3304 2441 3523 2499 Bertini

1875 2535 2298 2591 monasterium
2344 2537 2456 2587 tute
2507 2536 2864 2601 tuorumque
2884 2543 3293 2586 successorum
3329 2530 3528 2602 provi-

1875 2624 2084 2681 dentiae
2100 2622 2529 2695 disponendum
2545 2619 2988 2690 curandumque
3001 2618 3522 2677 committeremus:

1876 2714 2033 2786 quod
2066 2730 2191 2779 nos,
2227 2711 2325 2784 qui
2355 2726 2460 2781 pro
2489 2707 2806 2765 commisso
2835 2707 3025 2762 officio
3055 2705 3230 2763 saluti
3262 2708 3529 2764 omnium

1876 2802 2177 2875 providere
2190 2801 2494 2866 debemus,
2509 2797 2824 2854 clementer
2835 2796 3175 2852 annuimus.
3188 2796 3381 2852 Tuam
3393 2811 3531 2871 ergo

1878 2890 2302 2947 fraternitatem
2342 2886 2687 2942 auctoritate
2742 2883 3121 2956 prementium
3168 2882 3530 2940 litterarum-

1878 2993 2344 3042 commonemus,
2373 2978 2439 3029 ut
2460 2973 2884 3029 monasterium
2916 2972 3113 3045 ipsum
3143 2972 3203 3026 iu
3235 2976 3341 3029 tua
3367 2973 3531 3029 dein-

1881 3085 2015 3138 ceps
2028 3065 2357 3139 provisione
2369 3061 3094 3134 suscipias,abbatemque,
3113 3062 3163 3117 si
3184 3061 3535 3134 disciplina:-

1882 3172 1978 3211 mo
1992 3153 2227 3209 nasticas
2257 3150 2671 3207 inconveniens
2693 3148 3162 3211 fuerit,amovere
3175 3149 3263 3204 fac
3272 3148 3423 3205 ultas
3438 3167 3532 3205 vo-

1881 3243 2169 3299 bislibera
2192 3239 2590 3312 permittatur,
2612 3235 2769 3293 salvo
2792 3236 3029 3307 quidem
3053 3236 3367 3292 dicecesani
3384 3237 3532 3310 epis-

1883 3331 2010 3402 copi
2018 3327 2403 3401 jure,scilicet
2431 3330 2497 3381 ut
2524 3325 2688 3381 vobis
2719 3324 2779 3379 in
2810 3323 3152 3380 monasterii
3174 3325 3529 3383 correctione

1882 3418 2116 3477 obviare
2152 3433 2265 3472 non
2295 3414 2501 3471 valeat.

2593 3501 2824 3558 CCLIX.

1884 3596 2248 3665 Pn‘vilegium
2299 3592 2523 3665 Urbani
2551 3593 2601 3665 ιι
2638 3605 2803 3665 papae
2844 3591 3119 3665 Reginam
3162 3590 3348 3646 abbati
3410 3608 3534 3649 mo-

1954 3662 2187 3723 nasterii
2214 3668 2271 3721 S.
2304 3666 2460 3719 Petri
2490 3662 2877 3734 Crispiniensis
2906 3662 3092 3719 Rom
3118 3677 3445 3720 concessum.

2362 3753 2541 3824 (Intra
2570 3768 2667 3806 an.
2701 3750 3063 3822 4088-1099.)

2067 3844 2230 3913 (Gali.
2267 3841 2489 3909 Christ.,
2520 3844 2667 3897 tom.
2701 3839 2797 3910 III,
2832 3839 3133 3909 Instrum.,
3165 3856 3223 3913 p.
3244 3841 3362 3913 26.)

1961 3934 2239 3990 URBANUS
2270 3915 2603 4003 episcopus,
2623 3945 2825 3986 servus
2846 3945 3149 3986 servorum
3171 3930 3293 3998 Dei,
3314 3929 3540 3987 charis-

1890 4023 2041 4080 simo
2056 4022 2173 4077 ﬁlio
2187 4016 2813 4086 suoRacmsao,abbati
2828 4018 3542 4087 monasteriiSanctiPetri,

1892 4111 2051 4184 quod
2080 4113 2165 4167 est
2196 4108 2378 4165 situm
2429 4107 2488 4161 in
2532 4104 2672 4162 villa
2722 4122 2849 4178 quae
2898 4111 3140 4163 vocatur
3187 4107 3544 4181 Crispinium

1895 4216 2070 4272 super
2101 4197 2341 4252 fluvium
2367 4194 2514 4261 Hon,
2550 4195 2610 4250 in
2642 4209 2792 4267 pago
2823 4194 3070 4251 Hainau.

1965 4287 2107 4344 Tuis
2138 4285 2336 4359 igitur,
2359 4282 2737 4339 dilectissime
2762 4282 2821 4337 in
2844 4281 3069 4339 Christo
3117 4282 3221 4351 illi,
3238 4283 3423 4354 justis
3444 4300 3549 4357 pou

1899 4375 2320 4434 stulationibus
2343 4389 2412 4429 an
2422 4376 2667 4428 nuentes
2688 4386 2791 4444 per
2811 4371 3119 4443 praesentis
3139 4370 3425 4445 privilegii
3447 4388 3548 4445 pa-

1819 4482 1867 4549 D
1900 4466 2098 4540 ginam
2119 4463 2276 4520 Beati
2300 4460 2453 4517 Petri
2476 4460 2922 4528 monasterium,
2943 4460 3002 4516 in
3022 4477 3138 4533 quo
3158 4460 3364 4516 beatus
3385 4460 3551 4517 Chri-

1900 4555 1975 4613 sti
2005 4552 2302 4608 confessor
2326 4549 2675 4606 Landelinus
2693 4548 2960 4621 quiescit,
2984 4549 3165 4606 situm
3188 4549 3246 4605 in
3268 4548 3403 4605 villa
3423 4565 3551 4621 quae

1898 4643 2114 4698 dicitur
2134 4639 2511 4711 Crispinium,
2536 4655 2715 4711 super
2732 4638 2972 4694 fluvium
2993 4638 3141 4706 Hon,
3166 4638 3226 4694 in
3247 4653 3395 4710 pago
3420 4638 3556 4694 Hai-

1905 4749 2040 4799 nau,
2057 4730 2376 4802 regendum
2392 4745 2457 4783 ac
2469 4726 2900 4799 disponendum
2915 4726 3022 4783 tibi
3033 4727 3267 4799 tuisque
3278 4726 3558 4800 legitimis

1905 4815 2345 4876 successoribus
2378 4815 2818 4871 confirmamus.
2850 4814 3228 4886 Adiacentem
3251 4814 3430 4872 etiam
3449 4813 3556 4871 vil-

1903 4908 2022 4965 Iam
2054 4923 2118 4961 su
2128 4904 2597 4977 pranominatam
2629 4921 2663 4959 a
2682 4903 2837 4960 Novo
2861 4904 3102 4961 Fossato
3120 4921 3256 4960 cum
3282 4904 3559 4962 omnibus

1906 4993 2382 5069 possessionibus
2414 4992 2540 5048 suis
2570 4992 2631 5047 in
2649 4992 2856 5065 pratis,
2878 4994 2937 5048 in
2960 4994 3119 5067 agris
3147 4993 3319 5052 cultis
3346 5000 3451 5052 aut
3470 4994 3559 5051 in-

1908 5084 2103 5150 cultis,
2138 5084 2199 5137 in
2231 5082 2400 5154 aquis
2431 5097 2791 5153 aquarumve
2820 5082 3189 5154 decursibus,
3248 5088 3307 5140 et
3352 5083 3561 5141 silvam

1911 5192 2039 5247 quae
2059 5170 2347 5244 Ambligis
2370 5169 2606 5235 dicitur,
2631 5169 2784 5226 sicut
2806 5188 2840 5227 a
2860 5172 3027 5228 bona;
3045 5173 3338 5231 memoria:
3350 5172 3565 5230 comite

1910 5261 2196 5321 Balduino
2226 5264 2284 5317 et
2314 5264 2499 5316 matre
2541 5260 2672 5330 ejus
2719 5260 2985 5317 Richilde
3032 5261 3203 5319 beato
3250 5259 3565 5317 Landelino

1912 5387 2067 5460 vires
2096 5389 2162 5460 et
2175 5383 2440 5460 animum
2466 5382 2770 5460 applicuit:
2795 5384 2876 5441 De
2897 5401 3014 5460 quo
3037 5384 3320 5460 legendus
3331 5383 3571 5460 glperius

1917 5403 2066 5444 Vires
2096 5401 2153 5441 et
2175 5401 2440 5440 animum
2466 5401 2770 5456 applicuit.
2796 5401 2876 5441 ue
2897 5401 3014 5458 quo
3037 5401 3320 5460 legendus
3347 5401 3365 5440 ι

1917 5458 2075 5535 apud
2108 5454 2483 5527 Martenium,
2516 5460 2662 5514 tom.
2695 5455 2771 5515 III
2800 5457 3105 5530 Anecdot.,
3141 5458 3250 5518 col.
3279 5401 3409 5518 θοδῖ

3181 5655 3256 5728 ιτ
