  <div class='ocr_page' id='page_1' title='image "/cluster/home/n/w/nwhite01/storage/ocr_20150623/151/uva.x000829795/285.png"; bbox 0 0 3928 6208; ppageno 0'>
   <div class='ocr_carea' id='block_1_1' title="bbox 405 301 522 370">
    <p class='ocr_par' dir='ltr' id='par_1_1' title="bbox 405 301 522 370">
     <span class='ocr_line' id='line_1_1' title="bbox 405 301 522 370; baseline 0.009 -1"><span class='ocrx_word' id='word_1_1' title='bbox 405 301 522 370; x_wconf 73' lang='grc'><strong>523</strong></span> 
     </span>
    </p>
   </div>
   <div class='ocr_carea' id='block_1_2' title="bbox 1690 312 2479 403">
    <p class='ocr_par' dir='ltr' id='par_1_2' title="bbox 1690 312 2479 403">
     <span class='ocr_line' id='line_1_2' title="bbox 1690 312 2479 403; baseline -0.005 -23"><span class='ocrx_word' id='word_1_2' title='bbox 1690 314 1760 380; x_wconf 84' lang='grc' dir='ltr'><strong>Β.</strong></span> <span class='ocrx_word' id='word_1_3' title='bbox 1805 312 2093 381; x_wconf 82' lang='lat' dir='ltr'><strong>URBANI</strong></span> <span class='ocrx_word' id='word_1_4' title='bbox 2136 314 2186 378; x_wconf 91' lang='lat' dir='ltr'><strong>u</strong></span> <span class='ocrx_word' id='word_1_5' title='bbox 2232 312 2479 403; x_wconf 70' lang='grc' dir='ltr'><strong>ΡΑΡιΕ.</strong></span> 
     </span>
    </p>
   </div>
   <div class='ocr_carea' id='block_1_3' title="bbox 3685 306 3830 376">
    <p class='ocr_par' dir='ltr' id='par_1_3' title="bbox 3685 306 3830 376">
     <span class='ocr_line' id='line_1_3' title="bbox 3685 306 3830 376; baseline -0.028 -1"><span class='ocrx_word' id='word_1_6' title='bbox 3685 306 3830 376; x_wconf 56' lang='grc'><strong>594</strong></span> 
     </span>
    </p>
   </div>
   <div class='ocr_carea' id='block_1_4' title="bbox 405 444 3817 521">
    <p class='ocr_par' dir='ltr' id='par_1_4' title="bbox 405 444 3817 521">
     <span class='ocr_line' id='line_1_4' title="bbox 405 444 3817 521; baseline 0.002 -24"><span class='ocrx_word' id='word_1_7' title='bbox 405 444 652 511; x_wconf 86' lang='lat' dir='ltr'><strong>reddita,</strong></span> <span class='ocrx_word' id='word_1_8' title='bbox 681 449 739 500; x_wconf 91' lang='lat' dir='ltr'><strong>et</strong></span> <span class='ocrx_word' id='word_1_9' title='bbox 768 463 803 501; x_wconf 92' lang='lat' dir='ltr'><strong>a</strong></span> <span class='ocrx_word' id='word_1_10' title='bbox 829 447 1167 504; x_wconf 88' lang='lat' dir='ltr'><strong>venerabilii</strong></span> <span class='ocrx_word' id='word_1_11' title='bbox 1213 451 1334 506; x_wconf 91' lang='lat' dir='ltr'><strong>viro</strong></span> <span class='ocrx_word' id='word_1_12' title='bbox 1380 451 1632 508; x_wconf 88' lang='lat' dir='ltr'><strong>Gerardo</strong></span> <span class='ocrx_word' id='word_1_13' title='bbox 1677 456 2047 506; x_wconf 84' lang='lat' dir='ltr'><strong>Cameracen-</strong></span> <span class='ocrx_word' id='word_1_14' title='bbox 2075 452 2128 517; x_wconf 74' lang='grc' dir='ltr'><strong>Α</strong></span> <span class='ocrx_word' id='word_1_15' title='bbox 2159 449 2422 505; x_wconf 83' lang='lat' dir='ltr'><strong>minuere</strong></span> <span class='ocrx_word' id='word_1_16' title='bbox 2452 450 2540 507; x_wconf 89' lang='lat' dir='ltr'><strong>vel</strong></span> <span class='ocrx_word' id='word_1_17' title='bbox 2571 449 2898 506; x_wconf 90' lang='lat' dir='ltr'><strong>temerariis</strong></span> <span class='ocrx_word' id='word_1_18' title='bbox 2938 446 3340 506; x_wconf 85' lang='lat' dir='ltr'><strong>vexationibus</strong></span> <span class='ocrx_word' id='word_1_19' title='bbox 3389 446 3661 521; x_wconf 86' lang='lat' dir='ltr'><strong>fatigare,</strong></span> <span class='ocrx_word' id='word_1_20' title='bbox 3703 445 3817 504; x_wconf 81' lang='lat' dir='ltr'><strong>sed</strong></span> 
     </span>
    </p>
   </div>
   <div class='ocr_carea' id='block_1_5' title="bbox 406 531 2048 612">
    <p class='ocr_par' dir='ltr' id='par_1_5' title="bbox 406 531 2048 612">
     <span class='ocr_line' id='line_1_5' title="bbox 406 531 2048 612; baseline 0.005 -27"><span class='ocrx_word' id='word_1_21' title='bbox 406 531 562 587; x_wconf 90' lang='lat' dir='ltr'><strong>sium</strong></span> <span class='ocrx_word' id='word_1_22' title='bbox 615 533 887 608; x_wconf 89' lang='lat' dir='ltr'><strong>episcopo</strong></span> <span class='ocrx_word' id='word_1_23' title='bbox 947 538 1292 596; x_wconf 81' lang='lat' dir='ltr'><strong>conﬁrmata</strong></span> <span class='ocrx_word' id='word_1_24' title='bbox 1365 543 1522 606; x_wconf 90' lang='lat' dir='ltr'><strong>sunt,</strong></span> <span class='ocrx_word' id='word_1_25' title='bbox 1595 541 1821 612; x_wconf 85' lang='lat' dir='ltr'><strong>integra</strong></span> <span class='ocrx_word' id='word_1_26' title='bbox 1879 556 2048 612; x_wconf 85' lang='lat' dir='ltr'><strong>pror—</strong></span> 
     </span>
    </p>
   </div>
   <div class='ocr_carea' id='block_1_6' title="bbox 408 624 2051 702">
    <p class='ocr_par' dir='ltr' id='par_1_6' title="bbox 408 624 2051 702">
     <span class='ocr_line' id='line_1_6' title="bbox 408 624 2051 702; baseline 0.001 -21"><span class='ocrx_word' id='word_1_27' title='bbox 408 641 513 681; x_wconf 92' lang='lat' dir='ltr'><strong>sus</strong></span> <span class='ocrx_word' id='word_1_28' title='bbox 558 627 616 679; x_wconf 88' lang='lat' dir='ltr'><strong>et</strong></span> <span class='ocrx_word' id='word_1_29' title='bbox 658 624 817 680; x_wconf 91' lang='lat' dir='ltr'><strong>omni</strong></span> <span class='ocrx_word' id='word_1_30' title='bbox 864 627 1160 684; x_wconf 80' lang='lat' dir='ltr'><strong>exactione</strong></span> <span class='ocrx_word' id='word_1_31' title='bbox 1208 628 1392 685; x_wconf 91' lang='lat' dir='ltr'><strong>libera</strong></span> <span class='ocrx_word' id='word_1_32' title='bbox 1437 631 1673 702; x_wconf 79' lang='lat' dir='ltr'><strong>praefato</strong></span> <span class='ocrx_word' id='word_1_33' title='bbox 1720 629 1876 684; x_wconf 89' lang='lat' dir='ltr'><strong>Beati</strong></span> <span class='ocrx_word' id='word_1_34' title='bbox 1951 629 2051 683; x_wconf 89' lang='lat' dir='ltr'><strong>Pe-</strong></span> 
     </span>
    </p>
   </div>
   <div class='ocr_carea' id='block_1_7' title="bbox 408 712 2053 790">
    <p class='ocr_par' dir='ltr' id='par_1_7' title="bbox 408 712 2053 790">
     <span class='ocr_line' id='line_1_7' title="bbox 408 712 2053 790; baseline 0.004 -24"><span class='ocrx_word' id='word_1_35' title='bbox 408 712 484 767; x_wconf 91' lang='lat' dir='ltr'><strong>tri</strong></span> <span class='ocrx_word' id='word_1_36' title='bbox 519 712 870 770; x_wconf 89' lang='lat' dir='ltr'><strong>monasterio</strong></span> <span class='ocrx_word' id='word_1_37' title='bbox 919 714 977 770; x_wconf 92' lang='lat' dir='ltr'><strong>in</strong></span> <span class='ocrx_word' id='word_1_38' title='bbox 1024 720 1369 790; x_wconf 89' lang='lat' dir='ltr'><strong>perpetuum</strong></span> <span class='ocrx_word' id='word_1_39' title='bbox 1420 717 1773 790; x_wconf 88' lang='lat' dir='ltr'><strong>possidenda</strong></span> <span class='ocrx_word' id='word_1_40' title='bbox 1817 734 2053 772; x_wconf 90' lang='lat' dir='ltr'><strong>manere</strong></span> 
     </span>
    </p>
   </div>
   <div class='ocr_carea' id='block_1_8' title="bbox 411 801 2054 877">
    <p class='ocr_par' dir='ltr' id='par_1_8' title="bbox 411 801 2054 877">
     <span class='ocr_line' id='line_1_8' title="bbox 411 801 2054 877; baseline 0.002 -21"><span class='ocrx_word' id='word_1_41' title='bbox 411 801 803 857; x_wconf 86' lang='lat' dir='ltr'><strong>decernimus.</strong></span> <span class='ocrx_word' id='word_1_42' title='bbox 838 802 1117 860; x_wconf 67' lang='lat' dir='ltr'><strong>Pristerea</strong></span> <span class='ocrx_word' id='word_1_43' title='bbox 1138 805 1455 877; x_wconf 86' lang='lat' dir='ltr'><strong>apostolica</strong></span> <span class='ocrx_word' id='word_1_44' title='bbox 1484 804 1829 860; x_wconf 80' lang='lat' dir='ltr'><strong>auctoritate</strong></span> <span class='ocrx_word' id='word_1_45' title='bbox 1849 804 2054 860; x_wconf 89' lang='lat' dir='ltr'><strong>statui-</strong></span> 
     </span>
    </p>
   </div>
   <div class='ocr_carea' id='block_1_9' title="bbox 413 892 2053 965">
    <p class='ocr_par' dir='ltr' id='par_1_9' title="bbox 413 892 2053 965">
     <span class='ocr_line' id='line_1_9' title="bbox 413 892 2053 965; baseline 0.004 -22"><span class='ocrx_word' id='word_1_46' title='bbox 413 905 547 944; x_wconf 88' lang='lat' dir='ltr'><strong>mus</strong></span> <span class='ocrx_word' id='word_1_47' title='bbox 579 894 642 944; x_wconf 92' lang='lat' dir='ltr'><strong>ut</strong></span> <span class='ocrx_word' id='word_1_48' title='bbox 673 906 1034 962; x_wconf 67' lang='lat' dir='ltr'><strong>quaecunque</strong></span> <span class='ocrx_word' id='word_1_49' title='bbox 1062 892 1233 948; x_wconf 87' lang='lat' dir='ltr'><strong>hodie</strong></span> <span class='ocrx_word' id='word_1_50' title='bbox 1265 893 1415 948; x_wconf 90' lang='lat' dir='ltr'><strong>idem</strong></span> <span class='ocrx_word' id='word_1_51' title='bbox 1449 894 1868 950; x_wconf 81' lang='lat' dir='ltr'><strong>monasterium</strong></span> <span class='ocrx_word' id='word_1_52' title='bbox 1892 895 2053 965; x_wconf 85' lang='lat' dir='ltr'><strong>juste</strong></span> 
     </span>
    </p>
   </div>
   <div class='ocr_carea' id='block_1_10' title="bbox 412 977 2048 1054">
    <p class='ocr_par' dir='ltr' id='par_1_10' title="bbox 412 977 2048 1054">
     <span class='ocr_line' id='line_1_10' title="bbox 412 977 2048 1054; baseline 0.004 -23"><span class='ocrx_word' id='word_1_53' title='bbox 412 978 690 1048; x_wconf 87' lang='lat' dir='ltr'><strong>possidet,</strong></span> <span class='ocrx_word' id='word_1_54' title='bbox 725 978 844 1034; x_wconf 87' lang='lat' dir='ltr'><strong>sive</strong></span> <span class='ocrx_word' id='word_1_55' title='bbox 863 977 920 1034; x_wconf 91' lang='lat' dir='ltr'><strong>in</strong></span> <span class='ocrx_word' id='word_1_56' title='bbox 945 981 1268 1036; x_wconf 88' lang='lat' dir='ltr'><strong>crastinum</strong></span> <span class='ocrx_word' id='word_1_57' title='bbox 1291 982 1662 1038; x_wconf 86' lang='lat' dir='ltr'><strong>concessione</strong></span> <span class='ocrx_word' id='word_1_58' title='bbox 1686 983 2048 1054; x_wconf 78' lang='lat' dir='ltr'><strong>pontificum.</strong></span> 
     </span>
    </p>
   </div>
   <div class='ocr_carea' id='block_1_11' title="bbox 412 1063 2054 1144">
    <p class='ocr_par' dir='ltr' id='par_1_11' title="bbox 412 1063 2054 1144">
     <span class='ocr_line' id='line_1_11' title="bbox 412 1063 2054 1144; baseline 0.004 -24"><span class='ocrx_word' id='word_1_59' title='bbox 412 1063 720 1138; x_wconf 82' lang='lat' dir='ltr'><strong>largitione</strong></span> <span class='ocrx_word' id='word_1_60' title='bbox 747 1067 1080 1140; x_wconf 88' lang='lat' dir='ltr'><strong>principum</strong></span> <span class='ocrx_word' id='word_1_61' title='bbox 1119 1069 1208 1125; x_wconf 89' lang='lat' dir='ltr'><strong>vel</strong></span> <span class='ocrx_word' id='word_1_62' title='bbox 1251 1069 1544 1127; x_wconf 88' lang='lat' dir='ltr'><strong>oblatione</strong></span> <span class='ocrx_word' id='word_1_63' title='bbox 1592 1070 1851 1128; x_wconf 83' lang='lat' dir='ltr'><strong>ﬁdelium</strong></span> <span class='ocrx_word' id='word_1_64' title='bbox 1891 1072 2054 1144; x_wconf 88' lang='lat' dir='ltr'><strong>juste</strong></span> 
     </span>
    </p>
   </div>
   <div class='ocr_carea' id='block_1_12' title="bbox 411 1155 2055 1231">
    <p class='ocr_par' dir='ltr' id='par_1_12' title="bbox 411 1155 2055 1231">
     <span class='ocr_line' id='line_1_12' title="bbox 411 1155 2055 1231; baseline 0.004 -24"><span class='ocrx_word' id='word_1_65' title='bbox 411 1158 586 1224; x_wconf 91' lang='lat' dir='ltr'><strong>atque</strong></span> <span class='ocrx_word' id='word_1_66' title='bbox 615 1155 1129 1231; x_wconf 86' lang='lat' dir='ltr'><strong>canonicepoterit</strong></span> <span class='ocrx_word' id='word_1_67' title='bbox 1156 1156 1424 1229; x_wconf 84' lang='lat' dir='ltr'><strong>adipisci,</strong></span> <span class='ocrx_word' id='word_1_68' title='bbox 1457 1158 1627 1213; x_wconf 77' lang='lat' dir='ltr'><strong>firma</strong></span> <span class='ocrx_word' id='word_1_69' title='bbox 1664 1157 1769 1212; x_wconf 90' lang='lat' dir='ltr'><strong>tibi</strong></span> <span class='ocrx_word' id='word_1_70' title='bbox 1819 1158 2055 1231; x_wconf 87' lang='lat' dir='ltr'><strong>tuisque</strong></span> 
     </span>
    </p>
   </div>
   <div class='ocr_carea' id='block_1_13' title="bbox 411 1228 2050 1316">
    <p class='ocr_par' dir='ltr' id='par_1_13' title="bbox 411 1228 2050 1316">
     <span class='ocr_line' id='line_1_13' title="bbox 411 1228 2050 1316; baseline 0.004 -21"><span class='ocrx_word' id='word_1_71' title='bbox 411 1241 847 1298; x_wconf 86' lang='lat' dir='ltr'><strong>successoribus</strong></span> <span class='ocrx_word' id='word_1_72' title='bbox 877 1228 1098 1300; x_wconf 85' lang='lat' dir='ltr'><strong>illibata</strong></span> <span class='ocrx_word' id='word_1_73' title='bbox 1128 1228 1529 1316; x_wconf 82' lang='lat' dir='ltr'><strong>permaneant,</strong></span> <span class='ocrx_word' id='word_1_74' title='bbox 1574 1248 1734 1302; x_wconf 88' lang='lat' dir='ltr'><strong>salva</strong></span> <span class='ocrx_word' id='word_1_75' title='bbox 1777 1228 2050 1302; x_wconf 78' lang='lat' dir='ltr'><strong>Camera-</strong></span> 
     </span>
    </p>
   </div>
   <div class='ocr_carea' id='block_1_14' title="bbox 410 1329 2054 1408">
    <p class='ocr_par' dir='ltr' id='par_1_14' title="bbox 410 1329 2054 1408">
     <span class='ocr_line' id='line_1_14' title="bbox 410 1329 2054 1408; baseline 0.004 -24"><span class='ocrx_word' id='word_1_76' title='bbox 410 1329 602 1386; x_wconf 87' lang='lat' dir='ltr'><strong>censis</strong></span> <span class='ocrx_word' id='word_1_77' title='bbox 615 1331 870 1404; x_wconf 88' lang='lat' dir='ltr'><strong>episcopi</strong></span> <span class='ocrx_word' id='word_1_78' title='bbox 883 1333 1165 1389; x_wconf 87' lang='lat' dir='ltr'><strong>canonica</strong></span> <span class='ocrx_word' id='word_1_79' title='bbox 1177 1335 1517 1389; x_wconf 79' lang='lat' dir='ltr'><strong>reverentia.</strong></span> <span class='ocrx_word' id='word_1_80' title='bbox 1535 1335 2054 1408; x_wconf 90' lang='lat' dir='ltr'><strong>Decernimusergo</strong></span> 
     </span>
    </p>
   </div>
   <div class='ocr_carea' id='block_1_15' title="bbox 411 1417 2052 1480">
    <p class='ocr_par' dir='ltr' id='par_1_15' title="bbox 411 1417 2052 1480">
     <span class='ocr_line' id='line_1_15' title="bbox 411 1417 2052 1480; baseline 0.005 -8"><span class='ocrx_word' id='word_1_81' title='bbox 411 1435 482 1474; x_wconf 90' lang='lat' dir='ltr'><strong>ne</strong></span> <span class='ocrx_word' id='word_1_82' title='bbox 513 1417 613 1473; x_wconf 85' lang='lat' dir='ltr'><strong>ulli</strong></span> <span class='ocrx_word' id='word_1_83' title='bbox 643 1421 882 1476; x_wconf 90' lang='lat' dir='ltr'><strong>omnino</strong></span> <span class='ocrx_word' id='word_1_84' title='bbox 913 1421 1221 1477; x_wconf 86' lang='lat' dir='ltr'><strong>hominum</strong></span> <span class='ocrx_word' id='word_1_85' title='bbox 1255 1422 1424 1478; x_wconf 90' lang='lat' dir='ltr'><strong>liceat</strong></span> <span class='ocrx_word' id='word_1_86' title='bbox 1455 1423 1605 1479; x_wconf 92' lang='lat' dir='ltr'><strong>idem</strong></span> <span class='ocrx_word' id='word_1_87' title='bbox 1632 1425 2052 1480; x_wconf 85' lang='lat' dir='ltr'><strong>monasterium</strong></span> 
     </span>
    </p>
   </div>
   <div class='ocr_carea' id='block_1_16' title="bbox 409 1510 2056 1584">
    <p class='ocr_par' dir='ltr' id='par_1_16' title="bbox 409 1510 2056 1584">
     <span class='ocr_line' id='line_1_16' title="bbox 409 1510 2056 1584; baseline 0.004 -22"><span class='ocrx_word' id='word_1_88' title='bbox 409 1512 628 1563; x_wconf 91' lang='lat' dir='ltr'><strong>temere</strong></span> <span class='ocrx_word' id='word_1_89' title='bbox 657 1510 1015 1580; x_wconf 89' lang='lat' dir='ltr'><strong>perturbare,</strong></span> <span class='ocrx_word' id='word_1_90' title='bbox 1049 1515 1152 1566; x_wconf 86' lang='lat' dir='ltr'><strong>aut</strong></span> <span class='ocrx_word' id='word_1_91' title='bbox 1179 1512 1230 1566; x_wconf 90' lang='lat' dir='ltr'><strong>ei</strong></span> <span class='ocrx_word' id='word_1_92' title='bbox 1254 1511 1519 1568; x_wconf 90' lang='lat' dir='ltr'><strong>subditas</strong></span> <span class='ocrx_word' id='word_1_93' title='bbox 1537 1512 1936 1584; x_wconf 85' lang='lat' dir='ltr'><strong>possessiones</strong></span> <span class='ocrx_word' id='word_1_94' title='bbox 1956 1531 2056 1569; x_wconf 89' lang='lat' dir='ltr'><strong>au-</strong></span> 
     </span>
    </p>
   </div>
   <div class='ocr_carea' id='block_1_17' title="bbox 413 1596 2053 1674">
    <p class='ocr_par' dir='ltr' id='par_1_17' title="bbox 413 1596 2053 1674">
     <span class='ocr_line' id='line_1_17' title="bbox 413 1596 2053 1674; baseline 0.005 -24"><span class='ocrx_word' id='word_1_95' title='bbox 413 1596 583 1663; x_wconf 85' lang='lat' dir='ltr'><strong>ferre,</strong></span> <span class='ocrx_word' id='word_1_96' title='bbox 611 1597 896 1663; x_wconf 77' lang='lat' dir='ltr'><strong>minuere,</strong></span> <span class='ocrx_word' id='word_1_97' title='bbox 916 1597 1004 1653; x_wconf 88' lang='lat' dir='ltr'><strong>vel</strong></span> <span class='ocrx_word' id='word_1_98' title='bbox 1023 1600 1349 1655; x_wconf 90' lang='lat' dir='ltr'><strong>temerariis</strong></span> <span class='ocrx_word' id='word_1_99' title='bbox 1365 1600 1768 1656; x_wconf 85' lang='lat' dir='ltr'><strong>vexationibus</strong></span> <span class='ocrx_word' id='word_1_100' title='bbox 1791 1601 2053 1674; x_wconf 79' lang='lat' dir='ltr'><strong>fatigare,</strong></span> 
     </span>
    </p>
   </div>
   <div class='ocr_carea' id='block_1_18' title="bbox 413 1685 2054 1762">
    <p class='ocr_par' dir='ltr' id='par_1_18' title="bbox 413 1685 2054 1762">
     <span class='ocr_line' id='line_1_18' title="bbox 413 1685 2054 1762; baseline 0.004 -22"><span class='ocrx_word' id='word_1_101' title='bbox 413 1685 515 1740; x_wconf 91' lang='lat' dir='ltr'><strong>sed</strong></span> <span class='ocrx_word' id='word_1_102' title='bbox 539 1685 778 1742; x_wconf 90' lang='lat' dir='ltr'><strong>omnino</strong></span> <span class='ocrx_word' id='word_1_103' title='bbox 798 1687 1025 1758; x_wconf 90' lang='lat' dir='ltr'><strong>integra</strong></span> <span class='ocrx_word' id='word_1_104' title='bbox 1041 1693 1454 1743; x_wconf 90' lang='lat' dir='ltr'><strong>conserventur</strong></span> <span class='ocrx_word' id='word_1_105' title='bbox 1468 1705 1666 1744; x_wconf 91' lang='lat' dir='ltr'><strong>eorum</strong></span> <span class='ocrx_word' id='word_1_106' title='bbox 1685 1707 1786 1762; x_wconf 92' lang='lat' dir='ltr'><strong>pro</strong></span> <span class='ocrx_word' id='word_1_107' title='bbox 1805 1707 2054 1762; x_wconf 91' lang='lat' dir='ltr'><strong>quorum</strong></span> 
     </span>
    </p>
   </div>
   <div class='ocr_carea' id='block_1_19' title="bbox 413 1774 2134 1880">
    <p class='ocr_par' dir='ltr' id='par_1_19' title="bbox 413 1774 2134 1880">
     <span class='ocr_line' id='line_1_19' title="bbox 413 1774 2134 1880; baseline 0.005 -52"><span class='ocrx_word' id='word_1_108' title='bbox 413 1774 838 1829; x_wconf 78' lang='lat' dir='ltr'><strong>sustentatione</strong></span> <span class='ocrx_word' id='word_1_109' title='bbox 868 1791 934 1830; x_wconf 88' lang='lat' dir='ltr'><strong>ac</strong></span> <span class='ocrx_word' id='word_1_110' title='bbox 953 1775 1374 1847; x_wconf 83' lang='lat' dir='ltr'><strong>gubernatione</strong></span> <span class='ocrx_word' id='word_1_111' title='bbox 1395 1793 1669 1834; x_wconf 88' lang='lat' dir='ltr'><strong>concessa</strong></span> <span class='ocrx_word' id='word_1_112' title='bbox 1689 1785 1829 1834; x_wconf 89' lang='lat' dir='ltr'><strong>sunt</strong></span> <span class='ocrx_word' id='word_1_113' title='bbox 1851 1779 2055 1836; x_wconf 88' lang='lat' dir='ltr'><strong>usibus</strong></span> <span class='ocrx_word' id='word_1_114' title='bbox 2086 1815 2134 1880; x_wconf 79' lang='grc' dir='ltr'><strong>Β</strong></span> 
     </span>
    </p>
   </div>
   <div class='ocr_carea' id='block_1_20' title="bbox 414 1862 2056 1940">
    <p class='ocr_par' dir='ltr' id='par_1_20' title="bbox 414 1862 2056 1940">
     <span class='ocr_line' id='line_1_20' title="bbox 414 1862 2056 1940; baseline 0.004 -23"><span class='ocrx_word' id='word_1_115' title='bbox 414 1862 737 1935; x_wconf 80' lang='lat' dir='ltr'><strong>profutura.</strong></span> <span class='ocrx_word' id='word_1_116' title='bbox 758 1863 908 1919; x_wconf 86' lang='lat' dir='ltr'><strong>Sane</strong></span> <span class='ocrx_word' id='word_1_117' title='bbox 925 1863 973 1920; x_wconf 89' lang='lat' dir='ltr'><strong>si</strong></span> <span class='ocrx_word' id='word_1_118' title='bbox 995 1863 1128 1936; x_wconf 86' lang='lat' dir='ltr'><strong>quis</strong></span> <span class='ocrx_word' id='word_1_119' title='bbox 1151 1865 1208 1920; x_wconf 92' lang='lat' dir='ltr'><strong>in</strong></span> <span class='ocrx_word' id='word_1_120' title='bbox 1230 1865 1549 1921; x_wconf 89' lang='lat' dir='ltr'><strong>crastinum</strong></span> <span class='ocrx_word' id='word_1_121' title='bbox 1583 1867 2056 1940; x_wconf 78' lang='lat' dir='ltr'><strong>archiepi300pus</strong></span> 
     </span>
    </p>
   </div>
   <div class='ocr_carea' id='block_1_21' title="bbox 414 1951 2056 2027">
    <p class='ocr_par' dir='ltr' id='par_1_21' title="bbox 414 1951 2056 2027">
     <span class='ocr_line' id='line_1_21' title="bbox 414 1951 2056 2027; baseline 0.003 -21"><span class='ocrx_word' id='word_1_122' title='bbox 414 1955 517 2006; x_wconf 89' lang='lat' dir='ltr'><strong>aut</strong></span> <span class='ocrx_word' id='word_1_123' title='bbox 544 1951 874 2023; x_wconf 89' lang='lat' dir='ltr'><strong>episcopus,</strong></span> <span class='ocrx_word' id='word_1_124' title='bbox 897 1951 1214 2024; x_wconf 85' lang='lat' dir='ltr'><strong>imperator</strong></span> <span class='ocrx_word' id='word_1_125' title='bbox 1237 1959 1338 2008; x_wconf 87' lang='lat' dir='ltr'><strong>aut</strong></span> <span class='ocrx_word' id='word_1_126' title='bbox 1360 1970 1478 2020; x_wconf 86' lang='lat' dir='ltr'><strong>rex,</strong></span> <span class='ocrx_word' id='word_1_127' title='bbox 1502 1955 1774 2027; x_wconf 89' lang='lat' dir='ltr'><strong>princeps</strong></span> <span class='ocrx_word' id='word_1_128' title='bbox 1799 1961 1899 2011; x_wconf 89' lang='lat' dir='ltr'><strong>aut</strong></span> <span class='ocrx_word' id='word_1_129' title='bbox 1916 1957 2056 2026; x_wconf 80' lang='lat' dir='ltr'><strong>dux,</strong></span> 
     </span>
    </p>
   </div>
   <div class='ocr_carea' id='block_1_22' title="bbox 414 2040 2059 2118">
    <p class='ocr_par' dir='ltr' id='par_1_22' title="bbox 414 2040 2059 2118">
     <span class='ocr_line' id='line_1_22' title="bbox 414 2040 2059 2118; baseline 0.004 -25"><span class='ocrx_word' id='word_1_130' title='bbox 414 2056 610 2094; x_wconf 91' lang='lat' dir='ltr'><strong>comes</strong></span> <span class='ocrx_word' id='word_1_131' title='bbox 636 2051 737 2094; x_wconf 84' lang='lat' dir='ltr'><strong>aut</strong></span> <span class='ocrx_word' id='word_1_132' title='bbox 756 2040 1098 2110; x_wconf 87' lang='lat' dir='ltr'><strong>vicecomes,</strong></span> <span class='ocrx_word' id='word_1_133' title='bbox 1114 2045 1214 2097; x_wconf 88' lang='lat' dir='ltr'><strong>aut</strong></span> <span class='ocrx_word' id='word_1_134' title='bbox 1221 2043 1424 2113; x_wconf 83' lang='lat' dir='ltr'><strong>judex,</strong></span> <span class='ocrx_word' id='word_1_135' title='bbox 1444 2048 1544 2098; x_wconf 90' lang='lat' dir='ltr'><strong>aut</strong></span> <span class='ocrx_word' id='word_1_136' title='bbox 1558 2060 1847 2116; x_wconf 90' lang='lat' dir='ltr'><strong>personna</strong></span> <span class='ocrx_word' id='word_1_137' title='bbox 1862 2045 2059 2118; x_wconf 67' lang='lat' dir='ltr'><strong>quaeli-</strong></span> 
     </span>
    </p>
   </div>
   <div class='ocr_carea' id='block_1_23' title="bbox 414 2128 2056 2205">
    <p class='ocr_par' dir='ltr' id='par_1_23' title="bbox 414 2128 2056 2205">
     <span class='ocr_line' id='line_1_23' title="bbox 414 2128 2056 2205; baseline 0.005 -23"><span class='ocrx_word' id='word_1_138' title='bbox 414 2128 511 2182; x_wconf 89' lang='lat' dir='ltr'><strong>bet</strong></span> <span class='ocrx_word' id='word_1_139' title='bbox 540 2144 754 2200; x_wconf 88' lang='lat' dir='ltr'><strong>magna</strong></span> <span class='ocrx_word' id='word_1_140' title='bbox 782 2129 868 2184; x_wconf 91' lang='lat' dir='ltr'><strong>vel</strong></span> <span class='ocrx_word' id='word_1_141' title='bbox 897 2147 1091 2201; x_wconf 87' lang='lat' dir='ltr'><strong>parva,</strong></span> <span class='ocrx_word' id='word_1_142' title='bbox 1127 2135 1331 2202; x_wconf 88' lang='lat' dir='ltr'><strong>potens</strong></span> <span class='ocrx_word' id='word_1_143' title='bbox 1377 2131 1461 2187; x_wconf 90' lang='lat' dir='ltr'><strong>vel</strong></span> <span class='ocrx_word' id='word_1_144' title='bbox 1513 2132 1824 2204; x_wconf 88' lang='lat' dir='ltr'><strong>impotens,</strong></span> <span class='ocrx_word' id='word_1_145' title='bbox 1876 2133 2056 2205; x_wconf 86' lang='lat' dir='ltr'><strong>hujus</strong></span> 
     </span>
    </p>
   </div>
   <div class='ocr_carea' id='block_1_24' title="bbox 411 2216 2055 2291">
    <p class='ocr_par' dir='ltr' id='par_1_24' title="bbox 411 2216 2055 2291">
     <span class='ocr_line' id='line_1_24' title="bbox 411 2216 2055 2291; baseline 0.004 -19"><span class='ocrx_word' id='word_1_146' title='bbox 411 2217 592 2272; x_wconf 87' lang='lat' dir='ltr'><strong>nostri</strong></span> <span class='ocrx_word' id='word_1_147' title='bbox 626 2216 907 2289; x_wconf 85' lang='lat' dir='ltr'><strong>privilegii</strong></span> <span class='ocrx_word' id='word_1_148' title='bbox 942 2219 1214 2291; x_wconf 84' lang='lat' dir='ltr'><strong>paginam</strong></span> <span class='ocrx_word' id='word_1_149' title='bbox 1250 2220 1441 2275; x_wconf 88' lang='lat' dir='ltr'><strong>sciens</strong></span> <span class='ocrx_word' id='word_1_150' title='bbox 1472 2227 1673 2277; x_wconf 90' lang='lat' dir='ltr'><strong>contra</strong></span> <span class='ocrx_word' id='word_1_151' title='bbox 1701 2239 1831 2278; x_wconf 90' lang='lat' dir='ltr'><strong>eam</strong></span> <span class='ocrx_word' id='word_1_152' title='bbox 1864 2223 2055 2279; x_wconf 90' lang='lat' dir='ltr'><strong>venire</strong></span> 
     </span>
    </p>
   </div>
   <div class='ocr_carea' id='block_1_25' title="bbox 410 2305 2053 2372">
    <p class='ocr_par' dir='ltr' id='par_1_25' title="bbox 410 2305 2053 2372">
     <span class='ocr_line' id='line_1_25' title="bbox 410 2305 2053 2372; baseline 0.005 -14"><span class='ocrx_word' id='word_1_153' title='bbox 410 2305 737 2372; x_wconf 90' lang='lat' dir='ltr'><strong>tentaverit,</strong></span> <span class='ocrx_word' id='word_1_154' title='bbox 767 2307 1024 2360; x_wconf 88' lang='lat' dir='ltr'><strong>secundo</strong></span> <span class='ocrx_word' id='word_1_155' title='bbox 1054 2307 1295 2363; x_wconf 92' lang='lat' dir='ltr'><strong>tertiove</strong></span> <span class='ocrx_word' id='word_1_156' title='bbox 1309 2309 1668 2365; x_wconf 86' lang='lat' dir='ltr'><strong>commonita</strong></span> <span class='ocrx_word' id='word_1_157' title='bbox 1685 2309 1734 2366; x_wconf 90' lang='lat' dir='ltr'><strong>si</strong></span> <span class='ocrx_word' id='word_1_158' title='bbox 1752 2327 1866 2366; x_wconf 92' lang='lat' dir='ltr'><strong>non</strong></span> <span class='ocrx_word' id='word_1_159' title='bbox 1883 2311 2053 2367; x_wconf 85' lang='lat' dir='ltr'><strong>satis-</strong></span> 
     </span>
    </p>
   </div>
   <div class='ocr_carea' id='block_1_26' title="bbox 408 2393 2053 2466">
    <p class='ocr_par' dir='ltr' id='par_1_26' title="bbox 408 2393 2053 2466">
     <span class='ocr_line' id='line_1_26' title="bbox 408 2393 2053 2466; baseline 0.005 -19"><span class='ocrx_word' id='word_1_160' title='bbox 408 2393 656 2448; x_wconf 85' lang='lat' dir='ltr'><strong>factione</strong></span> <span class='ocrx_word' id='word_1_161' title='bbox 681 2409 940 2466; x_wconf 88' lang='lat' dir='ltr'><strong>congrua</strong></span> <span class='ocrx_word' id='word_1_162' title='bbox 965 2396 1906 2460; x_wconf 74' lang='lat' dir='ltr'><strong>emendaverit,aChristiEcclesia2</strong></span> <span class='ocrx_word' id='word_1_163' title='bbox 1928 2416 2053 2456; x_wconf 87' lang='lat' dir='ltr'><strong>cor-</strong></span> 
     </span>
    </p>
   </div>
   <div class='ocr_carea' id='block_1_27' title="bbox 407 2483 2053 2560">
    <p class='ocr_par' dir='ltr' id='par_1_27' title="bbox 407 2483 2053 2560">
     <span class='ocr_line' id='line_1_27' title="bbox 407 2483 2053 2560; baseline 0.005 -24"><span class='ocrx_word' id='word_1_164' title='bbox 407 2497 546 2554; x_wconf 88' lang='lat' dir='ltr'><strong>pore</strong></span> <span class='ocrx_word' id='word_1_165' title='bbox 574 2497 708 2536; x_wconf 90' lang='lat' dir='ltr'><strong>cum</strong></span> <span class='ocrx_word' id='word_1_166' title='bbox 743 2483 1084 2538; x_wconf 88' lang='lat' dir='ltr'><strong>auctoritate</strong></span> <span class='ocrx_word' id='word_1_167' title='bbox 1111 2486 1414 2556; x_wconf 80' lang='lat' dir='ltr'><strong>potestatis</strong></span> <span class='ocrx_word' id='word_1_168' title='bbox 1435 2486 1764 2558; x_wconf 69' lang='lat' dir='ltr'><strong>apostolicae</strong></span> <span class='ocrx_word' id='word_1_169' title='bbox 1785 2504 2053 2560; x_wconf 84' lang='lat' dir='ltr'><strong>segrega-</strong></span> 
     </span>
    </p>
   </div>
   <div class='ocr_carea' id='block_1_28' title="bbox 406 2569 2055 2646">
    <p class='ocr_par' dir='ltr' id='par_1_28' title="bbox 406 2569 2055 2646">
     <span class='ocr_line' id='line_1_28' title="bbox 406 2569 2055 2646; baseline 0.005 -22"><span class='ocrx_word' id='word_1_170' title='bbox 406 2586 558 2626; x_wconf 91' lang='lat' dir='ltr'><strong>mus.</strong></span> <span class='ocrx_word' id='word_1_171' title='bbox 574 2569 1066 2626; x_wconf 84' lang='lat' dir='ltr'><strong>Conservantibus</strong></span> <span class='ocrx_word' id='word_1_172' title='bbox 1079 2578 1270 2628; x_wconf 83' lang='lat' dir='ltr'><strong>autem</strong></span> <span class='ocrx_word' id='word_1_173' title='bbox 1290 2591 1398 2646; x_wconf 87' lang='lat' dir='ltr'><strong>pax</strong></span> <span class='ocrx_word' id='word_1_174' title='bbox 1410 2591 1442 2628; x_wconf 91' lang='lat' dir='ltr'><strong>a</strong></span> <span class='ocrx_word' id='word_1_175' title='bbox 1456 2575 1571 2630; x_wconf 91' lang='lat' dir='ltr'><strong>Deo</strong></span> <span class='ocrx_word' id='word_1_176' title='bbox 1584 2579 1641 2630; x_wconf 91' lang='lat' dir='ltr'><strong>et</strong></span> <span class='ocrx_word' id='word_1_177' title='bbox 1655 2576 2055 2634; x_wconf 85' lang='lat' dir='ltr'><strong>misericordia</strong></span> 
     </span>
    </p>
   </div>
   <div class='ocr_carea' id='block_1_29' title="bbox 407 2658 2048 2731">
    <p class='ocr_par' dir='ltr' id='par_1_29' title="bbox 407 2658 2048 2731">
     <span class='ocr_line' id='line_1_29' title="bbox 407 2658 2048 2731; baseline 0.004 -18"><span class='ocrx_word' id='word_1_178' title='bbox 407 2658 792 2731; x_wconf 64' lang='lat' dir='ltr'><strong>praesentibus</strong></span> <span class='ocrx_word' id='word_1_179' title='bbox 822 2675 889 2714; x_wconf 91' lang='lat' dir='ltr'><strong>ac</strong></span> <span class='ocrx_word' id='word_1_180' title='bbox 919 2660 1133 2715; x_wconf 82' lang='lat' dir='ltr'><strong>futuris</strong></span> <span class='ocrx_word' id='word_1_181' title='bbox 1164 2661 1395 2716; x_wconf 66' lang='lat' dir='ltr'><strong>saeculis</strong></span> <span class='ocrx_word' id='word_1_182' title='bbox 1427 2667 1816 2720; x_wconf 88' lang='lat' dir='ltr'><strong>conservetur.</strong></span> <span class='ocrx_word' id='word_1_183' title='bbox 1846 2667 2048 2721; x_wconf 83' lang='lat' dir='ltr'><strong>Amen.</strong></span> 
     </span>
    </p>
   </div>
   <div class='ocr_carea' id='block_1_30' title="bbox 412 2836 2052 2914">
    <p class='ocr_par' dir='ltr' id='par_1_30' title="bbox 412 2836 2052 2914">
     <span class='ocr_line' id='line_1_30' title="bbox 412 2836 2052 2914; baseline 0.004 -23"><span class='ocrx_word' id='word_1_184' title='bbox 412 2837 660 2892; x_wconf 77' lang='lat' dir='ltr'><strong>Urbanus</strong></span> <span class='ocrx_word' id='word_1_185' title='bbox 687 2836 745 2914; x_wconf 83' lang='lat' dir='ltr'><strong>II_</strong></span> <span class='ocrx_word' id='word_1_186' title='bbox 769 2857 791 2884; x_wconf 74' lang='grc' dir='ltr'>α</span> <span class='ocrx_word' id='word_1_187' title='bbox 825 2836 1130 2914; x_wconf 71' lang='lat' dir='ltr'><strong>cmnobium</strong></span> <span class='ocrx_word' id='word_1_188' title='bbox 1160 2836 1458 2914; x_wconf 54' lang='lat' dir='ltr'><strong>generasse</strong></span> <span class='ocrx_word' id='word_1_189' title='bbox 1478 2841 1536 2893; x_wconf 81' lang='lat' dir='ltr'><strong>in</strong></span> <span class='ocrx_word' id='word_1_190' title='bbox 1561 2839 1862 2914; x_wconf 76' lang='lat' dir='ltr'><strong>Guascom&#39;a</strong></span> <span class='ocrx_word' id='word_1_191' title='bbox 1883 2844 1942 2896; x_wconf 83' lang='lat' dir='ltr'><strong>in</strong></span> <span class='ocrx_word' id='word_1_192' title='bbox 1954 2843 2052 2914; x_wconf 68' lang='lat' dir='ltr'><strong>jus</strong></span> 
     </span>
    </p>
   </div>
   <div class='ocr_carea' id='block_1_31' title="bbox 482 2907 2050 2984">
    <p class='ocr_par' dir='ltr' id='par_1_31' title="bbox 482 2907 2050 2984">
     <span class='ocr_line' id='line_1_31' title="bbox 482 2907 2050 2984; baseline 0.006 -24"><span class='ocrx_word' id='word_1_193' title='bbox 482 2915 534 2961; x_wconf 79' lang='lat' dir='ltr'><strong>et</strong></span> <span class='ocrx_word' id='word_1_194' title='bbox 554 2907 944 2984; x_wconf 66' lang='lat' dir='ltr'><strong>proprietatem</strong></span> <span class='ocrx_word' id='word_1_195' title='bbox 973 2909 1280 2978; x_wconf 65' lang='lat' dir='ltr'><strong>apostolicae</strong></span> <span class='ocrx_word' id='word_1_196' title='bbox 1307 2909 1450 2984; x_wconf 68' lang='lat' dir='ltr'><strong>sedis</strong></span> <span class='ocrx_word' id='word_1_197' title='bbox 1469 2913 1662 2984; x_wconf 74' lang='lat' dir='ltr'><strong>recipit</strong></span> <span class='ocrx_word' id='word_1_198' title='bbox 1686 2920 1736 2967; x_wconf 79' lang='lat' dir='ltr'><strong>et</strong></span> <span class='ocrx_word' id='word_1_199' title='bbox 1761 2907 2050 2984; x_wconf 56' lang='lat' dir='ltr'><strong>privilegio</strong></span> 
     </span>
    </p>
   </div>
   <div class='ocr_carea' id='block_1_32' title="bbox 483 2978 1942 3039">
    <p class='ocr_par' dir='ltr' id='par_1_32' title="bbox 483 2978 1942 3039">
     <span class='ocr_line' id='line_1_32' title="bbox 483 2978 1942 3039; baseline 0.002 -8"><span class='ocrx_word' id='word_1_200' title='bbox 483 2979 779 3032; x_wconf 75' lang='lat' dir='ltr'><strong>communit</strong></span> <span class='ocrx_word' id='word_1_201' title='bbox 807 2978 905 3032; x_wconf 74' lang='lat' dir='ltr'><strong>sub</strong></span> <span class='ocrx_word' id='word_1_202' title='bbox 937 2994 1120 3033; x_wconf 79' lang='lat' dir='ltr'><strong>annuo</strong></span> <span class='ocrx_word' id='word_1_203' title='bbox 1147 2995 1310 3034; x_wconf 74' lang='lat' dir='ltr'><strong>censu</strong></span> <span class='ocrx_word' id='word_1_204' title='bbox 1342 2983 1389 3036; x_wconf 90' lang='lat' dir='ltr'><strong><em>II</em></strong></span> <span class='ocrx_word' id='word_1_205' title='bbox 1413 2978 1704 3037; x_wconf 77' lang='lat' dir='ltr'><strong>uncian</strong></span> <span class='ocrx_word' id='word_1_206' title='bbox 1731 2978 1879 3039; x_wconf 58' lang='lat' dir='ltr'><strong>a&#39;uri.</strong></span> <span class='ocrx_word' id='word_1_207' title='bbox 1913 3008 1942 3034; x_wconf 75' lang='grc' dir='ltr'><em>η</em></span> 
     </span>
    </p>
   </div>
   <div class='ocr_carea' id='block_1_33' title="bbox 871 3065 1566 3141">
    <p class='ocr_par' dir='ltr' id='par_1_33' title="bbox 871 3065 1566 3141">
     <span class='ocr_line' id='line_1_33' title="bbox 871 3065 1566 3141; baseline 0.004 -20"><span class='ocrx_word' id='word_1_208' title='bbox 871 3065 1053 3138; x_wconf 84' lang='lat' dir='ltr'><strong>(Intra</strong></span> <span class='ocrx_word' id='word_1_209' title='bbox 1080 3083 1175 3122; x_wconf 90' lang='lat' dir='ltr'><strong>an.</strong></span> <span class='ocrx_word' id='word_1_210' title='bbox 1209 3067 1566 3141; x_wconf 74' lang='lat' dir='ltr'><strong>l088-1099.)</strong></span> 
     </span>
    </p>
   </div>
   <div class='ocr_carea' id='block_1_34' title="bbox 409 3154 1572 3226">
    <p class='ocr_par' dir='ltr' id='par_1_34' title="bbox 409 3154 1572 3226">
     <span class='ocr_line' id='line_1_34' title="bbox 409 3154 1572 3226; baseline 0.003 -16"><span class='ocrx_word' id='word_1_211' title='bbox 409 3154 614 3226; x_wconf 85' lang='lat' dir='ltr'><strong>[Gentii</strong></span> <span class='ocrx_word' id='word_1_212' title='bbox 643 3154 954 3210; x_wconf 84' lang='lat' dir='ltr'><strong>Camerarii</strong></span> <span class='ocrx_word' id='word_1_213' title='bbox 986 3154 1154 3211; x_wconf 89' lang='lat' dir='ltr'><strong>Liber</strong></span> <span class='ocrx_word' id='word_1_214' title='bbox 1183 3156 1496 3222; x_wconf 90' lang='lat' dir='ltr'><strong>censualis,</strong></span> <span class='ocrx_word' id='word_1_215' title='bbox 1539 3176 1572 3213; x_wconf 92' lang='lat' dir='ltr'><strong>a</strong></span> 
     </span>
    </p>
   </div>
   <div class='ocr_carea' id='block_1_35' title="bbox 2160 538 3819 611">
    <p class='ocr_par' dir='ltr' id='par_1_35' title="bbox 2160 538 3819 611">
     <span class='ocr_line' id='line_1_35' title="bbox 2160 538 3819 611; baseline 0 -19"><span class='ocrx_word' id='word_1_216' title='bbox 2160 538 2318 592; x_wconf 92' lang='lat' dir='ltr'><strong>omni</strong></span> <span class='ocrx_word' id='word_1_217' title='bbox 2371 539 2596 611; x_wconf 88' lang='lat' dir='ltr'><strong>integra</strong></span> <span class='ocrx_word' id='word_1_218' title='bbox 2641 544 3076 607; x_wconf 88' lang='lat' dir='ltr'><strong>conserventur,</strong></span> <span class='ocrx_word' id='word_1_219' title='bbox 3129 553 3332 595; x_wconf 91' lang='lat' dir='ltr'><strong>eorum</strong></span> <span class='ocrx_word' id='word_1_220' title='bbox 3383 552 3486 610; x_wconf 91' lang='lat' dir='ltr'><strong>pro</strong></span> <span class='ocrx_word' id='word_1_221' title='bbox 3552 551 3819 610; x_wconf 83' lang='lat' dir='ltr'><strong>quorum</strong></span> 
     </span>
    </p>
   </div>
   <div class='ocr_carea' id='block_1_36' title="bbox 2161 625 3822 698">
    <p class='ocr_par' dir='ltr' id='par_1_36' title="bbox 2161 625 3822 698">
     <span class='ocr_line' id='line_1_36' title="bbox 2161 625 3822 698; baseline -0.001 -16"><span class='ocrx_word' id='word_1_222' title='bbox 2161 627 2582 683; x_wconf 80' lang='lat' dir='ltr'><strong>sustentatione</strong></span> <span class='ocrx_word' id='word_1_223' title='bbox 2605 644 2672 683; x_wconf 86' lang='lat' dir='ltr'><strong>ac</strong></span> <span class='ocrx_word' id='word_1_224' title='bbox 2693 628 3114 698; x_wconf 87' lang='lat' dir='ltr'><strong>gubernatione</strong></span> <span class='ocrx_word' id='word_1_225' title='bbox 3144 643 3424 683; x_wconf 89' lang='lat' dir='ltr'><strong>concessa</strong></span> <span class='ocrx_word' id='word_1_226' title='bbox 3443 629 3583 682; x_wconf 89' lang='lat' dir='ltr'><strong>sunt</strong></span> <span class='ocrx_word' id='word_1_227' title='bbox 3598 625 3822 682; x_wconf 78' lang='lat' dir='ltr'><strong>usibus</strong></span> 
     </span>
    </p>
   </div>
   <div class='ocr_carea' id='block_1_37' title="bbox 2160 711 3819 786">
    <p class='ocr_par' dir='ltr' id='par_1_37' title="bbox 2160 711 3819 786">
     <span class='ocr_line' id='line_1_37' title="bbox 2160 711 3819 786; baseline -0.001 -18"><span class='ocrx_word' id='word_1_228' title='bbox 2160 713 2515 770; x_wconf 88' lang='lat' dir='ltr'><strong>omnimodis</strong></span> <span class='ocrx_word' id='word_1_229' title='bbox 2567 715 2890 786; x_wconf 88' lang='lat' dir='ltr'><strong>profutura,</strong></span> <span class='ocrx_word' id='word_1_230' title='bbox 2942 714 3100 771; x_wconf 90' lang='lat' dir='ltr'><strong>salvo</strong></span> <span class='ocrx_word' id='word_1_231' title='bbox 3167 711 3394 770; x_wconf 88' lang='lat' dir='ltr'><strong>scilicet</strong></span> <span class='ocrx_word' id='word_1_232' title='bbox 3457 711 3819 768; x_wconf 83' lang='lat' dir='ltr'><strong>Parisiensis</strong></span> 
     </span>
    </p>
   </div>
   <div class='ocr_carea' id='block_1_38' title="bbox 2162 801 3819 875">
    <p class='ocr_par' dir='ltr' id='par_1_38' title="bbox 2162 801 3819 875">
     <span class='ocr_line' id='line_1_38' title="bbox 2162 801 3819 875; baseline 0 -19"><span class='ocrx_word' id='word_1_233' title='bbox 2162 801 2427 858; x_wconf 74' lang='lat' dir='ltr'><strong>Ecclesiae</strong></span> <span class='ocrx_word' id='word_1_234' title='bbox 2448 803 2585 874; x_wconf 85' lang='lat' dir='ltr'><strong>jure</strong></span> <span class='ocrx_word' id='word_1_235' title='bbox 2613 804 2914 872; x_wconf 91' lang='lat' dir='ltr'><strong>canonico,</strong></span> <span class='ocrx_word' id='word_1_236' title='bbox 2949 804 3029 858; x_wconf 88' lang='lat' dir='ltr'><strong>ita</strong></span> <span class='ocrx_word' id='word_1_237' title='bbox 3047 807 3243 858; x_wconf 87' lang='lat' dir='ltr'><strong>tamen</strong></span> <span class='ocrx_word' id='word_1_238' title='bbox 3265 802 3419 875; x_wconf 92' lang='lat' dir='ltr'><strong>quod</strong></span> <span class='ocrx_word' id='word_1_239' title='bbox 3441 817 3630 874; x_wconf 87' lang='lat' dir='ltr'><strong>neque</strong></span> <span class='ocrx_word' id='word_1_240' title='bbox 3651 801 3819 872; x_wconf 90' lang='lat' dir='ltr'><strong>ejus-</strong></span> 
     </span>
    </p>
   </div>
   <div class='ocr_carea' id='block_1_39' title="bbox 2161 887 3820 964">
    <p class='ocr_par' dir='ltr' id='par_1_39' title="bbox 2161 887 3820 964">
     <span class='ocr_line' id='line_1_39' title="bbox 2161 887 3820 964; baseline -0.001 -20"><span class='ocrx_word' id='word_1_241' title='bbox 2161 891 2293 944; x_wconf 90' lang='lat' dir='ltr'><strong>dem</strong></span> <span class='ocrx_word' id='word_1_242' title='bbox 2329 889 2590 947; x_wconf 66' lang='lat' dir='ltr'><strong>Ecclesizs</strong></span> <span class='ocrx_word' id='word_1_243' title='bbox 2622 891 2913 964; x_wconf 89' lang='lat' dir='ltr'><strong>episcopo,</strong></span> <span class='ocrx_word' id='word_1_244' title='bbox 2947 907 3134 964; x_wconf 91' lang='lat' dir='ltr'><strong>neque</strong></span> <span class='ocrx_word' id='word_1_245' title='bbox 3177 889 3588 946; x_wconf 86' lang='lat' dir='ltr'><strong>archidiacono</strong></span> <span class='ocrx_word' id='word_1_246' title='bbox 3639 887 3820 944; x_wconf 87' lang='lat' dir='ltr'><strong>liceat</strong></span> 
     </span>
    </p>
   </div>
   <div class='ocr_carea' id='block_1_40' title="bbox 2161 977 3819 1036">
    <p class='ocr_par' dir='ltr' id='par_1_40' title="bbox 2161 977 3819 1036">
     <span class='ocr_line' id='line_1_40' title="bbox 2161 977 3819 1036; baseline 0 -3"><span class='ocrx_word' id='word_1_247' title='bbox 2161 978 2480 1034; x_wconf 66' lang='lat' dir='ltr'><strong>temerariae</strong></span> <span class='ocrx_word' id='word_1_248' title='bbox 2512 979 3130 1036; x_wconf 87' lang='lat' dir='ltr'><strong>excommunicationis</strong></span> <span class='ocrx_word' id='word_1_249' title='bbox 3161 977 3250 1034; x_wconf 89' lang='lat' dir='ltr'><strong>vel</strong></span> <span class='ocrx_word' id='word_1_250' title='bbox 3279 977 3677 1035; x_wconf 85' lang='lat' dir='ltr'><strong>exsecutionis</strong></span> <span class='ocrx_word' id='word_1_251' title='bbox 3709 981 3819 1033; x_wconf 84' lang='lat' dir='ltr'><strong>aut</strong></span> 
     </span>
    </p>
   </div>
   <div class='ocr_carea' id='block_1_41' title="bbox 2161 1067 3812 1140">
    <p class='ocr_par' dir='ltr' id='par_1_41' title="bbox 2161 1067 3812 1140">
     <span class='ocr_line' id='line_1_41' title="bbox 2161 1067 3812 1140; baseline 0 -18"><span class='ocrx_word' id='word_1_252' title='bbox 2161 1067 2540 1124; x_wconf 89' lang='lat' dir='ltr'><strong>consuetudis</strong></span> <span class='ocrx_word' id='word_1_253' title='bbox 2566 1084 2879 1140; x_wconf 88' lang='lat' dir='ltr'><strong>gravamen</strong></span> <span class='ocrx_word' id='word_1_254' title='bbox 2911 1067 3146 1140; x_wconf 87' lang='lat' dir='ltr'><strong>aliquod</strong></span> <span class='ocrx_word' id='word_1_255' title='bbox 3193 1067 3474 1123; x_wconf 85' lang='lat' dir='ltr'><strong>fratribus</strong></span> <span class='ocrx_word' id='word_1_256' title='bbox 3521 1067 3812 1139; x_wconf 86' lang='lat' dir='ltr'><strong>irrogare.</strong></span> 
     </span>
    </p>
   </div>
   <div class='ocr_carea' id='block_1_42' title="bbox 2161 1153 3814 1230">
    <p class='ocr_par' dir='ltr' id='par_1_42' title="bbox 2161 1153 3814 1230">
     <span class='ocr_line' id='line_1_42' title="bbox 2161 1153 3814 1230; baseline 0 -20"><span class='ocrx_word' id='word_1_257' title='bbox 2161 1155 2424 1211; x_wconf 87' lang='lat' dir='ltr'><strong>Obeunte</strong></span> <span class='ocrx_word' id='word_1_258' title='bbox 2455 1162 2508 1211; x_wconf 91' lang='lat' dir='ltr'><strong>te</strong></span> <span class='ocrx_word' id='word_1_259' title='bbox 2535 1173 2691 1212; x_wconf 90' lang='lat' dir='ltr'><strong>nunc</strong></span> <span class='ocrx_word' id='word_1_260' title='bbox 2720 1157 2986 1230; x_wconf 88' lang='lat' dir='ltr'><strong>ejusdem</strong></span> <span class='ocrx_word' id='word_1_261' title='bbox 3016 1155 3126 1212; x_wconf 91' lang='lat' dir='ltr'><strong>loci</strong></span> <span class='ocrx_word' id='word_1_262' title='bbox 3156 1155 3386 1224; x_wconf 88' lang='lat' dir='ltr'><strong>abbate,</strong></span> <span class='ocrx_word' id='word_1_263' title='bbox 3435 1153 3526 1210; x_wconf 91' lang='lat' dir='ltr'><strong>vel</strong></span> <span class='ocrx_word' id='word_1_264' title='bbox 3567 1159 3814 1212; x_wconf 87' lang='lat' dir='ltr'><strong>tuorum</strong></span> 
     </span>
    </p>
   </div>
   <div class='ocr_carea' id='block_1_43' title="bbox 2163 1243 3818 1317">
    <p class='ocr_par' dir='ltr' id='par_1_43' title="bbox 2163 1243 3818 1317">
     <span class='ocr_line' id='line_1_43' title="bbox 2163 1243 3818 1317; baseline 0.001 -19"><span class='ocrx_word' id='word_1_265' title='bbox 2163 1243 2420 1315; x_wconf 73' lang='lat' dir='ltr'><strong>quolibet</strong></span> <span class='ocrx_word' id='word_1_266' title='bbox 2451 1261 2878 1312; x_wconf 76' lang='lat' dir='ltr'><strong>successorum,</strong></span> <span class='ocrx_word' id='word_1_267' title='bbox 2911 1243 3110 1300; x_wconf 91' lang='lat' dir='ltr'><strong>nullus</strong></span> <span class='ocrx_word' id='word_1_268' title='bbox 3143 1243 3220 1300; x_wconf 90' lang='lat' dir='ltr'><strong>ibi</strong></span> <span class='ocrx_word' id='word_1_269' title='bbox 3253 1243 3560 1317; x_wconf 88' lang='lat' dir='ltr'><strong>quibusvis</strong></span> <span class='ocrx_word' id='word_1_270' title='bbox 3599 1244 3818 1300; x_wconf 85' lang='lat' dir='ltr'><strong>subre-</strong></span> 
     </span>
    </p>
   </div>
   <div class='ocr_carea' id='block_1_44' title="bbox 2164 1332 3818 1405">
    <p class='ocr_par' dir='ltr' id='par_1_44' title="bbox 2164 1332 3818 1405">
     <span class='ocr_line' id='line_1_44' title="bbox 2164 1332 3818 1405; baseline 0.001 -19"><span class='ocrx_word' id='word_1_271' title='bbox 2164 1333 2460 1404; x_wconf 85' lang='lat' dir='ltr'><strong>ptionibus</strong></span> <span class='ocrx_word' id='word_1_272' title='bbox 2506 1333 2724 1389; x_wconf 86' lang='lat' dir='ltr'><strong>astutia</strong></span> <span class='ocrx_word' id='word_1_273' title='bbox 2765 1333 2850 1388; x_wconf 85' lang='lat' dir='ltr'><strong>vel</strong></span> <span class='ocrx_word' id='word_1_274' title='bbox 2904 1332 3179 1389; x_wconf 88' lang='lat' dir='ltr'><strong>violentia</strong></span> <span class='ocrx_word' id='word_1_275' title='bbox 3227 1336 3624 1405; x_wconf 59' lang='lat' dir='ltr'><strong>praeponatur,</strong></span> <span class='ocrx_word' id='word_1_276' title='bbox 3700 1332 3818 1388; x_wconf 84' lang='lat' dir='ltr'><strong>nisi</strong></span> 
     </span>
    </p>
   </div>
   <div class='ocr_carea' id='block_1_45' title="bbox 2163 1421 3830 1494">
    <p class='ocr_par' dir='ltr' id='par_1_45' title="bbox 2163 1421 3830 1494">
     <span class='ocr_line' id='line_1_45' title="bbox 2163 1421 3830 1494; baseline 0.002 -20"><span class='ocrx_word' id='word_1_277' title='bbox 2163 1437 2334 1492; x_wconf 85' lang='lat' dir='ltr'><strong>quem</strong></span> <span class='ocrx_word' id='word_1_278' title='bbox 2373 1424 2581 1476; x_wconf 83' lang='lat' dir='ltr'><strong>fratres</strong></span> <span class='ocrx_word' id='word_1_279' title='bbox 2613 1423 2910 1478; x_wconf 92' lang='lat' dir='ltr'><strong>communi</strong></span> <span class='ocrx_word' id='word_1_280' title='bbox 2943 1439 3252 1489; x_wconf 90' lang='lat' dir='ltr'><strong>consensu,</strong></span> <span class='ocrx_word' id='word_1_281' title='bbox 3285 1421 3374 1477; x_wconf 86' lang='lat' dir='ltr'><strong>vel</strong></span> <span class='ocrx_word' id='word_1_282' title='bbox 3409 1421 3660 1477; x_wconf 80' lang='lat' dir='ltr'><strong>fratrum</strong></span> <span class='ocrx_word' id='word_1_283' title='bbox 3681 1437 3830 1494; x_wconf 68' lang='lat' dir='ltr'><strong>para</strong></span> 
     </span>
    </p>
   </div>
   <div class='ocr_carea' id='block_1_46' title="bbox 2163 1509 3819 1575">
    <p class='ocr_par' dir='ltr' id='par_1_46' title="bbox 2163 1509 3819 1575">
     <span class='ocr_line' id='line_1_46' title="bbox 2163 1509 3819 1575; baseline 0.002 -12"><span class='ocrx_word' id='word_1_284' title='bbox 2163 1510 2387 1564; x_wconf 87' lang='lat' dir='ltr'><strong>consilii</strong></span> <span class='ocrx_word' id='word_1_285' title='bbox 2415 1509 2687 1575; x_wconf 79' lang='lat' dir='ltr'><strong>sanioris,</strong></span> <span class='ocrx_word' id='word_1_286' title='bbox 2714 1527 2816 1565; x_wconf 89' lang='lat' dir='ltr'><strong>seu</strong></span> <span class='ocrx_word' id='word_1_287' title='bbox 2841 1509 3276 1566; x_wconf 89' lang='lat' dir='ltr'><strong>secundumDei</strong></span> <span class='ocrx_word' id='word_1_288' title='bbox 3297 1509 3568 1565; x_wconf 90' lang='lat' dir='ltr'><strong>timorem</strong></span> <span class='ocrx_word' id='word_1_289' title='bbox 3586 1513 3646 1566; x_wconf 87' lang='lat' dir='ltr'><strong>et</strong></span> <span class='ocrx_word' id='word_1_290' title='bbox 3663 1509 3819 1566; x_wconf 81' lang='lat' dir='ltr'><strong>beati</strong></span> 
     </span>
    </p>
   </div>
   <div class='ocr_carea' id='block_1_47' title="bbox 2165 1596 3822 1671">
    <p class='ocr_par' dir='ltr' id='par_1_47' title="bbox 2165 1596 3822 1671">
     <span class='ocr_line' id='line_1_47' title="bbox 2165 1596 3822 1671; baseline 0.001 -19"><span class='ocrx_word' id='word_1_291' title='bbox 2165 1598 2454 1653; x_wconf 89' lang='lat' dir='ltr'><strong>Benedicti</strong></span> <span class='ocrx_word' id='word_1_292' title='bbox 2489 1597 2751 1671; x_wconf 84' lang='lat' dir='ltr'><strong>regulam</strong></span> <span class='ocrx_word' id='word_1_293' title='bbox 2780 1599 3080 1670; x_wconf 89' lang='lat' dir='ltr'><strong>elegerint.</strong></span> <span class='ocrx_word' id='word_1_294' title='bbox 3114 1596 3344 1653; x_wconf 90' lang='lat' dir='ltr'><strong>Electus</strong></span> <span class='ocrx_word' id='word_1_295' title='bbox 3391 1613 3549 1666; x_wconf 89' lang='lat' dir='ltr'><strong>vero,</strong></span> <span class='ocrx_word' id='word_1_296' title='bbox 3587 1615 3623 1654; x_wconf 88' lang='lat' dir='ltr'><strong>a</strong></span> <span class='ocrx_word' id='word_1_297' title='bbox 3660 1598 3822 1654; x_wconf 88' lang='lat' dir='ltr'><strong>Pari-</strong></span> 
     </span>
    </p>
   </div>
   <div class='ocr_carea' id='block_1_48' title="bbox 2163 1685 3818 1759">
    <p class='ocr_par' dir='ltr' id='par_1_48' title="bbox 2163 1685 3818 1759">
     <span class='ocr_line' id='line_1_48' title="bbox 2163 1685 3818 1759; baseline 0.001 -19"><span class='ocrx_word' id='word_1_298' title='bbox 2163 1686 2339 1742; x_wconf 92' lang='lat' dir='ltr'><strong>siensi</strong></span> <span class='ocrx_word' id='word_1_299' title='bbox 2361 1686 2632 1758; x_wconf 88' lang='lat' dir='ltr'><strong>episcopo</strong></span> <span class='ocrx_word' id='word_1_300' title='bbox 2654 1694 3042 1742; x_wconf 88' lang='lat' dir='ltr'><strong>consecretur.</strong></span> <span class='ocrx_word' id='word_1_301' title='bbox 3060 1686 3144 1741; x_wconf 80' lang='lat' dir='ltr'><strong>Ad</strong></span> <span class='ocrx_word' id='word_1_302' title='bbox 3159 1685 3449 1757; x_wconf 89' lang='lat' dir='ltr'><strong>judicium</strong></span> <span class='ocrx_word' id='word_1_303' title='bbox 3468 1690 3669 1743; x_wconf 88' lang='lat' dir='ltr'><strong>autem</strong></span> <span class='ocrx_word' id='word_1_304' title='bbox 3685 1702 3818 1759; x_wconf 87' lang='lat' dir='ltr'><strong>per-</strong></span> 
     </span>
    </p>
   </div>
   <div class='ocr_carea' id='block_1_49' title="bbox 2163 1773 3816 1846">
    <p class='ocr_par' dir='ltr' id='par_1_49' title="bbox 2163 1773 3816 1846">
     <span class='ocr_line' id='line_1_49' title="bbox 2163 1773 3816 1846; baseline 0.003 -19"><span class='ocrx_word' id='word_1_305' title='bbox 2163 1780 2338 1846; x_wconf 71' lang='lat' dir='ltr'><strong>cepta:</strong></span> <span class='ocrx_word' id='word_1_306' title='bbox 2370 1792 2403 1829; x_wconf 91' lang='lat' dir='ltr'><strong>a</strong></span> <span class='ocrx_word' id='word_1_307' title='bbox 2451 1776 2710 1830; x_wconf 79' lang='lat' dir='ltr'><strong>Romana</strong></span> <span class='ocrx_word' id='word_1_308' title='bbox 2757 1775 3012 1830; x_wconf 84' lang='lat' dir='ltr'><strong>Ecclesia</strong></span> <span class='ocrx_word' id='word_1_309' title='bbox 3054 1773 3343 1830; x_wconf 86' lang='lat' dir='ltr'><strong>libertatis</strong></span> <span class='ocrx_word' id='word_1_310' title='bbox 3393 1773 3520 1830; x_wconf 88' lang='lat' dir='ltr'><strong>auri</strong></span> <span class='ocrx_word' id='word_1_311' title='bbox 3572 1776 3816 1832; x_wconf 86' lang='lat' dir='ltr'><strong>unciam</strong></span> 
     </span>
    </p>
   </div>
   <div class='ocr_carea' id='block_1_50' title="bbox 2167 1861 3814 1936">
    <p class='ocr_par' dir='ltr' id='par_1_50' title="bbox 2167 1861 3814 1936">
     <span class='ocr_line' id='line_1_50' title="bbox 2167 1861 3814 1936; baseline 0.001 -19"><span class='ocrx_word' id='word_1_312' title='bbox 2167 1869 2382 1935; x_wconf 89' lang='lat' dir='ltr'><strong>quotan</strong></span> <span class='ocrx_word' id='word_1_313' title='bbox 2394 1864 2482 1918; x_wconf 91' lang='lat' dir='ltr'><strong>nis</strong></span> <span class='ocrx_word' id='word_1_314' title='bbox 2496 1864 2866 1919; x_wconf 86' lang='lat' dir='ltr'><strong>Lateranensi</strong></span> <span class='ocrx_word' id='word_1_315' title='bbox 2885 1861 3098 1935; x_wconf 91' lang='lat' dir='ltr'><strong>palatio</strong></span> <span class='ocrx_word' id='word_1_316' title='bbox 3111 1861 3471 1934; x_wconf 88' lang='lat' dir='ltr'><strong>persolvetis.</strong></span> <span class='ocrx_word' id='word_1_317' title='bbox 3493 1861 3611 1919; x_wconf 84' lang='lat' dir='ltr'><strong>Vos</strong></span> <span class='ocrx_word' id='word_1_318' title='bbox 3625 1862 3774 1936; x_wconf 88' lang='lat' dir='ltr'><strong>igitu</strong></span> <span class='ocrx_word' id='word_1_319' title='bbox 3785 1881 3814 1918; x_wconf 89' lang='lat' dir='ltr'><strong>r</strong></span> 
     </span>
    </p>
   </div>
   <div class='ocr_carea' id='block_1_51' title="bbox 2165 1951 3818 2018">
    <p class='ocr_par' dir='ltr' id='par_1_51' title="bbox 2165 1951 3818 2018">
     <span class='ocr_line' id='line_1_51' title="bbox 2165 1951 3818 2018; baseline 0 -10"><span class='ocrx_word' id='word_1_320' title='bbox 2165 1953 2269 2008; x_wconf 79' lang='lat' dir='ltr'><strong>filii</strong></span> <span class='ocrx_word' id='word_1_321' title='bbox 2305 1953 2359 2007; x_wconf 90' lang='lat' dir='ltr'><strong>in</strong></span> <span class='ocrx_word' id='word_1_322' title='bbox 2381 1952 2612 2008; x_wconf 84' lang='lat' dir='ltr'><strong>Christo</strong></span> <span class='ocrx_word' id='word_1_323' title='bbox 2643 1951 2858 2018; x_wconf 88' lang='lat' dir='ltr'><strong>dilecti,</strong></span> <span class='ocrx_word' id='word_1_324' title='bbox 2895 1951 2994 2007; x_wconf 91' lang='lat' dir='ltr'><strong>Dei</strong></span> <span class='ocrx_word' id='word_1_325' title='bbox 3025 1952 3297 2008; x_wconf 90' lang='lat' dir='ltr'><strong>timorem</strong></span> <span class='ocrx_word' id='word_1_326' title='bbox 3346 1955 3405 2008; x_wconf 91' lang='lat' dir='ltr'><strong>et</strong></span> <span class='ocrx_word' id='word_1_327' title='bbox 3439 1966 3704 2007; x_wconf 88' lang='lat' dir='ltr'><strong>amorem</strong></span> <span class='ocrx_word' id='word_1_328' title='bbox 3754 1952 3818 2009; x_wconf 89' lang='lat' dir='ltr'><strong>in</strong></span> 
     </span>
    </p>
   </div>
   <div class='ocr_carea' id='block_1_52' title="bbox 2166 2039 3818 2114">
    <p class='ocr_par' dir='ltr' id='par_1_52' title="bbox 2166 2039 3818 2114">
     <span class='ocr_line' id='line_1_52' title="bbox 2166 2039 3818 2114; baseline 0.001 -18"><span class='ocrx_word' id='word_1_329' title='bbox 2166 2041 2440 2096; x_wconf 86' lang='lat' dir='ltr'><strong>cordibus</strong></span> <span class='ocrx_word' id='word_1_330' title='bbox 2473 2041 2684 2096; x_wconf 85' lang='lat' dir='ltr'><strong>habere</strong></span> <span class='ocrx_word' id='word_1_331' title='bbox 2711 2041 2977 2114; x_wconf 86' lang='lat' dir='ltr'><strong>satagite,</strong></span> <span class='ocrx_word' id='word_1_332' title='bbox 3011 2045 3076 2096; x_wconf 89' lang='lat' dir='ltr'><strong>ut</strong></span> <span class='ocrx_word' id='word_1_333' title='bbox 3105 2043 3324 2110; x_wconf 88' lang='lat' dir='ltr'><strong>quanto</strong></span> <span class='ocrx_word' id='word_1_334' title='bbox 3356 2056 3390 2096; x_wconf 90' lang='lat' dir='ltr'><strong>a</strong></span> <span class='ocrx_word' id='word_1_335' title='bbox 3432 2039 3818 2098; x_wconf 67' lang='lat' dir='ltr'><strong>saecularibus</strong></span> 
     </span>
    </p>
   </div>
   <div class='ocr_carea' id='block_1_53' title="bbox 2166 2127 3818 2202">
    <p class='ocr_par' dir='ltr' id='par_1_53' title="bbox 2166 2127 3818 2202">
     <span class='ocr_line' id='line_1_53' title="bbox 2166 2127 3818 2202; baseline 0.001 -17"><span class='ocrx_word' id='word_1_336' title='bbox 2166 2129 2520 2186; x_wconf 84' lang='lat' dir='ltr'><strong>tumultibus</strong></span> <span class='ocrx_word' id='word_1_337' title='bbox 2553 2129 2854 2186; x_wconf 88' lang='lat' dir='ltr'><strong>liberiores</strong></span> <span class='ocrx_word' id='word_1_338' title='bbox 2884 2128 3046 2197; x_wconf 88' lang='lat' dir='ltr'><strong>estis,</strong></span> <span class='ocrx_word' id='word_1_339' title='bbox 3085 2133 3241 2184; x_wconf 89' lang='lat' dir='ltr'><strong>tanto</strong></span> <span class='ocrx_word' id='word_1_340' title='bbox 3282 2128 3540 2201; x_wconf 88' lang='lat' dir='ltr'><strong>amplius</strong></span> <span class='ocrx_word' id='word_1_341' title='bbox 3581 2127 3818 2202; x_wconf 86' lang='lat' dir='ltr'><strong>placare</strong></span> 
     </span>
    </p>
   </div>
   <div class='ocr_carea' id='block_1_54' title="bbox 2166 2216 3818 2275">
    <p class='ocr_par' dir='ltr' id='par_1_54' title="bbox 2166 2216 3818 2275">
     <span class='ocr_line' id='line_1_54' title="bbox 2166 2216 3818 2275; baseline 0 -1"><span class='ocrx_word' id='word_1_342' title='bbox 2166 2219 2282 2274; x_wconf 90' lang='lat' dir='ltr'><strong>Deo</strong></span> <span class='ocrx_word' id='word_1_343' title='bbox 2312 2219 2491 2274; x_wconf 90' lang='lat' dir='ltr'><strong>totius</strong></span> <span class='ocrx_word' id='word_1_344' title='bbox 2525 2218 2738 2275; x_wconf 88' lang='lat' dir='ltr'><strong>mentis</strong></span> <span class='ocrx_word' id='word_1_345' title='bbox 2776 2223 2833 2274; x_wconf 90' lang='lat' dir='ltr'><strong>et</strong></span> <span class='ocrx_word' id='word_1_346' title='bbox 2883 2218 3092 2273; x_wconf 60' lang='lat' dir='ltr'><strong>animae</strong></span> <span class='ocrx_word' id='word_1_347' title='bbox 3139 2217 3459 2273; x_wconf 84' lang='lat' dir='ltr'><strong>virtutibus</strong></span> <span class='ocrx_word' id='word_1_348' title='bbox 3504 2216 3818 2274; x_wconf 72' lang='lat' dir='ltr'><strong>anhelatis.</strong></span> 
     </span>
    </p>
   </div>
   <div class='ocr_carea' id='block_1_55' title="bbox 2162 2304 3822 2380">
    <p class='ocr_par' dir='ltr' id='par_1_55' title="bbox 2162 2304 3822 2380">
     <span class='ocr_line' id='line_1_55' title="bbox 2162 2304 3822 2380; baseline 0.001 -18"><span class='ocrx_word' id='word_1_349' title='bbox 2162 2311 2310 2364; x_wconf 89' lang='lat' dir='ltr'><strong>Sane</strong></span> <span class='ocrx_word' id='word_1_350' title='bbox 2332 2307 2380 2363; x_wconf 92' lang='lat' dir='ltr'><strong>si</strong></span> <span class='ocrx_word' id='word_1_351' title='bbox 2403 2307 2538 2380; x_wconf 87' lang='lat' dir='ltr'><strong>quis</strong></span> <span class='ocrx_word' id='word_1_352' title='bbox 2562 2307 2619 2362; x_wconf 93' lang='lat' dir='ltr'><strong>in</strong></span> <span class='ocrx_word' id='word_1_353' title='bbox 2639 2307 2965 2363; x_wconf 86' lang='lat' dir='ltr'><strong>crastinum</strong></span> <span class='ocrx_word' id='word_1_354' title='bbox 2987 2304 3463 2378; x_wconf 88' lang='lat' dir='ltr'><strong>archiepiscopus</strong></span> <span class='ocrx_word' id='word_1_355' title='bbox 3483 2310 3586 2361; x_wconf 89' lang='lat' dir='ltr'><strong>aut</strong></span> <span class='ocrx_word' id='word_1_356' title='bbox 3596 2306 3822 2379; x_wconf 88' lang='lat' dir='ltr'><strong>episco-</strong></span> 
     </span>
    </p>
   </div>
   <div class='ocr_carea' id='block_1_56' title="bbox 2165 2393 3818 2470">
    <p class='ocr_par' dir='ltr' id='par_1_56' title="bbox 2165 2393 3818 2470">
     <span class='ocr_line' id='line_1_56' title="bbox 2165 2393 3818 2470; baseline -0.001 -18"><span class='ocrx_word' id='word_1_357' title='bbox 2165 2414 2296 2470; x_wconf 90' lang='lat' dir='ltr'><strong>pus,</strong></span> <span class='ocrx_word' id='word_1_358' title='bbox 2331 2397 2649 2469; x_wconf 89' lang='lat' dir='ltr'><strong>imperator</strong></span> <span class='ocrx_word' id='word_1_359' title='bbox 2679 2401 2777 2451; x_wconf 91' lang='lat' dir='ltr'><strong>aut</strong></span> <span class='ocrx_word' id='word_1_360' title='bbox 2807 2412 2926 2462; x_wconf 85' lang='lat' dir='ltr'><strong>rex,</strong></span> <span class='ocrx_word' id='word_1_361' title='bbox 2957 2399 3059 2452; x_wconf 88' lang='lat' dir='ltr'><strong>aut</strong></span> <span class='ocrx_word' id='word_1_362' title='bbox 3089 2395 3227 2460; x_wconf 84' lang='lat' dir='ltr'><strong>dux,</strong></span> <span class='ocrx_word' id='word_1_363' title='bbox 3249 2411 3446 2451; x_wconf 91' lang='lat' dir='ltr'><strong>comes</strong></span> <span class='ocrx_word' id='word_1_364' title='bbox 3466 2393 3818 2465; x_wconf 89' lang='lat' dir='ltr'><strong>vicecomes,</strong></span> 
     </span>
    </p>
   </div>
   <div class='ocr_carea' id='block_1_57' title="bbox 2151 2482 3823 2558">
    <p class='ocr_par' dir='ltr' id='par_1_57' title="bbox 2151 2482 3823 2558">
     <span class='ocr_line' id='line_1_57' title="bbox 2151 2482 3823 2558; baseline 0 -18"><span class='ocrx_word' id='word_1_365' title='bbox 2151 2486 2355 2558; x_wconf 88' lang='lat' dir='ltr'><strong>judex,</strong></span> <span class='ocrx_word' id='word_1_366' title='bbox 2374 2488 2475 2542; x_wconf 89' lang='lat' dir='ltr'><strong>aut</strong></span> <span class='ocrx_word' id='word_1_367' title='bbox 2488 2485 2880 2540; x_wconf 83' lang='lat' dir='ltr'><strong>ecclesiastica</strong></span> <span class='ocrx_word' id='word_1_368' title='bbox 2893 2483 3168 2556; x_wconf 65' lang='lat' dir='ltr'><strong>quaelibet</strong></span> <span class='ocrx_word' id='word_1_369' title='bbox 3187 2482 3551 2540; x_wconf 70' lang='lat' dir='ltr'><strong>saecularisve</strong></span> <span class='ocrx_word' id='word_1_370' title='bbox 3567 2499 3823 2555; x_wconf 86' lang='lat' dir='ltr'><strong>persona</strong></span> 
     </span>
    </p>
   </div>
   <div class='ocr_carea' id='block_1_58' title="bbox 2161 2571 3821 2646">
    <p class='ocr_par' dir='ltr' id='par_1_58' title="bbox 2161 2571 3821 2646">
     <span class='ocr_line' id='line_1_58' title="bbox 2161 2571 3821 2646; baseline -0.001 -16"><span class='ocrx_word' id='word_1_371' title='bbox 2161 2574 2312 2630; x_wconf 89' lang='lat' dir='ltr'><strong>hanc</strong></span> <span class='ocrx_word' id='word_1_372' title='bbox 2345 2580 2554 2629; x_wconf 72' lang='lat' dir='ltr'><strong>nostra:</strong></span> <span class='ocrx_word' id='word_1_373' title='bbox 2601 2572 2967 2642; x_wconf 82' lang='lat' dir='ltr'><strong>auctoritath</strong></span> <span class='ocrx_word' id='word_1_374' title='bbox 3016 2571 3290 2646; x_wconf 89' lang='lat' dir='ltr'><strong>paginam</strong></span> <span class='ocrx_word' id='word_1_375' title='bbox 3341 2571 3556 2639; x_wconf 89' lang='lat' dir='ltr'><strong>sciens,</strong></span> <span class='ocrx_word' id='word_1_376' title='bbox 3612 2577 3821 2629; x_wconf 82' lang='lat' dir='ltr'><strong>contra</strong></span> 
     </span>
    </p>
   </div>
   <div class='ocr_carea' id='block_1_59' title="bbox 2159 2660 3817 2730">
    <p class='ocr_par' dir='ltr' id='par_1_59' title="bbox 2159 2660 3817 2730">
     <span class='ocr_line' id='line_1_59' title="bbox 2159 2660 3817 2730; baseline -0.001 -12"><span class='ocrx_word' id='word_1_377' title='bbox 2159 2679 2287 2718; x_wconf 90' lang='lat' dir='ltr'><strong>eam</strong></span> <span class='ocrx_word' id='word_1_378' title='bbox 2309 2668 2525 2718; x_wconf 85' lang='lat' dir='ltr'><strong>temere</strong></span> <span class='ocrx_word' id='word_1_379' title='bbox 2548 2663 2739 2717; x_wconf 89' lang='lat' dir='ltr'><strong>venire</strong></span> <span class='ocrx_word' id='word_1_380' title='bbox 2763 2661 3087 2730; x_wconf 80' lang='lat' dir='ltr'><strong>tentaverit,</strong></span> <span class='ocrx_word' id='word_1_381' title='bbox 3112 2660 3372 2716; x_wconf 90' lang='lat' dir='ltr'><strong>secundo</strong></span> <span class='ocrx_word' id='word_1_382' title='bbox 3391 2660 3632 2716; x_wconf 88' lang='lat' dir='ltr'><strong>tertiove</strong></span> <span class='ocrx_word' id='word_1_383' title='bbox 3654 2677 3817 2717; x_wconf 86' lang='lat' dir='ltr'><strong>com-</strong></span> 
     </span>
    </p>
   </div>
   <div class='ocr_carea' id='block_1_60' title="bbox 2160 2748 3816 2821">
    <p class='ocr_par' dir='ltr' id='par_1_60' title="bbox 2160 2748 3816 2821">
     <span class='ocr_line' id='line_1_60' title="bbox 2160 2748 3816 2821; baseline -0.001 -15"><span class='ocrx_word' id='word_1_384' title='bbox 2160 2751 2440 2819; x_wconf 90' lang='lat' dir='ltr'><strong>monitus,</strong></span> <span class='ocrx_word' id='word_1_385' title='bbox 2475 2750 2524 2806; x_wconf 86' lang='lat' dir='ltr'><strong>si</strong></span> <span class='ocrx_word' id='word_1_386' title='bbox 2557 2767 2671 2806; x_wconf 90' lang='lat' dir='ltr'><strong>non</strong></span> <span class='ocrx_word' id='word_1_387' title='bbox 2703 2749 3099 2806; x_wconf 77' lang='lat' dir='ltr'><strong>satisfactione</strong></span> <span class='ocrx_word' id='word_1_388' title='bbox 3119 2763 3410 2821; x_wconf 89' lang='lat' dir='ltr'><strong>congruae</strong></span> <span class='ocrx_word' id='word_1_389' title='bbox 3430 2748 3816 2818; x_wconf 86' lang='lat' dir='ltr'><strong>mendaverit,</strong></span> 
     </span>
    </p>
   </div>
   <div class='ocr_carea' id='block_1_61' title="bbox 2159 2837 3813 2912">
    <p class='ocr_par' dir='ltr' id='par_1_61' title="bbox 2159 2837 3813 2912">
     <span class='ocr_line' id='line_1_61' title="bbox 2159 2837 3813 2912; baseline -0.001 -17"><span class='ocrx_word' id='word_1_390' title='bbox 2159 2839 2462 2912; x_wconf 86' lang='lat' dir='ltr'><strong>potestatis</strong></span> <span class='ocrx_word' id='word_1_391' title='bbox 2492 2839 2848 2910; x_wconf 89' lang='lat' dir='ltr'><strong>honorisque</strong></span> <span class='ocrx_word' id='word_1_392' title='bbox 2867 2838 2956 2894; x_wconf 90' lang='lat' dir='ltr'><strong>sui</strong></span> <span class='ocrx_word' id='word_1_393' title='bbox 2981 2837 3263 2910; x_wconf 89' lang='lat' dir='ltr'><strong>dignitate</strong></span> <span class='ocrx_word' id='word_1_394' title='bbox 3285 2841 3498 2908; x_wconf 89' lang='lat' dir='ltr'><strong>careat,</strong></span> <span class='ocrx_word' id='word_1_395' title='bbox 3522 2853 3813 2910; x_wconf 88' lang='lat' dir='ltr'><strong>reumque</strong></span> 
     </span>
    </p>
   </div>
   <div class='ocr_carea' id='block_1_62' title="bbox 2157 2925 3807 2999">
    <p class='ocr_par' dir='ltr' id='par_1_62' title="bbox 2157 2925 3807 2999">
     <span class='ocr_line' id='line_1_62' title="bbox 2157 2925 3807 2999; baseline -0.001 -17"><span class='ocrx_word' id='word_1_396' title='bbox 2157 2945 2220 2982; x_wconf 90' lang='lat' dir='ltr'><strong>se</strong></span> <span class='ocrx_word' id='word_1_397' title='bbox 2247 2927 2442 2983; x_wconf 90' lang='lat' dir='ltr'><strong>divino</strong></span> <span class='ocrx_word' id='word_1_398' title='bbox 2457 2927 2682 2999; x_wconf 89' lang='lat' dir='ltr'><strong>judicio</strong></span> <span class='ocrx_word' id='word_1_399' title='bbox 2701 2925 2770 2981; x_wconf 93' lang='lat' dir='ltr'><strong>de</strong></span> <span class='ocrx_word' id='word_1_400' title='bbox 2792 2930 3122 2999; x_wconf 89' lang='lat' dir='ltr'><strong>perpetrata</strong></span> <span class='ocrx_word' id='word_1_401' title='bbox 3136 2925 3447 2997; x_wconf 87' lang='lat' dir='ltr'><strong>iniquitate</strong></span> <span class='ocrx_word' id='word_1_402' title='bbox 3466 2931 3807 2998; x_wconf 85' lang='lat' dir='ltr'><strong>cognoscat,</strong></span> 
     </span>
    </p>
   </div>
   <div class='ocr_carea' id='block_1_63' title="bbox 2156 3013 3803 3088">
    <p class='ocr_par' dir='ltr' id='par_1_63' title="bbox 2156 3013 3803 3088">
     <span class='ocr_line' id='line_1_63' title="bbox 2156 3013 3803 3088; baseline -0.002 -15"><span class='ocrx_word' id='word_1_403' title='bbox 2156 3021 2214 3073; x_wconf 89' lang='lat' dir='ltr'><strong>et</strong></span> <span class='ocrx_word' id='word_1_404' title='bbox 2245 3033 2278 3072; x_wconf 91' lang='lat' dir='ltr'><strong>a</strong></span> <span class='ocrx_word' id='word_1_405' title='bbox 2297 3015 2692 3072; x_wconf 89' lang='lat' dir='ltr'><strong>sacratissimo</strong></span> <span class='ocrx_word' id='word_1_406' title='bbox 2712 3031 2952 3088; x_wconf 90' lang='lat' dir='ltr'><strong>corpore</strong></span> <span class='ocrx_word' id='word_1_407' title='bbox 2973 3031 3039 3070; x_wconf 91' lang='lat' dir='ltr'><strong>ac</strong></span> <span class='ocrx_word' id='word_1_408' title='bbox 3061 3013 3345 3087; x_wconf 89' lang='lat' dir='ltr'><strong>sanguine</strong></span> <span class='ocrx_word' id='word_1_409' title='bbox 3365 3013 3464 3069; x_wconf 85' lang='lat' dir='ltr'><strong>Dei</strong></span> <span class='ocrx_word' id='word_1_410' title='bbox 3487 3018 3546 3070; x_wconf 90' lang='lat' dir='ltr'><strong>et</strong></span> <span class='ocrx_word' id='word_1_411' title='bbox 3567 3013 3803 3070; x_wconf 91' lang='lat' dir='ltr'><strong>Domini</strong></span> 
     </span>
    </p>
   </div>
   <div class='ocr_carea' id='block_1_64' title="bbox 2157 3100 3809 3177">
    <p class='ocr_par' dir='ltr' id='par_1_64' title="bbox 2157 3100 3809 3177">
     <span class='ocr_line' id='line_1_64' title="bbox 2157 3100 3809 3177; baseline 0 -17"><span class='ocrx_word' id='word_1_412' title='bbox 2157 3105 2560 3177; x_wconf 82' lang='lat' dir='ltr'><strong>Redemptoris</strong></span> <span class='ocrx_word' id='word_1_413' title='bbox 2593 3104 2777 3160; x_wconf 90' lang='lat' dir='ltr'><strong>nostri</strong></span> <span class='ocrx_word' id='word_1_414' title='bbox 2806 3103 2946 3160; x_wconf 87' lang='lat' dir='ltr'><strong>Jesu</strong></span> <span class='ocrx_word' id='word_1_415' title='bbox 2979 3102 3191 3160; x_wconf 88' lang='lat' dir='ltr'><strong>Christi</strong></span> <span class='ocrx_word' id='word_1_416' title='bbox 3223 3100 3450 3158; x_wconf 80' lang='lat' dir='ltr'><strong>alienus</strong></span> <span class='ocrx_word' id='word_1_417' title='bbox 3481 3102 3604 3168; x_wconf 82' lang='lat' dir='ltr'><strong>fiat,</strong></span> <span class='ocrx_word' id='word_1_418' title='bbox 3629 3105 3809 3175; x_wconf 86' lang='lat' dir='ltr'><strong>atque</strong></span> 
     </span>
    </p>
   </div>
   <div class='ocr_carea' id='block_1_65' title="bbox 902 3159 3808 3300">
    <p class='ocr_par' dir='ltr' id='par_1_65' title="bbox 902 3159 3808 3300">
     <span class='ocr_line' id='line_1_65' title="bbox 902 3159 3808 3300; baseline 0.009 -79"><span class='ocrx_word' id='word_1_419' title='bbox 902 3159 1693 3300; x_wconf 43' lang='grc' dir='ltr'><strong>Ξίηὲῗῗθῆαῗξιῗθξὲἐῗρυά</strong></span> <span class='ocrx_word' id='word_1_420' title='bbox 1739 3160 2048 3219; x_wconf 56' lang='grc' dir='ltr'><strong>Μυῖιλτοω</strong></span> <span class='ocrx_word' id='word_1_421' title='bbox 2079 3177 2123 3246; x_wconf 84' lang='lat' dir='ltr'><strong>C</strong></span> <span class='ocrx_word' id='word_1_422' title='bbox 2271 3159 2830 3300; x_wconf 25' lang='lat' dir='ltr'><strong>extremovexam‘ine</strong></span> <span class='ocrx_word' id='word_1_423' title='bbox 2874 3191 3154 3300; x_wconf 72' lang='lat' dir='ltr'><strong>districts:</strong></span> <span class='ocrx_word' id='word_1_424' title='bbox 3204 3159 3808 3300; x_wconf 42' lang='lat' dir='ltr'><strong>ultioni‘.‘sub:iaceat.</strong></span> 
     </span>
    </p>
   </div>
   <div class='ocr_carea' id='block_1_66' title="bbox 374 3317 2050 3471">
    <p class='ocr_par' dir='ltr' id='par_1_66' title="bbox 374 3317 2050 3471">
     <span class='ocr_line' id='line_1_66' title="bbox 374 3317 2050 3471; baseline 0.003 -27"><span class='ocrx_word' id='word_1_425' title='bbox 374 3386 615 3466; x_wconf 21' lang='grc' dir='ltr'><strong>κυνί)αηί</strong></span> <span class='ocrx_word' id='word_1_426' title='bbox 638 3388 690 3443; x_wconf 92' lang='lat' dir='ltr'><strong><em>II</em></strong></span> <span class='ocrx_word' id='word_1_427' title='bbox 711 3403 870 3459; x_wconf 76' lang='lat' dir='ltr'><strong>papae</strong></span> <span class='ocrx_word' id='word_1_428' title='bbox 896 3317 1376 3471; x_wconf 44' lang='grc' dir='ltr'><strong>ρήυίἰεθὲιίῶἒὲδ</strong></span> <span class='ocrx_word' id='word_1_429' title='bbox 1426 3392 1754 3447; x_wconf 74' lang='lat' dir='ltr'><strong>monasterio</strong></span> <span class='ocrx_word' id='word_1_430' title='bbox 1797 3394 2050 3449; x_wconf 79' lang='lat' dir='ltr'><strong>Latinia-</strong></span> 
     </span>
    </p>
   </div>
   <div class='ocr_carea' id='block_1_67' title="bbox 1131 3475 1300 3514">
    <p class='ocr_par' dir='ltr' id='par_1_67' title="bbox 1131 3475 1300 3514">
     <span class='ocr_line' id='line_1_67' title="bbox 1131 3475 1300 3514; baseline 0.006 -2"><span class='ocrx_word' id='word_1_431' title='bbox 1131 3475 1276 3514; x_wconf 71' lang='grc'><strong>687181</strong></span> <span class='ocrx_word' id='word_1_432' title='bbox 1287 3501 1300 3513; x_wconf 91' lang='grc'><strong>.</strong></span> 
     </span>
    </p>
   </div>
   <div class='ocr_carea' id='block_1_68' title="bbox 871 3547 1573 3622">
    <p class='ocr_par' dir='ltr' id='par_1_68' title="bbox 871 3547 1573 3622">
     <span class='ocr_line' id='line_1_68' title="bbox 871 3547 1573 3622; baseline 0.006 -21"><span class='ocrx_word' id='word_1_433' title='bbox 871 3547 1055 3619; x_wconf 89' lang='lat' dir='ltr'><strong>(Intra</strong></span> <span class='ocrx_word' id='word_1_434' title='bbox 1083 3563 1180 3602; x_wconf 88' lang='lat' dir='ltr'><strong>an.</strong></span> <span class='ocrx_word' id='word_1_435' title='bbox 1217 3549 1573 3622; x_wconf 76' lang='lat'><strong>1088-1099.)</strong></span> 
     </span>
    </p>
   </div>
   <div class='ocr_carea' id='block_1_69' title="bbox 499 3635 1960 3710">
    <p class='ocr_par' dir='ltr' id='par_1_69' title="bbox 499 3635 1960 3710">
     <span class='ocr_line' id='line_1_69' title="bbox 499 3635 1960 3710; baseline 0.004 -20"><span class='ocrx_word' id='word_1_436' title='bbox 499 3635 820 3706; x_wconf 73' lang='lat' dir='ltr'><strong>[MAEILLON</strong></span> <span class='ocrx_word' id='word_1_437' title='bbox 851 3639 908 3690; x_wconf 90' lang='lat' dir='ltr'><strong>et</strong></span> <span class='ocrx_word' id='word_1_438' title='bbox 936 3635 1222 3704; x_wconf 67' lang='lat' dir='ltr'><strong>Romam,</strong></span> <span class='ocrx_word' id='word_1_439' title='bbox 1258 3637 1419 3692; x_wconf 86' lang='lat' dir='ltr'><strong>Ouvr.</strong></span> <span class='ocrx_word' id='word_1_440' title='bbox 1453 3637 1651 3709; x_wconf 79' lang='lat' dir='ltr'><strong>posth..</strong></span> <span class='ocrx_word' id='word_1_441' title='bbox 1685 3639 1778 3708; x_wconf 86' lang='lat' dir='ltr'>III,</span> <span class='ocrx_word' id='word_1_442' title='bbox 1811 3641 1960 3710; x_wconf 64' lang='lat'><strong>401.]</strong></span> 
     </span>
    </p>
   </div>
   <div class='ocr_carea' id='block_1_70' title="bbox 475 3722 2050 3794">
    <p class='ocr_par' dir='ltr' id='par_1_70' title="bbox 475 3722 2050 3794">
     <span class='ocr_line' id='line_1_70' title="bbox 475 3722 2050 3794; baseline 0.003 -14"><span class='ocrx_word' id='word_1_443' title='bbox 475 3724 751 3780; x_wconf 64' lang='lat' dir='ltr'><strong>Uasmus</strong></span> <span class='ocrx_word' id='word_1_444' title='bbox 782 3722 1114 3794; x_wconf 91' lang='lat' dir='ltr'><strong>episcopus,</strong></span> <span class='ocrx_word' id='word_1_445' title='bbox 1143 3739 1345 3780; x_wconf 89' lang='lat' dir='ltr'><strong>servus</strong></span> <span class='ocrx_word' id='word_1_446' title='bbox 1367 3741 1664 3782; x_wconf 84' lang='lat' dir='ltr'><strong>servorum</strong></span> <span class='ocrx_word' id='word_1_447' title='bbox 1691 3727 1816 3793; x_wconf 88' lang='lat' dir='ltr'><strong>Dei,</strong></span> <span class='ocrx_word' id='word_1_448' title='bbox 1838 3727 2050 3784; x_wconf 92' lang='lat' dir='ltr'><strong>dilecto</strong></span> 
     </span>
    </p>
   </div>
   <div class='ocr_carea' id='block_1_71' title="bbox 403 3811 2050 3888">
    <p class='ocr_par' dir='ltr' id='par_1_71' title="bbox 403 3811 2050 3888">
     <span class='ocr_line' id='line_1_71' title="bbox 403 3811 2050 3888; baseline 0.003 -20"><span class='ocrx_word' id='word_1_449' title='bbox 403 3813 524 3868; x_wconf 80' lang='lat' dir='ltr'><strong>ﬁlio</strong></span> <span class='ocrx_word' id='word_1_450' title='bbox 547 3819 869 3868; x_wconf 67' lang='lat' dir='ltr'><strong>Anuunpno</strong></span> <span class='ocrx_word' id='word_1_451' title='bbox 889 3811 1268 3868; x_wconf 87' lang='lat' dir='ltr'><strong>Latiniacensi</strong></span> <span class='ocrx_word' id='word_1_452' title='bbox 1283 3815 1476 3870; x_wconf 90' lang='lat' dir='ltr'><strong>abbati</strong></span> <span class='ocrx_word' id='word_1_453' title='bbox 1490 3817 1734 3888; x_wconf 89' lang='lat' dir='ltr'><strong>ejusque</strong></span> <span class='ocrx_word' id='word_1_454' title='bbox 1759 3832 2050 3873; x_wconf 90' lang='lat' dir='ltr'><strong>successo-</strong></span> 
     </span>
    </p>
   </div>
   <div class='ocr_carea' id='block_1_72' title="bbox 404 3899 1876 3978">
    <p class='ocr_par' dir='ltr' id='par_1_72' title="bbox 404 3899 1876 3978">
     <span class='ocr_line' id='line_1_72' title="bbox 404 3899 1876 3978; baseline 0.002 -21"><span class='ocrx_word' id='word_1_455' title='bbox 404 3903 570 3957; x_wconf 91' lang='lat' dir='ltr'><strong>ribus</strong></span> <span class='ocrx_word' id='word_1_456' title='bbox 602 3899 949 3974; x_wconf 86' lang='lat' dir='ltr'><strong>regulariter</strong></span> <span class='ocrx_word' id='word_1_457' title='bbox 977 3903 1384 3973; x_wconf 89' lang='lat' dir='ltr'><strong>promovendis</strong></span> <span class='ocrx_word' id='word_1_458' title='bbox 1413 3903 1473 3960; x_wconf 92' lang='lat' dir='ltr'><strong>in</strong></span> <span class='ocrx_word' id='word_1_459' title='bbox 1507 3909 1876 3978; x_wconf 90' lang='lat' dir='ltr'><strong>perpetuum.</strong></span> 
     </span>
    </p>
   </div>
   <div class='ocr_carea' id='block_1_73' title="bbox 476 3987 2050 4066">
    <p class='ocr_par' dir='ltr' id='par_1_73' title="bbox 476 3987 2050 4066">
     <span class='ocr_line' id='line_1_73' title="bbox 476 3987 2050 4066; baseline 0.003 -22"><span class='ocrx_word' id='word_1_460' title='bbox 476 3990 587 4044; x_wconf 69' lang='lat' dir='ltr'><strong>Piae</strong></span> <span class='ocrx_word' id='word_1_461' title='bbox 603 3987 916 4060; x_wconf 90' lang='lat' dir='ltr'><strong>postulatio</strong></span> <span class='ocrx_word' id='word_1_462' title='bbox 927 3988 1239 4048; x_wconf 90' lang='lat' dir='ltr'><strong>voluntatis</strong></span> <span class='ocrx_word' id='word_1_463' title='bbox 1253 3993 1458 4048; x_wconf 75' lang='lat' dir='ltr'><strong>effectu</strong></span> <span class='ocrx_word' id='word_1_464' title='bbox 1478 3994 1651 4050; x_wconf 91' lang='lat' dir='ltr'><strong>debet</strong></span> <span class='ocrx_word' id='word_1_465' title='bbox 1664 3998 2050 4066; x_wconf 87' lang='lat' dir='ltr'><strong>prosequente</strong></span> 
     </span>
    </p>
   </div>
   <div class='ocr_carea' id='block_1_74' title="bbox 403 4077 2046 4150">
    <p class='ocr_par' dir='ltr' id='par_1_74' title="bbox 403 4077 2046 4150">
     <span class='ocr_line' id='line_1_74' title="bbox 403 4077 2046 4150; baseline 0.002 -16"><span class='ocrx_word' id='word_1_466' title='bbox 403 4077 702 4150; x_wconf 91' lang='lat' dir='ltr'><strong>compleri,</strong></span> <span class='ocrx_word' id='word_1_467' title='bbox 727 4081 1016 4150; x_wconf 88' lang='lat' dir='ltr'><strong>quatenus</strong></span> <span class='ocrx_word' id='word_1_468' title='bbox 1036 4083 1093 4134; x_wconf 91' lang='lat' dir='ltr'><strong>et</strong></span> <span class='ocrx_word' id='word_1_469' title='bbox 1111 4080 1436 4138; x_wconf 89' lang='lat' dir='ltr'><strong>devotionis</strong></span> <span class='ocrx_word' id='word_1_470' title='bbox 1457 4082 1764 4137; x_wconf 90' lang='lat' dir='ltr'><strong>sinceritas</strong></span> <span class='ocrx_word' id='word_1_471' title='bbox 1781 4081 2046 4138; x_wconf 84' lang='lat' dir='ltr'><strong>laudabi-</strong></span> 
     </span>
    </p>
   </div>
   <div class='ocr_carea' id='block_1_75' title="bbox 399 4165 2049 4241">
    <p class='ocr_par' dir='ltr' id='par_1_75' title="bbox 399 4165 2049 4241">
     <span class='ocr_line' id='line_1_75' title="bbox 399 4165 2049 4241; baseline 0.001 -19"><span class='ocrx_word' id='word_1_472' title='bbox 399 4167 532 4222; x_wconf 89' lang='lat' dir='ltr'><strong>liter</strong></span> <span class='ocrx_word' id='word_1_473' title='bbox 560 4165 868 4232; x_wconf 89' lang='lat' dir='ltr'><strong>elucescat,</strong></span> <span class='ocrx_word' id='word_1_474' title='bbox 899 4172 954 4222; x_wconf 93' lang='lat' dir='ltr'><strong>et</strong></span> <span class='ocrx_word' id='word_1_475' title='bbox 985 4167 1208 4224; x_wconf 88' lang='lat' dir='ltr'><strong>utilitas</strong></span> <span class='ocrx_word' id='word_1_476' title='bbox 1231 4169 1523 4241; x_wconf 88' lang='lat' dir='ltr'><strong>postulata</strong></span> <span class='ocrx_word' id='word_1_477' title='bbox 1543 4169 1692 4224; x_wconf 85' lang='lat' dir='ltr'><strong>vires</strong></span> <span class='ocrx_word' id='word_1_478' title='bbox 1715 4169 2049 4224; x_wconf 78' lang='lat' dir='ltr'><strong>indubitan-</strong></span> 
     </span>
    </p>
   </div>
   <div class='ocr_carea' id='block_1_76' title="bbox 398 4256 2049 4330">
    <p class='ocr_par' dir='ltr' id='par_1_76' title="bbox 398 4256 2049 4330">
     <span class='ocr_line' id='line_1_76' title="bbox 398 4256 2049 4330; baseline 0.003 -20"><span class='ocrx_word' id='word_1_479' title='bbox 398 4260 487 4310; x_wconf 92' lang='lat' dir='ltr'><strong>ter</strong></span> <span class='ocrx_word' id='word_1_480' title='bbox 509 4260 793 4311; x_wconf 86' lang='lat' dir='ltr'><strong>assumat.</strong></span> <span class='ocrx_word' id='word_1_481' title='bbox 816 4256 962 4321; x_wconf 87' lang='lat' dir='ltr'><strong>Quia</strong></span> <span class='ocrx_word' id='word_1_482' title='bbox 989 4256 1168 4330; x_wconf 88' lang='lat' dir='ltr'><strong>igitur</strong></span> <span class='ocrx_word' id='word_1_483' title='bbox 1197 4257 1402 4314; x_wconf 80' lang='lat' dir='ltr'><strong>electio</strong></span> <span class='ocrx_word' id='word_1_484' title='bbox 1424 4262 1526 4312; x_wconf 90' lang='lat' dir='ltr'><strong>tua</strong></span> <span class='ocrx_word' id='word_1_485' title='bbox 1547 4259 1616 4314; x_wconf 89' lang='lat' dir='ltr'><strong>ad</strong></span> <span class='ocrx_word' id='word_1_486' title='bbox 1643 4258 1801 4314; x_wconf 88' lang='lat' dir='ltr'><strong>sedis</strong></span> <span class='ocrx_word' id='word_1_487' title='bbox 1823 4263 2049 4330; x_wconf 84' lang='lat' dir='ltr'><strong>aposto-</strong></span> 
     </span>
    </p>
   </div>
   <div class='ocr_carea' id='block_1_77' title="bbox 395 4344 2046 4419">
    <p class='ocr_par' dir='ltr' id='par_1_77' title="bbox 395 4344 2046 4419">
     <span class='ocr_line' id='line_1_77' title="bbox 395 4344 2046 4419; baseline 0.002 -19"><span class='ocrx_word' id='word_1_488' title='bbox 395 4344 516 4400; x_wconf 67' lang='lat' dir='ltr'><strong>licae</strong></span> <span class='ocrx_word' id='word_1_489' title='bbox 549 4349 782 4417; x_wconf 89' lang='lat' dir='ltr'><strong>portum</strong></span> <span class='ocrx_word' id='word_1_490' title='bbox 815 4346 1179 4419; x_wconf 80' lang='lat' dir='ltr'><strong>confugiens,</strong></span> <span class='ocrx_word' id='word_1_491' title='bbox 1210 4349 1339 4417; x_wconf 87' lang='lat' dir='ltr'><strong>ejus</strong></span> <span class='ocrx_word' id='word_1_492' title='bbox 1389 4347 1698 4402; x_wconf 89' lang='lat' dir='ltr'><strong>tuitionem</strong></span> <span class='ocrx_word' id='word_1_493' title='bbox 1749 4347 2046 4404; x_wconf 78' lang='lat' dir='ltr'><strong>devotione</strong></span> 
     </span>
    </p>
   </div>
   <div class='ocr_carea' id='block_1_78' title="bbox 394 4434 2043 4507">
    <p class='ocr_par' dir='ltr' id='par_1_78' title="bbox 394 4434 2043 4507">
     <span class='ocr_line' id='line_1_78' title="bbox 394 4434 2043 4507; baseline 0.001 -18"><span class='ocrx_word' id='word_1_494' title='bbox 394 4434 592 4489; x_wconf 88' lang='lat' dir='ltr'><strong>debita</strong></span> <span class='ocrx_word' id='word_1_495' title='bbox 623 4434 944 4506; x_wconf 88' lang='lat' dir='ltr'><strong>requisivit,</strong></span> <span class='ocrx_word' id='word_1_496' title='bbox 979 4452 1086 4491; x_wconf 92' lang='lat' dir='ltr'><strong>nos</strong></span> <span class='ocrx_word' id='word_1_497' title='bbox 1119 4434 1532 4507; x_wconf 89' lang='lat' dir='ltr'><strong>supplicationi</strong></span> <span class='ocrx_word' id='word_1_498' title='bbox 1583 4434 1900 4490; x_wconf 89' lang='lat' dir='ltr'><strong>clementer</strong></span> <span class='ocrx_word' id='word_1_499' title='bbox 1941 4451 2043 4490; x_wconf 89' lang='lat' dir='ltr'><strong>an-</strong></span> 
     </span>
    </p>
   </div>
   <div class='ocr_carea' id='block_1_79' title="bbox 2159 3277 3814 3353">
    <p class='ocr_par' dir='ltr' id='par_1_79' title="bbox 2159 3277 3814 3353">
     <span class='ocr_line' id='line_1_79' title="bbox 2159 3277 3814 3353; baseline -0.002 -13"><span class='ocrx_word' id='word_1_500' title='bbox 2159 3284 2396 3340; x_wconf 91' lang='lat' dir='ltr'><strong>Cunctis</strong></span> <span class='ocrx_word' id='word_1_501' title='bbox 2425 3289 2623 3340; x_wconf 89' lang='lat' dir='ltr'><strong>autem</strong></span> <span class='ocrx_word' id='word_1_502' title='bbox 2654 3282 2843 3338; x_wconf 88' lang='lat' dir='ltr'><strong>eidem</strong></span> <span class='ocrx_word' id='word_1_503' title='bbox 2874 3281 3000 3336; x_wconf 91' lang='lat' dir='ltr'><strong>loco</strong></span> <span class='ocrx_word' id='word_1_504' title='bbox 3021 3281 3190 3352; x_wconf 86' lang='lat' dir='ltr'><strong>justa</strong></span> <span class='ocrx_word' id='word_1_505' title='bbox 3221 3277 3590 3336; x_wconf 86' lang='lat' dir='ltr'><strong>servantibus</strong></span> <span class='ocrx_word' id='word_1_506' title='bbox 3609 3279 3688 3335; x_wconf 91' lang='lat' dir='ltr'><strong>sit</strong></span> <span class='ocrx_word' id='word_1_507' title='bbox 3702 3296 3814 3353; x_wconf 82' lang='lat' dir='ltr'><strong>pax</strong></span> 
     </span>
    </p>
   </div>
   <div class='ocr_carea' id='block_1_80' title="bbox 2159 3366 3810 3442">
    <p class='ocr_par' dir='ltr' id='par_1_80' title="bbox 2159 3366 3810 3442">
     <span class='ocr_line' id='line_1_80' title="bbox 2159 3366 3810 3442; baseline -0.002 -12"><span class='ocrx_word' id='word_1_508' title='bbox 2159 3373 2390 3430; x_wconf 90' lang='lat' dir='ltr'><strong>Domini</strong></span> <span class='ocrx_word' id='word_1_509' title='bbox 2413 3372 2595 3429; x_wconf 91' lang='lat' dir='ltr'><strong>nostri</strong></span> <span class='ocrx_word' id='word_1_510' title='bbox 2620 3371 2761 3428; x_wconf 86' lang='lat' dir='ltr'><strong>Jesu</strong></span> <span class='ocrx_word' id='word_1_511' title='bbox 2782 3369 3018 3439; x_wconf 87' lang='lat' dir='ltr'><strong>Christi,</strong></span> <span class='ocrx_word' id='word_1_512' title='bbox 3042 3372 3332 3442; x_wconf 88' lang='lat' dir='ltr'><strong>quatenus</strong></span> <span class='ocrx_word' id='word_1_513' title='bbox 3353 3372 3410 3424; x_wconf 90' lang='lat' dir='ltr'><strong>et</strong></span> <span class='ocrx_word' id='word_1_514' title='bbox 3434 3366 3530 3422; x_wconf 90' lang='lat' dir='ltr'><strong>hic</strong></span> <span class='ocrx_word' id='word_1_515' title='bbox 3543 3367 3810 3426; x_wconf 84' lang='lat' dir='ltr'><strong>fructum</strong></span> 
     </span>
    </p>
   </div>
   <div class='ocr_carea' id='block_1_81' title="bbox 2158 3455 3872 3534">
    <p class='ocr_par' dir='ltr' id='par_1_81' title="bbox 2158 3455 3872 3534">
     <span class='ocr_line' id='line_1_81' title="bbox 2158 3455 3872 3534; baseline -0.002 -16"><span class='ocrx_word' id='word_1_516' title='bbox 2158 3462 2323 3518; x_wconf 63' lang='lat' dir='ltr'><strong>bona</strong></span> <span class='ocrx_word' id='word_1_517' title='bbox 2345 3462 2592 3518; x_wconf 86' lang='lat' dir='ltr'><strong>actionis</strong></span> <span class='ocrx_word' id='word_1_518' title='bbox 2618 3458 3168 3534; x_wconf 89' lang='lat' dir='ltr'><strong>percipiantetapud</strong></span> <span class='ocrx_word' id='word_1_519' title='bbox 3182 3457 3516 3513; x_wconf 89' lang='lat' dir='ltr'><strong>districtum</strong></span> <span class='ocrx_word' id='word_1_520' title='bbox 3532 3455 3807 3514; x_wconf 85' lang='lat' dir='ltr'><strong>Judicem</strong></span> <span class='ocrx_word' id='word_1_521' title='bbox 3863 3517 3872 3526; x_wconf 64' lang='grc'><em>,</em></span> 
     </span>
    </p>
   </div>
   <div class='ocr_carea' id='block_1_82' title="bbox 2159 3546 3429 3625">
    <p class='ocr_par' dir='ltr' id='par_1_82' title="bbox 2159 3546 3429 3625">
     <span class='ocr_line' id='line_1_82' title="bbox 2159 3546 3429 3625; baseline -0.006 -18"><span class='ocrx_word' id='word_1_522' title='bbox 2159 3551 2400 3625; x_wconf 64' lang='lat' dir='ltr'><strong>praemia</strong></span> <span class='ocrx_word' id='word_1_523' title='bbox 2428 3555 2652 3608; x_wconf 66' lang='lat' dir='ltr'><strong>aeternae</strong></span> <span class='ocrx_word' id='word_1_524' title='bbox 2679 3549 2842 3622; x_wconf 89' lang='lat' dir='ltr'><strong>pacis</strong></span> <span class='ocrx_word' id='word_1_525' title='bbox 2871 3546 3188 3604; x_wconf 89' lang='lat' dir='ltr'><strong>inveniant.</strong></span> <span class='ocrx_word' id='word_1_526' title='bbox 3221 3552 3429 3602; x_wconf 78' lang='lat' dir='ltr'><strong>Amen.</strong></span> 
     </span>
    </p>
   </div>
   <div class='ocr_carea' id='block_1_83' title="bbox 2850 3653 3106 3710">
    <p class='ocr_par' dir='ltr' id='par_1_83' title="bbox 2850 3653 3106 3710">
     <span class='ocr_line' id='line_1_83' title="bbox 2850 3653 3106 3710; baseline -0.012 0"><span class='ocrx_word' id='word_1_527' title='bbox 2850 3653 3106 3710; x_wconf 83' lang='lat' dir='ltr'><strong>CCLXII.</strong></span> 
     </span>
    </p>
   </div>
   <div class='ocr_carea' id='block_1_84' title="bbox 2162 3743 3806 3818">
    <p class='ocr_par' dir='ltr' id='par_1_84' title="bbox 2162 3743 3806 3818">
     <span class='ocr_line' id='line_1_84' title="bbox 2162 3743 3806 3818; baseline -0.002 -15"><span class='ocrx_word' id='word_1_528' title='bbox 2162 3747 2370 3805; x_wconf 82' lang='lat' dir='ltr'><strong>Urbani</strong></span> <span class='ocrx_word' id='word_1_529' title='bbox 2426 3747 2478 3800; x_wconf 90' lang='grc'><em>11</em></span> <span class='ocrx_word' id='word_1_530' title='bbox 2534 3745 2761 3818; x_wconf 78' lang='lat' dir='ltr'><strong>epistola</strong></span> <span class='ocrx_word' id='word_1_531' title='bbox 2796 3743 2900 3818; x_wconf 6' lang='lat' dir='ltr'><strong>god</strong></span> <span class='ocrx_word' id='word_1_532' title='bbox 2965 3744 3280 3818; x_wconf 71' lang='lat' dir='ltr'><strong>Rotgerium</strong></span> <span class='ocrx_word' id='word_1_533' title='bbox 3361 3743 3806 3818; x_wconf 70' lang='lat' dir='ltr'><strong>Suessioncnsem</strong></span> 
     </span>
    </p>
   </div>
   <div class='ocr_carea' id='block_1_85' title="bbox 2228 3814 3810 3888">
    <p class='ocr_par' dir='ltr' id='par_1_85' title="bbox 2228 3814 3810 3888">
     <span class='ocr_line' id='line_1_85' title="bbox 2228 3814 3810 3888; baseline -0.001 -15"><span class='ocrx_word' id='word_1_534' title='bbox 2228 3814 2656 3888; x_wconf 54' lang='lat' dir='ltr'><strong>episcopumf—e</strong></span> <span class='ocrx_word' id='word_1_535' title='bbox 2690 3818 2754 3872; x_wconf 93' lang='lat' dir='ltr'><strong>Ut</strong></span> <span class='ocrx_word' id='word_1_536' title='bbox 2780 3817 2840 3870; x_wconf 84' lang='lat' dir='ltr'><strong>in</strong></span> <span class='ocrx_word' id='word_1_537' title='bbox 2867 3814 3220 3887; x_wconf 75' lang='lat' dir='ltr'><strong>parochianis</strong></span> <span class='ocrx_word' id='word_1_538' title='bbox 3265 3815 3508 3872; x_wconf 73' lang='lat' dir='ltr'><strong>ecclesiis</strong></span> <span class='ocrx_word' id='word_1_539' title='bbox 3551 3817 3810 3873; x_wconf 74' lang='lat' dir='ltr'><strong>canonici</strong></span> 
     </span>
    </p>
   </div>
   <div class='ocr_carea' id='block_1_86' title="bbox 2231 3887 2877 3956">
    <p class='ocr_par' dir='ltr' id='par_1_86' title="bbox 2231 3887 2877 3956">
     <span class='ocr_line' id='line_1_86' title="bbox 2231 3887 2877 3956; baseline -0.002 -14"><span class='ocrx_word' id='word_1_540' title='bbox 2231 3887 2508 3956; x_wconf 70' lang='lat' dir='ltr'><strong>regulares</strong></span> <span class='ocrx_word' id='word_1_541' title='bbox 2539 3887 2877 3943; x_wconf 76' lang='lat' dir='ltr'><strong>ordinentur.</strong></span> 
     </span>
    </p>
   </div>
   <div class='ocr_carea' id='block_1_87' title="bbox 2653 3973 3346 4042">
    <p class='ocr_par' dir='ltr' id='par_1_87' title="bbox 2653 3973 3346 4042">
     <span class='ocr_line' id='line_1_87' title="bbox 2653 3973 3346 4042; baseline -0.004 -11"><span class='ocrx_word' id='word_1_542' title='bbox 2653 3975 2836 4042; x_wconf 87' lang='lat' dir='ltr'><strong>(Intra</strong></span> <span class='ocrx_word' id='word_1_543' title='bbox 2865 3992 2960 4030; x_wconf 89' lang='lat' dir='ltr'><strong>an.</strong></span> <span class='ocrx_word' id='word_1_544' title='bbox 2993 3973 3346 4040; x_wconf 66' lang='lat'><strong>4088-1099.)</strong></span> 
     </span>
    </p>
   </div>
   <div class='ocr_carea' id='block_1_88' title="bbox 2582 4062 3372 4134">
    <p class='ocr_par' dir='ltr' id='par_1_88' title="bbox 2582 4062 3372 4134">
     <span class='ocr_line' id='line_1_88' title="bbox 2582 4062 3372 4134; baseline 0 -16"><span class='ocrx_word' id='word_1_545' title='bbox 2582 4063 2820 4133; x_wconf 78' lang='lat' dir='ltr'><strong>[MANSI,</strong></span> <span class='ocrx_word' id='word_1_546' title='bbox 2851 4064 3044 4118; x_wconf 80' lang='lat' dir='ltr'><strong>concit.</strong></span> <span class='ocrx_word' id='word_1_547' title='bbox 3078 4062 3189 4130; x_wconf 83' lang='lat' dir='ltr'><strong>XX,</strong></span> <span class='ocrx_word' id='word_1_548' title='bbox 3220 4063 3372 4134; x_wconf 89' lang='lat'><strong>677.]</strong></span> 
     </span>
    </p>
   </div>
   <div class='ocr_carea' id='block_1_89' title="bbox 2249 4167 3711 4242">
    <p class='ocr_par' dir='ltr' id='par_1_89' title="bbox 2249 4167 3711 4242">
     <span class='ocr_line' id='line_1_89' title="bbox 2249 4167 3711 4242; baseline -0.001 -15"><span class='ocrx_word' id='word_1_549' title='bbox 2249 4171 2522 4227; x_wconf 69' lang='lat' dir='ltr'><strong>Unamus</strong></span> <span class='ocrx_word' id='word_1_550' title='bbox 2553 4185 2704 4242; x_wconf 90' lang='lat' dir='ltr'><strong>papa</strong></span> <span class='ocrx_word' id='word_1_551' title='bbox 2735 4169 3020 4225; x_wconf 77' lang='lat' dir='ltr'><strong>ROTGERIO</strong></span> <span class='ocrx_word' id='word_1_552' title='bbox 3052 4167 3458 4226; x_wconf 85' lang='lat' dir='ltr'><strong>Suessionensi</strong></span> <span class='ocrx_word' id='word_1_553' title='bbox 3485 4169 3711 4226; x_wconf 87' lang='lat' dir='ltr'><strong>abbati.</strong></span> 
     </span>
    </p>
   </div>
   <div class='ocr_carea' id='block_1_90' title="bbox 2225 4257 3806 4330">
    <p class='ocr_par' dir='ltr' id='par_1_90' title="bbox 2225 4257 3806 4330">
     <span class='ocr_line' id='line_1_90' title="bbox 2225 4257 3806 4330; baseline -0.001 -14"><span class='ocrx_word' id='word_1_554' title='bbox 2225 4259 2258 4316; x_wconf 91' lang='lat' dir='ltr'><strong>J</strong></span> <span class='ocrx_word' id='word_1_555' title='bbox 2264 4259 2413 4315; x_wconf 90' lang='lat' dir='ltr'><strong>ustis</strong></span> <span class='ocrx_word' id='word_1_556' title='bbox 2440 4259 2587 4315; x_wconf 88' lang='lat' dir='ltr'><strong>votis</strong></span> <span class='ocrx_word' id='word_1_557' title='bbox 2616 4274 2923 4315; x_wconf 90' lang='lat' dir='ltr'><strong>assensum</strong></span> <span class='ocrx_word' id='word_1_558' title='bbox 2945 4257 3529 4330; x_wconf 70' lang='lat' dir='ltr'><strong>prebere,justisque</strong></span> <span class='ocrx_word' id='word_1_559' title='bbox 3549 4257 3806 4330; x_wconf 86' lang='lat' dir='ltr'><strong>postula-</strong></span> 
     </span>
    </p>
   </div>
   <div class='ocr_carea' id='block_1_91' title="bbox 2153 4345 3804 4418">
    <p class='ocr_par' dir='ltr' id='par_1_91' title="bbox 2153 4345 3804 4418">
     <span class='ocr_line' id='line_1_91' title="bbox 2153 4345 3804 4418; baseline -0.001 -14"><span class='ocrx_word' id='word_1_560' title='bbox 2153 4348 2414 4404; x_wconf 88' lang='lat' dir='ltr'><strong>tionibus</strong></span> <span class='ocrx_word' id='word_1_561' title='bbox 2435 4363 2606 4404; x_wconf 86' lang='lat' dir='ltr'><strong>aures</strong></span> <span class='ocrx_word' id='word_1_562' title='bbox 2629 4345 3072 4402; x_wconf 89' lang='lat' dir='ltr'><strong>accommodare</strong></span> <span class='ocrx_word' id='word_1_563' title='bbox 3088 4361 3196 4401; x_wconf 90' lang='lat' dir='ltr'><strong>nos</strong></span> <span class='ocrx_word' id='word_1_564' title='bbox 3214 4345 3504 4415; x_wconf 89' lang='lat' dir='ltr'><strong>convenit,</strong></span> <span class='ocrx_word' id='word_1_565' title='bbox 3528 4345 3653 4418; x_wconf 90' lang='lat' dir='ltr'><strong>qui,</strong></span> <span class='ocrx_word' id='word_1_566' title='bbox 3670 4345 3804 4403; x_wconf 84' lang='lat' dir='ltr'><strong>licet</strong></span> 
     </span>
    </p>
   </div>
   <div class='ocr_carea' id='block_1_92' title="bbox 2152 4434 3803 4510">
    <p class='ocr_par' dir='ltr' id='par_1_92' title="bbox 2152 4434 3803 4510">
     <span class='ocr_line' id='line_1_92' title="bbox 2152 4434 3803 4510; baseline -0.001 -17"><span class='ocrx_word' id='word_1_567' title='bbox 2152 4437 2400 4510; x_wconf 89' lang='lat' dir='ltr'><strong>indigni,</strong></span> <span class='ocrx_word' id='word_1_568' title='bbox 2417 4435 2666 4508; x_wconf 65' lang='lat' dir='ltr'><strong>justitiae</strong></span> <span class='ocrx_word' id='word_1_569' title='bbox 2692 4435 2966 4492; x_wconf 88' lang='lat' dir='ltr'><strong>custodes</strong></span> <span class='ocrx_word' id='word_1_570' title='bbox 2983 4439 3159 4506; x_wconf 88' lang='lat' dir='ltr'><strong>atque</strong></span> <span class='ocrx_word' id='word_1_571' title='bbox 3180 4450 3475 4508; x_wconf 64' lang='lat' dir='ltr'><strong>precones</strong></span> <span class='ocrx_word' id='word_1_572' title='bbox 3495 4435 3555 4490; x_wconf 92' lang='lat' dir='ltr'><strong>in</strong></span> <span class='ocrx_word' id='word_1_573' title='bbox 3573 4434 3803 4492; x_wconf 81' lang='lat' dir='ltr'><strong>excelsa</strong></span> 
     </span>
    </p>
   </div>
   <div class='ocr_carea' id='block_1_93' title="bbox 389 4522 3802 4605">
    <p class='ocr_par' dir='ltr' id='par_1_93' title="bbox 389 4522 3802 4605">
     <span class='ocr_line' id='line_1_93' title="bbox 389 4522 3802 4605; baseline 0.001 -27"><span class='ocrx_word' id='word_1_574' title='bbox 389 4524 654 4590; x_wconf 89' lang='lat' dir='ltr'><strong>nuimus,</strong></span> <span class='ocrx_word' id='word_1_575' title='bbox 688 4527 746 4578; x_wconf 91' lang='lat' dir='ltr'><strong>et</strong></span> <span class='ocrx_word' id='word_1_576' title='bbox 777 4523 928 4578; x_wconf 89' lang='lat' dir='ltr'><strong>beati</strong></span> <span class='ocrx_word' id='word_1_577' title='bbox 962 4523 1112 4578; x_wconf 80' lang='lat' dir='ltr'><strong>Petri</strong></span> <span class='ocrx_word' id='word_1_578' title='bbox 1146 4522 1542 4578; x_wconf 89' lang='lat' dir='ltr'><strong>Latiniacense</strong></span> <span class='ocrx_word' id='word_1_579' title='bbox 1593 4523 2036 4592; x_wconf 88' lang='lat' dir='ltr'><strong>monasterium,</strong></span> <span class='ocrx_word' id='word_1_580' title='bbox 2070 4539 2116 4605; x_wconf 75' lang='grc' dir='ltr'><strong>ι)</strong></span> <span class='ocrx_word' id='word_1_581' title='bbox 2147 4525 2546 4599; x_wconf 83' lang='lat' dir='ltr'><strong>apostolorum</strong></span> <span class='ocrx_word' id='word_1_582' title='bbox 2569 4523 2902 4598; x_wconf 87' lang='lat' dir='ltr'><strong>principum</strong></span> <span class='ocrx_word' id='word_1_583' title='bbox 2925 4523 3074 4580; x_wconf 90' lang='lat' dir='ltr'><strong>Petri</strong></span> <span class='ocrx_word' id='word_1_584' title='bbox 3091 4529 3150 4601; x_wconf 87' lang='lat' dir='ltr'><strong>et</strong></span> <span class='ocrx_word' id='word_1_585' title='bbox 3171 4523 3336 4580; x_wconf 87' lang='lat' dir='ltr'><strong>Pauli</strong></span> <span class='ocrx_word' id='word_1_586' title='bbox 3359 4522 3601 4596; x_wconf 89' lang='lat' dir='ltr'><strong>specula</strong></span> <span class='ocrx_word' id='word_1_587' title='bbox 3624 4523 3802 4596; x_wconf 88' lang='lat' dir='ltr'><strong>positi</strong></span> 
     </span>
    </p>
   </div>
   <div class='ocr_carea' id='block_1_94' title="bbox 391 4611 2035 4683">
    <p class='ocr_par' dir='ltr' id='par_1_94' title="bbox 391 4611 2035 4683">
     <span class='ocr_line' id='line_1_94' title="bbox 391 4611 2035 4683; baseline 0.001 -17"><span class='ocrx_word' id='word_1_588' title='bbox 391 4611 484 4666; x_wconf 91' lang='lat' dir='ltr'><strong>cui</strong></span> <span class='ocrx_word' id='word_1_589' title='bbox 517 4611 632 4666; x_wconf 90' lang='lat' dir='ltr'><strong>Deo</strong></span> <span class='ocrx_word' id='word_1_590' title='bbox 680 4615 915 4666; x_wconf 87' lang='lat' dir='ltr'><strong>auctore</strong></span> <span class='ocrx_word' id='word_1_591' title='bbox 965 4611 1262 4683; x_wconf 80' lang='lat' dir='ltr'><strong>praesides,</strong></span> <span class='ocrx_word' id='word_1_592' title='bbox 1312 4615 1369 4664; x_wconf 91' lang='lat' dir='ltr'><strong>et</strong></span> <span class='ocrx_word' id='word_1_593' title='bbox 1415 4614 1536 4666; x_wconf 88' lang='lat' dir='ltr'><strong>tam</strong></span> <span class='ocrx_word' id='word_1_594' title='bbox 1578 4611 1627 4666; x_wconf 92' lang='lat' dir='ltr'><strong>ei</strong></span> <span class='ocrx_word' id='word_1_595' title='bbox 1674 4611 2035 4682; x_wconf 83' lang='lat' dir='ltr'><strong>adjacentem</strong></span> 
     </span>
    </p>
   </div>
   <div class='ocr_carea' id='block_1_95' title="bbox 388 4698 2036 4773">
    <p class='ocr_par' dir='ltr' id='par_1_95' title="bbox 388 4698 2036 4773">
     <span class='ocr_line' id='line_1_95' title="bbox 388 4698 2036 4773; baseline 0.004 -20"><span class='ocrx_word' id='word_1_596' title='bbox 388 4699 589 4754; x_wconf 88' lang='lat' dir='ltr'><strong>villam</strong></span> <span class='ocrx_word' id='word_1_597' title='bbox 613 4715 788 4771; x_wconf 88' lang='lat' dir='ltr'><strong>quam</strong></span> <span class='ocrx_word' id='word_1_598' title='bbox 811 4705 1018 4755; x_wconf 69' lang='lat' dir='ltr'><strong>cmtera</strong></span> <span class='ocrx_word' id='word_1_599' title='bbox 1041 4698 1238 4753; x_wconf 81' lang='lat' dir='ltr'><strong>omnia</strong></span> <span class='ocrx_word' id='word_1_600' title='bbox 1265 4699 1336 4754; x_wconf 89' lang='lat' dir='ltr'><strong>ad</strong></span> <span class='ocrx_word' id='word_1_601' title='bbox 1359 4699 1550 4770; x_wconf 91' lang='lat' dir='ltr'><strong>ipsum</strong></span> <span class='ocrx_word' id='word_1_602' title='bbox 1566 4701 2036 4773; x_wconf 78' lang='lat' dir='ltr'><strong>pertinentiasub</strong></span> 
     </span>
    </p>
   </div>
   <div class='ocr_carea' id='block_1_96' title="bbox 389 4785 2035 4861">
    <p class='ocr_par' dir='ltr' id='par_1_96' title="bbox 389 4785 2035 4861">
     <span class='ocr_line' id='line_1_96' title="bbox 389 4785 2035 4861; baseline 0.004 -19"><span class='ocrx_word' id='word_1_603' title='bbox 389 4785 633 4842; x_wconf 87' lang='lat' dir='ltr'><strong>tutelam</strong></span> <span class='ocrx_word' id='word_1_604' title='bbox 665 4787 994 4858; x_wconf 78' lang='lat' dir='ltr'><strong>apostolicae</strong></span> <span class='ocrx_word' id='word_1_605' title='bbox 1021 4785 1180 4842; x_wconf 89' lang='lat' dir='ltr'><strong>sedis</strong></span> <span class='ocrx_word' id='word_1_606' title='bbox 1209 4787 1550 4859; x_wconf 82' lang='lat' dir='ltr'><strong>excipimus.</strong></span> <span class='ocrx_word' id='word_1_607' title='bbox 1582 4789 1688 4844; x_wconf 89' lang='lat' dir='ltr'><strong>Per</strong></span> <span class='ocrx_word' id='word_1_608' title='bbox 1739 4791 2035 4861; x_wconf 73' lang='lat' dir='ltr'><strong>praesentis</strong></span> 
     </span>
    </p>
   </div>
   <div class='ocr_carea' id='block_1_97' title="bbox 389 4874 2035 4947">
    <p class='ocr_par' dir='ltr' id='par_1_97' title="bbox 389 4874 2035 4947">
     <span class='ocr_line' id='line_1_97' title="bbox 389 4874 2035 4947; baseline 0.003 -17"><span class='ocrx_word' id='word_1_609' title='bbox 389 4874 817 4947; x_wconf 89' lang='lat' dir='ltr'><strong>ergoprivilegii</strong></span> <span class='ocrx_word' id='word_1_610' title='bbox 840 4874 1115 4945; x_wconf 87' lang='lat' dir='ltr'><strong>paginam</strong></span> <span class='ocrx_word' id='word_1_611' title='bbox 1132 4875 1448 4946; x_wconf 76' lang='lat' dir='ltr'><strong>apostolica</strong></span> <span class='ocrx_word' id='word_1_612' title='bbox 1466 4877 1807 4932; x_wconf 76' lang='lat' dir='ltr'><strong>auctoritate</strong></span> <span class='ocrx_word' id='word_1_613' title='bbox 1832 4881 2035 4935; x_wconf 80' lang='lat' dir='ltr'><strong>statui-</strong></span> 
     </span>
    </p>
   </div>
   <div class='ocr_carea' id='block_1_98' title="bbox 389 4958 2038 5038">
    <p class='ocr_par' dir='ltr' id='par_1_98' title="bbox 389 4958 2038 5038">
     <span class='ocr_line' id='line_1_98' title="bbox 389 4958 2038 5038; baseline 0.004 -20"><span class='ocrx_word' id='word_1_614' title='bbox 389 4979 525 5018; x_wconf 91' lang='lat' dir='ltr'><strong>mus</strong></span> <span class='ocrx_word' id='word_1_615' title='bbox 545 4967 612 5018; x_wconf 91' lang='lat' dir='ltr'><strong>ut</strong></span> <span class='ocrx_word' id='word_1_616' title='bbox 632 4967 751 5018; x_wconf 91' lang='lat' dir='ltr'><strong>tam</strong></span> <span class='ocrx_word' id='word_1_617' title='bbox 772 4960 1014 5032; x_wconf 72' lang='lat' dir='ltr'><strong>praefata</strong></span> <span class='ocrx_word' id='word_1_618' title='bbox 1036 4958 1458 5018; x_wconf 83' lang='lat' dir='ltr'><strong>Lntiniacensis</strong></span> <span class='ocrx_word' id='word_1_619' title='bbox 1479 4964 1614 5021; x_wconf 87' lang='lat' dir='ltr'><strong>villa</strong></span> <span class='ocrx_word' id='word_1_620' title='bbox 1635 4982 1811 5038; x_wconf 89' lang='lat' dir='ltr'><strong>quam</strong></span> <span class='ocrx_word' id='word_1_621' title='bbox 1833 4975 2038 5025; x_wconf 68' lang='lat' dir='ltr'><strong>caetera</strong></span> 
     </span>
    </p>
   </div>
   <div class='ocr_carea' id='block_1_99' title="bbox 390 5046 2032 5129">
    <p class='ocr_par' dir='ltr' id='par_1_99' title="bbox 390 5046 2032 5129">
     <span class='ocr_line' id='line_1_99' title="bbox 390 5046 2032 5129; baseline 0.005 -24"><span class='ocrx_word' id='word_1_622' title='bbox 390 5050 589 5105; x_wconf 85' lang='lat' dir='ltr'><strong>omnia</strong></span> <span class='ocrx_word' id='word_1_623' title='bbox 617 5067 747 5123; x_wconf 69' lang='lat' dir='ltr'><strong>quae</strong></span> <span class='ocrx_word' id='word_1_624' title='bbox 777 5048 1037 5103; x_wconf 88' lang='lat' dir='ltr'><strong>vestrum</strong></span> <span class='ocrx_word' id='word_1_625' title='bbox 1072 5046 1242 5105; x_wconf 88' lang='lat' dir='ltr'><strong>hodie</strong></span> <span class='ocrx_word' id='word_1_626' title='bbox 1284 5054 1704 5111; x_wconf 89' lang='lat' dir='ltr'><strong>monasterium</strong></span> <span class='ocrx_word' id='word_1_627' title='bbox 1753 5056 2032 5129; x_wconf 90' lang='lat' dir='ltr'><strong>possidet,</strong></span> 
     </span>
    </p>
   </div>
   <div class='ocr_carea' id='block_1_100' title="bbox 387 5136 2036 5212">
    <p class='ocr_par' dir='ltr' id='par_1_100' title="bbox 387 5136 2036 5212">
     <span class='ocr_line' id='line_1_100' title="bbox 387 5136 2036 5212; baseline 0.005 -18"><span class='ocrx_word' id='word_1_628' title='bbox 387 5140 509 5194; x_wconf 91' lang='lat' dir='ltr'><strong>sive</strong></span> <span class='ocrx_word' id='word_1_629' title='bbox 532 5139 590 5194; x_wconf 90' lang='lat' dir='ltr'><strong>in</strong></span> <span class='ocrx_word' id='word_1_630' title='bbox 613 5139 882 5193; x_wconf 83' lang='lat' dir='ltr'><strong>futurum</strong></span> <span class='ocrx_word' id='word_1_631' title='bbox 904 5136 1278 5194; x_wconf 90' lang='lat' dir='ltr'><strong>concessione</strong></span> <span class='ocrx_word' id='word_1_632' title='bbox 1300 5141 1660 5212; x_wconf 74' lang='lat' dir='ltr'><strong>pontificum,</strong></span> <span class='ocrx_word' id='word_1_633' title='bbox 1687 5143 2036 5202; x_wconf 80' lang='lat' dir='ltr'><strong>liberalitate</strong></span> 
     </span>
    </p>
   </div>
   <div class='ocr_carea' id='block_1_101' title="bbox 384 5215 2034 5307">
    <p class='ocr_par' dir='ltr' id='par_1_101' title="bbox 384 5215 2034 5307">
     <span class='ocr_line' id='line_1_101' title="bbox 384 5215 2034 5307; baseline 0.007 -28"><span class='ocrx_word' id='word_1_634' title='bbox 384 5227 713 5298; x_wconf 87' lang='lat' dir='ltr'><strong>principum</strong></span> <span class='ocrx_word' id='word_1_635' title='bbox 730 5220 814 5277; x_wconf 86' lang='lat' dir='ltr'><strong>vel</strong></span> <span class='ocrx_word' id='word_1_636' title='bbox 831 5215 1124 5307; x_wconf 66' lang='lat' dir='ltr'><strong>oblatione</strong></span> <span class='ocrx_word' id='word_1_637' title='bbox 1137 5223 1390 5284; x_wconf 82' lang='lat' dir='ltr'><strong>ﬁdelium</strong></span> <span class='ocrx_word' id='word_1_638' title='bbox 1412 5229 1746 5307; x_wconf 85' lang='lat' dir='ltr'><strong>iusteatque</strong></span> <span class='ocrx_word' id='word_1_639' title='bbox 1758 5234 2034 5292; x_wconf 86' lang='lat' dir='ltr'><strong>canonice</strong></span> 
     </span>
    </p>
   </div>
   <div class='ocr_carea' id='block_1_102' title="bbox 380 5303 2036 5392">
    <p class='ocr_par' dir='ltr' id='par_1_102' title="bbox 380 5303 2036 5392">
     <span class='ocr_line' id='line_1_102' title="bbox 380 5303 2036 5392; baseline 0.007 -22"><span class='ocrx_word' id='word_1_640' title='bbox 380 5316 594 5386; x_wconf 87' lang='lat' dir='ltr'><strong>poterit</strong></span> <span class='ocrx_word' id='word_1_641' title='bbox 608 5305 886 5383; x_wconf 89' lang='lat' dir='ltr'><strong>adipisci,</strong></span> <span class='ocrx_word' id='word_1_642' title='bbox 912 5303 1083 5358; x_wconf 75' lang='lat' dir='ltr'><strong>ﬁrma</strong></span> <span class='ocrx_word' id='word_1_643' title='bbox 1101 5307 1205 5366; x_wconf 75' lang='lat' dir='ltr'><strong>tibi</strong></span> <span class='ocrx_word' id='word_1_644' title='bbox 1229 5315 1460 5392; x_wconf 88' lang='lat' dir='ltr'><strong>tuisque</strong></span> <span class='ocrx_word' id='word_1_645' title='bbox 1480 5303 1942 5391; x_wconf 76' lang='lat' dir='ltr'><strong>successoribus,</strong></span> <span class='ocrx_word' id='word_1_646' title='bbox 1977 5325 2036 5380; x_wconf 82' lang='lat' dir='ltr'><strong>et</strong></span> 
     </span>
    </p>
   </div>
   <div class='ocr_carea' id='block_1_103' title="bbox 377 5393 2032 5484">
    <p class='ocr_par' dir='ltr' id='par_1_103' title="bbox 377 5393 2032 5484">
     <span class='ocr_line' id='line_1_103' title="bbox 377 5393 2032 5484; baseline 0.01 -30"><span class='ocrx_word' id='word_1_647' title='bbox 377 5401 599 5455; x_wconf 89' lang='lat' dir='ltr'><strong>illibata</strong></span> <span class='ocrx_word' id='word_1_648' title='bbox 611 5393 1552 5484; x_wconf 46' lang='lat' dir='ltr'><strong>permaneantUscernimusergo</strong></span> <span class='ocrx_word' id='word_1_649' title='bbox 1565 5417 1631 5467; x_wconf 91' lang='lat' dir='ltr'><strong>ut</strong></span> <span class='ocrx_word' id='word_1_650' title='bbox 1643 5411 2032 5470; x_wconf 88' lang='lat' dir='ltr'><strong>nulliomnino</strong></span> 
     </span>
    </p>
   </div>
   <div class='ocr_carea' id='block_1_104' title="bbox 373 5478 2033 5574">
    <p class='ocr_par' dir='ltr' id='par_1_104' title="bbox 373 5478 2033 5574">
     <span class='ocr_line' id='line_1_104' title="bbox 373 5478 2033 5574; baseline 0.011 -34"><span class='ocrx_word' id='word_1_651' title='bbox 373 5487 678 5543; x_wconf 90' lang='lat' dir='ltr'><strong>hominum</strong></span> <span class='ocrx_word' id='word_1_652' title='bbox 712 5479 898 5540; x_wconf 79' lang='lat' dir='ltr'><strong>liceat</strong></span> <span class='ocrx_word' id='word_1_653' title='bbox 921 5478 1200 5572; x_wconf 45' lang='lat' dir='ltr'><strong>.eumdem</strong></span> <span class='ocrx_word' id='word_1_654' title='bbox 1232 5492 1421 5555; x_wconf 89' lang='lat' dir='ltr'><strong>locum</strong></span> <span class='ocrx_word' id='word_1_655' title='bbox 1454 5478 1672 5556; x_wconf 73' lang='lat' dir='ltr'><strong>temere</strong></span> <span class='ocrx_word' id='word_1_656' title='bbox 1691 5501 2033 5574; x_wconf 86' lang='lat' dir='ltr'><strong>perturbare</strong></span> 
     </span>
    </p>
   </div>
   <div class='ocr_carea' id='block_1_105' title="bbox 369 5575 2028 5661">
    <p class='ocr_par' dir='ltr' id='par_1_105' title="bbox 369 5575 2028 5661">
     <span class='ocr_line' id='line_1_105' title="bbox 369 5575 2028 5661; baseline 0.013 -31"><span class='ocrx_word' id='word_1_657' title='bbox 369 5577 470 5630; x_wconf 87' lang='lat' dir='ltr'><strong>aut</strong></span> <span class='ocrx_word' id='word_1_658' title='bbox 499 5575 625 5648; x_wconf 80' lang='lat' dir='ltr'><strong>ejus</strong></span> <span class='ocrx_word' id='word_1_659' title='bbox 654 5577 1078 5652; x_wconf 74' lang='grc' dir='ltr'><strong>ροεεϐεειοηθε</strong></span> <span class='ocrx_word' id='word_1_660' title='bbox 1108 5578 1337 5647; x_wconf 72' lang='lat' dir='ltr'><strong>auferre</strong></span> <span class='ocrx_word' id='word_1_661' title='bbox 1364 5585 1454 5648; x_wconf 87' lang='lat' dir='ltr'><strong>vel</strong></span> <span class='ocrx_word' id='word_1_662' title='bbox 1486 5585 1712 5661; x_wconf 77' lang='lat' dir='ltr'><strong>ablatas</strong></span> <span class='ocrx_word' id='word_1_663' title='bbox 1759 5589 2028 5651; x_wconf 84' lang='lat' dir='ltr'><strong>retinere.</strong></span> 
     </span>
    </p>
   </div>
   <div class='ocr_carea' id='block_1_106' title="bbox 2145 4610 3799 4686">
    <p class='ocr_par' dir='ltr' id='par_1_106' title="bbox 2145 4610 3799 4686">
     <span class='ocr_line' id='line_1_106' title="bbox 2145 4610 3799 4686; baseline -0.002 -14"><span class='ocrx_word' id='word_1_664' title='bbox 2145 4616 2392 4672; x_wconf 91' lang='lat' dir='ltr'><strong>Domino</strong></span> <span class='ocrx_word' id='word_1_665' title='bbox 2439 4614 2784 4686; x_wconf 91' lang='lat' dir='ltr'><strong>disponente</strong></span> <span class='ocrx_word' id='word_1_666' title='bbox 2836 4613 3106 4668; x_wconf 90' lang='lat' dir='ltr'><strong>videmur</strong></span> <span class='ocrx_word' id='word_1_667' title='bbox 3152 4612 3420 4668; x_wconf 85' lang='lat' dir='ltr'><strong>existere.</strong></span> <span class='ocrx_word' id='word_1_668' title='bbox 3471 4611 3545 4668; x_wconf 95' lang='lat' dir='ltr'><strong>Ut</strong></span> <span class='ocrx_word' id='word_1_669' title='bbox 3614 4610 3799 4686; x_wconf 89' lang='lat' dir='ltr'><strong>igitur</strong></span> 
     </span>
    </p>
   </div>
   <div class='ocr_carea' id='block_1_107' title="bbox 2145 4699 3794 4779">
    <p class='ocr_par' dir='ltr' id='par_1_107' title="bbox 2145 4699 3794 4779">
     <span class='ocr_line' id='line_1_107' title="bbox 2145 4699 3794 4779; baseline -0.004 -18"><span class='ocrx_word' id='word_1_670' title='bbox 2145 4703 2428 4779; x_wconf 89' lang='lat' dir='ltr'><strong>propositi</strong></span> <span class='ocrx_word' id='word_1_671' title='bbox 2457 4700 2632 4758; x_wconf 90' lang='lat' dir='ltr'><strong>vestri</strong></span> <span class='ocrx_word' id='word_1_672' title='bbox 2657 4701 2923 4758; x_wconf 90' lang='lat' dir='ltr'><strong>ordinem</strong></span> <span class='ocrx_word' id='word_1_673' title='bbox 2953 4701 3280 4758; x_wconf 90' lang='lat' dir='ltr'><strong>secundum</strong></span> <span class='ocrx_word' id='word_1_674' title='bbox 3304 4700 3456 4756; x_wconf 89' lang='lat' dir='ltr'><strong>beati</strong></span> <span class='ocrx_word' id='word_1_675' title='bbox 3476 4699 3794 4772; x_wconf 86' lang='lat' dir='ltr'><strong>Augustini</strong></span> 
     </span>
    </p>
   </div>
   <div class='ocr_carea' id='block_1_108' title="bbox 2148 4787 3796 4867">
    <p class='ocr_par' dir='ltr' id='par_1_108' title="bbox 2148 4787 3796 4867">
     <span class='ocr_line' id='line_1_108' title="bbox 2148 4787 3796 4867; baseline -0.004 -17"><span class='ocrx_word' id='word_1_676' title='bbox 2148 4793 2411 4867; x_wconf 90' lang='lat' dir='ltr'><strong>regulam</strong></span> <span class='ocrx_word' id='word_1_677' title='bbox 2459 4790 2759 4846; x_wconf 90' lang='lat' dir='ltr'><strong>commissi</strong></span> <span class='ocrx_word' id='word_1_678' title='bbox 2803 4790 2911 4847; x_wconf 89' lang='lat' dir='ltr'><strong>tibi</strong></span> <span class='ocrx_word' id='word_1_679' title='bbox 2949 4791 3156 4846; x_wconf 86' lang='lat' dir='ltr'><strong>lratres</strong></span> <span class='ocrx_word' id='word_1_680' title='bbox 3207 4787 3524 4860; x_wconf 85' lang='lat' dir='ltr'><strong>tranquille</strong></span> <span class='ocrx_word' id='word_1_681' title='bbox 3566 4788 3796 4845; x_wconf 87' lang='lat' dir='ltr'><strong>valeant</strong></span> 
     </span>
    </p>
   </div>
   <div class='ocr_carea' id='block_1_109' title="bbox 2146 4877 3793 4952">
    <p class='ocr_par' dir='ltr' id='par_1_109' title="bbox 2146 4877 3793 4952">
     <span class='ocr_line' id='line_1_109' title="bbox 2146 4877 3793 4952; baseline -0.003 -14"><span class='ocrx_word' id='word_1_682' title='bbox 2146 4884 2368 4952; x_wconf 81' lang='lat' dir='ltr'><strong>absque</strong></span> <span class='ocrx_word' id='word_1_683' title='bbox 2400 4879 2767 4934; x_wconf 72' lang='lat' dir='ltr'><strong>saecularium</strong></span> <span class='ocrx_word' id='word_1_684' title='bbox 2813 4878 3179 4934; x_wconf 90' lang='lat' dir='ltr'><strong>tumultuum</strong></span> <span class='ocrx_word' id='word_1_685' title='bbox 3249 4877 3793 4951; x_wconf 88' lang='lat' dir='ltr'><strong>perturbationibus</strong></span> 
     </span>
    </p>
   </div>
   <div class='ocr_carea' id='block_1_110' title="bbox 2145 4964 3793 5040">
    <p class='ocr_par' dir='ltr' id='par_1_110' title="bbox 2145 4964 3793 5040">
     <span class='ocr_line' id='line_1_110' title="bbox 2145 4964 3793 5040; baseline -0.003 -13"><span class='ocrx_word' id='word_1_686' title='bbox 2145 4975 2440 5027; x_wconf 90' lang='lat' dir='ltr'><strong>annuente</strong></span> <span class='ocrx_word' id='word_1_687' title='bbox 2470 4969 2716 5024; x_wconf 89' lang='lat' dir='ltr'><strong>Domino</strong></span> <span class='ocrx_word' id='word_1_688' title='bbox 2746 4967 3060 5033; x_wconf 90' lang='lat' dir='ltr'><strong>custodire,</strong></span> <span class='ocrx_word' id='word_1_689' title='bbox 3079 4965 3461 5040; x_wconf 86' lang='lat' dir='ltr'><strong>postulationi</strong></span> <span class='ocrx_word' id='word_1_690' title='bbox 3477 4969 3591 5022; x_wconf 66' lang='lat' dir='ltr'><strong>tuae</strong></span> <span class='ocrx_word' id='word_1_691' title='bbox 3608 4964 3793 5022; x_wconf 88' lang='lat' dir='ltr'><strong>liben-</strong></span> 
     </span>
    </p>
   </div>
   <div class='ocr_carea' id='block_1_111' title="bbox 2141 5054 3794 5129">
    <p class='ocr_par' dir='ltr' id='par_1_111' title="bbox 2141 5054 3794 5129">
     <span class='ocr_line' id='line_1_111' title="bbox 2141 5054 3794 5129; baseline -0.002 -14"><span class='ocrx_word' id='word_1_692' title='bbox 2141 5063 2232 5115; x_wconf 88' lang='lat' dir='ltr'><strong>ter</strong></span> <span class='ocrx_word' id='word_1_693' title='bbox 2258 5058 2599 5124; x_wconf 88' lang='lat' dir='ltr'><strong>annuimus,</strong></span> <span class='ocrx_word' id='word_1_694' title='bbox 2621 5061 2679 5112; x_wconf 91' lang='lat' dir='ltr'><strong>et</strong></span> <span class='ocrx_word' id='word_1_695' title='bbox 2702 5055 3077 5129; x_wconf 63' lang='lat' dir='ltr'><strong>praesentium</strong></span> <span class='ocrx_word' id='word_1_696' title='bbox 3101 5055 3428 5112; x_wconf 88' lang='lat' dir='ltr'><strong>litterarum</strong></span> <span class='ocrx_word' id='word_1_697' title='bbox 3448 5054 3794 5111; x_wconf 85' lang='lat' dir='ltr'><strong>auctoritate</strong></span> 
     </span>
    </p>
   </div>
   <div class='ocr_carea' id='block_1_112' title="bbox 2143 5142 3791 5217">
    <p class='ocr_par' dir='ltr' id='par_1_112' title="bbox 2143 5142 3791 5217">
     <span class='ocr_line' id='line_1_112' title="bbox 2143 5142 3791 5217; baseline -0.004 -12"><span class='ocrx_word' id='word_1_698' title='bbox 2143 5148 2541 5210; x_wconf 86' lang='lat' dir='ltr'><strong>concedimus,</strong></span> <span class='ocrx_word' id='word_1_699' title='bbox 2577 5148 2640 5200; x_wconf 90' lang='lat' dir='ltr'><strong>ut</strong></span> <span class='ocrx_word' id='word_1_700' title='bbox 2668 5145 2728 5200; x_wconf 89' lang='lat' dir='ltr'><strong>in</strong></span> <span class='ocrx_word' id='word_1_701' title='bbox 2755 5143 3127 5217; x_wconf 88' lang='lat' dir='ltr'><strong>parochianis</strong></span> <span class='ocrx_word' id='word_1_702' title='bbox 3152 5143 3414 5201; x_wconf 87' lang='lat' dir='ltr'><strong>ecclesiis</strong></span> <span class='ocrx_word' id='word_1_703' title='bbox 3445 5159 3572 5217; x_wconf 63' lang='lat' dir='ltr'><strong>quae</strong></span> <span class='ocrx_word' id='word_1_704' title='bbox 3603 5142 3678 5198; x_wconf 89' lang='lat' dir='ltr'><strong>ad</strong></span> <span class='ocrx_word' id='word_1_705' title='bbox 3701 5157 3791 5199; x_wconf 86' lang='lat' dir='ltr'><strong>ve-</strong></span> 
     </span>
    </p>
   </div>
   <div class='ocr_carea' id='block_1_113' title="bbox 2143 5230 3793 5307">
    <p class='ocr_par' dir='ltr' id='par_1_113' title="bbox 2143 5230 3793 5307">
     <span class='ocr_line' id='line_1_113' title="bbox 2143 5230 3793 5307; baseline -0.002 -15"><span class='ocrx_word' id='word_1_706' title='bbox 2143 5242 2332 5292; x_wconf 88' lang='lat' dir='ltr'><strong>strum</strong></span> <span class='ocrx_word' id='word_1_707' title='bbox 2356 5233 2781 5291; x_wconf 89' lang='lat' dir='ltr'><strong>monasterium</strong></span> <span class='ocrx_word' id='word_1_708' title='bbox 2803 5232 3114 5305; x_wconf 88' lang='lat' dir='ltr'><strong>pertinent,</strong></span> <span class='ocrx_word' id='word_1_709' title='bbox 3131 5231 3429 5307; x_wconf 90' lang='lat' dir='ltr'><strong>regulares</strong></span> <span class='ocrx_word' id='word_1_710' title='bbox 3439 5231 3605 5288; x_wconf 90' lang='lat' dir='ltr'><strong>vobis</strong></span> <span class='ocrx_word' id='word_1_711' title='bbox 3621 5230 3793 5288; x_wconf 85' lang='lat' dir='ltr'><strong>liceat</strong></span> 
     </span>
    </p>
   </div>
   <div class='ocr_carea' id='block_1_114' title="bbox 2141 5319 3869 5395">
    <p class='ocr_par' dir='ltr' id='par_1_114' title="bbox 2141 5319 3869 5395">
     <span class='ocr_line' id='line_1_114' title="bbox 2141 5319 3869 5395; baseline -0.003 -13"><span class='ocrx_word' id='word_1_712' title='bbox 2141 5324 2385 5382; x_wconf 88' lang='lat' dir='ltr'><strong>claustri</strong></span> <span class='ocrx_word' id='word_1_713' title='bbox 2416 5320 2593 5377; x_wconf 78' lang='lat' dir='ltr'><strong>vestri</strong></span> <span class='ocrx_word' id='word_1_714' title='bbox 2625 5319 2864 5377; x_wconf 89' lang='lat' dir='ltr'><strong>clericos</strong></span> <span class='ocrx_word' id='word_1_715' title='bbox 2893 5321 3205 5378; x_wconf 88' lang='lat' dir='ltr'><strong>canonicos</strong></span> <span class='ocrx_word' id='word_1_716' title='bbox 3251 5322 3546 5388; x_wconf 89' lang='lat' dir='ltr'><strong>ordinare,</strong></span> <span class='ocrx_word' id='word_1_717' title='bbox 3585 5320 3689 5392; x_wconf 89' lang='lat' dir='ltr'><strong>qui</strong></span> <span class='ocrx_word' id='word_1_718' title='bbox 3733 5324 3793 5377; x_wconf 90' lang='lat' dir='ltr'><strong>et</strong></span> <span class='ocrx_word' id='word_1_719' title='bbox 3868 5391 3869 5395; x_wconf 18' lang='grc' dir='ltr'><strong>η</strong></span> 
     </span>
    </p>
   </div>
   <div class='ocr_carea' id='block_1_115' title="bbox 2140 5407 3790 5482">
    <p class='ocr_par' dir='ltr' id='par_1_115' title="bbox 2140 5407 3790 5482">
     <span class='ocr_line' id='line_1_115' title="bbox 2140 5407 3790 5482; baseline -0.002 -12"><span class='ocrx_word' id='word_1_720' title='bbox 2140 5411 2410 5470; x_wconf 89' lang='lat' dir='ltr'><strong>ecclesiis</strong></span> <span class='ocrx_word' id='word_1_721' title='bbox 2437 5408 2584 5479; x_wconf 91' lang='lat' dir='ltr'><strong>ipsis</strong></span> <span class='ocrx_word' id='word_1_722' title='bbox 2613 5407 2878 5480; x_wconf 89' lang='lat' dir='ltr'><strong>religiose</strong></span> <span class='ocrx_word' id='word_1_723' title='bbox 2907 5409 3182 5479; x_wconf 86' lang='lat' dir='ltr'><strong>serviant,</strong></span> <span class='ocrx_word' id='word_1_724' title='bbox 3210 5415 3270 5467; x_wconf 89' lang='lat' dir='ltr'><strong>et</strong></span> <span class='ocrx_word' id='word_1_725' title='bbox 3315 5409 3638 5482; x_wconf 85' lang='lat' dir='ltr'><strong>adjacentis</strong></span> <span class='ocrx_word' id='word_1_726' title='bbox 3688 5425 3790 5482; x_wconf 89' lang='lat' dir='ltr'><strong>po-</strong></span> 
     </span>
    </p>
   </div>
   <div class='ocr_carea' id='block_1_116' title="bbox 2139 5493 3791 5576">
    <p class='ocr_par' dir='ltr' id='par_1_116' title="bbox 2139 5493 3791 5576">
     <span class='ocr_line' id='line_1_116' title="bbox 2139 5493 3791 5576; baseline -0.001 -20"><span class='ocrx_word' id='word_1_727' title='bbox 2139 5500 2262 5576; x_wconf 91' lang='lat' dir='ltr'><strong>puli</strong></span> <span class='ocrx_word' id='word_1_728' title='bbox 2293 5493 2639 5572; x_wconf 89' lang='lat' dir='ltr'><strong>parochiam</strong></span> <span class='ocrx_word' id='word_1_729' title='bbox 2668 5497 2990 5553; x_wconf 90' lang='lat' dir='ltr'><strong>secundum</strong></span> <span class='ocrx_word' id='word_1_730' title='bbox 3019 5498 3290 5554; x_wconf 89' lang='lat' dir='ltr'><strong>timorem</strong></span> <span class='ocrx_word' id='word_1_731' title='bbox 3321 5498 3446 5566; x_wconf 90' lang='lat' dir='ltr'><strong>Dei,</strong></span> <span class='ocrx_word' id='word_1_732' title='bbox 3479 5495 3638 5554; x_wconf 85' lang='lat' dir='ltr'><strong>salvo</strong></span> <span class='ocrx_word' id='word_1_733' title='bbox 3661 5498 3791 5573; x_wconf 85' lang='lat' dir='ltr'><strong>epi-</strong></span> 
     </span>
    </p>
   </div>
   <div class='ocr_carea' id='block_1_117' title="bbox 2140 5582 3791 5670">
    <p class='ocr_par' dir='ltr' id='par_1_117' title="bbox 2140 5582 3791 5670">
     <span class='ocr_line' id='line_1_117' title="bbox 2140 5582 3791 5670; baseline 0.001 -21"><span class='ocrx_word' id='word_1_734' title='bbox 2140 5587 2304 5666; x_wconf 88' lang='lat' dir='ltr'><strong>scopi</strong></span> <span class='ocrx_word' id='word_1_735' title='bbox 2327 5585 2467 5664; x_wconf 83' lang='lat' dir='ltr'><strong>jure</strong></span> <span class='ocrx_word' id='word_1_736' title='bbox 2483 5582 2710 5656; x_wconf 86' lang='lat' dir='ltr'><strong>dubito,</strong></span> <span class='ocrx_word' id='word_1_737' title='bbox 2731 5583 2977 5646; x_wconf 84' lang='lat' dir='ltr'><strong>sollicite</strong></span> <span class='ocrx_word' id='word_1_738' title='bbox 2998 5602 3311 5670; x_wconf 86' lang='lat' dir='ltr'><strong>procurare</strong></span> <span class='ocrx_word' id='word_1_739' title='bbox 3327 5603 3444 5646; x_wconf 87' lang='lat' dir='ltr'><strong>non</strong></span> <span class='ocrx_word' id='word_1_740' title='bbox 3462 5584 3791 5666; x_wconf 79' lang='lat' dir='ltr'><strong>negligant,</strong></span> 
     </span>
    </p>
   </div>
  </div>
