3928 6208
445 292 562 354 52⁸7

446 430 544 500 qui
567 430 781 484 dicitur
801 434 1023 500 septem
1045 431 1250 496 fontes,
1275 448 1407 487 cum
1432 433 1706 488 omnibus
1725 448 1925 488 eorum
1961 449 2085 503 per-
2121 433 2164 498 Α

1749 299 1820 362 Β.
1866 296 2157 363 URBANI
2199 297 2252 361 II
2296 295 2546 362 ΡΑΡΑΞ.

3731 296 3855 362 828

2202 429 2466 504 pellanus
2500 431 2782 504 populum
2807 431 2966 487 illius
2992 437 3156 488 terra:
3176 430 3750 505 regebat,baptisma
3765 411 3862 490 cc-i

445 518 728 585 tiucntiis,
763 517 938 574 cultis
958 525 1016 575 et
1040 519 1276 576 incultis
1299 527 1356 576 et
1385 538 1518 576 cum
1549 521 1794 577 decimis
1822 520 2089 576 omnium
2199 519 2484 588 lebrabat,
2507 527 2565 576 et
2583 520 2869 592 quidquid
2895 521 2967 576 ad
2989 521 3322 579 animarum
3339 536 3546 580 curam
3575 520 3869 595 pertinet,

444 609 742 664 redituum
773 606 1080 680 regalium,
1113 613 1388 665 eteorum
1415 611 1515 682 qui
1547 609 1994 682 quibuscumque
2023 625 2094 663 ex

449 698 644 754 causis
675 697 912 769 regibus
961 714 1221 769 unquam
1273 698 1674 770 persolventur
1705 698 1761 752 in
1809 698 2002 760 Jacca,
2037 701 2094 750 et

449 788 906 860 circumquaque
937 803 1040 858 per
1071 791 1252 842 totam
1284 785 1655 858 Aragoniam,
1689 784 1915 841 illibata
1929 785 2090 841 dein-

449 894 586 950 ceps
615 875 845 932 servitio
874 873 1284 930 canonicorum
1343 891 1446 946 per
1474 873 1704 930 inﬁnita
1749 873 1961 930 saecula
1988 873 2092 928 ha-

449 967 714 1022 beantur.
749 963 806 1020 Si
865 979 981 1034 qua
1037 978 1178 1018 sane
1233 961 1290 1016 in
1325 967 1622 1034 posterum
1677 961 2092 1026 ecclesiastica,

451 1051 814 1110 saecularisve
835 1067 1103 1124 persona,
1121 1050 1302 1122 hujus
1320 1055 1530 1106 nostra:
1556 1049 1899 1108 assertionis
1929 1055 2094 1106 teno-

449 1158 573 1197 rem
605 1140 816 1207 sciens,
849 1143 1051 1194 contra
1071 1156 1206 1195 eum
1233 1142 1450 1196 temere
1464 1139 1658 1195 venire
1678 1138 2097 1206 tentaverit,sc-

449 1231 640 1286 cundo
663 1229 901 1285 tertiove
922 1228 1342 1295 commonitus,
1367 1229 1416 1284 si
1447 1245 1562 1285 non
1591 1245 1844 1301 congrue
1874 1223 2098 1284 satisfe-

448 1318 611 1385 cerit,
643 1317 950 1390 potestatis
971 1316 1328 1389 honorisque
1370 1317 1460 1372 sui
1507 1317 1788 1390 dignitate
1835 1319 2094 1372 careat...

447 1407 888 1479 Divinojudicio
911 1406 982 1462 de
1003 1410 1334 1479 perpetrata
1352 1405 1659 1478 iniquitate
1679 1408 2010 1478 cognoscat,
2041 1409 2100 1461 et

448 1515 482 1554 a
508 1497 906 1554 sacratissimo
937 1512 1178 1568 corpore
1207 1512 1275 1550 ac
1335 1496 1620 1568 sanguine
1649 1494 1878 1550 Domini
1912 1492 2097 1549 nostri

448 1592 585 1643 Jcsu
609 1585 822 1642 Christi
875 1585 1066 1640 aliena
1086 1585 1206 1649 ﬁat.
1241 1584 1480 1640 Cunctis
1510 1588 1704 1640 autem
1737 1583 1967 1655 praeﬁxa
1998 1587 2098 1638 Ec-

451 1675 638 1732 clesiae
668 1675 875 1730 Oscen.
910 1676 966 1727 et
1019 1672 1252 1729 Jaccen.
1305 1673 1443 1743 jura
1473 1671 1843 1728 servantibus
1875 1670 1956 1727 sit
1989 1687 2102 1743 pax

452 1765 686 1822 Domini
715 1761 897 1819 nostri
929 1761 1068 1818 Jcsu
1099 1761 1334 1828 Christi,
1357 1767 1416 1816 et
1433 1761 1550 1817 vita
1578 1765 1812 1818 aeterna.

1145 1858 1420 1915 CCLXVI.

1061 1992 1074 2016 ,
1095 1950 1408 2020 episcopum
1429 1949 1840 2020 Legionensem.
1881 1963 1951 2002 ea:
1979 1963 2100 2020 ma-

1067 1965 1126 2015 ,e
1161 1965 1408 2020 iscopum
1429 1965 1840 2018 Legionensem.
1881 1965 1951 2002 ea:
1979 1965 2100 2000 ma-

1067 1965 1295 2087 etlitum,
1352 2019 1421 2075 ab
1449 2019 1612 2091 hujus
1645 2020 1852 2091 peccati
1882 2017 2100 2073 vinculo

2129 1801 2180 1867 B

459 1953 708 2011 Urbanus
735 1950 1054 2006 Petronium

525 2027 604 2078 tre
633 2039 742 2077 non
774 2022 1014 2092 legitima

524 2095 771 2151 absolvit.

934 2163 1115 2235 (Intra
1144 2178 1240 2217 an.
1278 2161 1623 2232 1088-1099.)

701 2254 1029 2325 [ϐωπλκη
1057 2252 1262 2307 Decret.
1297 2268 1336 2316 ι,
1371 2251 1508 2318 dist,
1527 2251 1618 2317 56,
1652 2267 1702 2306 c.
1737 2247 1850 2322 14.]

525 2345 670 2410 Quia
699 2339 1045 2413 simpliciter
1085 2339 1157 2394 ad
1191 2339 1388 2394 sedem
1441 2336 1818 2410 apostolicam
1860 2333 2102 2390 veniens

454 2431 758 2508 humiliter
787 2431 1089 2501 peccatum
1123 2427 1427 2482 confessus
1447 2443 1511 2481 es
1527 2426 1682 2498 quod
1706 2422 1986 2497 pontificii
2014 2422 2099 2477 tui

451 2521 760 2578 videbatur
771 2517 1031 2574 ofﬁcium
1055 2511 1813 2588 impedire,vidolicet,quod
1831 2528 1902 2568 ex
1915 2515 2100 2567 matre

455 2627 570 2666 non
601 2607 867 2680 legitima
915 2608 1254 2678 procreatus
1277 2604 1382 2672 sis,
1415 2619 1595 2676 quam
1623 2603 1845 2658 vivente
1867 2599 2104 2673 propria

455 2713 633 2754 uxore
664 2701 830 2767 pater
857 2699 997 2749 tuus
1025 2693 1368 2766 cognovisse
1425 2690 1826 2766 dignoscitur;
1861 2706 1924 2762 οι·
1961 2689 2097 2755 Nos,

393 2819 396 2823 -
457 2783 784 2858 apostolicae
800 2779 1851 2854 mansuetudinisgratiaadmonente,
1887 2781 2098 2834 actate-

458 2876 539 2930 ris
571 2891 698 2946 quae
727 2870 1466 2943 sacerdotinmimpediunt
1485 2868 1833 2926 criminibus
1860 2871 1980 2922 tam
2012 2867 2096 2922 tui

456 2962 814 3037 professione
845 2977 1024 3032 quam
1053 2960 1299 3015 fratrum
1348 2957 1704 3028 testimonio,
1755 2957 1855 3029 qui
1903 2959 2095 3011 tecum

455 3052 944 3123 sunt,immunem
955 3053 1012 3106 te
1025 3053 1408 3122 agnoscentes
1429 3052 1486 3104 et
1501 3048 1678 3104 vitam
1691 3051 1850 3102 tuam
1865 3044 2096 3117 religio-

453 3157 579 3198 sam
611 3139 935 3204 audientes,
967 3139 1039 3194 ab
1070 3138 1248 3210 hujus
1280 3135 1580 3235 tenpcccnati
1611 3135 1840 3235 vinculo
1871 3133 2100 3191 absolu.
2129 3168 2172 3235 ρ

453 3237 580 3288 tum
612 3231 673 3288 in
703 3231 976 3300 suscepto
1025 3226 1368 3284 sacerdotali
1420 3225 1612 3282 ofﬁcio
1657 3223 2095 3279 conﬁrmamus.

1119 3323 1442 3382 CCLXVIII.

462 3420 708 3478 Urbanus
739 3419 791 3472 II
811 3431 958 3490 papa
1003 3414 1296 3490 committit
1314 3411 1914 3490 Mathildironiitisste
1942 3411 2100 3490 resti:

521 3493 785 3548 tutiom’m
811 3481 1077 3544 ’ecclesite
1133 3484 1624 3548 Sancti-Floriani,
1681 3481 1992 3553 faciendam
2033 3481 2101 3536 ab

520 3564 765 3636 episcopo
791 3633 798 3636 _
829 3561 1120 3636 Mantuano
1175 3554 1245 3610 ad
1271 3557 1515 3626 favorem
1543 3551 1860 3610 monasterii
1915 3551 2102 3608 Sancti

522 3627 798 3690 Benedicti
828 3627 892 3686 de
924 3628 1280 3698 Padolyrone.

873 3716 1054 3786 (Intra
1075 3731 1293 3770 annum
1325 3713 1673 3781 l088-1099.)

705 3808 1085 3880 [MARGARINI,
1108 3801 1321 3858 Bullar.
1357 3805 1563 3870 (Sosin,
1600 3801 1669 3868 II,
1702 3797 1852 3870 118.]

529 3897 810 3954 URBANUS
841 3893 1384 3964 episcopus,servus
1405 3907 1703 3948 servorum
1735 3887 1856 3957 Dei,
1875 3885 2099 3960 inclytae

452 3989 761 4050 MATHILDI,
793 3982 976 4036 unicae
1021 3981 1172 4037 beati
1215 3977 1365 4038 Petri
1412 3979 1566 4049 ﬁlize,
1590 3977 1839 4035 salutem
1871 3982 1927 4032 et
1955 3992 2098 4048 apo-

451 4075 718 4132 stolicam
743 4070 1226 4126 benedictionem.

519 4165 886 4234 Conquestus
918 4163 1006 4215 est
1037 4157 1192 4216 ﬁlius
1214 4164 1413 4216 noster
1433 4154 1676 4213 cmnobii
1699 4153 1894 4210 Sancti
1923 4155 2098 4210 Bene-

447 4251 586 4308 dicti
609 4251 790 4306 abbas
821 4266 998 4322 super
1022 4249 1275 4320 quadam
1315 4244 1560 4302 ecclesia
1574 4243 1767 4298 Sancti
1787 4241 2034 4298 Floriani
2065 4259 2101 4298 a

445 4343 630 4398 beatis
679 4339 971 4395 memoriae
1018 4343 1181 4412 patre
1211 4331 1312 4392 tuo
1365 4339 1428 4390 Β.
1485 4333 1543 4387 in
1577 4331 1794 4403 pnedio
1834 4331 2096 4402 ejusdem

448 4428 789 4484 monasterii
840 4427 1102 4492 fundata,
1137 4429 1195 4480 et
1241 4441 1276 4478 a
1306 4422 1582 4492 religione
1612 4426 1714 4476 tua
1763 4421 1888 4491 jam
1943 4419 2096 4478 dicto

443 4517 704 4574 coenobio
733 4524 934 4590 postea
985 4513 1233 4570 reddita.
1267 4513 1453 4576 Quam
1505 4526 1638 4564 cum
1672 4509 2094 4566 monasterium
2125 4533 2172 4598 Ι)

441 4607 586 4663 illud
612 4607 808 4678 quiete
826 4603 1112 4660 tenuisset
1141 4605 1198 4656 et
1229 4615 1262 4654 a
1293 4596 1609 4670 capellanis
1639 4597 1761 4653 suis
1789 4614 1918 4653 eam
1950 4597 2090 4672 regi,

440 4700 643 4768 utpote
694 4695 850 4767 quod
895 4706 1074 4748 suum
1123 4691 1269 4756 erat,
1303 4687 1430 4742 sine
1461 4686 1730 4742 molestia
1758 4690 1815 4743 et
1843 4685 2093 4759 alicujus

441 4783 836 4840 controversia
885 4775 1289 4834 administrari
1321 4775 1556 4830 fecisset
1585 4775 1736 4830 facta
1765 4782 2088 4832 commuta-

440 4872 624 4929 tionei
634 4876 762 4928 nter
784 4869 1174 4924 Mantuanum
1195 4863 1617 4935 episcopum,et
1647 4865 2090 4931 monasterium,

439 4963 510 5018 de
543 4955 917 5017 monasteriis
939 4953 1330 5024 episcopatus,
1363 4957 1418 5008 et
1447 4953 1518 5008 de
1537 4952 1798 5010 ecclesiis
1819 4955 2088 5022 abbatiae,

443 5051 597 5106 sicut
655 5049 801 5102 bene
861 5042 1021 5098 novit
1071 5040 1383 5114 prudentia
1439 5047 1560 5109 tua,
1593 5061 1728 5100 cum
1782 5052 1982 5117 postea
2030 5045 2086 5100 id

438 5139 803 5196 destructum
819 5133 874 5186 fu
885 5131 1314 5203 isset,utrisque
1327 5131 1771 5206 partibus,quod
1787 5133 2090 5206 proprium

439 5232 584 5292 erat,
619 5219 1054 5291 recipientibus,
1087 5219 1236 5296 hanc
1266 5219 1449 5278 solam
1495 5222 1822 5287 ecclesiam,
1870 5209 1942 5278 de
1973 5239 2092 5294 qua

437 5316 504 5368 ﬁt
529 5307 916 5384 querimonia,
939 5308 1243 5382 episcopus
1267 5309 1378 5367 sibi
1403 5311 1664 5378 retinuit,
1697 5327 1944 5383 eamque
1958 5328 2088 5368 mo-

439 5401 695 5456 nasterio
717 5395 956 5450 reddere
976 5396 1174 5454 noluit.
1201 5400 1442 5466 Quando
1461 5399 1639 5454 etiam
1665 5399 2088 5456 monasterium

436 5489 583 5546 illud
611 5481 880 5546 Ecclesiae
905 5485 1097 5544 Sancti
1120 5489 1293 5558 Petri,
1320 5482 1859 5562 cui,licet1ndigni,
1887 5489 2087 5561 praesi—

438 5578 670 5652 demus,
705 5575 1076 5636 concessione
1124 5583 1228 5638 tua
1256 5573 1540 5636 traditum
1572 5583 1698 5650 est;
1733 5577 1963 5637 abbatis
1993 5595 2089 5640 ca-

2202 607 2588 680 permissione
2610 609 3060 665 Mantuanorum
3075 608 3853 690 episcoporumilairegebat.

2202 695 2486 753 Volumus
2518 697 2715 769 itaque
2739 703 2798 754 et
2817 695 3192 769 praecipimus
3215 700 3280 752 ut
3299 697 3726 755 monasterium
3749 715 3857 755 no-

2203 791 2416 852 strum,
2449 787 2607 859 quod
2663 803 2838 842 suum
2868 773 3012 855 erat,
3071 801 3309 859 quoque
3331 786 3466 858 jure
3497 787 3758 856 tenebat,
3791 805 3862 846 ex

2203 873 2430 947 integro
2461 873 2719 946 recipiat,
2765 873 3107 948 nullamque
3136 875 3430 932 bonorum
3479 892 3727 934 suorum
3758 877 3855 933 di-

2203 961 2590 1018 minutionem
2615 961 2911 1019 ullomodo
2933 964 3004 1019 de
3025 963 3120 1019 his
3150 980 3280 1036 quis
3307 963 3546 1026 tenebat
3574 963 3855 1037 patiatur.

2204 1051 2441 1124 Oportet
2459 1052 2638 1124 igitur
2649 1057 2714 1108 ut
2733 1053 2794 1108 in
2815 1052 3123 1126 prasentia
3144 1051 3450 1126 Begiensis
3479 1053 3767 1126 episcopi,
3799 1059 3860 1111 et

2203 1139 2452 1196 aliorum
2485 1141 2860 1213 prudentium
2890 1142 3168 1210 virorum,
3206 1141 3591 1199 Mantuanum
3618 1142 3856 1214 episco-

2207 1245 2348 1300 pum
2379 1229 2728 1285 conveniens
2759 1229 2930 1302 eique
2961 1229 3266 1303 praacipias
3298 1233 3364 1286 ut
3392 1247 3462 1286 ea
3487 1221 3624 1302 quin.
3647 1220 3856 1287 mona-

2207 1317 2366 1373 sterii
2398 1318 2636 1374 fuerunt
2663 1319 2774 1374 sibi
2825 1319 3096 1374 restituat
3125 1324 3182 1374 et
3212 1317 3328 1374 alia
3358 1317 3416 1374 in
3469 1333 3612 1391 pace
3658 1317 3860 1390 ipsum

2210 1405 2507 1478 possidere
2537 1408 2856 1479 permittat.

2863 1513 3194 1570 CCLXVIII.

2213 1602 2419 1658 Urbani
2465 1603 2512 1657 II
2549 1602 2775 1670 epistola
2823 1601 2894 1658 ad
2923 1603 3130 1658 clerum
3175 1603 3548 1674 populumque
3612 1602 3860 1660 Salerni-

2419 1683 2631 1728 tanum.
2659 1705 2724 1714 —
2754 1675 2862 1730 Pro
2893 1676 3246 1730 immunitate
3263 1674 3646 1732 ecclesiastica.

2689 1763 2870 1833 (Intra
2900 1779 2993 1819 an.
3029 1763 3384 1833 1088-1099.)

2664 1849 2898 1923 [Massa
2931 1850 3136 1907 Concil.
3159 1849 3226 1918 Χ,
3251 1849 3404 1921 660.]

2281 1953 2554 2010 [Insanus
2575 1956 2903 2026 episcopus,
2923 1971 3126 2011 servus
3148 1971 3450 2011 servorum
3472 1954 3597 2026 Dei,
3629 1954 3862 2013 dilectis

2211 2042 2346 2098 ﬁliis
2377 2043 2528 2098 clero
2558 2050 2616 2098 et
2643 2043 2855 2116 populo
2878 2043 3245 2100 Salernitano
3275 2044 3528 2100 salutem
3558 2049 3863 2117 etapoeto-

2209 2129 2382 2187 licam
2415 2132 2896 2188 benedictionem.

2281 2221 2606 2276 Lanzonem
2632 2221 3160 2294 presbyterum,qui
3186 2222 3494 2278 ecclesiam
3508 2221 3734 2278 Sancta
3747 2222 3869 2280 Ma-

2210 2311 2307 2366 riae
2339 2327 2441 2382 per
2473 2327 2710 2365 manum
2743 2309 2950 2365 laicam
2983 2310 3464 2384 invasit,expulso
3493 2326 3560 2367 eo
3585 2311 3690 2384 qui
3712 2309 3860 2384 legi-

2207 2399 2350 2455 time
2383 2398 2738 2470 possidebat,
2763 2397 3040 2454 noveritis
3055 2400 3345 2456 sententia
3366 2403 3568 2456 nostra
3587 2399 3786 2456 ofﬁcio
3808 2403 3867 2456 et

2210 2487 2492 2544 beneﬁcio
2510 2486 2908 2542 interdictum.
2943 2487 3159 2543 Omnes
3173 2487 3863 2561 praetereaquiecclesias

2208 2575 2299 2632 vel
2321 2574 2715 2632 ecclesiastica
2737 2575 3021 2632 beneﬁcia
3040 2579 3142 2632 aut
3159 2576 3698 2650 cappellaniassino
3716 2578 3871 2650 epis-

2209 2665 2336 2737 copi
2361 2681 2648 2721 conscnsu
2670 2681 2772 2736 per
2793 2681 3032 2720 manum
3048 2663 3258 2721 laicam
3278 2665 3862 2735 obtinuerint,doneo

2206 2753 2568 2810 satisfaciant
2625 2769 2732 2808 suo
2789 2753 3082 2826 episcopo,
3137 2754 3460 2810 secundum
3509 2760 3858 2812 sanctorum

2208 2857 2498 2898 canonum
2531 2841 2866 2910 constituta,
2901 2841 2973 2898 ab
3003 2841 3194 2898 cilicio
3225 2847 3282 2898 et
3310 2843 3592 2900 beneflcio
3621 2844 3869 2900 interdi-

2208 2931 2416 2987 cimus.

2898 3020 3166 3077 CCLXIX.

2215 3111 2422 3168 Urbani
2458 3105 2508 3165 II
2557 3109 2786 3177 epistola
2842 3109 2913 3165 ad
2964 3109 3252 3177 Godinum,
3311 3110 3616 3168 antistitem
3676 3111 3868 3173 Uritu-

2281 3197 2417 3254 num
2470 3211 2536 3222 ——
2566 3179 2784 3254 Nuntiat
2827 3185 2886 3236 ut
2933 3179 3113 3254 sedem
3143 3182 3519 3254 episcopalem,
3553 3183 3612 3236 in
3667 3183 3868 3254 urbem

2284 3253 2468 3309 Uriam
2505 3251 2775 3323 quondam
2797 3253 3145 3319 translatam,
3169 3251 3471 3309 Brundisio
3501 3253 3633 3310 urbi
3645 3253 3865 3310 reddat.

2676 3343 2859 3412 (Intra
2907 3357 3003 3396 an.
3040 3341 3396 3412 1088-4099.)

2567 3429 2860 3502 [UGHELLI,
2885 3430 3046 3486 Italia
3061 3441 3238 3497 sacra,
3263 3428 3354 3498 IX,
3386 3427 3504 3500 30.]

2279 3536 2557 3592 Unsmus
2588 3535 2637 3592 II
2667 3534 3206 3608 episcopus,servus
3237 3553 3537 3594 servorum
3567 3536 3696 3606 Dei,
3725 3537 3872 3594 dile-

2208 3630 2300 3680 cto
2330 3625 2388 3680 in
2422 3624 2659 3680 Christo
2689 3623 2853 3680 fratri
2883 3623 3126 3685 Gonmo.
3159 3623 3405 3680 Oritano-
3418 3623 3692 3692 antistiti,
3710 3625 3872 3684 salu-

2207 3718 2324 3769 tem
2358 3717 2416 3770 et
2439 3712 2821 3786 apostolicam
2850 3712 3338 3770 benedictionem.

2278 3801 2424 3866 Quia
2446 3801 2618 3857 nobis
2649 3802 2901 3858 virorum
2920 3801 3212 3858 veracium
3233 3801 3578 3870 assertione,
3601 3803 3704 3875 qui
3737 3821 3872 3862 rem

2207 3887 2520 3962 diligenter
2538 3889 2983 3964 investigarunt,
3013 3896 3381 3962 compertum
3397 3895 3488 3946 est
3517 3891 3871 3950 cathedram

2206 3982 2391 4045 tuam,
2415 3995 2541 4052 quae
2571 3997 2728 4036 nunc
2749 3967 2903 4052 apud
2928 3979 3233 4036 Oritanum
3258 3979 3648 4054 municipium
3678 3980 3874 4040 habe-

2206 4071 2322 4134 tur,
2354 4067 2508 4140 apud
2540 4067 2854 4124 Brundusii
2880 4067 3178 4126 civitatem
3196 4069 3525 4142 antiquitus
3539 4070 3873 4142 exstitisse,

2206 4161 2408 4228 postea
2436 4155 2665 4214 civitate
2694 4156 2956 4214 desolata
2985 4157 3044 4212 in
3066 4148 3447 4214 Orientanum
3467 4158 3876 4232 municipium

2205 4261 2334 4301 esse
2359 4244 3232 4317 translatam,nunc,miserante
3245 4243 3516 4318 Domino,
3537 4235 3872 4306 Brundusii

2205 4339 2296 4390 est
2324 4333 2526 4392 civitas
2559 4335 2850 4400 restituta,
2909 4334 3184 4391 volumus
3211 4339 3270 4391 et
3299 4336 3602 4406 praesentis
3631 4328 3875 4411 paginas

2205 4425 2547 4481 auctoritate
2576 4423 2878 4480 sancimus
2908 4427 2972 4478 ut
3001 4424 3268 4480 eamdem
3291 4423 3647 4496 episcopalis
3667 4427 3880 4484 cathe-

2203 4511 2310 4566 dra
2352 4511 2750 4568 Brundusium
2783 4512 3090 4580 referatur,
3123 4527 3189 4567 eo
3237 4501 3436 4569 tenere
3467 4517 3532 4568 ut
3558 4513 3878 4573 Goﬂ'ridus

2202 4601 2474 4673 egregius
2505 4617 2703 4658 comes
2758 4604 2956 4658 noster
3006 4599 3066 4656 in
3097 4599 3330 4656 Christo
3370 4600 3528 4658 ﬁlius
3557 4601 3914 4676 pollicitust

2200 4693 2310 4756 est,
2338 4694 2446 4746 etc.

2901 4779 3148 4836 CCLXX.

2204 4867 2420 4942 Urbani,
2455 4867 2820 4942 epistola__ad
2863 4868 3091 4924 Vitalem
3131 4869 3514 4942 presbyterum
3568 4868 3877 4942 [Brixien—

2268 4941 2424 5006 sem]
2467 4938 2535 4979 '—
2566 4943 2635 4996 In
2664 4938 2933 5008 dignitate
2979 4938 3252 4996 servanda
3267 4938 3601 4996 Simoniacis
3629 4943 3876 5000 miseri-

2269 5011 2456 5066 cordia
2485 5017 2656 5082 potest
2687 5010 2950 5083 impendi,
2981 5015 3031 5066 si
3058 5027 3146 5067 eos
3177 5013 3288 5068 vita
3311 5011 3676 5068 commendat.

2681 5117 2862 5189 (Intra
2893 5134 2988 5173 an.
3025 5115 3360 5174 1088-1099.
3711 5187 3714 5190 ῃ

2448 5203 2744 5276 [Canum
2777 5205 3005 5272 Deerat,
3041 5205 3102 5260 C.
3138 5219 3176 5271 ι,
3209 5220 3308 5276 qu.
3341 5203 3397 5274 5,
3443 5219 3490 5260 c.
3522 5201 3607 5277 2.]

2274 5315 2384 5368 Eos
2435 5310 2536 5382 qui
2593 5308 2899 5366 ecclesiam
2953 5315 3242 5380 emerunt,
3303 5309 3355 5367 si
3413 5298 3673 5383 persona
3720 5313 3884 5374 talis

2201 5399 2378 5456 fuerit
2406 5414 2584 5470 quam
2615 5397 2736 5454 vita
2761 5389 3154 5471 commendet,
3186 5399 3456 5456 videlicet
3495 5389 3563 5456 ut
3591 5399 3654 5456 in
3683 5418 3879 5461 cano-

2197 5486 2336 5565 niis,
2366 5485 2455 5542 vel
2503 5487 2878 5544 monasteriis
2909 5487 3253 5562 regulariter
3271 5488 3446 5556 vivat,
3472 5487 3534 5546 in
3552 5489 3653 5548 sui
3671 5481 3873 5550 bono-

2198 5575 2283 5637 ria
2313 5573 2526 5650 otticio,
2558 5575 3014 5640 misericorditer
3069 5576 3617 5654 condescendendo,
3677 5581 3878 5648 mini-
