3928 6208
54 300 182 416 sse

1244 349 1651 417 EPISTOLE
1692 349 1793 415 ET
1833 347 2307 419 PRIVILEGIA.

3354 356 3475 428 530

58 486 688 559 serere-concedimus,
720 487 944 571 absque
970 492 1164 545 tamen
1184 491 1524 544 sanctorum
1555 501 1723 543 cano-
1748 485 1805 554 Α
1834 488 2117 563 Spiritum
2147 493 2438 558 sanctum,
2470 506 2585 565 quo
2604 488 3021 566 ipseindignus
3034 499 3159 552 erat
3174 494 3473 569 (quoniam

62 594 210 634 num
244 577 606 650 prmjudicio.

758 668 1002 725 CCLXXI
1013 711 1025 723 .

61 756 139 812 Ad
166 755 444 812 eumdem.
473 788 544 798 —
575 757 726 821 Filii,
752 758 835 812 vet
892 758 1024 828 ﬁliae
1054 760 1179 812 ante
1230 756 1315 812 vel
1338 762 1460 828 post
1502 770 1719 827 compa-

214 830 533 885 temitatem
557 829 731 900 geniti
759 829 1004 897 legitime
1028 828 1291 899 conjungi
1314 834 1558 899 possunt.

550 917 738 988 (Intra
765 933 860 974 an.
882 916 1244 987 1088-1899.)

264 1006 580 1073 {Gnarum
611 1008 841 1073 Deerat,
872 1006 932 1062 Ο.
966 1022 1101 1073 xxx,
1131 1021 1229 1077 qu.
1264 1005 1322 1070 3,
1352 1021 1404 1069 c,
1437 1006 1515 1076 4.]

134 1096 332 1169 Super
376 1094 605 1167 quibus
650 1094 908 1151 consulit
968 1111 1076 1151 nos
1134 1098 1237 1150 tua
1294 1093 1551 1159 dilectio,
1612 1093 1722 1150 hoc

60 1185 301 1242 videtur
330 1184 504 1241 nobis
553 1200 623 1240 ex
670 1184 964 1240 sententia
1020 1182 1536 1255 respondendum;
1571 1187 1637 1238 ut
1665 1186 1723 1240 et

65 1274 406 1348 baptismus
416 1273 517 1340 sit,
549 1272 599 1330 si
614 1273 869 1330 instante
881 1272 1230 1330 necessitate
1244 1272 1461 1327 femina
1472 1287 1720 1343 puerum

62 1362 123 1417 in
156 1361 400 1417 nomine
430 1359 732 1416 Trinitatis
753 1359 1149 1432 baptizaverit,
1183 1362 1241 1415 et
1268 1360 1424 1431 quod
1445 1359 1721 1437 spiritua-

65 1450 217 1505 lium
236 1453 564 1521 .parentum
594 1447 721 1517 ﬁlii,
752 1447 1010 1518 velﬁlite,
1040 1452 1193 1513 ante,
1216 1446 1306 1503 vel
1339 1452 1471 1518 post
1494 1464 1725 1520 compa-

63 1538 405 1595 ternitatem
438 1538 617 1612 geniti
649 1543 897 1611 possunt
927 1536 1187 1611 legitime
1203 1537 1725 1610 conjungi,praster

64 1628 231 1685 illam
264 1643 576 1700 personam
609 1644 712 1700 per
740 1643 914 1700 quam
948 1631 1276 1699 compatres
1324 1632 1466 1683 sunt
1513 1626 1719 1683 effecti.

751 1733 1043 1790 CCLXXII.

1831 583 1898 634 ut
1927 578 2209 651 scriptum
2241 584 2347 635 est.
2382 580 2621 651 Spiritus
2648 584 2869 638 sanctus
2915 581 3228 656 disciplinw
3255 586 3475 657 effugiet

1830 669 2015 740 ﬁctum
2047 667 2197 740 [Sap.
2231 669 2315 739 1]),
2366 670 2466 724 sed
2510 670 2660 739 ideo,
2717 675 3005 743 quantum
3033 671 3091 728 in
3152 673 3279 746 ipso
3329 680 3473 742 erat,

1830 771 2026 813 emere
2055 756 2255 820 voluit,
2288 761 2354 813 ut
2382 774 2449 813 ex
2486 759 2816 816 venditione
2866 760 3167 834 signorum
3215 779 3343 835 quae
3376 781 3478 836 per

1831 846 2101 901 eumdem
2151 847 2364 902 ﬁebant
2427 846 2874 920 multiplicatam
2937 851 3244 922 pecuniam
3297 869 3475 925 quam

1830 933 2122 990 obtulerat
2176 935 2521 992 lucraretur.
2576 938 2692 992 Nec
2751 938 3049 1011 apostolus
3094 942 3474 1013 emptionem.

1832 1023 2085 1095 Spiritus
2117 1024 2300 1079 sancti
2334 1040 2510 1096 quam
2538 1025 2684 1081 bene
2714 1032 2952 1082 noverat
2982 1027 3104 1083 ﬁeri
3136 1046 3251 1085 non
3283 1046 3474 1101 posse,

1830 1113 1931 1169 sed
1948 1112 2327 1168 ambitionem
2341 1112 2477 1168 talis
2490 1118 2771 1185 quaestus,
2790 1115 2845 1170 id
2861 1120 2949 1171 est
2975 1118 3300 1184 avaritiam,
3321 1120 3476 1190 quod

1830 1205 1920 1256 est
1948 1201 2237 1257 idolorum
2266 1202 2534 1273 servitus,
2567 1202 2627 1257 in
2658 1205 2861 1260 eodem
2893 1206 3127 1262 Simone
3158 1207 3475 1276 exhorruit,

1829 1293 1887 1345 et
1916 1288 2342 1345 maledictionis
2366 1290 2567 1361 jaculo
2599 1292 2868 1364 perculit.
3296 1294 3303 1299 ⁷

1901 1378 2180 1450 Quisquis
2209 1379 2405 1451 itaque
2438 1396 2529 1435 res
2560 1380 2991 1437 ecclesiasticas
3040 1400 3166 1454 quae
3198 1384 3297 1439 Dei
3329 1385 3483 1441 dona

1831 1471 1989 1535 sunt,
2023 1466 2301 1539 quoniam
2333 1484 2368 1523 a
2397 1468 2512 1523 Deo
2572 1468 2843 1524 ﬁdelibus
2875 1474 2931 1524 et
2988 1488 3021 1525 a
3047 1471 3319 1527 ﬁdelibus
3368 1477 3481 1527 Deo

1833 1556 2146 1621 donantur,
2179 1573 2424 1628 quaeque
2456 1558 2530 1611 ab
2560 1558 2761 1613 eodem
2797 1559 2979 1629 gratis
3003 1560 3391 1631 accipiuntur,
3426 1564 3485 1615 et

1834 1644 1961 1700 ideo
1996 1644 2178 1717 gratis
2210 1645 2337 1700 dari
2388 1645 2621 1712 debent,
2681 1650 2918 1719 propter
2946 1663 3054 1703 sua
3098 1647 3258 1703 lucra
3285 1649 3486 1704 vendit

1830 1732 1919 1789 vel
1950 1734 2110 1799 emit,
2143 1750 2275 1789 cum
2304 1734 2506 1789 eodem
2549 1734 2787 1790 Simone
2836 1735 3054 1791 donum
3085 1736 3183 1791 Dei
3234 1738 3484 1809 pecunia

65 1822 150 1880 Ad
176 1822 450 1881 eumdem.
478 1824 729 1921 n—lUf‘or
753 1824 919 1921 simul
949 1839 1075 1879 cum
1098 1823 1216 1905 viro
1245 1822 1442 1921 ﬁlium
1487 1822 1724 1893 alicujus
1748 1855 1803 1921 Β
1834 1822 2116 1894 possideri
2147 1822 2461 1878 existimat.
2511 1823 2642 1879 Ideo
2688 1824 2787 1894 qui
2845 1825 3080 1879 easdem
3112 1841 3204 1881 res
3261 1842 3377 1882 non
3409 1827 3480 1882 ad

465 1896 526 1950 in
557 1896 883 1967 baptismate
908 1910 1019 1950 non
1048 1895 1331 1965 suscipiat.

553 1983 737 2052 (Intra
766 1999 861 2039 an.
896 1982 1246 2053 10884099.)

281 2072 574 2143 {Genuam
612 2075 846 2134 Deci-et,
879 2071 940 2126 C.
977 2088 1106 2138 xxx,
1138 2087 1238 2142 qu.
1273 2071 1326 2145 4,
1358 2085 1407 2124 c.
1440 2070 1521 2140 6.]

151 2179 320 2245 Quod
335 2178 691 2251 autemfuxor
719 2195 851 2234 cum
875 2176 1155 2233 maritoin
1182 2175 1533 2248 baptismate
1548 2174 1727 2235 simul

66 2285 190 2325 non
208 2268 419 2324 debeat
445 2267 743 2340 suscipere
756 2265 1196 2340 puerum,nulla
1220 2264 1561 2320 auctoritate
1571 2281 1729 2336 repe-

65 2358 227 2414 ritur
256 2356 754 2430 probibitum.Sed
772 2360 835 2412 ut
850 2355 1074 2429 puritas
1088 2355 1176 2428 spi
1186 2353 1411 2409 ritualis
1424 2352 1729 2426 paternita-

64 2448 146 2503 tis
159 2446 234 2503 ab
249 2445 407 2502 omni
420 2444 552 2501 labe
564 2448 621 2501 et
646 2432 890 2500 infamia
914 2447 1292 2500 conservetur
1314 2441 1618 2510 immunis,
1639 2441 1725 2496 di-

65 2552 253 2610 gnum
266 2534 776 2592 essedecernimus
790 2538 853 2589 ut
869 2534 1100 2606 utrique
1117 2530 1442 2587 insimulad
1457 2531 1565 2585 hoc
1576 2530 1728 2603 aspi-

65 2641 200 2680 rare
233 2622 475 2679 minime
503 2626 881 2695 praesumant.
916 2623 1063 2687 Quia
1090 2637 1224 2677 vero
1242 2618 1535 2692 piaculare
1562 2619 1723 2692 flagi-

65 2714 220 2769 tium
279 2711 598 2781 commisit,
659 2710 759 2784 qui
819 2711 1050 2767 duabus
1099 2708 1524 2766 commatribus
1569 2706 1728 2763 velut

66 2801 306 2856 duabus
363 2799 664 2856 sororibus
722 2799 942 2870 nupsit,
1005 2815 1220 2870 magna
1266 2798 1436 2868 juxta
1483 2796 1722 2851 modum

66 2889 256 2961 culpa:
278 2886 623 2963 pmnitentia
652 2886 766 2942 sibi
796 2887 968 2943 debet
997 2886 1245 2959 injungi.

733 2992 956 3047 CCLXX
966 2992 1059 3047 III.

66 3085 149 3142 Ad
180 3085 434 3149 Lucium,
460 3082 815 3153 praepositum
844 3081 1031 3135 Sancti
1058 3082 1319 3137 Iuventii.
1344 3112 1411 3120 -—
1446 3081 1515 3134 De
1546 3080 1726 3153 valere

142 3152 784 3228 baptismialiorumque
828 3156 1298 3207 sacramentorum
1327 3168 1363 3207 τι
1408 3152 1723 3207 criminosis

138 3225 509 3283 sacerdotibus
540 3225 885 3280 coltatorum.

570 3314 754 3383 (Intra
786 3329 880 3368 an.
921 3311 1269 3381 1088-1099.)

498 3402 733 3472 [Manen
768 3403 975 3458 Coneit.
1012 3401 1133 3464 XX,
1168 3402 1318 3471 660.]

136 3509 415 3565 Uasasus
445 3507 778 3580 episcopus,
811 3525 1016 3564 servus
1034 3522 1335 3562 servorum
1367 3504 1492 3569 Dei,
1514 3504 1727 3560 dilecto

66 3598 193 3655 ﬁlio
224 3599 428 3663 Lucro,
463 3596 771 3668 prmposito
801 3595 1059 3653 ecclesim
1074 3593 1274 3650 Sancti
1294 3594 1326 3650 J
1334 3592 1550 3650 uventii
1569 3593 1726 3663 apud

62 3685 362 3751 Ticinum,
396 3684 643 3741 salutem
677 3690 733 3740 et
763 3684 1143 3756 apostolicam
1166 3682 1652 3740 benedictionem.

140 3773 412 3831 Salvator
439 3773 703 3844 praedixit
728 3772 790 3828 in
823 3772 1129 3845 Evangelia
1162 3771 1315 3827 circa
1330 3772 1510 3827 ﬁnem
1527 3769 1723 3826 sazculi

69 3861 550 3938 pseudochristos
574 3866 633 3917 et
660 3860 1487 3935 pseudoprophctassurgere,
1504 3858 1725 3915 etmul~

69 3959 160 4009 tos
191 3951 491 4019 seducere,
524 3954 581 4005 et
601 3950 801 4006 fideles
817 3967 956 4007 suos
986 3950 1045 4005 in
1077 3950 1297 4005 mundo
1318 3948 1537 4004 multas
1557 3947 1721 4003 habi-

72 4047 235 4097 turos
266 4055 616 4112 pressurae;
648 4039 748 4094 sed
782 4042 977 4093 tamen
1011 4043 1208 4110 portas
1240 4037 1407 4092 inferi
1439 4036 1723 4092 adversus

71 4128 392 4187 Ecclesium
444 4144 558 4183 non
619 4125 1038 4199 praevalituras.
1103 4126 1272 4180 Proin
1328 4126 1486 4197 quia,
1539 4129 1604 4179 ut
1643 4123 1726 4180 ait

75 4217 387 4292 Apostolus
418 4217 465 4286 (Ι
496 4217 615 4271 Cor.
658 4216 760 4281 xxi,
819 4217 1023 4286 oportet
1076 4213 1307 4271 haereses
1357 4230 1491 4279 esse,
1540 4217 1603 4268 ut
1629 4217 1726 4286 qui

73 4307 289 4381 probati
312 4308 446 4361 sunt
472 4305 755 4375 manifesti
799 4304 956 4373 ﬁant,
1005 4305 1233 4374 oportet
1261 4319 1367 4358 nos
1425 4319 1560 4363 cum
1592 4320 1725 4375 pro-

75 4396 249 4469 pheta
276 4412 348 4451 ex
376 4394 618 4450 adverso
674 4393 1011 4457 ascendere,
1056 4395 1113 4446 et
1142 4407 1377 4446 murum
1436 4408 1727 4463 opponere

76 4502 178 4557 pro
207 4484 387 4539 domo
417 4481 613 4549 Israel,
646 4487 705 4537 et
723 4497 857 4536 cum
884 4481 1087 4537 eodem
1111 4479 1372 4552 apostolo
1385 4494 1487 4551 per
1510 4480 1727 4537 multas

1838 1910 1944 1966 hoc
1975 1911 2046 1967 ad
2078 1911 2235 1982 quod
2265 1910 2547 1966 institutae
2579 1917 2739 1977 sunt,
2790 1913 2892 1968 sed
2924 1914 2995 1968 ad
3031 1914 3267 1985 propria
3296 1913 3479 1984 lucra,

1835 2015 2078 2054 munere
2110 1998 2343 2069 linguas,
2376 1998 2463 2055 vel
2490 1999 2733 2056 indebiti
2784 2001 3073 2073 obsequii,
3119 2002 3205 2059 vel
3239 2003 3485 2075 pecunia

1833 2084 2082 2160 largitur
2108 2087 2197 2142 vel
2228 2088 2590 2160 adipiscitur,
2622 2088 2992 2151 Simoniacus
3012 2094 3120 2156 est,
3145 2108 3278 2147 cum
3322 2092 3482 2164 prin—

1836 2175 2043 2249 cipalis
2070 2176 2314 2231 intentio
2343 2176 2600 2232 Simonis
2633 2177 2809 2233 fuerit
2836 2178 2962 2234 sola
2991 2180 3249 2250 pecuniae
3298 2182 3484 2236 avari-

1835 2264 1939 2330 tia,
1972 2265 2029 2320 id
2060 2268 2150 2321 est
2179 2264 2528 2327 idololatria,
2557 2269 2621 2320 ut
2651 2266 2732 2320 ait
2748 2266 3049 2338 apostolus
3069 2267 3304 2323 Paulus.
3328 2269 3484 2324 Alio-

1836 2354 1979 2425 quin
2011 2370 2117 2409 cur
2146 2353 2406 2427 synodus
2436 2352 2929 2410 Chalcedonensis
2960 2359 3361 2411 sexcentarum
3383 2358 3486 2412 tri-

1835 2443 1999 2515 ginta
2046 2443 2454 2515 episcoporum
2503 2447 2936 2514 procuratorem
2996 2442 3086 2499 vel
3118 2444 3482 2501 defensorem

1834 2531 2122 2599 Ecclesiae,
2154 2530 2240 2586 vel
2275 2547 2632 2603 quemquam
2678 2531 2891 2603 regula
2941 2532 3291 2603 subjectum,
3341 2534 3484 2589 adeo

1835 2614 1938 2692 per
1964 2620 2267 2693 pecuniam
2303 2620 2557 2675 ordinari
2604 2620 2897 2693 prohibet,
2947 2626 3011 2676 ut
3064 2622 3483 2679 interVentores

1834 2700 2068 2781 quoque
2096 2708 2246 2765 tanti
2277 2708 2513 2764 sceleris
2544 2702 3015 2777 anathematizet,
3042 2708 3152 2764 nisi
3186 2711 3338 2782 quod
3362 2727 3488 2766 eos-

1833 2798 1965 2852 dem
1998 2797 2363 2853 Simoniacos
2398 2796 2669 2867 judicet?
2698 2798 2863 2862 Quod
2895 2798 2944 2853 si
2994 2797 3216 2869 praefati
3262 2798 3481 2856 milites

1833 2880 2098 2941 Ecclesiae
2129 2886 2203 2941 ob
2236 2886 2415 2956 hujus
2429 2886 2620 2942 scelus
2639 2886 2837 2942 taliter
2867 2886 3287 2959 percelluntur,
3312 2905 3484 2944 nemo

1833 2974 2072 3045 sapiens
2100 2975 2336 3046 negabit
2365 2992 2479 3029 non
2500 2975 2823 3031 militantes
2840 2975 3107 3032 Ecclesiae
3128 2976 3315 3033 multo
3328 2978 3488 3032 dam-

1833 3061 2086 3118 nabilius
2115 3062 2264 3117 hanc
2295 3063 2368 3117 ob
2398 3079 2658 3133 causam,
2684 3062 2741 3118 id
2772 3068 2864 3119 est
2878 3064 3228 3120 venditionis
3250 3065 3335 3121 vel
3358 3083 3486 3122 em-

1834 3150 2071 3222 ptionis,
2106 3150 2315 3205 debere
2346 3150 2597 3221 percelli.

1908 3238 2019 3294 Sed
2051 3242 2110 3293 et
2139 3238 2348 3293 beatus
2381 3239 2772 3309 praedecessor
2801 3242 3001 3294 noster
3029 3240 3326 3296 Paschalis
3372 3242 3485 3314 (51)

1835 3327 1908 3383 de
1939 3326 2399 3389 consecratione,
2433 3330 2491 3381 et
2521 3326 2593 3381 de
2641 3327 2817 3382 rebus
2852 3343 2979 3399 quas
3032 3329 3383 3400 proveniunt
3417 3347 3487 3386 ex

1836 3415 2549 3482 consecratione,afﬁrmat
2562 3416 2715 3486 quod
2731 3415 3001 3487 quisquis
3013 3416 3260 3473 alterum
3283 3433 3484 3475 eorum

1835 3503 2052 3571 vendit,
2088 3502 2211 3560 sine
2241 3521 2358 3575 quo
2388 3502 2638 3559 alterum
2670 3502 2884 3560 habere
2915 3522 3031 3561 non
3061 3510 3271 3577 potest,
3316 3512 3484 3563 neut-

1838 3609 1968 3648 rum
2001 3609 2113 3647 non
2130 3592 2431 3647 venditum
2447 3591 2822 3663 derelinquit.
2856 3595 2934 3649 Ac
2956 3610 3059 3666 per
3085 3594 3192 3649 hoc
3224 3611 3359 3650 eum
3384 3596 3485 3668 qui

1835 3698 1958 3737 rem
1992 3680 2257 3737 Ecclesiae
2289 3680 2591 3736 venditvel
2608 3681 2752 3736 emit
2767 3683 3165 3738 Simoniacum
3186 3683 3482 3757 intelligit;

1836 3771 1892 3825 in
1926 3769 2161 3825 nomine
2191 3785 2322 3825 vero
2356 3769 2753 3841 procuratoris
2773 3770 3043 3839 intelligit
3062 3772 3301 3843 praefata
3320 3790 3489 3845 syno-

1807 3860 1947 3915 .dus
1978 3858 2297 3931 quemlibet
2327 3857 2864 3917 ecclesiasticarum
2898 3877 3090 3916 rerum
3110 3862 3487 3919 administra-

1832 3953 2041 4015 torem,
2074 3953 2140 4003 ut
2166 3963 2285 4002 ver.
2318 3964 2405 4018 gr.
2440 3947 2839 4020 praepositum,
2862 3965 3227 4019 mcononum,
3260 3951 3489 4009 vicedo-

1836 4038 2084 4093 minum:
2118 4036 2447 4092 defensoris
2478 4036 2715 4091 nomine
2745 4038 3092 4093 advocatum
3124 4040 3244 4095 sive
3274 4041 3485 4097 castal-

1834 4127 1999 4190 dum,
2028 4130 2086 4181 et
2106 4125 2390 4196 judicem:
2425 4125 2481 4179 in
2501 4125 2762 4196 subjecto
2794 4126 3007 4199 regula:
3024 4127 3489 4201 archipresbyte-

1836 4231 1963 4269 rum
1998 4213 2498 4278 archidiaconum,
2542 4214 2912 4280 canonicum,
2969 4216 3345 4283 monachum,
3398 4218 3487 4273 vel

1835 4302 2158 4375 quemlibet
2185 4301 2578 4358 ecclesiastico
2612 4303 3010 4376 mancipatum
3057 4304 3269 4359 ofﬁcio.
3323 4306 3489 4368 Quod

1836 4400 1968 4447 vero
1998 4391 2277 4463 Spiritum
2312 4397 2603 4457 sanctum,
2637 4395 2925 4462 quantum
2958 4391 3015 4446 in
3048 4409 3111 4446 se
3139 4396 3250 4456 est,
3278 4393 3493 4447 vendat

1836 4480 1924 4536 vel
1956 4484 2114 4536 emat
2128 4480 2226 4552 qui
2246 4479 2688 4552 praepositurum
2702 4478 2791 4535 vel
2810 4480 3151 4552 hujusmodi
3183 4480 3382 4536 vendit
3401 4479 3491 4535 vei

73 4571 491 4629 tribulationes
519 4571 737 4625 intrare
765 4569 826 4624 in
853 4584 1099 4642 regnum
1126 4568 1248 4633 Dei,
1281 4568 1436 4623 unde
1464 4585 1576 4623 non
1591 4573 1805 4648 suntD
1837 4568 2002 4636 emit,
2035 4568 2169 4623 audi
2202 4568 2595 4639 Augustinum
2630 4584 2808 4640 super
2836 4569 3121 4624 Joannem
3150 4585 3163 4622 :
3214 4589 3243 4619 ‹‹
3274 4568 3318 4623 Ο
3348 4572 3495 4639 quot

72 4660 378 4733 condignis
424 4659 726 4731 passiones
786 4658 965 4731 hujus
1020 4656 1304 4729 temporis
1362 4657 1434 4712 ad
1468 4657 1727 4713 futuram

73 4749 323 4823 gloriam
382 4764 510 4820 quae
568 4746 923 4803 revelabitur
979 4746 1036 4801 in
1102 4745 1293 4802 nobis.
1356 4745 1538 4819 Igitur
1593 4747 1734 4817 quia

72 4835 386 4894 innotuisti
410 4836 579 4893 nobis
611 4837 766 4908 quod
796 4835 902 4891 tibi
936 4835 1230 4907 objicitur:
1264 4834 1732 4891 Utrumvendere

72 4924 533 4984 ecclesiasticam
550 4941 671 4981 rem
684 4924 1085 4983 Simoniacum
1100 4922 1240 4979 sit9h
1249 4939 1315 4978 oc
1328 4922 1730 4979 Simoniacum

75 5031 208 5072 esse
263 5017 530 5086 patenter
582 5012 879 5087 colligitur
930 5030 998 5070 ex
1046 5013 1156 5069 hoc
1215 5011 1370 5084 quod
1428 5011 1490 5066 Β.
1524 5011 1730 5068 Petrus

77 5102 382 5177 apostolus
427 5102 509 5158 ait
563 5096 827 5159 Simoni:
887 5103 1128 5158 Pecunia
1184 5110 1281 5156 tua
1336 5105 1514 5156 tecum
1557 5102 1634 5155 sit
1669 5102 1732 5156 in

74 5192 462 5266 perditionem,
521 5193 651 5262 quia
706 5192 1032 5247 existimasti
1086 5190 1291 5247 donum
1346 5190 1444 5245 Dei
1496 5191 1732 5261 pecunia

24 5314 31 5319 ~
76 5278 348 5354 possideri
375 5279 513 5351 (Act.
544 5280 691 5350 νιιι).
724 5279 953 5334 Donum
984 5279 1201 5351 quippe
1233 5277 1332 5333 Dei
1364 5281 1453 5333 est
1473 5276 1730 5350 Spiritus

80 5372 341 5435 sanctus,
374 5372 433 5423 et
459 5368 680 5424 donum
705 5367 919 5427 Deith
936 5364 1496 5438 resipsiusecclesiae
1512 5366 1728 5433 oblata,

78 5457 230 5515 Etsi
260 5448 408 5513 bene
454 5456 740 5522 advortis,
797 5456 998 5511 Simon
1059 5455 1284 5528 Magne,
1335 5454 1435 5527 qui
1475 5455 1606 5511 ﬁcte
1656 5456 1729 5511 ad

70 5549 260 5614 ﬁdem
313 5545 580 5611 accessit,
658 5561 774 5603 non
831 5544 1113 5617 Spiritum
1169 5547 1440 5605 sanctum
1498 5548 1735 5616 propter

153 5636 268 5707 (51)
299 5632 602 5692 Paschalis
634 5632 880 5705 primus.

1840 4657 2137 4728 proposita
2166 4656 2460 4712 fecerunt!
2493 4655 2755 4711 Alterum
2779 4656 3143 4728 propositum
3159 4656 3334 4711 habet
3354 4655 3492 4719 Car-

1840 4744 2077 4816 thagine
2110 4744 2460 4811 Primianus,
2496 4743 2747 4799 alterum
2767 4743 2944 4799 habet
2973 4743 3381 4809 Maximianus,
3416 4745 3497 4801 al-

1840 4838 2029 4890 terum
2058 4834 2236 4889 habet
2267 4833 2323 4887 in
2359 4833 2711 4888 Mauritania
2767 4833 3049 4905 Rogatus,
3107 4831 3356 4887 alterum
3389 4833 3497 4888 ha—

1840 4924 1981 4979 bent
2009 4923 2067 4977 in
2100 4921 2382 4977 Numidia
2410 4921 2493 4976 illi
2521 4926 2579 4977 et
2607 4920 2693 4977 illi
2722 4938 2870 4992 quos
2892 4922 3023 4992 jam
3052 4936 3158 4977 nec
3187 4921 3497 4979 nominare

1840 5011 2193 5068 sufﬁcimus.
2213 5010 2494 5065 Circumit
2515 5026 2651 5082 ergo
2682 5009 2893 5081 aliquis
2906 5026 3098 5067 emere
3126 5009 3498 5067 columbam?

1840 5100 2174 5173 unusquisq
2185 5116 2256 5155 ue
2266 5099 2629 5171 propositum
2646 5114 2823 5154 suum
2839 5097 3039 5155 laudat
3062 5100 3219 5170 quod
3236 5100 3496 5166 vendit,»

1839 5196 1948 5247 etc.

1910 5281 2057 5335 Ecce
2080 5275 2431 5334 venerabilis
2457 5276 2822 5350 Augustinus
2855 5277 2925 5332 de
2957 5276 3350 5349 praepositurae
3378 5274 3503 5330 dis-

1821 5367 2128 5423 tractione
2160 5382 2361 5437 agens,
2416 5365 2478 5420 in
2510 5365 2748 5420 nomine
2800 5365 3085 5420 columbae
3145 5362 3334 5419 sancti
3366 5360 3505 5433 Spi-

1842 5456 1990 5512 ritus
2010 5455 2405 5511 venditionem
2433 5451 2522 5508 vel
2575 5453 2931 5525 emptionem
2982 5451 3211 5523 accipit,
3264 5451 3419 5509 sicut
3443 5445 3510 5501 et

1841 5560 2047 5603 omnes
2078 5543 2259 5615 hujus
2311 5541 2625 5614 evangelici
2683 5541 2924 5612 capituli
2954 5544 3316 5597 tractatores.
3351 5541 3507 5596 Pen-
