3928 6208
453 399 592 464 ,831

1781 397 1852 460 Β.
1899 395 2194 460 URBANl
2239 393 2292 458 Il
2334 395 2589 458 PAPAE.

3677 398 3911 470 "£32

476 535 729 594 sandum
759 533 999 606 verojest
1027 549 1144 608 qua
1164 550 1329 607 paena
1351 532 1781 605 multenturqui
1789 533 1914 604 jam
1936 531 2052 586 Deo
2065 535 2121 586 et
2147 529 2205 598 Α
2233 547 2369 588 cum
2399 529 2606 588 zabulo
2638 535 3029 606 computatur.
3063 531 3163 590 sed
3191 549 3296 608 per
3323 531 3493 592 illum
3522 530 3744 592 Christi
3791 552 3909 592 sa-

478 624 744 682 Ecclesiaa
763 642 882 681 sum
901 624 1094 681 oblata
1105 624 1364 679 vendunt
1380 623 1462 679 vel
1483 621 1758 685 cmunt,si
1777 637 1911 676 cum
1931 618 2126 692 ﬂagel-

475 713 551 771 lis
563 714 702 772 aDei
716 713 930 786 templo
943 712 1110 784 ejecti
1125 713 1388 784 sunt,qui
1402 713 1648 782 quaeDeo
1661 709 2130 764 erantoﬁ‘erenda

476 801 808 858 vendebant
819 798 1793 856 velemebant.Sideoﬁ'erendorum
1815 796 2130 852 venditori-

479 889 592 946 bus
621 887 710 945 vel
741 887 1103 961 emptoribus
1117 887 1339 942 dictum
1353 891 1458 943 est:
1483 889 1574 943 Vos
1585 889 1790 958 fecistis
1800 887 2020 941 domum
2025 901 2126 956 pa-

473 981 582 1038 tris
608 979 723 1034 mei
747 979 966 1034 domum
993 977 1399 1045 negotiationis,
1427 979 1478 1031 et
1505 977 1819 1048 speluncam
1852 977 2130 1031 latronum

480 1071 658 1142 (Joan.
691 1087 751 1137 II,
785 1070 851 1125 16
881 1085 895 1136 ;
947 1067 1108 1122 Marc.
1142 1083 1218 1130 ιι,
1251 1065 1364 1134 47),
1419 1065 1559 1136 quid
1618 1065 1843 1120 dicetur
1893 1065 2019 1134 jam
2047 1065 2122 1120 de

483 1158 745 1216 Ecclesiae
776 1155 1108 1214 oblatorum
1138 1153 1637 1210 venditoribusvel
1651 1153 2042 1225 emptoribus?
2059 1154 2128 1209 Et

482 1263 554 1304 ne
584 1247 717 1320 quis
747 1247 992 1302 insanus
1021 1243 1260 1315 objiciat
1292 1241 1496 1298 merito
1529 1241 1636 1298 hos
1668 1242 1984 1297 Dominum
2008 1246 2128 1297 tam

479 1335 684 1392 acerbe
711 1332 1057 1400 vindicasse,
1082 1331 1222 1404 quia
1249 1335 1390 1386 tunc
1422 1329 1522 1386 illa
1551 1330 1609 1384 in
1639 1330 1739 1386 Dei
1773 1329 2010 1402 templo,
2035 1347 2126 1386 ec-

479 1423 815 1481 clesiasticae
843 1439 976 1480 vero
995 1439 1088 1478 res
1102 1421 1274 1476 modo
1292 1423 1453 1476 extra
1474 1418 1760 1491 templum
1791 1419 2128 1474 distrahan-

479 1512 866 1580 tur,attendat
876 1509 1156 1583 superbis
1171 1507 1479 1581 Augustini
1495 1524 1610 1562 non
1641 1507 2126 1563 determinantcm

476 1600 672 1660 locum
703 1599 1053 1657 venditionis
1083 1597 1172 1653 vel
1203 1595 1515 1668 emptionis
1547 1596 2000 1667 propositorum,
2025 1597 2124 1652 sed

479 1693 712 1746 tantum
766 1687 1068 1744 indeﬁnite
1124 1686 1452 1742 dicentem:
1512 1684 1854 1740 «Circumit
1910 1685 2126 1759 aliquis

478 1793 672 1836 emere
693 1777 1026 1833 columbam
1047 1775 1076 1830 ‘?
1095 1799 1120 1825 »
1143 1775 1552 1846 unusquisque
1564 1773 1925 1846 propositum
1949 1791 2124 1830 suum

477 1865 682 1923 laudat
711 1865 868 1958 quod
896 1863 1112 1958 vendit,
1163 1878 1280 1918 non
1312 1861 1614 1958 adjiciens,
1666 1861 1724 1915 in
1773 1861 1992 1958 templo
2033 1861 2122 1918 vel
2151 1895 2202 1958 Β

477 1958 639 2010 extra
667 1951 976 2025 templum.
1004 1951 1133 2007 Hzec
1151 1953 1351 2007 contra
1367 1949 1695 2006 venditores
1720 1949 1807 2006 vel
1832 1953 2124 2022 emptores

479 2058 782 2100 sacrarum
809 2057 1026 2098 rerum.

550 2133 631 2188 Ad
662 2131 772 2188 hoc
801 2147 934 2188 vero
961 2129 1116 2202 quod
1147 2128 1206 2184 in
1237 2127 1484 2200 epistola
1504 2132 1604 2182 tua
1625 2123 1912 2200 sequitur,
1935 2128 1994 2184 id
2013 2133 2120 2185 est:

477 2220 685 2278 Utrum
714 2220 948 2277 obedire
978 2217 1340 2274 tentantibus
1371 2217 1442 2272 ad
1474 2221 1720 2272 mortem
1751 2217 1914 2272 nefas
1943 2217 2048 2272 sit?
2069 2220 2127 2272 et

477 2310 632 2368 circa
661 2309 838 2367 ﬁnem
870 2309 1137 2380 ejusdem
1169 2306 1428 2380 epistolae
1458 2306 1568 2362 hoc
1602 2307 1756 2362 idem
1789 2306 2001 2362 iterum
2033 2307 2121 2362 in-

473 2399 757 2466 culcetur,
788 2397 934 2454 illud
965 2397 1117 2454 beati
1167 2395 1318 2453 Petri
1376 2397 1836 2469 respondemus:
1899 2395 2124 2452 Obedire

470 2489 577 2546 Deo
607 2491 816 2561 Oportet
841 2489 1020 2559 magis
1051 2503 1217 2559 quam
1255 2485 1570 2542 hominibus
1617 2485 1752 2558 (Act.
1784 2487 1860 2558 v).
1912 2485 1975 2541 In
2006 2502 2121 2558 quo

467 2578 730 2652 exemplo
759 2578 1084 2634 notandum
1114 2579 1204 2633 est
1219 2575 1867 2631 hominibusinterdum
1899 2574 2121 2630 obediri

433 2730 438 2735 _
469 2669 700 2737 debere,
733 2667 835 2724 sed
866 2666 1056 2739 magis
1087 2665 1240 2733 Deo;
1272 2664 1613 2720 hominibus
1646 2663 1884 2736 quidem
1935 2665 1996 2719 in
2026 2665 2119 2721 bis

470 2775 600 2832 quze
630 2759 834 2812 contra
861 2755 1040 2811 ﬁdem
1069 2758 1127 2810 et
1149 2753 1491 2826 religionem
1523 2769 1636 2808 non
1659 2756 1816 2822 sunt,
1841 2754 2119 2826 quoniam

470 2845 624 2904 cives
640 2843 964 2902 Jerusalem
978 2842 1228 2916 legimus
1243 2840 1554 2914 Babylonis
1567 2840 1788 2898 civibus
1814 2842 2117 2911 militasse,

470 2939 539 2992 ut
569 2937 840 2990 sanctum
869 2931 1084 3004 Joseph
1116 2935 1173 2986 et
1201 2929 1391 2986 socios
1422 2929 1699 2998 Danielis;
1734 2948 1983 3002 quorum
2000 2933 2118 3004 pri-

473 3041 610 3080 mus
640 3026 913 3095 stuprum
944 3019 1214 3088 dominae,
1245 3021 1558 3091 sequentes
1575 3036 1707 3074 vero
1734 3018 2119 3076 idololatriam

474 3113 905 3187 perhorrentes,
929 3127 1050 3166 rem
1083 3108 1377 3182 publicam
1409 3113 1465 3163 et
1485 3107 1942 3181 alienigenarum
1962 3108 2122 3180 prin-

474 3203 674 3276 cipum
705 3205 942 3258 strenue
955 3199 1445 3272 gubernaverunt.
1469 3198 1536 3252 Et
1547 3197 1606 3252 in
1622 3196 1928 3270 Evangelio
1941 3196 2120 3253 habes

2237 624 2601 676 crumentum
2662 639 2775 677 non
2834 622 3283 679 contaminatur.
3348 625 3512 690 Quod
3563 641 3668 696 per
3718 623 3906 684 illum

2239 709 2386 772 ﬂuit,
2422 728 2632 781 purum
2666 715 2772 776 est,
2806 712 2964 784 quqd
2999 729 3100 784 per
3129 711 3297 768 illum
3328 712 3559 780 transit,
3592 711 3909 786 liquidum

2237 803 2344 853 est.
2383 823 2410 848 n
2441 799 2581 855 Item
2608 819 2626 854 :
2660 823 2687 850 «
2721 799 3058 873 Spiritualis
3115 819 3248 856 vero
3304 801 3488 858 virtus
3529 803 3909 867 sacramenti

2238 887 2320 942 ita
2348 892 2436 944 est
2466 893 2530 944 ut
2560 888 2678 956 lux,
2711 906 2838 962 quae
2869 893 2926 944 et
2954 891 3026 945 ab
3058 889 3464 946 illuminandis
3493 907 3641 962 pura
3669 891 3908 963 excipi-

2238 980 2354 1043 tur,
2387 982 2463 1043 et,
2497 977 2545 1032 si
2578 995 2680 1050 per
2710 977 3015 1034 immunda
3045 982 3325 1045 transeat,
3363 995 3476 1034 non
3521 979 3903 1052 inquinatur.

2236 1065 2391 1130 Quos
2419 1065 2674 1139 baptizat
2729 1067 3016 1136 ebriosus,
3071 1085 3217 1140 quos
3262 1067 3517 1140 baptizat
3566 1068 3902 1136 homicida,

2238 1172 2384 1228 quos
2400 1155 2656 1228 baptizat
2683 1156 2928 1224 adulter,
2951 1156 3218 1213 Christus
3243 1156 3516 1230 baptizat.
3538 1180 3565 1207 »
3585 1159 3652 1213 Et
3681 1161 3904 1222 cetera

2236 1243 2598 1314 hujusmodi.
2631 1247 2901 1300 Attamen
2933 1246 3268 1302 decessores
3299 1245 3485 1301 nostri
3525 1245 3801 1302 Nicotaus
3835 1251 3904 1302 et

2236 1331 2548 1404 Gregorius
2579 1348 2612 1387 a
2641 1333 2840 1388 missis
2870 1333 3262 1401 sacerdotum,
3295 1349 3446 1404 quos
3487 1331 3636 1388 tales
3687 1349 3906 1389 revera

2235 1437 2364 1476 esse
2393 1421 2740 1488 constiterit,
2784 1421 2986 1476 ﬁdeles
3037 1421 3328 1477 abstinere
3377 1421 3781 1492 decreverunt,
3825 1428 3902 1477 ut

2235 1514 2292 1566 et
2323 1510 2596 1583 peccandi
2626 1509 2920 1566 licentiam
2953 1511 3174 1566 caeteris
3206 1509 3522 1576 auferrent,
3565 1513 3623 1566 et
3671 1509 3896 1581 hujus-

2235 1599 2394 1654 modi
2439 1600 2511 1654 ad
2569 1599 2758 1671 dignae
2807 1597 3158 1670 pmnitentize
3213 1597 3472 1654 lamenta
3527 1604 3894 1654 revocarent.

2235 1689 2481 1761 Scripsit
2507 1689 2618 1744 hoc
2647 1689 3040 1760 predecessor
3070 1673 3612 1760 noster‘Gregorius
3664 1685 3893 1742 Rodul-

2233 1775 2349 1848 pho
2379 1781 2435 1832 et
2465 1776 2774 1835 Bertholdo
2806 1777 3057 1832 ducibus
3087 1776 3240 1832 inter
3277 1779 3482 1831 castera
3527 1775 3895 1848 (GREGOBIUS

2233 1865 2353 1933 Vll,
2385 1865 2488 1920 lib.
2521 1883 2583 1932 ιι,
2617 1865 2790 1938 epist.
2823 1866 2912 1938 45)
2940 1883 2952 1920 :
3009 1887 3035 1915 «
3070 1865 3341 1921 Ofﬁcium
3391 1864 3892 1931 Simoniaeorum,

2235 1959 2290 2010 et
2318 1955 2377 2010 in
2410 1953 2788 2010 fornicatione
2831 1954 3156 2026 jacentium
3207 1953 3457 2009 scientes
3514 1951 3677 2009 nullo
3707 1953 3893 2009 modo

2233 2045 2546 2116 recipiatis,
2625 2048 2682 2100 et
2736 2048 3024 2116 quantum
3100 2043 3364 2116 potestis,
3443 2041 3592 2098 tales
3661 2043 3894 2100 sanctis

2233 2133 2520 2190 deservire
2569 2133 2865 2206 mysteriis
2888 2133 2962 2199 vi,
2995 2131 3044 2188 si
3075 2131 3415 2204 oportuerit,
3447 2129 3832 2204 prohibeatis,
3857 2151 3889 2182 ι

2229 2227 2339 2278 etc.

2305 2313 2478 2368 Porro
2513 2311 2584 2367 ad
2617 2311 2736 2366 haec
2767 2327 2893 2383 quae
2925 2309 3032 2366 tibi
3054 2308 3410 2384 syllogistice
3431 2307 3491 2363 in
3520 2309 3724 2365 eadem
3756 2309 3893 2381 epi-

2231 2401 2383 2458 stola
2411 2399 2788 2472 objiciuntur,
2803 2399 2860 2454 id
2882 2403 2991 2465 est,
3027 2397 3075 2454 si
3094 2415 3306 2472 corpus
3321 2400 3378 2453 et
3394 2396 3641 2470 sanguis
3665 2396 3890 2453 Christi

2231 2508 2346 2548 non
2391 2493 2549 2556 sunt,
2579 2493 2638 2546 et
2667 2487 2784 2545 alia
2814 2505 2942 2560 qua:
2990 2487 3390 2560 praediximus,
3442 2485 3716 2557 proprias
3764 2502 3894 2542 non

2229 2581 2448 2637 habent
2475 2578 2710 2634 virtutis
2741 2577 3076 2650 dignitates,
3100 2575 3242 2648 quid
3277 2573 3587 2648 agentibus
3617 2573 3848 2631 obsunt
3874 2593 3887 2641 ;

2229 2669 2384 2742 quod
2416 2667 2464 2724 si
2483 2667 2720 2735 habent,
2753 2683 2857 2721 cur
2877 2669 3252 2738 spernuntur,
3287 2663 3475 2720 sicubi
3509 2663 3582 2719 ab
3633 2663 3890 2736 indigno

2228 2759 2694 2832 praesumuntur?
2723 2756 2807 2812 Ad
2839 2754 2980 2824 haec,
3014 2754 3278 2825 inquam,
3310 2752 3393 2807 ita
3423 2752 3882 2825 respondemus:

2229 2847 2501 2920 Pr0prias
2531 2845 2766 2918 quidem
2799 2843 3015 2899 habent
3035 2841 3267 2898 virtutis
3287 2840 3624 2914 dignitates,
3649 2846 3718 2897 ut
3737 2859 3888 2914 prae-

2229 2937 2384 2990 fatus
2405 2933 2768 3006 Augustinus
2797 2932 2878 2988 ait
2907 2948 3085 3005 super
3113 2931 3401 2988 Joannem
3433 2933 3636 2986 contra
3686 2930 3885 2986 Dona-

2227 3025 2419 3092 tistas,
2453 3025 2553 3080 sed
2587 3023 2896 3094 agentibus
2926 3021 3014 3078 vel
3047 3019 3506 3092 suscipientibus
3537 3019 3744 3075 eadem
3787 3037 3884 3075 sa-

2227 3117 2528 3170 cramenta
2557 3118 2760 3168 contra
2789 3111 3160 3184 prmfatorum
3192 3108 3536 3180 pontiﬁcum
3585 3108 3882 3176 instituta,

2231 3204 2343 3274 (52)
2377 3201 2488 3258 nisi
2523 3203 2666 3258 forte
2697 3199 2822 3256 sola
2853 3203 3040 3254 morte
3079 3197 3522 3264 interveniente,
3577 3200 3779 3269 utpote
3812 3213 3886 3252 ne

473 3262 684 3364 (Matth.
719 3290 792 3362 v),
823 3262 1056 3346 cumveo
1075 3287 1177 3359 qui
1207 3262 2117 3359 teangariaveritunovmilliario,
2149 3262 2193 3330 δ
2231 3262 2358 3348 sine
2389 3291 2740 3363 baptismate
2773 3289 2859 3344 vel
2893 3287 3304 3344 communione
3326 3262 3572 3357 quilibet
3599 3262 3886 3342 humanis

472 3379 591 3438 alia
621 3380 738 3436 duo
769 3375 1074 3434 ambulare
1102 3375 1335 3442 debere,
1366 3375 1672 3431 etredderc
1695 3392 1822 3448 quae
1853 3374 2120 3430 suntCae-

473 3469 624 3527 saris
653 3466 886 3535 Caesari,
920 3470 978 3522 et
1008 3481 1135 3537 qua:
1158 3467 1298 3520 sunt
1328 3463 1428 3520 Dei
1475 3464 1611 3520 Deo.
1666 3464 1805 3520 Item
1838 3463 2116 3539 Hierony-

473 3575 608 3616 mus
637 3573 814 3630 super
843 3553 1091 3629 epistola
1107 3553 1180 3609 ad
1210 3551 1613 3625 Pbilippenses
1639 3571 1651 3609 :
1686 3576 1713 3604 «
1749 3553 1809 3608 Si
1841 3553 2117 3610 dominus

470 3666 541 3706 ea
562 3649 735 3721 jubet
759 3662 887 3718 quae
920 3659 1034 3699 non
1065 3647 1204 3698 sunt
1232 3643 1474 3698 adversa
1511 3642 1830 3714 Scripturis
1873 3644 2114 3712 sanctis,

471 3737 820 3810 subjiciatur
846 3733 1086 3790 domino
1113 3747 1352 3800 servus;
1387 3730 1437 3786 si
1467 3747 1600 3787 vero
1629 3731 1926 3787 contraria
1974 3749 2116 3803 pre:-

471 3821 830 3900 cipit,magis
841 3821 1076 3878 obediat
1085 3819 1328 3893 spiritus
1341 3835 1518 3892 quam
1544 3820 1806 3891 corporis
1821 3819 2079 3886 domino,
2090 3843 2116 3868 υ

472 3918 531 3972 et
550 3914 740 3970 infra:
773 3934 803 3962 ‹‹
834 3910 894 3967 Si
924 3911 1145 3966 bonum
1177 3914 1265 3966 est
1294 3908 1448 3982 quod
1479 3907 1741 3980 praecipit
1782 3907 2115 3980 imperator,

464 4002 731 4078 jubentis
785 4015 1099 4073 exsequere
1145 3997 1544 4066 voluntatem;
1605 3997 1654 4052 si
1713 3995 1958 4066 malum,
2025 4015 2118 4052 re-

473 4092 798 4167 spondere:
829 4089 1060 4150 Obedire
1087 4091 1290 4162 oportet
1319 4087 1424 4142 Deo
1455 4087 1632 4158 magis
1661 4101 1827 4156 quam
1873 4087 2118 4140 homini-

477 4184 574 4239 bus
604 4182 738 4254 (Act.
769 4181 846 4254 v).
881 4202 910 4230 »

543 4273 629 4329 Ad
659 4271 770 4328 hoc
797 4285 930 4326 vero
962 4267 1116 4341 quod
1139 4263 1518 4336 subjungitur
1539 4264 1597 4318 in
1628 4262 1832 4318 eadem
1853 4261 2118 4336 epistola,

475 4363 534 4420 id
564 4367 684 4419 est:
716 4359 925 4417 Utrum
953 4357 1032 4414 sit
1061 4355 1343 4412 utendum
1389 4350 1855 4408 ordinationibus
1903 4356 1959 4408 et
1987 4352 2119 4408 reli-

475 4453 610 4528 quis
658 4446 1063 4517 sacramentis,
1123 4461 1158 4499 a
1188 4440 1520 4498 criminosis
1578 4439 1872 4509 exhibitis,
1935 4446 2000 4498 ut
2047 4442 2121 4498 ab

475 4538 782 4609 adulteris,
839 4535 927 4593 vel
984 4528 1520 4592 sanctimonialium
1577 4527 1974 4597 violatoribus,
2032 4529 2121 4586 vel

2229 3382 2406 3438 rebus
2438 3380 2710 3436 excedat:
2744 3377 2850 3446 eis,
2875 3376 3142 3449 inquam,
3176 3375 3237 3430 in
3263 3377 3495 3430 tantum
3526 3375 3768 3441 obsunt,
3817 3380 3882 3430 ut

2227 3471 2343 3527 veri
2371 3467 2690 3525 idololatria
2721 3466 2858 3534 sint,
2892 3482 3026 3522 cum
3049 3464 3265 3520 talibus
3282 3465 3338 3520 et
3361 3462 3806 3520 ordinationum
3825 3468 3887 3520 et

2228 3563 2729 3616 sacramentorum
2761 3555 3062 3620 confectio,
3095 3557 3152 3610 et
3181 3553 3350 3608 aliter
3379 3569 3560 3624 quam
3608 3553 3882 3624 prtemis-

2227 3665 2360 3706 sum
2387 3651 2477 3704 est
2505 3647 2755 3702 scienter
2779 3643 3092 3716 susceptio,
3153 3641 3527 3698 vehementer
3565 3658 3601 3696 a
3659 3642 3884 3698 sanctis

2227 3735 2548 3794 canonibus
2581 3733 2975 3806 prohibeatur.
3035 3730 3129 3786 Ait
3159 3745 3412 3802 namque
3470 3728 3709 3786 Samuel
3755 3747 3885 3803 pro-

2229 3825 2439 3897 pheta:
2473 3823 2745 3892 Quoniam
2767 3822 3051 3892 peccatum
3084 3817 3405 3874 hariolandi
3432 3826 3512 3873 est
3543 3835 3880 3891 repugnare,

2226 3923 2277 3970 et
2329 3914 2490 3986 quasi
2541 3913 2716 3966 scelus
2769 3909 3048 3966 idolatria
3074 3908 3194 3964 noli
3247 3907 3586 3978 acquiescere
3643 3907 3692 3979 (ι
3745 3909 3881 3978 Reg.

2226 4004 2342 4074 xv).
2377 4003 2502 4056 llaec
2531 3999 2603 4056 de
2649 3997 2824 4055 malis
2872 3995 3174 4054 catholicis
3203 3995 3304 4067 qui
3347 3995 3504 4052 intra
3555 3995 3884 4052 Ecclesiam

2228 4094 2386 4146 sunt.
2415 4091 2696 4146 Caeterum
2727 4083 3241 4142 schismaticorum
3271 4089 3330 4140 et
3360 4082 3770 4140 haereticorum
3794 4101 3888 4140 sa-

2229 4181 2544 4244 cramenta,
2577 4175 2856 4248 quoniam
2881 4177 3044 4230 extra
3060 4172 3379 4230 Ecclesium
3402 4177 3544 4228 sunt
3563 4173 3739 4245 juxta
3759 4191 3894 4230 san-

2230 4272 2456 4324 ctorum
2488 4265 2723 4321 Patrum
2755 4261 3362 4329 traditiones,scilicet
3390 4261 3632 4336 Pelagii,
3667 4262 3896 4336 Grego-

2231 4355 2321 4425 rii,
2348 4353 2646 4428 Cypriani,
2659 4350 2993 4425 Augustini,
3008 4349 3364 4423 Hieronymi,
3379 4350 3634 4407 formam-
3649 4349 3894 4422 quidem

2230 4447 2750 4507 sacramentorum,
2775 4457 2890 4496 non
2909 4445 3102 4494 autem
3123 4438 3355 4494 virtutis
3369 4439 3644 4496 effectum
3675 4438 3900 4494 habere

2232 4535 2594 4607 proﬁtemur,
2627 4529 2742 4586 nisi
2774 4545 2908 4584 cum
2938 4527 3072 4601 ipsi,
3105 4527 3191 4584 vel
3241 4544 3445 4585 eorum
3483 4527 3895 4584 sacramentis

475 4625 851 4702 bujusmodi?
879 4625 952 4681 ad
981 4623 1112 4691 hoc,
1145 4621 1411 4692 inquam,
1445 4617 1529 4674 ita
1573 4619 2030 4690 respondemus:
2063 4619 2121 4675 Si
2149 4635 2198 4702 Ι)
2229 4621 2464 4690 initiati,
2497 4637 2599 4694 per
2629 4617 3338 4690 manusimposititionem
3355 4614 3792 4699 adcatholicam
3807 4633 3928 4676 ωσι

474 4719 793 4777 schismate
816 4712 906 4770 vel
951 4710 1156 4768 haeresi
1181 4710 1253 4766 ab
1307 4706 1565 4764 Ecclesia
1607 4723 1723 4764 non
1755 4713 2118 4780 separantur,

473 4805 816 4866 eorumdem
845 4799 1263 4867 ordinationes,
1278 4801 1337 4854 et
1366 4795 1591 4869 reliqua
1614 4803 1978 4855 sacramenta
1993 4815 2126 4854 san-

425 4922 432 4928 η
474 4901 570 4956 cta
595 4899 654 4954 et
681 4891 1010 4952 veneranda
1039 4905 1154 4945 non
1177 4901 1485 4960 negamus,
1527 4889 1835 4959 sequentes
1885 4888 2122 4944 beatum

475 4984 897 5060 Augustinum,
931 4977 1032 5050 qui
1053 4975 1526 5048 superJoannem
1547 4976 1618 5032 de
1649 4975 2122 5048 hujusmoditam

477 5075 710 5148 copiose
741 5085 920 5142 quam
945 5066 1226 5122 veraciter
1254 5065 1549 5121 disseruit.
1590 5065 1685 5120 Ait
1722 5066 1916 5121 enim:
1953 5089 1978 5116 ‹‹
2016 5067 2122 5122 Ba-

477 5164 656 5240 ptizet
685 5171 890 5218 servus
921 5156 1136 5225 bonus,
1169 5153 1289 5211 sive
1320 5170 1520 5210 servus
1568 5153 1781 5223 malus,
1819 5172 1932 5210 non
1977 5155 2126 5210 sciat

479 5270 542 5312 se
572 5251 670 5308 ille
695 5248 797 5324 qui
827 5242 1156 5318 baptizatur
1185 5243 1464 5318 baptizari
1495 5245 1566 5300 ab
1599 5261 1664 5300 eo
1713 5243 1812 5316 qui
1865 5260 1978 5298 non
2011 5244 2125 5300 sibi

479 5341 674 5400 renuit
726 5331 1063 5409 baptizandi
1122 5337 1508 5405 potestatem;
1545 5355 1572 5382 ››
1631 5337 1689 5388 et
1749 5331 1918 5403 paulo
1950 5335 2118 5403 ροδιε

477 5455 506 5483 ‹‹
542 5431 667 5488 Non
684 5425 922 5486 horreat
937 5419 1204 5479 columba
1219 5421 1610 5479 ministerium
1629 5418 1918 5475 malorum
1941 5419 2122 5493 respi-

477 5521 594 5578 ciat
623 5513 854 5577 Domini
871 5513 1234 5584 potestatem.
1250 5511 1310 5569 Si
1327 5511 1501 5567 fuerit
1512 5508 1802 5581 superbus
1833 5508 2122 5573 minister.

547 5627 663 5698 (52),
690 5623 814 5682 Nisi
873 5617 934 5673 in
991 5633 1128 5698 casu
1189 5615 1558 5698 necessitatis
1587 5638 1614 5664 «
1645 5614 1752 5681 Qui
1796 5631 1830 5670 a
1887 5615 2124 5698 praeciso

476 5687 694 5768 accepit
750 5694 1192 5752 sacramentum
1250 5693 1411 5744 extra
1476 5703 1678 5742 casum
1737 5687 2122 5754 necessitatis,

2233 4711 2446 4768 dierint
2471 4709 2777 4766 unitatem.

2302 4798 2613 4855 Sciendum
2645 4813 2777 4853 vero
2825 4800 2914 4852 est
2959 4796 3115 4880 quod
3157 4811 3410 4852 canones
3461 4791 3892 4867 apostolorum,

2233 4905 2485 4962 quorum
2516 4885 2864 4943 auctoritate
2895 4883 3205 4942 Orientalis
3235 4888 3294 4940 et
3322 4901 3392 4940 ex
3419 4886 3586 4956 parte
3612 4881 3896 4938 'Romana

2233 4977 2436 5034 unitur
2464 4974 2741 5043 Ecclesia,
2793 4978 2851 5031 et
2877 4973 3129 5047 insignis
3177 4977 3402 5044 martyr
3447 4970 3800 5044 Cyprianus,
3833 4973 3893 5027 et

2232 5064 2528 5138 octoginta
2557 5064 2813 5138 episcopi
2834 5079 2970 5119 cum
2983 5063 3186 5119 eodem
3201 5061 3566 5135 baptismum
3583 5058 3894 5116 haeretico-

2223 5164 2362 5210 rum
2385 5154 2682 5210 lavacrum
2711 5151 2928 5208 diaboli
2959 5151 3280 5224 appellant.
3315 5149 3652 5223 Stephanus
3678 5165 3818 5204 vero
3836 5153 3895 5204 et

2233 5243 2536 5299 Cornelius
2569 5247 2850 5312 martyres
2880 5244 2938 5296 et
2969 5241 3272 5312 pontiﬁces
3303 5237 3572 5306 Romani,
3624 5243 3684 5292 et
3711 5253 3892 5292 vene-

2234 5330 2437 5387 rabilis
2467 5330 2834 5399 Augustinus
2863 5328 2920 5384 in
2954 5329 3102 5385 libro
3127 5334 3204 5384 De
3229 5327 3583 5400 baptismate
3612 5325 3896 5382 eumdem

2233 5418 2609 5491 Cyprianum,
2641 5421 2698 5472 et
2727 5417 2996 5488 praefatos
3025 5417 3332 5490 episcopos
3353 5416 3506 5472 hanc
3539 5415 3615 5470 ob
3645 5428 3890 5470 causam

2233 5505 2604 5562 vehementer
2656 5505 3036 5579 redarguunt,
3092 5505 3461 5561 afﬁrmantes
3521 5502 3890 5576 baptismum

2180 5621 2186 5626 '
2237 5614 2454 5683 peccat,
2487 5627 2600 5683 non
2631 5610 2770 5666 item
2795 5611 2895 5683 qui
2927 5628 2961 5667 a
2989 5611 3160 5667 malo.
3194 5634 3222 5662 »
3266 5607 3480 5682 (Tuom,
3515 5627 3594 5682 p.‘
3617 5626 3698 5677 In,
3743 5612 3801 5680 q.
3835 5610 3890 5671 6,

2242 5681 2350 5737 art.
2383 5682 2418 5734 6
2451 5681 2522 5736 ad
2553 5683 2625 5747 2;
2652 5685 2706 5736 et
2737 5697 2792 5751 q.
2825 5682 2860 5735 6
2886 5683 2944 5750 7,
2977 5688 3085 5738 art.
3118 5683 3196 5752 2.)
