3928 6208
137 397 255 465 333

1317 396 1725 467 EPISTOLJE
1764 398 1867 464 ET
1910 399 2374 467 PRIVILEGIA.

3429 386 3546 459 534

138 530 626 594 siveabhmretico
658 532 777 594 sive
808 533 1183 595 schismatico
1207 535 1603 594 ecclesiastico
1627 551 1788 593 more
1817 537 1869 604 Α
1902 536 2212 609 iniquitate
2234 538 2564 611 cognoscat,
2597 539 2774 610 atque
2803 547 2837 594 a
2878 531 3280 594 sacratissimo
3309 545 3548 607 corpore

139 624 493 685 celebratum
551 629 743 682 ratum
793 643 960 696 esse;
994 631 1051 683 et
1098 626 1326 694 merito,
1377 626 1515 699 quia
1569 624 1683 682 alia
1729 627 1786 681 in

138 712 454 786 baptismo,
483 717 541 769 et
561 712 677 769 alia
695 713 756 769 in
778 714 1025 786 reliquis
1048 713 1432 772 sacramentis
1453 714 1789 771 considera-

137 801 217 858 tio
244 806 362 858 est:
387 802 607 875 quippe
642 819 777 859 cum
826 808 883 859 et
912 804 1115 859 ordine
1155 803 1313 875 prior
1342 807 1398 858 et
1427 804 1789 858 necessarior

139 891 252 958 sit;
282 892 478 948 subito
503 891 662 947 enim
685 892 971 948 morituro
1002 893 1168 965 prius
1200 891 1574 963 baptismate,
1609 908 1787 963 quam

138 979 424 1037 Dominici
447 979 705 1051 corporis
718 982 1127 1037 communione
1139 980 1228 1037 vel
1255 980 1387 1037 aliis
1405 980 1788 1037 sacramentis

138 1068 480 1125 consulitur.
514 1069 585 1124 Et
613 1069 754 1126 dum
784 1070 937 1126 forte
966 1068 1291 1126 catholicus
1321 1086 1437 1125 non
1467 1068 1783 1134 invenitur,

140 1156 327 1215 satius
346 1161 438 1213 est
478 1158 551 1213 ab
582 1157 854 1214 heretico
900 1157 1180 1231 baptismi
1219 1160 1654 1214 sacramentum
1686 1174 1785 1213 su-

140 1262 296 1302 mere
325 1263 503 1319 quam
535 1246 597 1302 in
643 1250 926 1317 aeternum
976 1247 1184 1321 perire.
1236 1248 1307 1302 Et
1353 1247 1506 1302 hanc
1555 1250 1786 1302 senten-

138 1335 281 1392 tiam
313 1335 785 1408 prmscriptorum
818 1336 1160 1409 pontiﬁcum
1192 1333 1787 1407 Cornelii,Stephani,

135 1429 193 1480 et
245 1423 580 1497 Augustini,
630 1424 816 1480 secuti
871 1429 1010 1480 sunt
1064 1423 1455 1491 Innocentius,
1518 1422 1786 1489 Siricius,

138 1512 271 1579 Leo,
302 1512 651 1568 Anastasius
693 1516 753 1569 et
808 1529 1061 1586 magnus
1115 1512 1455 1585 Gregorius,
1489 1516 1549 1568 et
1595 1511 1789 1568 omnis

136 1599 396 1657 Ecclesia
448 1599 755 1657 catholica.
815 1602 887 1657 Et
931 1601 1210 1674 quoniam
1267 1600 1598 1673 epistolaris
1657 1601 1788 1656 bre-

137 1690 289 1745 vitas
345 1689 667 1761 propositis
724 1690 831 1745 tibi
892 1690 1319 1763 questionibus
1367 1689 1614 1745 fortasse
1673 1705 1789 1745 non

139 1778 379 1843 sufficit,
418 1778 781 1836 eorumdem,
819 1779 1209 1834 temeritatem
1270 1779 1342 1833 ad
1394 1779 1593 1833 sedem
1651 1794 1788 1849 apo-

139 1865 408 1923 stolicam
455 1864 866 1923 instruendam
918 1867 1104 1935 mitte,
1152 1870 1273 1933 aut,
1316 1867 1488 1938 juxta
1542 1870 1789 1938 Aposto-

137 1954 286 2025 lum,
318 1955 488 2011 veluti
514 1970 671 2013 sanae
713 1956 975 2012 dortrinw
1018 1956 1394 2012 adversarium
1440 1963 1560 2027 post
1601 1971 1791 2011 secun-

136 2043 267 2099 dum
307 2046 357 2099 et
415 2046 635 2100 tertiam
689 2048 1084 2117 correptionem
1138 2044 1320 2100 devita
1377 2045 1498 2116 (Tit.
1546 2046 1652 2116 ιιι).
1702 2044 1791 2099 Tu

134 2149 272 2188 vero
303 2136 427 2188 esto
457 2132 649 2188 ﬁdelis
681 2150 869 2205 usque
900 2133 972 2190 ad
1004 2137 1274 2200 mortem,
1308 2136 1373 2187 ut
1398 2132 1684 2204 percipias
1706 2148 1793 2187 co-

142 2237 350 2277 ronam
380 2221 530 2277 vitae.

213 2310 357 2365 Data
390 2310 603 2366 Romae.

806 2425 1132 2482 CCLXXIV.

141 2512 396 2585 Urbanus
424 2514 667 2570 ecclesia
693 2512 747 2568 S.
783 2514 1085 2577 Trinitatis.
1118 2516 1177 2570 in
1228 2516 1339 2570 loco
1373 2516 1469 2585 qui
1493 2516 1637 2570 Pons
1668 2513 1793 2569 Gui-

205 2584 383 2639 nizelt
414 2586 646 2657 dicitur,
677 2586 971 2657 privilegia
1021 2587 1277 2647 instituit.
1311 2584 1397 2641 ea
1435 2587 1551 2655 lege
1602 2595 1663 2641 ut
1689 2587 1793 2641 cle-

209 2657 317 2710 rici
346 2678 375 2703 «
407 2655 822 2711 Mediolanensis
854 2655 1079 2713 monetae
1125 2674 1376 2712 nummos
1417 2674 1513 2712 sea:
1561 2665 1794 2728 quatuor

208 2727 376 2781 annis
404 2728 765 2782 Lateranensi
787 2730 1001 2800 palatio
1026 2730 1360 2801 persolvant.
1400 2752 1427 2777 ››

625 2816 809 2885 (Intra
837 2833 932 2870 an.
968 2816 1322 2888 4088-4099.)

359 2903 719 2974 [Mnasroan
753 2904 872 2958 Rer.
910 2905 1032 2959 Ιιαι.
1077 2904 1296 2976 Script,
1330 2908 1399 2972 V,
1430 2905 1577 2977 479.]

213 3018 501 3075 Unnmvs
530 3015 860 3089 episcOpus,
896 3035 1097 3075 servus
1127 3036 1426 3076 servorum
1457 3020 1794 3087 Dei,dilecto

141 3106 265 3162 ﬁlio
302 3110 620 3173 LIPMNDO,
655 3108 764 3160 etc.

210 3191 551 3250 Statuimus
581 3192 884 3249 ecclesiam
919 3194 1081 3249 illam
1114 3213 1245 3252 cum
1281 3197 1573 3268 praediolo.
1602 3198 1658 3251 in
1678 3215 1794 3269 quo

139 3284 392 3339 fundata
420 3286 511 3337 est
545 3325 557 3336 .
605 3323 618 3336 .
665 3323 676 3336 .
710 3282 798 3338 vel
830 3299 933 3353 per
953 3283 1098 3339 alios
1135 3284 1335 3341 ﬁdeles
1383 3286 1500 3340 illic
1548 3286 1794 3341 Domino
1824 3269 1868 3334 (ἶ

138 3370 428 3444 largiente
450 3369 663 3427 collata
692 3370 929 3438 fuerint,
964 3373 1035 3427 ab
1069 3373 1229 3428 omni
1270 3373 1534 3429 saeculari
1563 3374 1797 3445 opposi-

137 3460 301 3515 tione
323 3460 584 3531 quietam
606 3464 885 3533 perpetuo
915 3477 1173 3527 manere,
1193 3466 1250 3516 et
1276 3461 1540 3517 liberam.
1563 3461 1798 3517 Clericis

137 3565 277 3604 vero
325 3547 406 3602 ibi
452 3548 695 3604 victuris
749 3548 976 3604 vivendi
1028 3550 1374 3621 regulariter
1421 3550 1799 3609 concedimus

141 3637 506 3703 facultatem,
539 3654 755 3710 eosque
786 3638 1161 3694 decernimus
1190 3644 1309 3694 tam
1347 3638 1613 3711 proprias
1644 3639 1798 3694 ordi-

142 3725 439 3792 nationes,
473 3741 650 3797 quam
683 3726 957 3781 altarium
991 3730 1047 3782 et
1085 3727 1464 3782 ecclesiarum
1497 3744 1801 3782 consecra-

141 3814 361 3878 tiones,
395 3818 855 3887 caeterorumque
892 3816 1046 3870 dona
1075 3820 1577 3872 sacramentorum
1626 3834 1661 3870 a
1691 3816 1803 3871 Me-

147 3900 483 3957 diolanensi
519 3901 955 3975 archiepiscopo
1006 3904 1325 3976 suscipere,
1358 3904 1405 3960 si
1440 3903 1675 3976 quidem
1708 3920 1802 3959 ca-

145 3989 408 4046 tholicus
445 3989 703 4057 fuerit,et
723 3992 1194 4048 communionem
1219 4009 1285 4047 ac
1306 3992 1549 4065 gratiam
1579 3996 1805 4063 aposto-

146 4078 277 4135 licae
299 4078 458 4133 sedis
481 4078 771 4147 habuerit,
805 4084 862 4134 et
892 4080 941 4135 si
973 4096 1040 4135 ea
1071 4079 1253 4153 gratis
1284 4085 1341 4135 et
1371 4097 1485 4136 non
1520 4080 1805 4153 pravitate

146 4166 497 4232 indulserit,
532 4166 678 4222 alias
708 4172 903 4223 autem
954 4168 1202 4223 liberum
1246 4169 1332 4223 eis
1387 4168 1697 4224 arbitrium
1730 4168 1808 4224 sit

146 4258 524 4312 sacramenta
546 4255 750 4310 eadem
774 4254 1072 4326 suscipere
1094 4274 1127 4309 a
1149 4272 1500 4328 quocunque
1518 4256 1809 4312 voluerint

146 4332 443 4400 catholico
474 4343 767 4415 episcopo.
802 4343 1181 4398 Decernimus
1218 4360 1353 4416 ergo
1385 4350 1450 4399 ut
1481 4361 1668 4417 neque
1699 4345 1811 4400 Me-

148 4430 483 4488 diolanensi
542 4430 1003 4504 archiepiscopo,
1027 4447 1218 4503 neque
1267 4430 1440 4487 alicui
1486 4432 1808 4488 viventium

153 4519 333 4576 liceat
358 4519 625 4575 eamdem
671 4518 1001 4585 ecclesiam,
1035 4523 1092 4573 et
1148 4519 1357 4575 fratres
1388 4520 1489 4592 qui
1545 4520 1667 4575 illic
1695 4522 1812 4577 Deo

149 4606 487 4670 servierint.
518 4608 781 4679 quolibet
803 4606 1130 4663 occasionis
1157 4609 1303 4680 jugo
1325 4608 1672 4680 deprimere.
1709 4614 1811 4665 aut
1847 4632 1890 4696 ο

150 4696 315 4752 bona
343 4712 545 4751 eorum
578 4695 904 4752 distrahere
934 4701 991 4752 et
1008 4695 1133 4751 suis
1157 4697 1363 4752 usibus
1384 4695 1699 4768 applicare,
1722 4695 1811 4753 vel

149 4783 491 4841 temerariis
507 4784 910 4841 vexationibus
936 4785 1199 4858 fatigare,
1230 4785 1329 4841 sed
1362 4785 1561 4840 omnia
1590 4784 1814 4857 integre

152 4876 582 4929 conserventur
600 4872 785 4941 vobis,
819 4878 875 4928 et
906 4874 1349 4930 successoribus
1388 4874 1596 4930 vestris
1625 4874 1814 4929 omni-

153 4959 357 5015 modis
374 4959 701 5031 profutura,
736 4960 898 5017 salva
925 4962 1191 5033 ejusdem
1239 4961 1691 5018 Mediolanensis
1722 4979 1814 5017 ar-

151 5046 519 5119 chiepiscOpi
541 5047 825 5105 catholica
842 5051 1183 5107 reverentia.
1198 5049 1283 5105 Ad
1319 5050 1603 5105 indicium
1621 5055 1817 5107 autem

152 5135 346 5208 hujus
363 5136 993 5209 perceptaalibertatisa
1022 5140 1287 5195 Romana
1312 5138 1569 5195 Ecclesia
1600 5139 1817 5195 Medio-

156 5223 429 5280 lanensis
460 5230 704 5281 moneta:
737 5244 1014 5284 nummos
1045 5244 1149 5284 sex
1181 5232 1432 5299 quatuor
1460 5227 1632 5282 annis
1653 5228 1819 5284 Late-

161 5312 405 5369 ranensi
430 5312 646 5384 palatio
698 5315 1116 5386 persolveritis.
1153 5317 1212 5372 Si
1246 5333 1362 5388 qua
1391 5315 1571 5389 igitur
1598 5317 1658 5371 in
1691 5334 1821 5373 cra-

162 5399 397 5456 stinum
454 5398 854 5459 ecclesiastica
908 5405 1275 5461 secularisve
1326 5420 1595 5477 persona,
1641 5405 1821 5475 hujus

161 5488 387 5545 decreti
418 5488 694 5561 paginam
727 5490 941 5558 sciens,
971 5496 1175 5548 contra
1205 5508 1334 5547 eam
1380 5496 1597 5548 temere
1626 5494 1823 5550 venire

162 5576 504 5647 tentaverit,
538 5579 846 5650 potestatis
888 5580 1247 5651 honorisque
1293 5579 1578 5651 dignitate
1608 5586 1822 5649 careat,

1894 629 1952 682 et
1996 626 2283 699 sanguine
2327 626 2537 682 Christi
2570 626 2669 683 Dei
2723 643 2788 682 ac
2851 625 3076 682 Domini
3142 621 3548 695 Redemptoris

1896 715 2080 770 nostri
2134 719 2274 771 Jesu
2331 715 2548 771 Christi
2627 714 2818 771 aliena
2874 715 2999 779 ﬁat,
3055 717 3112 768 et
3172 713 3232 767 in
3291 715 3547 767 extremo

1895 805 2159 861 examine
2183 803 2459 859 districta:
2482 803 2691 859 ultioni
2735 804 3056 875 subjaceat.
3082 800 3318 856 Cunctis
3351 803 3548 855 autem

1896 893 2086 949 eidem
2118 892 2242 948 loco
2265 893 2431 964 justa
2454 893 2843 948 servientibus
2873 891 2950 947 sit
2971 908 3082 963 pax
3106 888 3333 946 Domini
3359 887 3550 944 nostri

1895 982 2035 1038 Jesu
2067 981 2301 1046 Christi,
2327 986 2617 1054 quatenus
2645 985 2702 1036 et
2731 981 2828 1036 hic
2860 981 3086 1036 fructus
3107 980 3271 1035 bona;
3304 976 3551 1033 actionis

1896 1071 2240 1144 percipiant,
2273 1075 2330 1126 et
2386 1071 2540 1141 apud
2599 1070 2938 1126 districtum
2982 1069 3245 1141 judicem
3303 1065 3552 1139 praemia

1898 1164 2123 1215 internas
2167 1159 2328 1231 pacis
2358 1158 2678 1214 inveniant.
2703 1163 2907 1214 Amen.

2573 1274 2870 1330 CCLXXV.

1901 1363 2147 1421 Urbanus
2170 1380 2321 1435 papa
2370 1364 2427 1418 in
2491 1363 2722 1435 epistola
2758 1363 2827 1418 ad
2874 1363 3143 1435 populum
3189 1361 3242 1416 S.
3284 1360 3550 1415 l’inccnlii

2294 1434 2673 1491 Vulturnensis
2696 1436 2863 1505 juxta
2892 1434 3150 1505 capuam.

2369 1523 2548 1595 (Intra
2580 1540 2674 1578 an.
2709 1522 3067 1593 1088-4099.)

2318 1613 2552 1684 [MANSI,
2587 1610 2791 1666 Concil.
2827 1611 2945 1677 XX,
2975 1610 3129 1679 714.)

1968 1702 2025 1757 Si
2057 1701 2303 1758 adulteri
2334 1701 2417 1756 vel
2442 1699 2586 1756 alias
2609 1699 2907 1755 criminosi
2934 1697 3139 1753 haeresi
3158 1695 3244 1752 vel
3266 1695 3551 1752 schisma-

1897 1795 1975 1857 te,
1997 1791 2054 1846 id
2079 1795 2167 1847 est
2184 1790 2523 1863 praecisione
2542 1789 2631 1845 vel
2653 1788 3018 1861 depositione
3050 1787 3122 1842 ab
3143 1784 3403 1841 Ecclesia
3432 1801 3547 1839 non

1900 1882 2643 1954 separantur,sacramenta
2664 1894 2865 1933 eorum
2881 1880 3087 1932 sancta
3098 1891 3213 1930 non
3236 1890 3546 1946 negamus,

1902 1969 1985 2025 sic
2006 1968 2402 2041 Augustinum
2422 1967 2858 2040 sequentes;sed
2887 1966 3343 2037 prmdecessores
3364 1960 3550 2017 nostri

1901 2057 2214 2131 Gregorius
2230 2062 2286 2112 et
2304 2056 2623 2112 Nicolausa
2642 2055 2841 2111 missis
2855 2054 3063 2110 talium
3088 2052 3381 2108 abstinere
3405 2068 3552 2123 prae-

1901 2150 2201 2219 ceperunt,
2234 2150 2299 2200 ut
2321 2145 2429 2199 hoc
2459 2149 2678 2200 terrore
2708 2148 2766 2200 et
2809 2142 3085 2215 peccandi
3118 2141 3412 2195 licentiam
3444 2155 3549 2193 cae-

1899 2235 2042 2291 teris
2072 2235 2386 2299 auferrent,
2413 2237 2470 2287 et
2500 2233 2659 2304 ipsos
2690 2233 2901 2287 rubore
2923 2230 3015 2287 sui
3073 2232 3450 2300 contemptus
3477 2227 3549 2281 ad

1901 2324 2081 2397 digna
2110 2321 2464 2394 paenitentiae
2490 2320 2752 2376 lamenta
2777 2322 3134 2375 revocarent.

1972 2415 2037 2468 Et
2060 2420 2179 2484 post
2207 2410 2478 2466 modicum
2503 2427 2520 2463 :
2554 2407 2822 2480 PrOprias
2852 2407 3073 2462 habent
3094 2404 3547 2460 criminosorum

1903 2504 2270 2558 sacramenta
2287 2498 2519 2553 virtutis
2541 2496 2950 2568 dignitates,ut
2962 2495 3169 2550 beatus
3185 2492 3549 2564 Augustinus

1901 2607 2079 2662 super
2104 2590 2389 2645 Joannem
2413 2589 2613 2641 contra
2636 2583 2971 2639 Donatistas
2993 2582 3093 2648 ait;
3114 2581 3212 2637 sed
3238 2579 3550 2653 agentibus

1900 2684 1958 2736 et
1977 2676 2436 2750 suscipientibus
2456 2674 2657 2729 eadem
2682 2675 3049 2728 sacramenta
3079 2673 3280 2725 contra
3327 2671 3553 2723 sancto-

1901 2785 2031 2824 rum
2059 2765 2401 2840 pontiﬁcum
2436 2762 2727 2827 instituta,
2753 2760 2867 2816 nisi
2904 2760 3048 2815 forte
3078 2758 3203 2814 sola
3239 2760 3425 2812 morte
3456 2755 3551 2811 in-

1900 2855 2493 2925 terveniente,utpote
2523 2868 2595 2907 ne
2625 2850 2751 2906 sine
2781 2848 3133 2921 baptismate
3167 2845 3257 2902 vel
3286 2861 3549 2902 commu-

1902 2947 2076 3002 nione
2102 2943 2366 3017 quilibet,
2391 2940 2666 2996 humanis
2689 2939 2865 2994 rebus
2886 2938 3142 3003 excedat,
3167 2936 3251 2991 eis
3283 2935 3547 3007 inquam,

1901 3034 1960 3089 in
1993 3037 2216 3088 tantum
2252 3031 2488 3096 obsunt,
2514 3032 2580 3083 ut
2610 3027 2725 3082 veri
2756 3026 3074 3082 idOIOIRth
3107 3024 3387 3091 sint,cum
3418 3021 3549 3077 tali-

1904 3124 2014 3178 bus
2046 3127 2101 3177 et
2129 3119 2586 3184 ordinationum,
2620 3121 2677 3172 et
2707 3117 3209 3170 sacramentorum
3242 3110 3551 3178 confectio,

1904 3216 1961 3267 et
1992 3209 2158 3265 aliter
2187 3224 2362 3279 quam
2407 3204 2775 3277 praemissum
2826 3200 3141 3272 susceptio,
3173 3198 3554 3253 vehementer

1907 3317 1941 3355 a
1970 3297 2153 3354 sacris
2184 3294 2492 3351 ordinibus
2522 3292 2961 3364 prohibeantur.
3452 3308 3457 3311 ι

1976 3388 2109 3442 Item
2133 3391 2253 3455 post
2278 3367 2453 3453 pauca
2475 3399 2493 3435 :
2525 3381 2655 3435 Haec
2687 3379 2757 3434 de
2774 3377 2945 3432 malis
2958 3374 3262 3431 catholicis
3279 3373 3379 3445 qui
3402 3373 3555 3428 intra

1906 3473 2223 3531 Ecclesium
2254 3476 2412 3527 sunt.
2437 3472 2715 3523 Caeterum
2749 3463 3259 3522 schismaticorum
3293 3466 3353 3516 et
3380 3462 3556 3515 haere-

1908 3564 2155 3620 ticorum
2177 3562 2546 3615 sacramenta
2568 3554 2845 3628 quoniam
2869 3558 3032 3609 extra
3055 3556 3214 3617 sunt,
3220 3552 3244 3621 j
3255 3554 3390 3606 uxta
3419 3567 3554 3605 san-

1909 3657 2135 3708 ctorum
2169 3650 2406 3704 Patrum
2456 3645 2823 3710 traditiones,
2877 3639 3093 3714 Pelagii
3141 3638 3381 3707 scilicet,
3415 3639 3553 3694 Gre-

1910 3739 2079 3814 gorii,
2112 3736 2399 3810 Cypriani,
2433 3729 3133 3807 Augustini,Hieronymi,
3154 3729 3402 3784 formam
3427 3727 3557 3799 qui-

1911 3830 2044 3884 dem
2078 3829 2598 3886 sacramentorum,
2632 3839 2748 3877 non
2781 3824 2975 3876 autem
3016 3817 3253 3873 virtutis
3286 3816 3558 3871 eﬂ'ectum

1912 3916 2125 3972 habere
2157 3914 2517 3986 profitemur,
2552 3910 2665 3965 nisi
2693 3926 2825 3965 cum
2861 3908 2975 3981 ipsi
3016 3905 3100 3963 vel
3135 3921 3338 3962 eorum
3372 3920 3563 3960 sacra-

1914 4004 2128 4061 mentis
2157 4002 2368 4057 initiati
2402 4016 2503 4072 per
2524 4015 2737 4055 manus
2780 3996 3217 4070 impositionem
3250 3995 3320 4050 ad
3373 3993 3566 4049 catho-

1916 4093 2089 4149 licam
2118 4091 2418 4147 veritatem
2451 4086 2751 4143 redierint.

2573 4202 2905 4258 CCLXXVI.

1921 4299 2169 4356 Urbanus
2200 4296 2250 4350 II
2290 4295 2565 4366 permittit
2616 4299 2675 4366 ut
2707 4290 2966 4366 {artant
3008 4287 3452 4366 principisﬁlia,
3486 4287 3571 4337 in-

1986 4368 2204 4440 fantuta
2237 4360 2535 4440 Rgiinalrlo,
2559 4362 2743 4440 ltodeti
2772 4363 2911 4440 ﬁtio,
2945 4360 3135 4440 inritis
3186 4364 3359 4440 gnatm
3389 4360 3441 4410 et
3470 4370 3570 4425 pa-

1990 4429 2221 4504 rentem,
2253 4437 2595 4508 desponsata,
2627 4434 2732 4488 alii
2759 4429 2877 4488 ὺίνο
2906 4435 3138 4503 nuptum
3167 4429 3341 4484 detur.

2393 4523 2577 4595 (Intra
2606 4539 2700 4576 an.
2737 4520 2930 4576 1088-4
2943 4519 3097 4591 099.)

2111 4616 2408 4686 [Gnarum
2442 4613 2673 4675 Decret.,
2711 4611 2771 4666 Ο.
2805 4624 2961 4675 xxxx,
2991 4625 3091 4680 qu.
3125 4608 3182 4673 5,
3214 4622 3265 4661 c.
3307 4604 3379 4673 1.]

1990 4703 2047 4759 Si
2109 4718 2307 4756 verum
2364 4717 2493 4756 esse
2550 4696 2897 4763 constiterit,
2954 4696 3111 4767 quod
3168 4692 3339 4749 nobis
3397 4687 3573 4761 legati

1921 4791 2197 4847 Jordanis
2229 4788 2511 4861 principis
2558 4787 2900 4850 retulerunt,
2934 4783 3179 4847 scilicet,
3239 4778 3395 4851 quod
3451 4776 3580 4849 ipse

1925 4884 2163 4935 coactus
2185 4883 2242 4933 et
2257 4877 2462 4933 dolens
2484 4875 2665 4931 ﬁliam
2687 4891 2857 4930 suam
2879 4869 3231 4928 infantulam
3256 4866 3577 4931 nolentem,

1928 4968 2247 5032 ﬂentem,et
2276 4982 2379 5036 pro
2408 4964 2633 5019 viribus
2666 4962 3032 5027 renitentem,
3059 4975 3175 5015 non
3208 4954 3583 5012 assentienti-

1927 5057 2061 5125 bus,
2095 5055 2195 5111 sed
2219 5052 2385 5108 valde
2416 5051 2753 5107 dolentibus
2780 5052 2964 5104 matre
2981 5053 3038 5104 et
3084 5043 3404 5120 parentela,
3430 5043 3581 5114 Ray-

1927 5141 2331 5209 naldo,Rodeli
2355 5134 3253 5209 ﬁlio,desponsaverit;quonium
3287 5145 3583 5188 canonum

1929 5239 1986 5290 et
2012 5233 2209 5306 legum
2242 5229 2558 5286 auctoritas
2591 5226 2731 5282 talia
2769 5226 3071 5299 sponsalia
3096 5226 3185 5295 (ut
3213 5222 3365 5277 infra
3394 5220 3585 5272 osten-

1929 5323 2112 5391 ditur)
2170 5337 2284 5374 non
2347 5317 2650 5390 approbat,
2710 5331 2782 5371 ne
2839 5312 3250 5387 ignorantibus
3309 5307 3466 5379 leges
3525 5307 3585 5358 et

1932 5426 2205 5476 canones,
2238 5406 2418 5462 nimis
2475 5405 2716 5472 durum,
2767 5403 2923 5475 quod
2981 5401 3256 5464 dicimus,
3289 5394 3580 5457 videatur,

1930 5499 2016 5554 ita
2045 5494 2397 5554 sententiam
2454 5497 2875 5563 temperamus,
2912 5494 2978 5544 ut
3013 5488 3064 5543 si
3123 5487 3396 5558 princeps
3449 5495 3585 5538 cum

1933 5587 2087 5652 tiliae,
2123 5584 2351 5650 matris,
2376 5585 2433 5637 et
2465 5577 2772 5651 parentela:
2795 5574 3127 5643 assensu,id
3155 5573 3309 5645 quod
3332 5574 3585 5642 coeptum

167 5680 458 5736 reamque
489 5682 550 5722 se
582 5667 780 5731 divino
806 5668 1025 5739 judicio
1075 5667 1319 5725 existere
1376 5668 1448 5724 de
1495 5674 1828 5741 perpetrata
1933 5678 2042 5743 est,
2096 5672 2370 5745 perﬁcere
2427 5666 2692 5734 voluerit,
2755 5664 3168 5720 concedamus.
3227 5660 3329 5717 Sin
3390 5662 3585 5714 autem
