  <div class='ocr_page' id='page_1' title='image "/cluster/home/n/w/nwhite01/storage/ocr_20150623/151/uva.x000829795/291.png"; bbox 0 0 3928 6208; ppageno 0'>
   <div class='ocr_carea' id='block_1_1' title="bbox 347 445 466 512">
    <p class='ocr_par' dir='ltr' id='par_1_1' title="bbox 347 445 466 512">
     <span class='ocr_line' id='line_1_1' title="bbox 347 445 466 512; baseline 0 0"><span class='ocrx_word' id='word_1_1' title='bbox 347 445 466 512; x_wconf 75' lang='lat'><strong>835</strong></span> 
     </span>
    </p>
   </div>
   <div class='ocr_carea' id='block_1_2' title="bbox 1647 447 2454 517">
    <p class='ocr_par' dir='ltr' id='par_1_2' title="bbox 1647 447 2454 517">
     <span class='ocr_line' id='line_1_2' title="bbox 1647 447 2454 517; baseline -0.004 -1"><span class='ocrx_word' id='word_1_2' title='bbox 1647 450 1717 516; x_wconf 88' lang='grc' dir='ltr'><strong>Β.</strong></span> <span class='ocrx_word' id='word_1_3' title='bbox 1762 449 2062 517; x_wconf 77' lang='lat' dir='ltr'><strong>URBANI</strong></span> <span class='ocrx_word' id='word_1_4' title='bbox 2102 447 2158 514; x_wconf 88' lang='grc' dir='ltr'><strong>ῙῙ</strong></span> <span class='ocrx_word' id='word_1_5' title='bbox 2199 448 2454 514; x_wconf 69' lang='grc' dir='ltr'><strong>ΡΑΡᾸΞ.</strong></span> 
     </span>
    </p>
   </div>
   <div class='ocr_carea' id='block_1_3' title="bbox 3633 435 3779 508">
    <p class='ocr_par' dir='ltr' id='par_1_3' title="bbox 3633 435 3779 508">
     <span class='ocr_line' id='line_1_3' title="bbox 3633 435 3779 508; baseline 0 -68"><span class='ocrx_word' id='word_1_6' title='bbox 3633 435 3779 508; x_wconf 49' lang='grc' dir='ltr'><strong>Μ,</strong></span> 
     </span>
    </p>
   </div>
   <div class='ocr_carea' id='block_1_4' title="bbox 351 575 3762 658">
    <p class='ocr_par' dir='ltr' id='par_1_4' title="bbox 351 575 3762 658">
     <span class='ocr_line' id='line_1_4' title="bbox 351 575 3762 658; baseline -0.001 -20"><span class='ocrx_word' id='word_1_7' title='bbox 351 579 580 656; x_wconf 78' lang='lat' dir='ltr'><strong>legatus</strong></span> <span class='ocrx_word' id='word_1_8' title='bbox 611 584 808 640; x_wconf 85' lang='lat' dir='ltr'><strong>noster</strong></span> <span class='ocrx_word' id='word_1_9' title='bbox 837 585 1118 658; x_wconf 88' lang='lat' dir='ltr'><strong>utrasque</strong></span> <span class='ocrx_word' id='word_1_10' title='bbox 1167 589 1362 658; x_wconf 88' lang='lat' dir='ltr'><strong>partes</strong></span> <span class='ocrx_word' id='word_1_11' title='bbox 1409 586 1646 654; x_wconf 79' lang='lat' dir='ltr'><strong>audiat;</strong></span> <span class='ocrx_word' id='word_1_12' title='bbox 1677 589 1735 640; x_wconf 90' lang='lat' dir='ltr'><strong>et</strong></span> <span class='ocrx_word' id='word_1_13' title='bbox 1763 585 1812 642; x_wconf 97' lang='lat' dir='ltr'>si</span> <span class='ocrx_word' id='word_1_14' title='bbox 1845 581 1988 640; x_wconf 90' lang='lat' dir='ltr'><strong>nihil</strong></span> <span class='ocrx_word' id='word_1_15' title='bbox 2017 583 2074 651; x_wconf 79' lang='grc' dir='ltr'><strong>Α</strong></span> <span class='ocrx_word' id='word_1_16' title='bbox 2102 586 2313 639; x_wconf 70' lang='lat' dir='ltr'><strong>sanctae</strong></span> <span class='ocrx_word' id='word_1_17' title='bbox 2372 587 2591 648; x_wconf 86' lang='lat' dir='ltr'><strong>exorta,</strong></span> <span class='ocrx_word' id='word_1_18' title='bbox 2631 582 2733 639; x_wconf 88' lang='lat' dir='ltr'><strong>sed</strong></span> <span class='ocrx_word' id='word_1_19' title='bbox 2782 583 3074 638; x_wconf 81' lang='lat' dir='ltr'><strong>crescente</strong></span> <span class='ocrx_word' id='word_1_20' title='bbox 3123 575 3380 636; x_wconf 80' lang='lat' dir='ltr'><strong>Ecclesia</strong></span> <span class='ocrx_word' id='word_1_21' title='bbox 3425 577 3554 651; x_wconf 90' lang='lat' dir='ltr'><strong>jam</strong></span> <span class='ocrx_word' id='word_1_22' title='bbox 3603 583 3762 652; x_wconf 83' lang='lat' dir='ltr'><strong>pene</strong></span> 
     </span>
    </p>
   </div>
   <div class='ocr_carea' id='block_1_5' title="bbox 352 670 1991 746">
    <p class='ocr_par' dir='ltr' id='par_1_5' title="bbox 352 670 1991 746">
     <span class='ocr_line' id='line_1_5' title="bbox 352 670 1991 746; baseline 0.001 -19"><span class='ocrx_word' id='word_1_23' title='bbox 352 670 528 728; x_wconf 74' lang='lat' dir='ltr'><strong>fuerit</strong></span> <span class='ocrx_word' id='word_1_24' title='bbox 555 687 624 727; x_wconf 82' lang='lat' dir='ltr'><strong>ex</strong></span> <span class='ocrx_word' id='word_1_25' title='bbox 653 676 816 744; x_wconf 89' lang='lat' dir='ltr'><strong>parte</strong></span> <span class='ocrx_word' id='word_1_26' title='bbox 860 673 1182 745; x_wconf 79' lang='lat' dir='ltr'><strong>supradicti</strong></span> <span class='ocrx_word' id='word_1_27' title='bbox 1229 675 1496 730; x_wconf 85' lang='lat' dir='ltr'><strong>Rainaldi</strong></span> <span class='ocrx_word' id='word_1_28' title='bbox 1537 673 1810 746; x_wconf 86' lang='lat' dir='ltr'><strong>amplius,</strong></span> <span class='ocrx_word' id='word_1_29' title='bbox 1835 673 1991 745; x_wconf 90' lang='lat' dir='ltr'><strong>quod</strong></span> 
     </span>
    </p>
   </div>
   <div class='ocr_carea' id='block_1_6' title="bbox 350 757 1994 835">
    <p class='ocr_par' dir='ltr' id='par_1_6' title="bbox 350 757 1994 835">
     <span class='ocr_line' id='line_1_6' title="bbox 350 757 1994 835; baseline 0.001 -21"><span class='ocrx_word' id='word_1_30' title='bbox 350 757 652 832; x_wconf 76' lang='lat' dir='ltr'><strong>impediat,</strong></span> <span class='ocrx_word' id='word_1_31' title='bbox 685 760 757 818; x_wconf 83' lang='lat' dir='ltr'><strong>ab</strong></span> <span class='ocrx_word' id='word_1_32' title='bbox 785 760 913 834; x_wconf 90' lang='lat' dir='ltr'><strong>ipso</strong></span> <span class='ocrx_word' id='word_1_33' title='bbox 941 761 1196 818; x_wconf 89' lang='lat' dir='ltr'><strong>Jordane</strong></span> <span class='ocrx_word' id='word_1_34' title='bbox 1239 767 1695 830; x_wconf 82' lang='lat' dir='ltr'><strong>sacramentum,</strong></span> <span class='ocrx_word' id='word_1_35' title='bbox 1726 763 1880 835; x_wconf 91' lang='lat' dir='ltr'><strong>quod</strong></span> <span class='ocrx_word' id='word_1_36' title='bbox 1909 763 1994 816; x_wconf 90' lang='lat' dir='ltr'><strong>ita</strong></span> 
     </span>
    </p>
   </div>
   <div class='ocr_carea' id='block_1_7' title="bbox 347 847 1996 922">
    <p class='ocr_par' dir='ltr' id='par_1_7' title="bbox 347 847 1996 922">
     <span class='ocr_line' id='line_1_7' title="bbox 347 847 1996 922; baseline 0 -18"><span class='ocrx_word' id='word_1_37' title='bbox 347 851 618 904; x_wconf 76' lang='lat' dir='ltr'><strong>constent</strong></span> <span class='ocrx_word' id='word_1_38' title='bbox 645 847 790 917; x_wconf 62' lang='lat' dir='ltr'><strong>hac,</strong></span> <span class='ocrx_word' id='word_1_39' title='bbox 825 852 890 904; x_wconf 92' lang='lat' dir='ltr'><strong>ut</strong></span> <span class='ocrx_word' id='word_1_40' title='bbox 917 848 1072 906; x_wconf 89' lang='lat' dir='ltr'><strong>dicta</strong></span> <span class='ocrx_word' id='word_1_41' title='bbox 1097 853 1256 920; x_wconf 91' lang='lat' dir='ltr'><strong>sunt,</strong></span> <span class='ocrx_word' id='word_1_42' title='bbox 1287 850 1537 922; x_wconf 88' lang='lat' dir='ltr'><strong>accipiat</strong></span> <span class='ocrx_word' id='word_1_43' title='bbox 1562 867 1574 917; x_wconf 91' lang='lat'>;</span> <span class='ocrx_word' id='word_1_44' title='bbox 1609 854 1664 906; x_wconf 91' lang='lat' dir='ltr'><strong>et</strong></span> <span class='ocrx_word' id='word_1_45' title='bbox 1694 867 1799 906; x_wconf 91' lang='lat' dir='ltr'><strong>nos</strong></span> <span class='ocrx_word' id='word_1_46' title='bbox 1829 866 1996 905; x_wconf 88' lang='lat' dir='ltr'><strong>cano-</strong></span> 
     </span>
    </p>
   </div>
   <div class='ocr_carea' id='block_1_8' title="bbox 351 935 1991 1010">
    <p class='ocr_par' dir='ltr' id='par_1_8' title="bbox 351 935 1991 1010">
     <span class='ocr_line' id='line_1_8' title="bbox 351 935 1991 1010; baseline 0 -17"><span class='ocrx_word' id='word_1_47' title='bbox 351 952 495 993; x_wconf 89' lang='lat' dir='ltr'><strong>num</strong></span> <span class='ocrx_word' id='word_1_48' title='bbox 527 953 594 992; x_wconf 90' lang='lat' dir='ltr'><strong>ac</strong></span> <span class='ocrx_word' id='word_1_49' title='bbox 619 935 815 1010; x_wconf 85' lang='lat' dir='ltr'><strong>legum</strong></span> <span class='ocrx_word' id='word_1_50' title='bbox 847 937 995 993; x_wconf 89' lang='lat' dir='ltr'><strong>scita</strong></span> <span class='ocrx_word' id='word_1_51' title='bbox 1039 943 1370 1009; x_wconf 84' lang='lat' dir='ltr'><strong>sequentes,</strong></span> <span class='ocrx_word' id='word_1_52' title='bbox 1403 937 1680 1010; x_wconf 82' lang='lat' dir='ltr'><strong>deinceps</strong></span> <span class='ocrx_word' id='word_1_53' title='bbox 1713 955 1827 994; x_wconf 93' lang='lat' dir='ltr'><strong>non</strong></span> <span class='ocrx_word' id='word_1_54' title='bbox 1860 955 1991 1010; x_wconf 90' lang='lat' dir='ltr'><strong>pro-</strong></span> 
     </span>
    </p>
   </div>
   <div class='ocr_carea' id='block_1_9' title="bbox 349 1023 1996 1099">
    <p class='ocr_par' dir='ltr' id='par_1_9' title="bbox 349 1023 1996 1099">
     <span class='ocr_line' id='line_1_9' title="bbox 349 1023 1996 1099; baseline 0.001 -19"><span class='ocrx_word' id='word_1_55' title='bbox 349 1023 644 1092; x_wconf 88' lang='lat' dir='ltr'><strong>hibemus,</strong></span> <span class='ocrx_word' id='word_1_56' title='bbox 675 1024 818 1096; x_wconf 90' lang='lat' dir='ltr'><strong>quin</strong></span> <span class='ocrx_word' id='word_1_57' title='bbox 867 1023 966 1081; x_wconf 86' lang='lat' dir='ltr'><strong>alii</strong></span> <span class='ocrx_word' id='word_1_58' title='bbox 997 1025 1118 1081; x_wconf 91' lang='lat' dir='ltr'><strong>viro</strong></span> <span class='ocrx_word' id='word_1_59' title='bbox 1168 1026 1217 1082; x_wconf 90' lang='lat' dir='ltr'><strong>si</strong></span> <span class='ocrx_word' id='word_1_60' title='bbox 1264 1025 1529 1093; x_wconf 90' lang='lat' dir='ltr'><strong>voluerit,</strong></span> <span class='ocrx_word' id='word_1_61' title='bbox 1565 1027 1843 1099; x_wconf 66' lang='lat' dir='ltr'><strong>praedicta</strong></span> <span class='ocrx_word' id='word_1_62' title='bbox 1875 1026 1996 1082; x_wconf 84' lang='lat' dir='ltr'><strong>ﬁlia</strong></span> 
     </span>
    </p>
   </div>
   <div class='ocr_carea' id='block_1_10' title="bbox 349 1112 1368 1185">
    <p class='ocr_par' dir='ltr' id='par_1_10' title="bbox 349 1112 1368 1185">
     <span class='ocr_line' id='line_1_10' title="bbox 349 1112 1368 1185; baseline 0 -17"><span class='ocrx_word' id='word_1_63' title='bbox 349 1112 478 1185; x_wconf 86' lang='lat' dir='ltr'><strong>ejus</strong></span> <span class='ocrx_word' id='word_1_64' title='bbox 505 1113 710 1182; x_wconf 88' lang='lat' dir='ltr'><strong>nubat,</strong></span> <span class='ocrx_word' id='word_1_65' title='bbox 743 1116 978 1170; x_wconf 89' lang='lat' dir='ltr'><strong>tantum</strong></span> <span class='ocrx_word' id='word_1_66' title='bbox 1009 1113 1070 1168; x_wconf 92' lang='lat' dir='ltr'><strong>in</strong></span> <span class='ocrx_word' id='word_1_67' title='bbox 1098 1113 1368 1170; x_wconf 91' lang='lat' dir='ltr'><strong>Domino.</strong></span> 
     </span>
    </p>
   </div>
   <div class='ocr_carea' id='block_1_11' title="bbox 997 1201 1346 1259">
    <p class='ocr_par' dir='ltr' id='par_1_11' title="bbox 997 1201 1346 1259">
     <span class='ocr_line' id='line_1_11' title="bbox 997 1201 1346 1259; baseline 0.003 -1"><span class='ocrx_word' id='word_1_68' title='bbox 997 1201 1346 1259; x_wconf 86' lang='lat' dir='ltr'><strong>CCLXXVII.</strong></span> 
     </span>
    </p>
   </div>
   <div class='ocr_carea' id='block_1_12' title="bbox 771 1289 1578 1348">
    <p class='ocr_par' dir='ltr' id='par_1_12' title="bbox 771 1289 1578 1348">
     <span class='ocr_line' id='line_1_12' title="bbox 771 1289 1578 1348; baseline 0.002 -4"><span class='ocrx_word' id='word_1_69' title='bbox 771 1289 938 1346; x_wconf 80' lang='lat' dir='ltr'><strong>Aliud</strong></span> <span class='ocrx_word' id='word_1_70' title='bbox 974 1291 1180 1348; x_wconf 80' lang='lat' dir='ltr'><strong>Urbani</strong></span> <span class='ocrx_word' id='word_1_71' title='bbox 1206 1292 1258 1347; x_wconf 90' lang='lat' dir='ltr'><strong><em>II</em></strong></span> <span class='ocrx_word' id='word_1_72' title='bbox 1284 1291 1578 1348; x_wconf 81' lang='lat' dir='ltr'><strong>decretum.</strong></span> 
     </span>
    </p>
   </div>
   <div class='ocr_carea' id='block_1_13' title="bbox 827 1378 1525 1450">
    <p class='ocr_par' dir='ltr' id='par_1_13' title="bbox 827 1378 1525 1450">
     <span class='ocr_line' id='line_1_13' title="bbox 827 1378 1525 1450; baseline 0 -16"><span class='ocrx_word' id='word_1_73' title='bbox 827 1378 1009 1450; x_wconf 90' lang='lat' dir='ltr'><strong>(Intra</strong></span> <span class='ocrx_word' id='word_1_74' title='bbox 1037 1397 1133 1436; x_wconf 91' lang='lat' dir='ltr'><strong>an.</strong></span> <span class='ocrx_word' id='word_1_75' title='bbox 1169 1381 1525 1450; x_wconf 83' lang='lat'>1088-1099.)</span> 
     </span>
    </p>
   </div>
   <div class='ocr_carea' id='block_1_14' title="bbox 529 1464 1819 1541">
    <p class='ocr_par' dir='ltr' id='par_1_14' title="bbox 529 1464 1819 1541">
     <span class='ocr_line' id='line_1_14' title="bbox 529 1464 1819 1541; baseline 0.001 -19"><span class='ocrx_word' id='word_1_76' title='bbox 529 1464 832 1536; x_wconf 59' lang='lat' dir='ltr'><strong>[Gnarum</strong></span> <span class='ocrx_word' id='word_1_77' title='bbox 864 1469 1169 1536; x_wconf 77' lang='lat' dir='ltr'><strong>Decretum,</strong></span> <span class='ocrx_word' id='word_1_78' title='bbox 1202 1469 1264 1524; x_wconf 87' lang='lat' dir='ltr'><strong>C.</strong></span> <span class='ocrx_word' id='word_1_79' title='bbox 1297 1485 1413 1540; x_wconf 73' lang='lat' dir='ltr'><strong>xux,</strong></span> <span class='ocrx_word' id='word_1_80' title='bbox 1446 1486 1545 1541; x_wconf 88' lang='lat' dir='ltr'><strong>qu.</strong></span> <span class='ocrx_word' id='word_1_81' title='bbox 1566 1473 1621 1536; x_wconf 90' lang='lat'><strong>2,</strong></span> <span class='ocrx_word' id='word_1_82' title='bbox 1658 1486 1708 1525; x_wconf 92' lang='lat' dir='ltr'><strong>c.</strong></span> <span class='ocrx_word' id='word_1_83' title='bbox 1739 1471 1819 1540; x_wconf 89' lang='lat'><strong>3.]</strong></span> 
     </span>
    </p>
   </div>
   <div class='ocr_carea' id='block_1_15' title="bbox 425 1551 1998 1630">
    <p class='ocr_par' dir='ltr' id='par_1_15' title="bbox 425 1551 1998 1630">
     <span class='ocr_line' id='line_1_15' title="bbox 425 1551 1998 1630; baseline 0.003 -22"><span class='ocrx_word' id='word_1_84' title='bbox 425 1551 635 1610; x_wconf 90' lang='lat' dir='ltr'><strong>Nullus</strong></span> <span class='ocrx_word' id='word_1_85' title='bbox 663 1555 977 1630; x_wconf 89' lang='lat' dir='ltr'><strong>episcopus</strong></span> <span class='ocrx_word' id='word_1_86' title='bbox 1007 1557 1248 1614; x_wconf 90' lang='lat' dir='ltr'><strong>clericos</strong></span> <span class='ocrx_word' id='word_1_87' title='bbox 1279 1574 1438 1624; x_wconf 90' lang='lat' dir='ltr'><strong>suos,</strong></span> <span class='ocrx_word' id='word_1_88' title='bbox 1465 1559 1577 1612; x_wconf 86' lang='lat' dir='ltr'>nisi</span> <span class='ocrx_word' id='word_1_89' title='bbox 1611 1559 1998 1630; x_wconf 85' lang='lat' dir='ltr'><strong>forte,quibus</strong></span> 
     </span>
    </p>
   </div>
   <div class='ocr_carea' id='block_1_16' title="bbox 353 1640 1999 1718">
    <p class='ocr_par' dir='ltr' id='par_1_16' title="bbox 353 1640 1999 1718">
     <span class='ocr_line' id='line_1_16' title="bbox 353 1640 1999 1718; baseline 0.004 -22"><span class='ocrx_word' id='word_1_90' title='bbox 353 1640 884 1702; x_wconf 79' lang='lat' dir='ltr'><strong>ecclesiasticarum</strong></span> <span class='ocrx_word' id='word_1_91' title='bbox 915 1661 1112 1702; x_wconf 91' lang='lat' dir='ltr'><strong>rerum</strong></span> <span class='ocrx_word' id='word_1_92' title='bbox 1143 1645 1500 1718; x_wconf 76' lang='lat' dir='ltr'><strong>dispensatio</strong></span> <span class='ocrx_word' id='word_1_93' title='bbox 1531 1646 1846 1703; x_wconf 75' lang='lat' dir='ltr'><strong>commissa</strong></span> <span class='ocrx_word' id='word_1_94' title='bbox 1875 1647 1999 1702; x_wconf 36' lang='lat' dir='ltr'><strong>fues</strong></span> 
     </span>
    </p>
   </div>
   <div class='ocr_carea' id='block_1_17' title="bbox 356 1728 1187 1806">
    <p class='ocr_par' dir='ltr' id='par_1_17' title="bbox 356 1728 1187 1806">
     <span class='ocr_line' id='line_1_17' title="bbox 356 1728 1187 1806; baseline 0.005 -22"><span class='ocrx_word' id='word_1_95' title='bbox 356 1728 453 1799; x_wconf 91' lang='lat' dir='ltr'><strong>rit,</strong></span> <span class='ocrx_word' id='word_1_96' title='bbox 485 1729 600 1787; x_wconf 87' lang='lat' dir='ltr'><strong>sibi</strong></span> <span class='ocrx_word' id='word_1_97' title='bbox 620 1731 823 1802; x_wconf 88' lang='lat' dir='ltr'><strong>jurare</strong></span> <span class='ocrx_word' id='word_1_98' title='bbox 852 1733 1187 1806; x_wconf 88' lang='lat' dir='ltr'><strong>compellat.</strong></span> 
     </span>
    </p>
   </div>
   <div class='ocr_carea' id='block_1_18' title="bbox 989 1821 1365 1880">
    <p class='ocr_par' dir='ltr' id='par_1_18' title="bbox 989 1821 1365 1880">
     <span class='ocr_line' id='line_1_18' title="bbox 989 1821 1365 1880; baseline -0.005 0"><span class='ocrx_word' id='word_1_99' title='bbox 989 1821 1365 1880; x_wconf 83' lang='lat' dir='ltr'><strong>CCLXXVIII.</strong></span> 
     </span>
    </p>
   </div>
   <div class='ocr_carea' id='block_1_19' title="bbox 775 1911 1570 1969">
    <p class='ocr_par' dir='ltr' id='par_1_19' title="bbox 775 1911 1570 1969">
     <span class='ocr_line' id='line_1_19' title="bbox 775 1911 1570 1969; baseline 0.003 -3"><span class='ocrx_word' id='word_1_100' title='bbox 775 1911 941 1967; x_wconf 84' lang='lat' dir='ltr'><strong>Aliud</strong></span> <span class='ocrx_word' id='word_1_101' title='bbox 973 1913 1182 1969; x_wconf 81' lang='lat' dir='ltr'><strong>Urbani</strong></span> <span class='ocrx_word' id='word_1_102' title='bbox 1203 1913 1254 1968; x_wconf 93' lang='lat' dir='ltr'><strong><em>II</em></strong></span> <span class='ocrx_word' id='word_1_103' title='bbox 1280 1913 1570 1968; x_wconf 81' lang='lat' dir='ltr'><strong>decretum.</strong></span> 
     </span>
    </p>
   </div>
   <div class='ocr_carea' id='block_1_20' title="bbox 837 2001 1527 2072">
    <p class='ocr_par' dir='ltr' id='par_1_20' title="bbox 837 2001 1527 2072">
     <span class='ocr_line' id='line_1_20' title="bbox 837 2001 1527 2072; baseline 0 -17"><span class='ocrx_word' id='word_1_104' title='bbox 837 2001 1020 2071; x_wconf 88' lang='lat' dir='ltr'><strong>(Intra</strong></span> <span class='ocrx_word' id='word_1_105' title='bbox 1049 2018 1144 2057; x_wconf 85' lang='lat' dir='ltr'><strong>an.</strong></span> <span class='ocrx_word' id='word_1_106' title='bbox 1180 2001 1367 2057; x_wconf 70' lang='lat'>1088-4</span> <span class='ocrx_word' id='word_1_107' title='bbox 1379 2002 1527 2072; x_wconf 81' lang='lat'>099.)</span> 
     </span>
    </p>
   </div>
   <div class='ocr_carea' id='block_1_21' title="bbox 785 2089 1574 2160">
    <p class='ocr_par' dir='ltr' id='par_1_21' title="bbox 785 2089 1574 2160">
     <span class='ocr_line' id='line_1_21' title="bbox 785 2089 1574 2160; baseline -0.001 -15"><span class='ocrx_word' id='word_1_108' title='bbox 785 2089 1017 2160; x_wconf 66' lang='lat' dir='ltr'><strong>[MARS],</strong></span> <span class='ocrx_word' id='word_1_109' title='bbox 1049 2090 1252 2146; x_wconf 83' lang='lat' dir='ltr'><strong>Concil.</strong></span> <span class='ocrx_word' id='word_1_110' title='bbox 1283 2089 1398 2158; x_wconf 77' lang='lat' dir='ltr'><strong>XX,</strong></span> <span class='ocrx_word' id='word_1_111' title='bbox 1427 2089 1574 2158; x_wconf 67' lang='lat'><strong>714.]</strong></span> 
     </span>
    </p>
   </div>
   <div class='ocr_carea' id='block_1_22' title="bbox 433 2175 2002 2253">
    <p class='ocr_par' dir='ltr' id='par_1_22' title="bbox 433 2175 2002 2253">
     <span class='ocr_line' id='line_1_22' title="bbox 433 2175 2002 2253; baseline 0.001 -19"><span class='ocrx_word' id='word_1_112' title='bbox 433 2175 704 2234; x_wconf 85' lang='lat' dir='ltr'><strong>Urbanus</strong></span> <span class='ocrx_word' id='word_1_113' title='bbox 732 2194 884 2250; x_wconf 87' lang='lat' dir='ltr'><strong>papa</strong></span> <span class='ocrx_word' id='word_1_114' title='bbox 911 2179 1228 2247; x_wconf 89' lang='lat' dir='ltr'><strong>secundus,</strong></span> <span class='ocrx_word' id='word_1_115' title='bbox 1253 2182 1410 2245; x_wconf 65' lang='lat' dir='ltr'><strong>Duae,</strong></span> <span class='ocrx_word' id='word_1_116' title='bbox 1439 2178 1814 2253; x_wconf 89' lang='lat' dir='ltr'><strong>inquit,leges</strong></span> <span class='ocrx_word' id='word_1_117' title='bbox 1841 2183 2002 2250; x_wconf 88' lang='lat' dir='ltr'><strong>sunt,</strong></span> 
     </span>
    </p>
   </div>
   <div class='ocr_carea' id='block_1_23' title="bbox 362 2265 2004 2342">
    <p class='ocr_par' dir='ltr' id='par_1_23' title="bbox 362 2265 2004 2342">
     <span class='ocr_line' id='line_1_23' title="bbox 362 2265 2004 2342; baseline 0.002 -20"><span class='ocrx_word' id='word_1_118' title='bbox 362 2283 480 2322; x_wconf 91' lang='lat' dir='ltr'><strong>una</strong></span> <span class='ocrx_word' id='word_1_119' title='bbox 507 2265 760 2339; x_wconf 90' lang='lat' dir='ltr'><strong>publica,</strong></span> <span class='ocrx_word' id='word_1_120' title='bbox 791 2265 975 2324; x_wconf 89' lang='lat' dir='ltr'><strong>altera</strong></span> <span class='ocrx_word' id='word_1_121' title='bbox 1003 2268 1266 2340; x_wconf 89' lang='lat' dir='ltr'><strong>privata;</strong></span> <span class='ocrx_word' id='word_1_122' title='bbox 1303 2267 1536 2342; x_wconf 90' lang='lat' dir='ltr'><strong>publica</strong></span> <span class='ocrx_word' id='word_1_123' title='bbox 1575 2267 1664 2324; x_wconf 88' lang='lat' dir='ltr'><strong>lex</strong></span> <span class='ocrx_word' id='word_1_124' title='bbox 1692 2273 1780 2324; x_wconf 88' lang='lat' dir='ltr'><strong>est</strong></span> <span class='ocrx_word' id='word_1_125' title='bbox 1811 2286 1941 2342; x_wconf 69' lang='lat' dir='ltr'><strong>qua:</strong></span> <span class='ocrx_word' id='word_1_126' title='bbox 1969 2289 2004 2326; x_wconf 87' lang='lat' dir='ltr'><strong>a</strong></span> 
     </span>
    </p>
   </div>
   <div class='ocr_carea' id='block_1_24' title="bbox 361 2354 2002 2429">
    <p class='ocr_par' dir='ltr' id='par_1_24' title="bbox 361 2354 2002 2429">
     <span class='ocr_line' id='line_1_24' title="bbox 361 2354 2002 2429; baseline 0.002 -18"><span class='ocrx_word' id='word_1_127' title='bbox 361 2354 579 2412; x_wconf 78' lang='lat' dir='ltr'><strong>sanctis</strong></span> <span class='ocrx_word' id='word_1_128' title='bbox 609 2355 878 2412; x_wconf 90' lang='lat' dir='ltr'><strong>Patribus</strong></span> <span class='ocrx_word' id='word_1_129' title='bbox 911 2357 1130 2429; x_wconf 88' lang='lat' dir='ltr'><strong>scripta</strong></span> <span class='ocrx_word' id='word_1_130' title='bbox 1157 2362 1246 2416; x_wconf 89' lang='lat' dir='ltr'><strong>est</strong></span> <span class='ocrx_word' id='word_1_131' title='bbox 1288 2358 1540 2426; x_wconf 91' lang='lat' dir='ltr'><strong>ﬁrmata,</strong></span> <span class='ocrx_word' id='word_1_132' title='bbox 1577 2361 1642 2412; x_wconf 91' lang='lat' dir='ltr'><strong>ut</strong></span> <span class='ocrx_word' id='word_1_133' title='bbox 1669 2363 1759 2413; x_wconf 87' lang='lat' dir='ltr'><strong>est</strong></span> <span class='ocrx_word' id='word_1_134' title='bbox 1787 2357 1878 2414; x_wconf 89' lang='lat' dir='ltr'><strong>lex</strong></span> <span class='ocrx_word' id='word_1_135' title='bbox 1907 2375 2002 2414; x_wconf 89' lang='lat' dir='ltr'><strong>ca-</strong></span> 
     </span>
    </p>
   </div>
   <div class='ocr_carea' id='block_1_25' title="bbox 359 2443 2004 2518">
    <p class='ocr_par' dir='ltr' id='par_1_25' title="bbox 359 2443 2004 2518">
     <span class='ocr_line' id='line_1_25' title="bbox 359 2443 2004 2518; baseline 0.002 -18"><span class='ocrx_word' id='word_1_136' title='bbox 359 2459 738 2516; x_wconf 78' lang='lat' dir='ltr'><strong>nonum,qua3</strong></span> <span class='ocrx_word' id='word_1_137' title='bbox 767 2443 1005 2517; x_wconf 85' lang='lat' dir='ltr'><strong>quidem</strong></span> <span class='ocrx_word' id='word_1_138' title='bbox 1028 2450 1266 2518; x_wconf 81' lang='lat' dir='ltr'><strong>propter</strong></span> <span class='ocrx_word' id='word_1_139' title='bbox 1280 2448 1746 2518; x_wconf 76' lang='lat' dir='ltr'><strong>transgressores</strong></span> <span class='ocrx_word' id='word_1_140' title='bbox 1767 2452 1857 2504; x_wconf 87' lang='lat' dir='ltr'><strong>est</strong></span> <span class='ocrx_word' id='word_1_141' title='bbox 1886 2453 2004 2504; x_wconf 86' lang='lat' dir='ltr'><strong>tra-</strong></span> 
     </span>
    </p>
   </div>
   <div class='ocr_carea' id='block_1_26' title="bbox 359 2532 2001 2607">
    <p class='ocr_par' dir='ltr' id='par_1_26' title="bbox 359 2532 2001 2607">
     <span class='ocr_line' id='line_1_26' title="bbox 359 2532 2001 2607; baseline 0.001 -17"><span class='ocrx_word' id='word_1_142' title='bbox 359 2532 662 2602; x_wconf 87' lang='lat' dir='ltr'><strong>dita;verbi</strong></span> <span class='ocrx_word' id='word_1_143' title='bbox 683 2533 1196 2607; x_wconf 89' lang='lat' dir='ltr'><strong>gratia,dccretum</strong></span> <span class='ocrx_word' id='word_1_144' title='bbox 1210 2539 1300 2591; x_wconf 91' lang='lat' dir='ltr'><strong>est</strong></span> <span class='ocrx_word' id='word_1_145' title='bbox 1315 2533 1374 2590; x_wconf 92' lang='lat' dir='ltr'><strong>in</strong></span> <span class='ocrx_word' id='word_1_146' title='bbox 1391 2535 1716 2592; x_wconf 89' lang='lat' dir='ltr'><strong>canonibus</strong></span> <span class='ocrx_word' id='word_1_147' title='bbox 1729 2535 2001 2592; x_wconf 87' lang='lat' dir='ltr'><strong>clericum</strong></span> 
     </span>
    </p>
   </div>
   <div class='ocr_carea' id='block_1_27' title="bbox 359 2621 2002 2696">
    <p class='ocr_par' dir='ltr' id='par_1_27' title="bbox 359 2621 2002 2696">
     <span class='ocr_line' id='line_1_27' title="bbox 359 2621 2002 2696; baseline 0.001 -16"><span class='ocrx_word' id='word_1_148' title='bbox 359 2639 476 2680; x_wconf 92' lang='lat' dir='ltr'><strong>non</strong></span> <span class='ocrx_word' id='word_1_149' title='bbox 505 2621 718 2679; x_wconf 88' lang='lat' dir='ltr'><strong>debere</strong></span> <span class='ocrx_word' id='word_1_150' title='bbox 748 2621 820 2678; x_wconf 88' lang='lat' dir='ltr'><strong>de</strong></span> <span class='ocrx_word' id='word_1_151' title='bbox 863 2639 970 2678; x_wconf 90' lang='lat' dir='ltr'><strong>suo</strong></span> <span class='ocrx_word' id='word_1_152' title='bbox 1015 2623 1358 2696; x_wconf 87' lang='lat' dir='ltr'><strong>episcopatu</strong></span> <span class='ocrx_word' id='word_1_153' title='bbox 1393 2624 1464 2679; x_wconf 89' lang='lat' dir='ltr'><strong>ad</strong></span> <span class='ocrx_word' id='word_1_154' title='bbox 1507 2622 1689 2680; x_wconf 89' lang='lat' dir='ltr'><strong>alium</strong></span> <span class='ocrx_word' id='word_1_155' title='bbox 1733 2625 2002 2692; x_wconf 85' lang='lat' dir='ltr'><strong>transire,</strong></span> 
     </span>
    </p>
   </div>
   <div class='ocr_carea' id='block_1_28' title="bbox 360 2709 2008 2786">
    <p class='ocr_par' dir='ltr' id='par_1_28' title="bbox 360 2709 2008 2786">
     <span class='ocr_line' id='line_1_28' title="bbox 360 2709 2008 2786; baseline -0.001 -16"><span class='ocrx_word' id='word_1_156' title='bbox 360 2709 474 2770; x_wconf 84' lang='lat' dir='ltr'><strong>nisi</strong></span> <span class='ocrx_word' id='word_1_157' title='bbox 505 2709 954 2768; x_wconf 84' lang='lat' dir='ltr'><strong>commcndatiis</strong></span> <span class='ocrx_word' id='word_1_158' title='bbox 985 2710 1196 2767; x_wconf 87' lang='lat' dir='ltr'><strong>litteris</strong></span> <span class='ocrx_word' id='word_1_159' title='bbox 1244 2711 1501 2784; x_wconf 89' lang='lat' dir='ltr'><strong>episcopi</strong></span> <span class='ocrx_word' id='word_1_160' title='bbox 1550 2711 1663 2778; x_wconf 74' lang='lat' dir='ltr'><strong>sui,</strong></span> <span class='ocrx_word' id='word_1_161' title='bbox 1696 2713 1850 2784; x_wconf 90' lang='lat' dir='ltr'><strong>quod</strong></span> <span class='ocrx_word' id='word_1_162' title='bbox 1879 2731 2008 2786; x_wconf 81' lang='lat' dir='ltr'><strong>pro-</strong></span> 
     </span>
    </p>
   </div>
   <div class='ocr_carea' id='block_1_29' title="bbox 360 2798 2006 2872">
    <p class='ocr_par' dir='ltr' id='par_1_29' title="bbox 360 2798 2006 2872">
     <span class='ocr_line' id='line_1_29' title="bbox 360 2798 2006 2872; baseline 0.002 -17"><span class='ocrx_word' id='word_1_163' title='bbox 360 2803 489 2872; x_wconf 89' lang='lat' dir='ltr'><strong>pter</strong></span> <span class='ocrx_word' id='word_1_164' title='bbox 504 2798 852 2856; x_wconf 83' lang='lat' dir='ltr'><strong>criminosas</strong></span> <span class='ocrx_word' id='word_1_165' title='bbox 889 2799 975 2854; x_wconf 92' lang='lat' dir='ltr'><strong>sic</strong></span> <span class='ocrx_word' id='word_1_166' title='bbox 1001 2803 1285 2856; x_wconf 87' lang='lat' dir='ltr'><strong>statutum</strong></span> <span class='ocrx_word' id='word_1_167' title='bbox 1319 2803 1427 2867; x_wconf 89' lang='lat' dir='ltr'><strong>est,</strong></span> <span class='ocrx_word' id='word_1_168' title='bbox 1454 2817 1556 2855; x_wconf 92' lang='lat' dir='ltr'><strong>nec</strong></span> <span class='ocrx_word' id='word_1_169' title='bbox 1582 2800 1846 2858; x_wconf 83' lang='lat' dir='ltr'><strong>videlicet</strong></span> <span class='ocrx_word' id='word_1_170' title='bbox 1864 2802 2006 2858; x_wconf 88' lang='lat' dir='ltr'><strong>infa-</strong></span> 
     </span>
    </p>
   </div>
   <div class='ocr_carea' id='block_1_30' title="bbox 362 2886 2006 2962">
    <p class='ocr_par' dir='ltr' id='par_1_30' title="bbox 362 2886 2006 2962">
     <span class='ocr_line' id='line_1_30' title="bbox 362 2886 2006 2962; baseline 0 -16"><span class='ocrx_word' id='word_1_171' title='bbox 362 2887 573 2946; x_wconf 87' lang='lat' dir='ltr'><strong>mesab</strong></span> <span class='ocrx_word' id='word_1_172' title='bbox 593 2886 789 2960; x_wconf 88' lang='lat' dir='ltr'><strong>aliquo</strong></span> <span class='ocrx_word' id='word_1_173' title='bbox 809 2888 1084 2962; x_wconf 87' lang='lat' dir='ltr'><strong>episcopo</strong></span> <span class='ocrx_word' id='word_1_174' title='bbox 1119 2888 1518 2961; x_wconf 90' lang='lat' dir='ltr'><strong>suscipiantur</strong></span> <span class='ocrx_word' id='word_1_175' title='bbox 1538 2905 1818 2961; x_wconf 65' lang='lat' dir='ltr'><strong>personae.</strong></span> <span class='ocrx_word' id='word_1_176' title='bbox 1847 2890 2006 2947; x_wconf 87' lang='lat' dir='ltr'><strong>Sole-</strong></span> 
     </span>
    </p>
   </div>
   <div class='ocr_carea' id='block_1_31' title="bbox 362 2975 2009 3051">
    <p class='ocr_par' dir='ltr' id='par_1_31' title="bbox 362 2975 2009 3051">
     <span class='ocr_line' id='line_1_31' title="bbox 362 2975 2009 3051; baseline 0.001 -18"><span class='ocrx_word' id='word_1_177' title='bbox 362 2977 508 3034; x_wconf 84' lang='lat' dir='ltr'><strong>bant</strong></span> <span class='ocrx_word' id='word_1_178' title='bbox 525 2975 718 3034; x_wconf 88' lang='lat' dir='ltr'><strong>ofﬁcia</strong></span> <span class='ocrx_word' id='word_1_179' title='bbox 762 2993 872 3034; x_wconf 86' lang='lat' dir='ltr'><strong>sua</strong></span> <span class='ocrx_word' id='word_1_180' title='bbox 911 2993 1045 3034; x_wconf 89' lang='lat' dir='ltr'><strong>cum</strong></span> <span class='ocrx_word' id='word_1_181' title='bbox 1081 2993 1195 3034; x_wconf 92' lang='lat' dir='ltr'><strong>non</strong></span> <span class='ocrx_word' id='word_1_182' title='bbox 1239 2981 1507 3050; x_wconf 88' lang='lat' dir='ltr'><strong>poterant</strong></span> <span class='ocrx_word' id='word_1_183' title='bbox 1555 2978 1612 3032; x_wconf 92' lang='lat' dir='ltr'><strong>in</strong></span> <span class='ocrx_word' id='word_1_184' title='bbox 1639 2995 1768 3050; x_wconf 89' lang='lat' dir='ltr'><strong>suo,</strong></span> <span class='ocrx_word' id='word_1_185' title='bbox 1802 2979 1859 3034; x_wconf 93' lang='lat' dir='ltr'><strong>in</strong></span> <span class='ocrx_word' id='word_1_186' title='bbox 1893 2979 2009 3051; x_wconf 90' lang='lat' dir='ltr'><strong>epi-</strong></span> 
     </span>
    </p>
   </div>
   <div class='ocr_carea' id='block_1_32' title="bbox 365 3063 2009 3138">
    <p class='ocr_par' dir='ltr' id='par_1_32' title="bbox 365 3063 2009 3138">
     <span class='ocr_line' id='line_1_32' title="bbox 365 3063 2009 3138; baseline -0.001 -17"><span class='ocrx_word' id='word_1_187' title='bbox 365 3067 608 3138; x_wconf 87' lang='lat' dir='ltr'><strong>scopatu</strong></span> <span class='ocrx_word' id='word_1_188' title='bbox 645 3063 828 3122; x_wconf 89' lang='lat' dir='ltr'><strong>altero</strong></span> <span class='ocrx_word' id='word_1_189' title='bbox 870 3063 1182 3130; x_wconf 87' lang='lat' dir='ltr'><strong>celebrare,</strong></span> <span class='ocrx_word' id='word_1_190' title='bbox 1216 3063 1371 3136; x_wconf 92' lang='lat' dir='ltr'><strong>quod</strong></span> <span class='ocrx_word' id='word_1_191' title='bbox 1411 3063 1546 3136; x_wconf 86' lang='lat' dir='ltr'><strong>jure</strong></span> <span class='ocrx_word' id='word_1_192' title='bbox 1593 3065 1918 3136; x_wconf 69' lang='lat' dir='ltr'><strong>praeceptis,</strong></span> <span class='ocrx_word' id='word_1_193' title='bbox 1951 3069 2009 3120; x_wconf 91' lang='lat' dir='ltr'><strong>et</strong></span> 
     </span>
    </p>
   </div>
   <div class='ocr_carea' id='block_1_33' title="bbox 353 3151 2006 3240">
    <p class='ocr_par' dir='ltr' id='par_1_33' title="bbox 353 3151 2006 3240">
     <span class='ocr_line' id='line_1_33' title="bbox 353 3151 2006 3240; baseline -0.002 -31"><span class='ocrx_word' id='word_1_194' title='bbox 353 3151 611 3240; x_wconf 66' lang='lat' dir='ltr'><strong>scriptis</strong></span> <span class='ocrx_word' id='word_1_195' title='bbox 629 3153 980 3210; x_wconf 87' lang='lat' dir='ltr'><strong>detestatum</strong></span> <span class='ocrx_word' id='word_1_196' title='bbox 1013 3155 1124 3208; x_wconf 90' lang='lat' dir='ltr'><strong>est.</strong></span> <span class='ocrx_word' id='word_1_197' title='bbox 1157 3151 1428 3240; x_wconf 13' lang='lat' dir='ltr'><strong>Lexivero</strong></span> <span class='ocrx_word' id='word_1_198' title='bbox 1453 3151 1888 3240; x_wconf 86' lang='lat' dir='ltr'><strong>privata,quod</strong></span> <span class='ocrx_word' id='word_1_199' title='bbox 1919 3152 2006 3207; x_wconf 89' lang='lat' dir='ltr'><strong>in-</strong></span> 
     </span>
    </p>
   </div>
   <div class='ocr_carea' id='block_1_34' title="bbox 362 3239 2008 3314">
    <p class='ocr_par' dir='ltr' id='par_1_34' title="bbox 362 3239 2008 3314">
     <span class='ocr_line' id='line_1_34' title="bbox 362 3239 2008 3314; baseline -0.001 -16"><span class='ocrx_word' id='word_1_200' title='bbox 362 3239 645 3304; x_wconf 82' lang='lat' dir='ltr'><strong>stinctum</strong></span> <span class='ocrx_word' id='word_1_201' title='bbox 673 3245 765 3300; x_wconf 87' lang='lat' dir='ltr'><strong>est</strong></span> <span class='ocrx_word' id='word_1_202' title='bbox 783 3242 971 3298; x_wconf 88' lang='lat' dir='ltr'><strong>sancti</strong></span> <span class='ocrx_word' id='word_1_203' title='bbox 992 3239 1335 3314; x_wconf 89' lang='lat' dir='ltr'><strong>Spiritus,in</strong></span> <span class='ocrx_word' id='word_1_204' title='bbox 1358 3241 1530 3296; x_wconf 91' lang='lat' dir='ltr'><strong>corde</strong></span> <span class='ocrx_word' id='word_1_205' title='bbox 1550 3239 2008 3310; x_wconf 90' lang='lat' dir='ltr'><strong>scribitur,sicut</strong></span> 
     </span>
    </p>
   </div>
   <div class='ocr_carea' id='block_1_35' title="bbox 361 3315 2078 3404">
    <p class='ocr_par' dir='ltr' id='par_1_35' title="bbox 361 3315 2078 3404">
     <span class='ocr_line' id='line_1_35' title="bbox 361 3315 2078 3404; baseline -0.002 -17"><span class='ocrx_word' id='word_1_206' title='bbox 361 3331 433 3387; x_wconf 90' lang='lat' dir='ltr'><strong>de</strong></span> <span class='ocrx_word' id='word_1_207' title='bbox 452 3329 806 3404; x_wconf 89' lang='lat' dir='ltr'><strong>quibusdam</strong></span> <span class='ocrx_word' id='word_1_208' title='bbox 829 3331 971 3387; x_wconf 90' lang='lat' dir='ltr'><strong>dicit</strong></span> <span class='ocrx_word' id='word_1_209' title='bbox 989 3329 1428 3402; x_wconf 88' lang='lat' dir='ltr'><strong>Apostolus,qui</strong></span> <span class='ocrx_word' id='word_1_210' title='bbox 1452 3327 1672 3385; x_wconf 88' lang='lat' dir='ltr'><strong>habent</strong></span> <span class='ocrx_word' id='word_1_211' title='bbox 1689 3328 1877 3402; x_wconf 86' lang='lat' dir='ltr'><strong>legem</strong></span> <span class='ocrx_word' id='word_1_212' title='bbox 1901 3330 2003 3386; x_wconf 91' lang='lat' dir='ltr'><strong>Dei</strong></span> <span class='ocrx_word' id='word_1_213' title='bbox 2035 3315 2078 3384; x_wconf 84' lang='lat' dir='ltr'>C</span> 
     </span>
    </p>
   </div>
   <div class='ocr_carea' id='block_1_36' title="bbox 359 3417 2004 3494">
    <p class='ocr_par' dir='ltr' id='par_1_36' title="bbox 359 3417 2004 3494">
     <span class='ocr_line' id='line_1_36' title="bbox 359 3417 2004 3494; baseline -0.002 -17"><span class='ocrx_word' id='word_1_214' title='bbox 359 3419 640 3494; x_wconf 79' lang='lat' dir='ltr'><strong>scriptam</strong></span> <span class='ocrx_word' id='word_1_215' title='bbox 656 3419 716 3479; x_wconf 88' lang='lat' dir='ltr'><strong>in</strong></span> <span class='ocrx_word' id='word_1_216' title='bbox 736 3419 1011 3477; x_wconf 89' lang='lat' dir='ltr'><strong>cordibus</strong></span> <span class='ocrx_word' id='word_1_217' title='bbox 1033 3419 1179 3488; x_wconf 90' lang='lat' dir='ltr'><strong>suis,</strong></span> <span class='ocrx_word' id='word_1_218' title='bbox 1201 3423 1258 3475; x_wconf 88' lang='lat' dir='ltr'><strong>et</strong></span> <span class='ocrx_word' id='word_1_219' title='bbox 1288 3417 1398 3474; x_wconf 87' lang='lat' dir='ltr'><strong>sibi</strong></span> <span class='ocrx_word' id='word_1_220' title='bbox 1433 3422 1490 3474; x_wconf 89' lang='lat' dir='ltr'><strong>et</strong></span> <span class='ocrx_word' id='word_1_221' title='bbox 1506 3417 1620 3490; x_wconf 87' lang='lat' dir='ltr'><strong>ipsi</strong></span> <span class='ocrx_word' id='word_1_222' title='bbox 1646 3419 1833 3475; x_wconf 88' lang='lat' dir='ltr'><strong>sancti</strong></span> <span class='ocrx_word' id='word_1_223' title='bbox 1866 3424 2004 3476; x_wconf 91' lang='lat' dir='ltr'><strong>sunt</strong></span> 
     </span>
    </p>
   </div>
   <div class='ocr_carea' id='block_1_37' title="bbox 355 3504 2004 3582">
    <p class='ocr_par' dir='ltr' id='par_1_37' title="bbox 355 3504 2004 3582">
     <span class='ocr_line' id='line_1_37' title="bbox 355 3504 2004 3582; baseline -0.001 -18"><span class='ocrx_word' id='word_1_224' title='bbox 355 3506 534 3568; x_wconf 83' lang='lat' dir='ltr'><strong>lex.Si</strong></span> <span class='ocrx_word' id='word_1_225' title='bbox 565 3507 698 3582; x_wconf 87' lang='lat' dir='ltr'><strong>quis</strong></span> <span class='ocrx_word' id='word_1_226' title='bbox 728 3507 940 3565; x_wconf 88' lang='lat' dir='ltr'><strong>borum</strong></span> <span class='ocrx_word' id='word_1_227' title='bbox 970 3507 1028 3563; x_wconf 92' lang='lat' dir='ltr'><strong>in</strong></span> <span class='ocrx_word' id='word_1_228' title='bbox 1061 3504 1316 3563; x_wconf 86' lang='lat' dir='ltr'><strong>Ecclesia</strong></span> <span class='ocrx_word' id='word_1_229' title='bbox 1335 3522 1444 3563; x_wconf 92' lang='lat' dir='ltr'><strong>sua</strong></span> <span class='ocrx_word' id='word_1_230' title='bbox 1473 3505 1581 3560; x_wconf 91' lang='lat' dir='ltr'><strong>sub</strong></span> <span class='ocrx_word' id='word_1_231' title='bbox 1600 3504 1872 3578; x_wconf 89' lang='lat' dir='ltr'><strong>episcopo</strong></span> <span class='ocrx_word' id='word_1_232' title='bbox 1896 3523 2004 3562; x_wconf 91' lang='lat' dir='ltr'><strong>suo</strong></span> 
     </span>
    </p>
   </div>
   <div class='ocr_carea' id='block_1_38' title="bbox 356 3593 2003 3672">
    <p class='ocr_par' dir='ltr' id='par_1_38' title="bbox 356 3593 2003 3672">
     <span class='ocr_line' id='line_1_38' title="bbox 356 3593 2003 3672; baseline -0.004 -14"><span class='ocrx_word' id='word_1_233' title='bbox 356 3597 661 3672; x_wconf 87' lang='lat' dir='ltr'><strong>proprium</strong></span> <span class='ocrx_word' id='word_1_234' title='bbox 689 3597 921 3668; x_wconf 85' lang='lat' dir='ltr'><strong>retinet,</strong></span> <span class='ocrx_word' id='word_1_235' title='bbox 953 3600 1012 3652; x_wconf 92' lang='lat' dir='ltr'><strong>et</strong></span> <span class='ocrx_word' id='word_1_236' title='bbox 1067 3593 1424 3651; x_wconf 71' lang='lat' dir='ltr'><strong>swculariter</strong></span> <span class='ocrx_word' id='word_1_237' title='bbox 1478 3593 1635 3662; x_wconf 85' lang='lat' dir='ltr'><strong>vivit,</strong></span> <span class='ocrx_word' id='word_1_238' title='bbox 1669 3594 1718 3650; x_wconf 90' lang='lat' dir='ltr'><strong>si</strong></span> <span class='ocrx_word' id='word_1_239' title='bbox 1766 3595 2003 3652; x_wconf 77' lang='lat' dir='ltr'><strong>amante</strong></span> 
     </span>
    </p>
   </div>
   <div class='ocr_carea' id='block_1_39' title="bbox 356 3681 2004 3760">
    <p class='ocr_par' dir='ltr' id='par_1_39' title="bbox 356 3681 2004 3760">
     <span class='ocr_line' id='line_1_39' title="bbox 356 3681 2004 3760; baseline -0.004 -16"><span class='ocrx_word' id='word_1_240' title='bbox 356 3686 578 3760; x_wconf 90' lang='lat' dir='ltr'><strong>Spiritu</strong></span> <span class='ocrx_word' id='word_1_241' title='bbox 608 3689 810 3744; x_wconf 88' lang='lat' dir='ltr'><strong>sancto</strong></span> <span class='ocrx_word' id='word_1_242' title='bbox 840 3686 900 3742; x_wconf 92' lang='lat' dir='ltr'><strong>in</strong></span> <span class='ocrx_word' id='word_1_243' title='bbox 933 3684 1129 3756; x_wconf 89' lang='lat' dir='ltr'><strong>aliquo</strong></span> <span class='ocrx_word' id='word_1_244' title='bbox 1161 3681 1518 3740; x_wconf 90' lang='lat' dir='ltr'><strong>monasterio</strong></span> <span class='ocrx_word' id='word_1_245' title='bbox 1567 3699 1629 3738; x_wconf 92' lang='lat' dir='ltr'><strong>se</strong></span> <span class='ocrx_word' id='word_1_246' title='bbox 1660 3681 1882 3740; x_wconf 89' lang='lat' dir='ltr'><strong>salvare</strong></span> <span class='ocrx_word' id='word_1_247' title='bbox 1911 3699 2004 3739; x_wconf 90' lang='lat' dir='ltr'><strong>vo-</strong></span> 
     </span>
    </p>
   </div>
   <div class='ocr_carea' id='block_1_40' title="bbox 354 3771 2005 3848">
    <p class='ocr_par' dir='ltr' id='par_1_40' title="bbox 354 3771 2005 3848">
     <span class='ocr_line' id='line_1_40' title="bbox 354 3771 2005 3848; baseline -0.002 -16"><span class='ocrx_word' id='word_1_248' title='bbox 354 3775 551 3844; x_wconf 87' lang='lat' dir='ltr'><strong>luerit,</strong></span> <span class='ocrx_word' id='word_1_249' title='bbox 583 3775 725 3848; x_wconf 89' lang='lat' dir='ltr'><strong>quia</strong></span> <span class='ocrx_word' id='word_1_250' title='bbox 752 3773 879 3848; x_wconf 87' lang='lat' dir='ltr'><strong>lege</strong></span> <span class='ocrx_word' id='word_1_251' title='bbox 909 3773 1133 3846; x_wconf 87' lang='lat' dir='ltr'><strong>privata</strong></span> <span class='ocrx_word' id='word_1_252' title='bbox 1170 3772 1424 3841; x_wconf 90' lang='lat' dir='ltr'><strong>ducitur,</strong></span> <span class='ocrx_word' id='word_1_253' title='bbox 1457 3771 1620 3828; x_wconf 88' lang='lat' dir='ltr'><strong>nulla</strong></span> <span class='ocrx_word' id='word_1_254' title='bbox 1650 3771 1796 3828; x_wconf 91' lang='lat' dir='ltr'><strong>ratio</strong></span> <span class='ocrx_word' id='word_1_255' title='bbox 1827 3771 2005 3844; x_wconf 82' lang='lat' dir='ltr'><strong>exigit</strong></span> 
     </span>
    </p>
   </div>
   <div class='ocr_carea' id='block_1_41' title="bbox 355 3859 2004 3936">
    <p class='ocr_par' dir='ltr' id='par_1_41' title="bbox 355 3859 2004 3936">
     <span class='ocr_line' id='line_1_41' title="bbox 355 3859 2004 3936; baseline -0.005 -15"><span class='ocrx_word' id='word_1_256' title='bbox 355 3867 423 3922; x_wconf 87' lang='lat' dir='ltr'><strong>ut</strong></span> <span class='ocrx_word' id='word_1_257' title='bbox 451 3865 522 3920; x_wconf 88' lang='lat' dir='ltr'><strong>ad</strong></span> <span class='ocrx_word' id='word_1_258' title='bbox 545 3861 784 3936; x_wconf 90' lang='lat' dir='ltr'><strong>publica</strong></span> <span class='ocrx_word' id='word_1_259' title='bbox 811 3861 1176 3934; x_wconf 86' lang='lat' dir='ltr'><strong>constringat</strong></span> <span class='ocrx_word' id='word_1_260' title='bbox 1196 3864 1286 3934; x_wconf 67' lang='grc' dir='ltr'><strong>υἱ,</strong></span> <span class='ocrx_word' id='word_1_261' title='bbox 1311 3865 1432 3918; x_wconf 91' lang='lat' dir='ltr'><strong>uta</strong></span> <span class='ocrx_word' id='word_1_262' title='bbox 1455 3860 1690 3934; x_wconf 89' lang='lat' dir='ltr'><strong>publica</strong></span> <span class='ocrx_word' id='word_1_263' title='bbox 1720 3859 2004 3916; x_wconf 90' lang='lat' dir='ltr'><strong>constrin-</strong></span> 
     </span>
    </p>
   </div>
   <div class='ocr_carea' id='block_1_42' title="bbox 355 3948 1998 4028">
    <p class='ocr_par' dir='ltr' id='par_1_42' title="bbox 355 3948 1998 4028">
     <span class='ocr_line' id='line_1_42' title="bbox 355 3948 1998 4028; baseline -0.004 -17"><span class='ocrx_word' id='word_1_264' title='bbox 355 3952 587 4028; x_wconf 87' lang='lat' dir='ltr'><strong>gatur];</strong></span> <span class='ocrx_word' id='word_1_265' title='bbox 617 3949 850 4024; x_wconf 85' lang='lat' dir='ltr'><strong>dignior</strong></span> <span class='ocrx_word' id='word_1_266' title='bbox 875 3955 965 4007; x_wconf 91' lang='lat' dir='ltr'><strong>est</strong></span> <span class='ocrx_word' id='word_1_267' title='bbox 993 3950 1150 4007; x_wconf 91' lang='lat' dir='ltr'><strong>enim</strong></span> <span class='ocrx_word' id='word_1_268' title='bbox 1181 3951 1406 4024; x_wconf 88' lang='lat' dir='ltr'><strong>privata</strong></span> <span class='ocrx_word' id='word_1_269' title='bbox 1427 3949 1520 4005; x_wconf 89' lang='lat' dir='ltr'><strong>lex</strong></span> <span class='ocrx_word' id='word_1_270' title='bbox 1545 3966 1722 4022; x_wconf 88' lang='lat' dir='ltr'><strong>quam</strong></span> <span class='ocrx_word' id='word_1_271' title='bbox 1745 3948 1998 4020; x_wconf 88' lang='lat' dir='ltr'><strong>publica.</strong></span> 
     </span>
    </p>
   </div>
   <div class='ocr_carea' id='block_1_43' title="bbox 358 4034 2002 4114">
    <p class='ocr_par' dir='ltr' id='par_1_43' title="bbox 358 4034 2002 4114">
     <span class='ocr_line' id='line_1_43' title="bbox 358 4034 2002 4114; baseline -0.006 -15"><span class='ocrx_word' id='word_1_272' title='bbox 358 4039 612 4114; x_wconf 86' lang='lat' dir='ltr'><strong>Spiritus</strong></span> <span class='ocrx_word' id='word_1_273' title='bbox 658 4037 894 4112; x_wconf 89' lang='lat' dir='ltr'><strong>quidem</strong></span> <span class='ocrx_word' id='word_1_274' title='bbox 943 4039 1044 4095; x_wconf 90' lang='lat' dir='ltr'><strong>Dei</strong></span> <span class='ocrx_word' id='word_1_275' title='bbox 1090 4039 1179 4096; x_wconf 86' lang='lat' dir='ltr'><strong>lex</strong></span> <span class='ocrx_word' id='word_1_276' title='bbox 1209 4042 1320 4111; x_wconf 89' lang='lat' dir='ltr'><strong>est,</strong></span> <span class='ocrx_word' id='word_1_277' title='bbox 1380 4042 1439 4094; x_wconf 93' lang='lat' dir='ltr'><strong>et</strong></span> <span class='ocrx_word' id='word_1_278' title='bbox 1491 4037 1592 4110; x_wconf 90' lang='lat' dir='ltr'><strong>qui</strong></span> <span class='ocrx_word' id='word_1_279' title='bbox 1648 4035 1867 4108; x_wconf 87' lang='lat' dir='ltr'><strong>Spiritu</strong></span> <span class='ocrx_word' id='word_1_280' title='bbox 1899 4034 2002 4092; x_wconf 91' lang='lat' dir='ltr'><strong>Dei</strong></span> 
     </span>
    </p>
   </div>
   <div class='ocr_carea' id='block_1_44' title="bbox 357 4125 2005 4203">
    <p class='ocr_par' dir='ltr' id='par_1_44' title="bbox 357 4125 2005 4203">
     <span class='ocr_line' id='line_1_44' title="bbox 357 4125 2005 4203; baseline -0.002 -17"><span class='ocrx_word' id='word_1_281' title='bbox 357 4130 638 4203; x_wconf 90' lang='lat' dir='ltr'><strong>aguntur,</strong></span> <span class='ocrx_word' id='word_1_282' title='bbox 671 4126 798 4202; x_wconf 85' lang='lat' dir='ltr'><strong>lege</strong></span> <span class='ocrx_word' id='word_1_283' title='bbox 821 4128 927 4185; x_wconf 88' lang='lat' dir='ltr'><strong>Dei</strong></span> <span class='ocrx_word' id='word_1_284' title='bbox 955 4129 1274 4186; x_wconf 86' lang='lat' dir='ltr'><strong>ducuntur.</strong></span> <span class='ocrx_word' id='word_1_285' title='bbox 1309 4127 1378 4184; x_wconf 90' lang='lat' dir='ltr'><strong>Et</strong></span> <span class='ocrx_word' id='word_1_286' title='bbox 1408 4125 1543 4199; x_wconf 91' lang='lat' dir='ltr'><strong>quis</strong></span> <span class='ocrx_word' id='word_1_287' title='bbox 1567 4128 1657 4182; x_wconf 90' lang='lat' dir='ltr'><strong>est</strong></span> <span class='ocrx_word' id='word_1_288' title='bbox 1686 4125 1784 4196; x_wconf 92' lang='lat' dir='ltr'><strong>qui</strong></span> <span class='ocrx_word' id='word_1_289' title='bbox 1817 4125 2005 4196; x_wconf 89' lang='lat' dir='ltr'><strong>possit</strong></span> 
     </span>
    </p>
   </div>
   <div class='ocr_carea' id='block_1_45' title="bbox 355 4213 2001 4292">
    <p class='ocr_par' dir='ltr' id='par_1_45' title="bbox 355 4213 2001 4292">
     <span class='ocr_line' id='line_1_45' title="bbox 355 4213 2001 4292; baseline -0.003 -17"><span class='ocrx_word' id='word_1_290' title='bbox 355 4216 598 4291; x_wconf 88' lang='lat' dir='ltr'><strong>Spiritui</strong></span> <span class='ocrx_word' id='word_1_291' title='bbox 631 4221 834 4274; x_wconf 88' lang='lat' dir='ltr'><strong>sancto</strong></span> <span class='ocrx_word' id='word_1_292' title='bbox 862 4217 1038 4292; x_wconf 85' lang='lat' dir='ltr'><strong>digne</strong></span> <span class='ocrx_word' id='word_1_293' title='bbox 1083 4217 1350 4274; x_wconf 90' lang='lat' dir='ltr'><strong>resistere</strong></span> <span class='ocrx_word' id='word_1_294' title='bbox 1370 4217 1398 4271; x_wconf 84' lang='lat'><strong>‘?</strong></span> <span class='ocrx_word' id='word_1_295' title='bbox 1427 4213 1709 4285; x_wconf 88' lang='lat' dir='ltr'><strong>Quisquis</strong></span> <span class='ocrx_word' id='word_1_296' title='bbox 1730 4229 1866 4286; x_wconf 89' lang='lat' dir='ltr'><strong>ergo</strong></span> <span class='ocrx_word' id='word_1_297' title='bbox 1891 4213 2001 4270; x_wconf 89' lang='lat' dir='ltr'><strong>hoc</strong></span> 
     </span>
    </p>
   </div>
   <div class='ocr_carea' id='block_1_46' title="bbox 356 4301 2002 4380">
    <p class='ocr_par' dir='ltr' id='par_1_46' title="bbox 356 4301 2002 4380">
     <span class='ocr_line' id='line_1_46' title="bbox 356 4301 2002 4380; baseline -0.003 -16"><span class='ocrx_word' id='word_1_298' title='bbox 356 4306 583 4380; x_wconf 90' lang='lat' dir='ltr'><strong>Spiritu</strong></span> <span class='ocrx_word' id='word_1_299' title='bbox 609 4306 862 4376; x_wconf 89' lang='lat' dir='ltr'><strong>ducitur,</strong></span> <span class='ocrx_word' id='word_1_300' title='bbox 896 4311 954 4363; x_wconf 90' lang='lat' dir='ltr'><strong>et</strong></span> <span class='ocrx_word' id='word_1_301' title='bbox 981 4307 1251 4380; x_wconf 89' lang='lat' dir='ltr'><strong>episcopo</strong></span> <span class='ocrx_word' id='word_1_302' title='bbox 1283 4322 1390 4361; x_wconf 91' lang='lat' dir='ltr'><strong>suo</strong></span> <span class='ocrx_word' id='word_1_303' title='bbox 1425 4301 1878 4370; x_wconf 88' lang='lat' dir='ltr'><strong>contradicente,</strong></span> <span class='ocrx_word' id='word_1_304' title='bbox 1907 4307 2002 4360; x_wconf 90' lang='lat' dir='ltr'><strong>eat</strong></span> 
     </span>
    </p>
   </div>
   <div class='ocr_carea' id='block_1_47' title="bbox 355 4389 2001 4464">
    <p class='ocr_par' dir='ltr' id='par_1_47' title="bbox 355 4389 2001 4464">
     <span class='ocr_line' id='line_1_47' title="bbox 355 4389 2001 4464; baseline -0.002 -12"><span class='ocrx_word' id='word_1_305' title='bbox 355 4395 504 4454; x_wconf 91' lang='lat' dir='ltr'><strong>liber</strong></span> <span class='ocrx_word' id='word_1_306' title='bbox 533 4400 732 4454; x_wconf 88' lang='lat' dir='ltr'><strong>nostra</strong></span> <span class='ocrx_word' id='word_1_307' title='bbox 760 4396 1158 4454; x_wconf 87' lang='lat' dir='ltr'><strong>auctoritate.J</strong></span> <span class='ocrx_word' id='word_1_308' title='bbox 1169 4398 1298 4452; x_wconf 90' lang='lat' dir='ltr'><strong>usto</strong></span> <span class='ocrx_word' id='word_1_309' title='bbox 1330 4393 1485 4450; x_wconf 87' lang='lat' dir='ltr'><strong>enim</strong></span> <span class='ocrx_word' id='word_1_310' title='bbox 1520 4389 1611 4445; x_wconf 86' lang='lat' dir='ltr'><strong>lex</strong></span> <span class='ocrx_word' id='word_1_311' title='bbox 1641 4407 1754 4446; x_wconf 91' lang='lat' dir='ltr'><strong>non</strong></span> <span class='ocrx_word' id='word_1_312' title='bbox 1787 4395 1876 4448; x_wconf 84' lang='lat' dir='ltr'><strong>est</strong></span> <span class='ocrx_word' id='word_1_313' title='bbox 1905 4409 2001 4464; x_wconf 90' lang='lat' dir='ltr'><strong>po-</strong></span> 
     </span>
    </p>
   </div>
   <div class='ocr_carea' id='block_1_48' title="bbox 353 4480 1998 4560">
    <p class='ocr_par' dir='ltr' id='par_1_48' title="bbox 353 4480 1998 4560">
     <span class='ocr_line' id='line_1_48' title="bbox 353 4480 1998 4560; baseline -0.005 -17"><span class='ocrx_word' id='word_1_314' title='bbox 353 4485 553 4555; x_wconf 90' lang='lat' dir='ltr'><strong>sita,et</strong></span> <span class='ocrx_word' id='word_1_315' title='bbox 581 4485 681 4547; x_wconf 87' lang='lat' dir='ltr'><strong>ubi</strong></span> <span class='ocrx_word' id='word_1_316' title='bbox 710 4485 961 4560; x_wconf 81' lang='lat' dir='ltr'><strong>Spiritus</strong></span> <span class='ocrx_word' id='word_1_317' title='bbox 993 4484 1226 4542; x_wconf 88' lang='lat' dir='ltr'><strong>Domini</strong></span> <span class='ocrx_word' id='word_1_318' title='bbox 1258 4481 1338 4538; x_wconf 90' lang='lat' dir='ltr'>ibi</span> <span class='ocrx_word' id='word_1_319' title='bbox 1370 4481 1632 4547; x_wconf 88' lang='lat' dir='ltr'><strong>libertas,</strong></span> <span class='ocrx_word' id='word_1_320' title='bbox 1650 4483 1707 4534; x_wconf 90' lang='lat' dir='ltr'><strong>et</strong></span> <span class='ocrx_word' id='word_1_321' title='bbox 1735 4480 1782 4536; x_wconf 92' lang='lat' dir='ltr'><strong>si</strong></span> <span class='ocrx_word' id='word_1_322' title='bbox 1815 4481 1998 4553; x_wconf 90' lang='lat' dir='ltr'><strong>Spiri-</strong></span> 
     </span>
    </p>
   </div>
   <div class='ocr_carea' id='block_1_49' title="bbox 355 4568 1532 4644">
    <p class='ocr_par' dir='ltr' id='par_1_49' title="bbox 355 4568 1532 4644">
     <span class='ocr_line' id='line_1_49' title="bbox 355 4568 1532 4644; baseline -0.008 -13"><span class='ocrx_word' id='word_1_323' title='bbox 355 4578 420 4632; x_wconf 90' lang='lat' dir='ltr'><strong>tu</strong></span> <span class='ocrx_word' id='word_1_324' title='bbox 450 4573 553 4632; x_wconf 90' lang='lat' dir='ltr'><strong>Dei</strong></span> <span class='ocrx_word' id='word_1_325' title='bbox 583 4572 891 4644; x_wconf 90' lang='lat' dir='ltr'><strong>ducimini,</strong></span> <span class='ocrx_word' id='word_1_326' title='bbox 925 4591 1039 4631; x_wconf 91' lang='lat' dir='ltr'><strong>non</strong></span> <span class='ocrx_word' id='word_1_327' title='bbox 1069 4572 1212 4631; x_wconf 85' lang='lat' dir='ltr'><strong>estis</strong></span> <span class='ocrx_word' id='word_1_328' title='bbox 1243 4570 1355 4630; x_wconf 89' lang='lat' dir='ltr'><strong>sub</strong></span> <span class='ocrx_word' id='word_1_329' title='bbox 1384 4568 1532 4640; x_wconf 90' lang='lat' dir='ltr'><strong>lege.</strong></span> 
     </span>
    </p>
   </div>
   <div class='ocr_carea' id='block_1_50' title="bbox 1009 4677 1338 4737">
    <p class='ocr_par' dir='ltr' id='par_1_50' title="bbox 1009 4677 1338 4737">
     <span class='ocr_line' id='line_1_50' title="bbox 1009 4677 1338 4737; baseline -0.015 0"><span class='ocrx_word' id='word_1_330' title='bbox 1009 4677 1338 4737; x_wconf 79' lang='lat' dir='ltr'><strong>CCLXXIX.</strong></span> 
     </span>
    </p>
   </div>
   <div class='ocr_carea' id='block_1_51' title="bbox 353 4761 1996 4838">
    <p class='ocr_par' dir='ltr' id='par_1_51' title="bbox 353 4761 1996 4838">
     <span class='ocr_line' id='line_1_51' title="bbox 353 4761 1996 4838; baseline -0.004 -8"><span class='ocrx_word' id='word_1_331' title='bbox 353 4771 602 4830; x_wconf 81' lang='lat' dir='ltr'><strong>Urbanus</strong></span> <span class='ocrx_word' id='word_1_332' title='bbox 629 4770 682 4828; x_wconf 83' lang='lat' dir='ltr'><strong>Il</strong></span> <span class='ocrx_word' id='word_1_333' title='bbox 717 4769 1002 4827; x_wconf 80' lang='lat' dir='ltr'><strong>canonicis</strong></span> <span class='ocrx_word' id='word_1_334' title='bbox 1042 4766 1395 4838; x_wconf 73' lang='lat' dir='ltr'><strong>regularibus</strong></span> <span class='ocrx_word' id='word_1_335' title='bbox 1441 4761 1766 4838; x_wconf 78' lang='lat' dir='ltr'><strong>quibusdam</strong></span> <span class='ocrx_word' id='word_1_336' title='bbox 1803 4767 1996 4822; x_wconf 84' lang='lat' dir='ltr'><strong>scribit</strong></span> 
     </span>
    </p>
   </div>
   <div class='ocr_carea' id='block_1_52' title="bbox 573 4834 1768 4910">
    <p class='ocr_par' dir='ltr' id='par_1_52' title="bbox 573 4834 1768 4910">
     <span class='ocr_line' id='line_1_52' title="bbox 573 4834 1768 4910; baseline -0.006 -11"><span class='ocrx_word' id='word_1_337' title='bbox 573 4841 640 4899; x_wconf 86' lang='lat' dir='ltr'><strong>de</strong></span> <span class='ocrx_word' id='word_1_338' title='bbox 667 4842 1060 4900; x_wconf 79' lang='lat' dir='ltr'><strong>canonicorum</strong></span> <span class='ocrx_word' id='word_1_339' title='bbox 1086 4834 1384 4910; x_wconf 75' lang='lat' dir='ltr'><strong>disciplina</strong></span> <span class='ocrx_word' id='word_1_340' title='bbox 1413 4834 1768 4891; x_wconf 85' lang='lat' dir='ltr'><strong>restituenda.</strong></span> 
     </span>
    </p>
   </div>
   <div class='ocr_carea' id='block_1_53' title="bbox 821 4923 1522 5002">
    <p class='ocr_par' dir='ltr' id='par_1_53' title="bbox 821 4923 1522 5002">
     <span class='ocr_line' id='line_1_53' title="bbox 821 4923 1522 5002; baseline -0.009 -18"><span class='ocrx_word' id='word_1_341' title='bbox 821 4928 1006 5002; x_wconf 89' lang='lat' dir='ltr'><strong>(Intra</strong></span> <span class='ocrx_word' id='word_1_342' title='bbox 1035 4943 1131 4983; x_wconf 86' lang='lat' dir='ltr'><strong>an.</strong></span> <span class='ocrx_word' id='word_1_343' title='bbox 1165 4923 1522 4995; x_wconf 86' lang='lat'>1088-1099.)</span> 
     </span>
    </p>
   </div>
   <div class='ocr_carea' id='block_1_54' title="bbox 771 5013 1577 5092">
    <p class='ocr_par' dir='ltr' id='par_1_54' title="bbox 771 5013 1577 5092">
     <span class='ocr_line' id='line_1_54' title="bbox 771 5013 1577 5092; baseline -0.01 -18"><span class='ocrx_word' id='word_1_344' title='bbox 771 5017 1006 5092; x_wconf 56' lang='lat' dir='ltr'><strong>[Massa</strong></span> <span class='ocrx_word' id='word_1_345' title='bbox 1041 5016 1247 5072; x_wconf 85' lang='lat' dir='ltr'><strong>Concil.</strong></span> <span class='ocrx_word' id='word_1_346' title='bbox 1279 5013 1391 5083; x_wconf 87' lang='lat' dir='ltr'><strong>XX,</strong></span> <span class='ocrx_word' id='word_1_347' title='bbox 1421 5013 1577 5083; x_wconf 86' lang='lat'>712.]</span> 
     </span>
    </p>
   </div>
   <div class='ocr_carea' id='block_1_55' title="bbox 413 5102 1993 5182">
    <p class='ocr_par' dir='ltr' id='par_1_55' title="bbox 413 5102 1993 5182">
     <span class='ocr_line' id='line_1_55' title="bbox 413 5102 1993 5182; baseline -0.004 -16"><span class='ocrx_word' id='word_1_348' title='bbox 413 5109 656 5182; x_wconf 86' lang='lat' dir='ltr'><strong>Oportet</strong></span> <span class='ocrx_word' id='word_1_349' title='bbox 683 5123 793 5165; x_wconf 90' lang='lat' dir='ltr'><strong>nos</strong></span> <span class='ocrx_word' id='word_1_350' title='bbox 852 5104 974 5178; x_wconf 91' lang='lat' dir='ltr'><strong>qui,</strong></span> <span class='ocrx_word' id='word_1_351' title='bbox 1009 5103 1144 5160; x_wconf 90' lang='lat' dir='ltr'><strong>licet</strong></span> <span class='ocrx_word' id='word_1_352' title='bbox 1187 5103 1434 5178; x_wconf 89' lang='lat' dir='ltr'><strong>indigni,</strong></span> <span class='ocrx_word' id='word_1_353' title='bbox 1467 5102 1618 5160; x_wconf 90' lang='lat' dir='ltr'><strong>Petri</strong></span> <span class='ocrx_word' id='word_1_354' title='bbox 1667 5104 1993 5160; x_wconf 88' lang='lat' dir='ltr'><strong>residemus</strong></span> 
     </span>
    </p>
   </div>
   <div class='ocr_carea' id='block_1_56' title="bbox 341 5193 1991 5271">
    <p class='ocr_par' dir='ltr' id='par_1_56' title="bbox 341 5193 1991 5271">
     <span class='ocr_line' id='line_1_56' title="bbox 341 5193 1991 5271; baseline -0.005 -15"><span class='ocrx_word' id='word_1_355' title='bbox 341 5197 400 5256; x_wconf 92' lang='lat' dir='ltr'><strong>in</strong></span> <span class='ocrx_word' id='word_1_356' title='bbox 433 5198 583 5267; x_wconf 91' lang='lat' dir='ltr'><strong>loco,</strong></span> <span class='ocrx_word' id='word_1_357' title='bbox 616 5213 798 5271; x_wconf 86' lang='lat' dir='ltr'><strong>prava</strong></span> <span class='ocrx_word' id='word_1_358' title='bbox 840 5193 1151 5267; x_wconf 89' lang='lat' dir='ltr'><strong>corrigere,</strong></span> <span class='ocrx_word' id='word_1_359' title='bbox 1183 5198 1338 5251; x_wconf 90' lang='lat' dir='ltr'><strong>recta</strong></span> <span class='ocrx_word' id='word_1_360' title='bbox 1367 5194 1618 5262; x_wconf 90' lang='lat' dir='ltr'><strong>ﬁrmare,</strong></span> <span class='ocrx_word' id='word_1_361' title='bbox 1653 5198 1709 5249; x_wconf 91' lang='lat' dir='ltr'><strong>et</strong></span> <span class='ocrx_word' id='word_1_362' title='bbox 1740 5193 1799 5249; x_wconf 93' lang='lat' dir='ltr'><strong>in</strong></span> <span class='ocrx_word' id='word_1_363' title='bbox 1831 5193 1991 5250; x_wconf 91' lang='lat' dir='ltr'><strong>omni</strong></span> 
     </span>
    </p>
   </div>
   <div class='ocr_carea' id='block_1_57' title="bbox 340 5281 1990 5356">
    <p class='ocr_par' dir='ltr' id='par_1_57' title="bbox 340 5281 1990 5356">
     <span class='ocr_line' id='line_1_57' title="bbox 340 5281 1990 5356; baseline -0.004 -10"><span class='ocrx_word' id='word_1_364' title='bbox 340 5285 602 5346; x_wconf 83' lang='lat' dir='ltr'><strong>Ecclesia</strong></span> <span class='ocrx_word' id='word_1_365' title='bbox 631 5284 949 5342; x_wconf 86' lang='lat' dir='ltr'><strong>arbitrium</strong></span> <span class='ocrx_word' id='word_1_366' title='bbox 971 5281 1192 5355; x_wconf 90' lang='lat' dir='ltr'><strong>judicis</strong></span> <span class='ocrx_word' id='word_1_367' title='bbox 1219 5284 1269 5356; x_wconf 91' lang='lat' dir='ltr'><strong>ej</strong></span> <span class='ocrx_word' id='word_1_368' title='bbox 1287 5301 1354 5340; x_wconf 89' lang='lat' dir='ltr'><strong>us</strong></span> <span class='ocrx_word' id='word_1_369' title='bbox 1394 5282 1686 5356; x_wconf 85' lang='lat' dir='ltr'><strong>judicium</strong></span> <span class='ocrx_word' id='word_1_370' title='bbox 1721 5287 1990 5339; x_wconf 89' lang='lat' dir='ltr'><strong>nostrum</strong></span> 
     </span>
    </p>
   </div>
   <div class='ocr_carea' id='block_1_58' title="bbox 338 5370 1991 5450">
    <p class='ocr_par' dir='ltr' id='par_1_58' title="bbox 338 5370 1991 5450">
     <span class='ocr_line' id='line_1_58' title="bbox 338 5370 1991 5450; baseline -0.005 -14"><span class='ocrx_word' id='word_1_371' title='bbox 338 5376 600 5450; x_wconf 87' lang='lat' dir='ltr'><strong>prodeat,</strong></span> <span class='ocrx_word' id='word_1_372' title='bbox 633 5372 784 5430; x_wconf 90' lang='lat' dir='ltr'><strong>oculi</strong></span> <span class='ocrx_word' id='word_1_373' title='bbox 815 5371 1001 5430; x_wconf 88' lang='lat' dir='ltr'><strong>nostri</strong></span> <span class='ocrx_word' id='word_1_374' title='bbox 1051 5372 1286 5430; x_wconf 86' lang='lat' dir='ltr'><strong>videant</strong></span> <span class='ocrx_word' id='word_1_375' title='bbox 1331 5371 1686 5446; x_wconf 67' lang='lat' dir='ltr'><strong>aequitatem.</strong></span> <span class='ocrx_word' id='word_1_376' title='bbox 1719 5370 1991 5444; x_wconf 86' lang='lat' dir='ltr'><strong>Omnipo-</strong></span> 
     </span>
    </p>
   </div>
   <div class='ocr_carea' id='block_1_59' title="bbox 335 5459 1991 5537">
    <p class='ocr_par' dir='ltr' id='par_1_59' title="bbox 335 5459 1991 5537">
     <span class='ocr_line' id='line_1_59' title="bbox 335 5459 1991 5537; baseline -0.004 -15"><span class='ocrx_word' id='word_1_377' title='bbox 335 5465 484 5524; x_wconf 87' lang='lat' dir='ltr'><strong>tenti</strong></span> <span class='ocrx_word' id='word_1_378' title='bbox 513 5478 651 5537; x_wconf 89' lang='lat' dir='ltr'><strong>ergo</strong></span> <span class='ocrx_word' id='word_1_379' title='bbox 681 5462 821 5530; x_wconf 89' lang='lat' dir='ltr'><strong>Deo,</strong></span> <span class='ocrx_word' id='word_1_380' title='bbox 843 5461 1015 5534; x_wconf 88' lang='lat' dir='ltr'><strong>cujus</strong></span> <span class='ocrx_word' id='word_1_381' title='bbox 1037 5461 1242 5520; x_wconf 90' lang='lat' dir='ltr'><strong>melior</strong></span> <span class='ocrx_word' id='word_1_382' title='bbox 1269 5466 1359 5520; x_wconf 90' lang='lat' dir='ltr'><strong>est</strong></span> <span class='ocrx_word' id='word_1_383' title='bbox 1390 5459 1797 5518; x_wconf 84' lang='lat' dir='ltr'><strong>misericordia</strong></span> <span class='ocrx_word' id='word_1_384' title='bbox 1814 5476 1991 5532; x_wconf 90' lang='lat' dir='ltr'><strong>super</strong></span> 
     </span>
    </p>
   </div>
   <div class='ocr_carea' id='block_1_60' title="bbox 336 5547 1986 5627">
    <p class='ocr_par' dir='ltr' id='par_1_60' title="bbox 336 5547 1986 5627">
     <span class='ocr_line' id='line_1_60' title="bbox 336 5547 1986 5627; baseline -0.005 -14"><span class='ocrx_word' id='word_1_385' title='bbox 336 5555 509 5624; x_wconf 88' lang='lat' dir='ltr'><strong>vitas,</strong></span> <span class='ocrx_word' id='word_1_386' title='bbox 540 5552 761 5627; x_wconf 88' lang='lat' dir='ltr'><strong>gratias</strong></span> <span class='ocrx_word' id='word_1_387' title='bbox 790 5552 1056 5627; x_wconf 88' lang='lat' dir='ltr'><strong>agimus:</strong></span> <span class='ocrx_word' id='word_1_388' title='bbox 1088 5553 1242 5625; x_wconf 89' lang='lat' dir='ltr'><strong>quod</strong></span> <span class='ocrx_word' id='word_1_389' title='bbox 1273 5569 1374 5608; x_wconf 89' lang='lat' dir='ltr'><strong>vos</strong></span> <span class='ocrx_word' id='word_1_390' title='bbox 1417 5550 1563 5607; x_wconf 86' lang='lat' dir='ltr'><strong>estis</strong></span> <span class='ocrx_word' id='word_1_391' title='bbox 1615 5547 1716 5620; x_wconf 90' lang='lat' dir='ltr'><strong>qui</strong></span> <span class='ocrx_word' id='word_1_392' title='bbox 1757 5552 1986 5605; x_wconf 85' lang='lat' dir='ltr'><strong>sancto-</strong></span> 
     </span>
    </p>
   </div>
   <div class='ocr_carea' id='block_1_61' title="bbox 340 5638 1988 5716">
    <p class='ocr_par' dir='ltr' id='par_1_61' title="bbox 340 5638 1988 5716">
     <span class='ocr_line' id='line_1_61' title="bbox 340 5638 1988 5716; baseline -0.004 -15"><span class='ocrx_word' id='word_1_393' title='bbox 340 5661 473 5702; x_wconf 89' lang='lat' dir='ltr'><strong>rum</strong></span> <span class='ocrx_word' id='word_1_394' title='bbox 504 5642 740 5698; x_wconf 87' lang='lat' dir='ltr'><strong>Patrum</strong></span> <span class='ocrx_word' id='word_1_395' title='bbox 764 5641 938 5699; x_wconf 88' lang='lat' dir='ltr'><strong>vitam</strong></span> <span class='ocrx_word' id='word_1_396' title='bbox 963 5641 1324 5716; x_wconf 85' lang='lat' dir='ltr'><strong>probabilem</strong></span> <span class='ocrx_word' id='word_1_397' title='bbox 1363 5638 1659 5694; x_wconf 85' lang='lat' dir='ltr'><strong>renovatis</strong></span> <span class='ocrx_word' id='word_1_398' title='bbox 1684 5642 1740 5692; x_wconf 91' lang='lat' dir='ltr'><strong>et</strong></span> <span class='ocrx_word' id='word_1_399' title='bbox 1761 5642 1988 5708; x_wconf 89' lang='lat' dir='ltr'><strong>aposto-</strong></span> 
     </span>
    </p>
   </div>
   <div class='ocr_carea' id='block_1_62' title="bbox 341 5725 1986 5805">
    <p class='ocr_par' dir='ltr' id='par_1_62' title="bbox 341 5725 1986 5805">
     <span class='ocr_line' id='line_1_62' title="bbox 341 5725 1986 5805; baseline -0.002 -17"><span class='ocrx_word' id='word_1_400' title='bbox 341 5731 455 5788; x_wconf 88' lang='lat' dir='ltr'><strong>lica</strong></span> <span class='ocrx_word' id='word_1_401' title='bbox 507 5729 775 5789; x_wconf 88' lang='lat' dir='ltr'><strong>instituta</strong></span> <span class='ocrx_word' id='word_1_402' title='bbox 831 5729 1154 5805; x_wconf 71' lang='lat' dir='ltr'><strong>disciplinae</strong></span> <span class='ocrx_word' id='word_1_403' title='bbox 1213 5731 1270 5786; x_wconf 90' lang='lat' dir='ltr'><strong>in</strong></span> <span class='ocrx_word' id='word_1_404' title='bbox 1331 5726 1667 5800; x_wconf 86' lang='lat' dir='ltr'><strong>primordiis</strong></span> <span class='ocrx_word' id='word_1_405' title='bbox 1717 5725 1986 5784; x_wconf 69' lang='lat' dir='ltr'><strong>Ecclesia</strong></span> 
     </span>
    </p>
   </div>
   <div class='ocr_carea' id='block_1_63' title="bbox 2101 667 3760 743">
    <p class='ocr_par' dir='ltr' id='par_1_63' title="bbox 2101 667 3760 743">
     <span class='ocr_line' id='line_1_63' title="bbox 2101 667 3760 743; baseline -0.003 -14"><span class='ocrx_word' id='word_1_406' title='bbox 2101 671 2320 729; x_wconf 90' lang='lat' dir='ltr'><strong>delecta</strong></span> <span class='ocrx_word' id='word_1_407' title='bbox 2373 673 2653 728; x_wconf 88' lang='lat' dir='ltr'><strong>instinctu</strong></span> <span class='ocrx_word' id='word_1_408' title='bbox 2712 671 2898 727; x_wconf 88' lang='lat' dir='ltr'><strong>sancti</strong></span> <span class='ocrx_word' id='word_1_409' title='bbox 2955 670 3208 743; x_wconf 88' lang='lat' dir='ltr'><strong>Spiritus</strong></span> <span class='ocrx_word' id='word_1_410' title='bbox 3259 667 3580 724; x_wconf 88' lang='lat' dir='ltr'><strong>suscitatis.</strong></span> <span class='ocrx_word' id='word_1_411' title='bbox 3615 668 3760 724; x_wconf 67' lang='lat' dir='ltr'><strong>Duai</strong></span> 
     </span>
    </p>
   </div>
   <div class='ocr_carea' id='block_1_64' title="bbox 2102 755 3762 832">
    <p class='ocr_par' dir='ltr' id='par_1_64' title="bbox 2102 755 3762 832">
     <span class='ocr_line' id='line_1_64' title="bbox 2102 755 3762 832; baseline -0.002 -15"><span class='ocrx_word' id='word_1_412' title='bbox 2102 761 2257 817; x_wconf 90' lang='lat' dir='ltr'><strong>enim</strong></span> <span class='ocrx_word' id='word_1_413' title='bbox 2281 762 2352 816; x_wconf 90' lang='lat' dir='ltr'><strong>ab</strong></span> <span class='ocrx_word' id='word_1_414' title='bbox 2378 760 2646 816; x_wconf 83' lang='lat' dir='ltr'><strong>Ecclesiae</strong></span> <span class='ocrx_word' id='word_1_415' title='bbox 2670 766 2886 816; x_wconf 67' lang='lat' dir='ltr'><strong>sanctae</strong></span> <span class='ocrx_word' id='word_1_416' title='bbox 2905 757 3242 832; x_wconf 89' lang='lat' dir='ltr'><strong>primordiis</strong></span> <span class='ocrx_word' id='word_1_417' title='bbox 3288 756 3418 812; x_wconf 65' lang='lat' dir='ltr'><strong>vita:</strong></span> <span class='ocrx_word' id='word_1_418' title='bbox 3457 757 3587 829; x_wconf 89' lang='lat' dir='ltr'><strong>ejus</strong></span> <span class='ocrx_word' id='word_1_419' title='bbox 3619 755 3762 814; x_wconf 87' lang='lat' dir='ltr'><strong>ﬁliis</strong></span> 
     </span>
    </p>
   </div>
   <div class='ocr_carea' id='block_1_65' title="bbox 2102 845 3759 921">
    <p class='ocr_par' dir='ltr' id='par_1_65' title="bbox 2102 845 3759 921">
     <span class='ocr_line' id='line_1_65' title="bbox 2102 845 3759 921; baseline -0.004 -14"><span class='ocrx_word' id='word_1_420' title='bbox 2102 854 2241 907; x_wconf 88' lang='lat' dir='ltr'><strong>sunt</strong></span> <span class='ocrx_word' id='word_1_421' title='bbox 2268 849 2574 916; x_wconf 58' lang='lat' dir='ltr'><strong>institutae,</strong></span> <span class='ocrx_word' id='word_1_422' title='bbox 2607 866 2744 916; x_wconf 88' lang='lat' dir='ltr'><strong>una,</strong></span> <span class='ocrx_word' id='word_1_423' title='bbox 2771 866 2888 921; x_wconf 88' lang='lat' dir='ltr'><strong>qua</strong></span> <span class='ocrx_word' id='word_1_424' title='bbox 2916 849 3286 903; x_wconf 90' lang='lat' dir='ltr'><strong>inﬁrmorum</strong></span> <span class='ocrx_word' id='word_1_425' title='bbox 3309 845 3585 902; x_wconf 87' lang='lat' dir='ltr'><strong>debilitas</strong></span> <span class='ocrx_word' id='word_1_426' title='bbox 3618 846 3759 902; x_wconf 86' lang='lat' dir='ltr'><strong>reti-</strong></span> 
     </span>
    </p>
   </div>
   <div class='ocr_carea' id='block_1_66' title="bbox 2106 935 3762 1010">
    <p class='ocr_par' dir='ltr' id='par_1_66' title="bbox 2106 935 3762 1010">
     <span class='ocr_line' id='line_1_66' title="bbox 2106 935 3762 1010; baseline -0.002 -16"><span class='ocrx_word' id='word_1_427' title='bbox 2106 942 2310 994; x_wconf 90' lang='lat' dir='ltr'><strong>netur:</strong></span> <span class='ocrx_word' id='word_1_428' title='bbox 2345 937 2551 1005; x_wconf 89' lang='lat' dir='ltr'><strong>altera,</strong></span> <span class='ocrx_word' id='word_1_429' title='bbox 2585 954 2703 1010; x_wconf 90' lang='lat' dir='ltr'><strong>qua</strong></span> <span class='ocrx_word' id='word_1_430' title='bbox 2733 938 3038 994; x_wconf 89' lang='lat' dir='ltr'><strong>fortiorum</strong></span> <span class='ocrx_word' id='word_1_431' title='bbox 3086 937 3271 992; x_wconf 89' lang='lat' dir='ltr'><strong>virtus</strong></span> <span class='ocrx_word' id='word_1_432' title='bbox 3329 935 3498 990; x_wconf 89' lang='lat' dir='ltr'><strong>beata</strong></span> <span class='ocrx_word' id='word_1_433' title='bbox 3527 935 3762 1008; x_wconf 81' lang='lat' dir='ltr'><strong>perﬁci-</strong></span> 
     </span>
    </p>
   </div>
   <div class='ocr_carea' id='block_1_67' title="bbox 2103 1023 3758 1098">
    <p class='ocr_par' dir='ltr' id='par_1_67' title="bbox 2103 1023 3758 1098">
     <span class='ocr_line' id='line_1_67' title="bbox 2103 1023 3758 1098; baseline -0.002 -15"><span class='ocrx_word' id='word_1_434' title='bbox 2103 1031 2220 1083; x_wconf 89' lang='lat' dir='ltr'><strong>tur.</strong></span> <span class='ocrx_word' id='word_1_435' title='bbox 2254 1027 2380 1083; x_wconf 87' lang='lat' dir='ltr'><strong>Una</strong></span> <span class='ocrx_word' id='word_1_436' title='bbox 2409 1043 2718 1083; x_wconf 90' lang='lat' dir='ltr'><strong>remanens</strong></span> <span class='ocrx_word' id='word_1_437' title='bbox 2771 1027 2830 1080; x_wconf 93' lang='lat' dir='ltr'><strong>in</strong></span> <span class='ocrx_word' id='word_1_438' title='bbox 2881 1027 3064 1097; x_wconf 91' lang='lat' dir='ltr'><strong>Segor</strong></span> <span class='ocrx_word' id='word_1_439' title='bbox 3119 1023 3384 1098; x_wconf 88' lang='lat' dir='ltr'><strong>parvula,</strong></span> <span class='ocrx_word' id='word_1_440' title='bbox 3440 1023 3628 1080; x_wconf 90' lang='lat' dir='ltr'><strong>altera</strong></span> <span class='ocrx_word' id='word_1_441' title='bbox 3684 1024 3758 1080; x_wconf 87' lang='lat' dir='ltr'><strong>ad</strong></span> 
     </span>
    </p>
   </div>
   <div class='ocr_carea' id='block_1_68' title="bbox 2105 1111 3759 1185">
    <p class='ocr_par' dir='ltr' id='par_1_68' title="bbox 2105 1111 3759 1185">
     <span class='ocr_line' id='line_1_68' title="bbox 2105 1111 3759 1185; baseline -0.002 -13"><span class='ocrx_word' id='word_1_442' title='bbox 2105 1116 2323 1172; x_wconf 87' lang='lat' dir='ltr'><strong>montis</strong></span> <span class='ocrx_word' id='word_1_443' title='bbox 2353 1115 2558 1172; x_wconf 89' lang='lat' dir='ltr'><strong>altiora</strong></span> <span class='ocrx_word' id='word_1_444' title='bbox 2588 1115 3008 1172; x_wconf 89' lang='lat' dir='ltr'><strong>conscendens.</strong></span> <span class='ocrx_word' id='word_1_445' title='bbox 3045 1113 3175 1170; x_wconf 92' lang='lat' dir='ltr'><strong>Una</strong></span> <span class='ocrx_word' id='word_1_446' title='bbox 3197 1111 3474 1185; x_wconf 85' lang='lat' dir='ltr'><strong>lacrymis</strong></span> <span class='ocrx_word' id='word_1_447' title='bbox 3517 1117 3577 1169; x_wconf 90' lang='lat' dir='ltr'><strong>et</strong></span> <span class='ocrx_word' id='word_1_448' title='bbox 3605 1111 3759 1170; x_wconf 85' lang='lat' dir='ltr'><strong>elec-</strong></span> 
     </span>
    </p>
   </div>
   <div class='ocr_carea' id='block_1_69' title="bbox 2107 1200 3758 1277">
    <p class='ocr_par' dir='ltr' id='par_1_69' title="bbox 2107 1200 3758 1277">
     <span class='ocr_line' id='line_1_69' title="bbox 2107 1200 3758 1277; baseline -0.001 -17"><span class='ocrx_word' id='word_1_449' title='bbox 2107 1205 2368 1277; x_wconf 74' lang='lat' dir='ltr'><strong>mosynis</strong></span> <span class='ocrx_word' id='word_1_450' title='bbox 2399 1205 2742 1276; x_wconf 89' lang='lat' dir='ltr'><strong>quotidiana</strong></span> <span class='ocrx_word' id='word_1_451' title='bbox 2770 1207 3008 1276; x_wconf 90' lang='lat' dir='ltr'><strong>peccata</strong></span> <span class='ocrx_word' id='word_1_452' title='bbox 3037 1201 3368 1271; x_wconf 88' lang='lat' dir='ltr'><strong>redimens;</strong></span> <span class='ocrx_word' id='word_1_453' title='bbox 3400 1200 3582 1258; x_wconf 86' lang='lat' dir='ltr'><strong>altera</strong></span> <span class='ocrx_word' id='word_1_454' title='bbox 3612 1219 3758 1275; x_wconf 87' lang='lat' dir='ltr'><strong>quo-</strong></span> 
     </span>
    </p>
   </div>
   <div class='ocr_carea' id='block_1_70' title="bbox 2105 1289 3757 1364">
    <p class='ocr_par' dir='ltr' id='par_1_70' title="bbox 2105 1289 3757 1364">
     <span class='ocr_line' id='line_1_70' title="bbox 2105 1289 3757 1364; baseline -0.002 -15"><span class='ocrx_word' id='word_1_455' title='bbox 2105 1293 2330 1349; x_wconf 90' lang='lat' dir='ltr'><strong>tidiana</strong></span> <span class='ocrx_word' id='word_1_456' title='bbox 2352 1293 2633 1350; x_wconf 86' lang='lat' dir='ltr'><strong>instantia</strong></span> <span class='ocrx_word' id='word_1_457' title='bbox 2655 1293 2862 1348; x_wconf 90' lang='lat' dir='ltr'><strong>merita</strong></span> <span class='ocrx_word' id='word_1_458' title='bbox 2881 1298 3098 1348; x_wconf 79' lang='lat' dir='ltr'><strong>aeterna</strong></span> <span class='ocrx_word' id='word_1_459' title='bbox 3109 1289 3757 1364; x_wconf 88' lang='lat' dir='ltr'><strong>conquirens.Alteram</strong></span> 
     </span>
    </p>
   </div>
   <div class='ocr_carea' id='block_1_71' title="bbox 2107 1379 3757 1450">
    <p class='ocr_par' dir='ltr' id='par_1_71' title="bbox 2107 1379 3757 1450">
     <span class='ocr_line' id='line_1_71' title="bbox 2107 1379 3757 1450; baseline -0.002 -12"><span class='ocrx_word' id='word_1_460' title='bbox 2107 1387 2371 1438; x_wconf 88' lang='lat' dir='ltr'><strong>tenentes</strong></span> <span class='ocrx_word' id='word_1_461' title='bbox 2389 1381 3004 1450; x_wconf 88' lang='lat' dir='ltr'><strong>inferiorem,terrenis</strong></span> <span class='ocrx_word' id='word_1_462' title='bbox 3026 1380 3196 1436; x_wconf 86' lang='lat' dir='ltr'><strong>bonis</strong></span> <span class='ocrx_word' id='word_1_463' title='bbox 3211 1383 3482 1446; x_wconf 90' lang='lat' dir='ltr'><strong>utuntur,</strong></span> <span class='ocrx_word' id='word_1_464' title='bbox 3507 1379 3757 1436; x_wconf 87' lang='lat' dir='ltr'><strong>alteram</strong></span> 
     </span>
    </p>
   </div>
   <div class='ocr_carea' id='block_1_72' title="bbox 2107 1468 3753 1542">
    <p class='ocr_par' dir='ltr' id='par_1_72' title="bbox 2107 1468 3753 1542">
     <span class='ocr_line' id='line_1_72' title="bbox 2107 1468 3753 1542; baseline -0.003 -14"><span class='ocrx_word' id='word_1_465' title='bbox 2107 1474 2418 1542; x_wconf 88' lang='lat' dir='ltr'><strong>sequentes</strong></span> <span class='ocrx_word' id='word_1_466' title='bbox 2441 1471 3040 1542; x_wconf 89' lang='lat' dir='ltr'><strong>superiorem,bonam</strong></span> <span class='ocrx_word' id='word_1_467' title='bbox 3071 1473 3288 1526; x_wconf 89' lang='lat' dir='ltr'><strong>terram</strong></span> <span class='ocrx_word' id='word_1_468' title='bbox 3319 1468 3656 1542; x_wconf 91' lang='lat' dir='ltr'><strong>despiciunt</strong></span> <span class='ocrx_word' id='word_1_469' title='bbox 3683 1485 3753 1525; x_wconf 90' lang='lat' dir='ltr'><strong>ac</strong></span> 
     </span>
    </p>
   </div>
   <div class='ocr_carea' id='block_1_73' title="bbox 2107 1557 3757 1631">
    <p class='ocr_par' dir='ltr' id='par_1_73' title="bbox 2107 1557 3757 1631">
     <span class='ocr_line' id='line_1_73' title="bbox 2107 1557 3757 1631; baseline -0.001 -17"><span class='ocrx_word' id='word_1_470' title='bbox 2107 1558 2466 1631; x_wconf 88' lang='lat' dir='ltr'><strong>relinquunt.</strong></span> <span class='ocrx_word' id='word_1_471' title='bbox 2503 1559 2630 1614; x_wconf 63' lang='lat' dir='ltr'><strong>Haec</strong></span> <span class='ocrx_word' id='word_1_472' title='bbox 2662 1563 2859 1615; x_wconf 90' lang='lat' dir='ltr'><strong>autem</strong></span> <span class='ocrx_word' id='word_1_473' title='bbox 2892 1575 3018 1631; x_wconf 74' lang='lat' dir='ltr'><strong>quae</strong></span> <span class='ocrx_word' id='word_1_474' title='bbox 3066 1575 3102 1614; x_wconf 92' lang='lat' dir='ltr'><strong>a</strong></span> <span class='ocrx_word' id='word_1_475' title='bbox 3147 1558 3397 1614; x_wconf 88' lang='lat' dir='ltr'><strong>terrenis</strong></span> <span class='ocrx_word' id='word_1_476' title='bbox 3425 1557 3757 1623; x_wconf 86' lang='lat' dir='ltr'><strong>divertitur,</strong></span> 
     </span>
    </p>
   </div>
   <div class='ocr_carea' id='block_1_74' title="bbox 2105 1645 3760 1720">
    <p class='ocr_par' dir='ltr' id='par_1_74' title="bbox 2105 1645 3760 1720">
     <span class='ocr_line' id='line_1_74' title="bbox 2105 1645 3760 1720; baseline -0.001 -18"><span class='ocrx_word' id='word_1_477' title='bbox 2105 1647 2167 1703; x_wconf 90' lang='lat' dir='ltr'><strong>in</strong></span> <span class='ocrx_word' id='word_1_478' title='bbox 2195 1649 2343 1703; x_wconf 90' lang='lat' dir='ltr'><strong>duas</strong></span> <span class='ocrx_word' id='word_1_479' title='bbox 2372 1665 2521 1720; x_wconf 90' lang='lat' dir='ltr'><strong>pene</strong></span> <span class='ocrx_word' id='word_1_480' title='bbox 2542 1647 2719 1704; x_wconf 90' lang='lat' dir='ltr'><strong>unius</strong></span> <span class='ocrx_word' id='word_1_481' title='bbox 2746 1649 3130 1720; x_wconf 86' lang='lat' dir='ltr'><strong>ejusdemque</strong></span> <span class='ocrx_word' id='word_1_482' title='bbox 3153 1645 3446 1719; x_wconf 61' lang='lat' dir='ltr'><strong>prepositi</strong></span> <span class='ocrx_word' id='word_1_483' title='bbox 3475 1645 3760 1702; x_wconf 84' lang='lat' dir='ltr'><strong>dividitur</strong></span> 
     </span>
    </p>
   </div>
   <div class='ocr_carea' id='block_1_75' title="bbox 2108 1734 3754 1810">
    <p class='ocr_par' dir='ltr' id='par_1_75' title="bbox 2108 1734 3754 1810">
     <span class='ocr_line' id='line_1_75' title="bbox 2108 1734 3754 1810; baseline -0.001 -18"><span class='ocrx_word' id='word_1_484' title='bbox 2108 1736 2427 1810; x_wconf 89' lang='lat' dir='ltr'><strong>portiones,</strong></span> <span class='ocrx_word' id='word_1_485' title='bbox 2461 1737 2878 1793; x_wconf 89' lang='lat' dir='ltr'><strong>canonicorum</strong></span> <span class='ocrx_word' id='word_1_486' title='bbox 2928 1735 3149 1792; x_wconf 89' lang='lat' dir='ltr'><strong>scilicet</strong></span> <span class='ocrx_word' id='word_1_487' title='bbox 3196 1739 3253 1791; x_wconf 92' lang='lat' dir='ltr'><strong>et</strong></span> <span class='ocrx_word' id='word_1_488' title='bbox 3308 1734 3754 1791; x_wconf 89' lang='lat' dir='ltr'><strong>monachorum.</strong></span> 
     </span>
    </p>
   </div>
   <div class='ocr_carea' id='block_1_76' title="bbox 2107 1823 3757 1898">
    <p class='ocr_par' dir='ltr' id='par_1_76' title="bbox 2107 1823 3757 1898">
     <span class='ocr_line' id='line_1_76' title="bbox 2107 1823 3757 1898; baseline -0.001 -18"><span class='ocrx_word' id='word_1_489' title='bbox 2107 1825 2326 1880; x_wconf 87' lang='lat' dir='ltr'><strong>Harum</strong></span> <span class='ocrx_word' id='word_1_490' title='bbox 2366 1826 2624 1882; x_wconf 85' lang='lat' dir='ltr'><strong>secunda</strong></span> <span class='ocrx_word' id='word_1_491' title='bbox 2670 1842 2774 1898; x_wconf 92' lang='lat' dir='ltr'><strong>per</strong></span> <span class='ocrx_word' id='word_1_492' title='bbox 2818 1825 3076 1880; x_wconf 86' lang='lat' dir='ltr'><strong>divinam</strong></span> <span class='ocrx_word' id='word_1_493' title='bbox 3127 1823 3594 1880; x_wconf 87' lang='lat' dir='ltr'><strong>misericordiam</strong></span> <span class='ocrx_word' id='word_1_494' title='bbox 3646 1823 3757 1878; x_wconf 85' lang='lat' dir='ltr'><strong>fre-</strong></span> 
     </span>
    </p>
   </div>
   <div class='ocr_carea' id='block_1_77' title="bbox 2033 1911 3759 2019">
    <p class='ocr_par' dir='ltr' id='par_1_77' title="bbox 2033 1911 3759 2019">
     <span class='ocr_line' id='line_1_77' title="bbox 2033 1911 3759 2019; baseline -0.002 -50"><span class='ocrx_word' id='word_1_495' title='bbox 2033 1953 2083 2019; x_wconf 82' lang='lat' dir='ltr'><strong>B</strong></span> <span class='ocrx_word' id='word_1_496' title='bbox 2110 1918 2389 1986; x_wconf 88' lang='lat' dir='ltr'><strong>quentata</strong></span> <span class='ocrx_word' id='word_1_497' title='bbox 2418 1913 2563 1970; x_wconf 90' lang='lat' dir='ltr'><strong>satis</strong></span> <span class='ocrx_word' id='word_1_498' title='bbox 2587 1915 2710 1985; x_wconf 91' lang='lat' dir='ltr'><strong>jam</strong></span> <span class='ocrx_word' id='word_1_499' title='bbox 2741 1913 2950 1970; x_wconf 69' lang='lat' dir='ltr'><strong>saaculo</strong></span> <span class='ocrx_word' id='word_1_500' title='bbox 2981 1913 3252 1969; x_wconf 78' lang='lat' dir='ltr'><strong>universo</strong></span> <span class='ocrx_word' id='word_1_501' title='bbox 3304 1911 3516 1968; x_wconf 84' lang='lat' dir='ltr'><strong>elucet.</strong></span> <span class='ocrx_word' id='word_1_502' title='bbox 3561 1911 3759 1967; x_wconf 89' lang='lat' dir='ltr'><strong>Prima</strong></span> 
     </span>
    </p>
   </div>
   <div class='ocr_carea' id='block_1_78' title="bbox 2110 2000 3758 2073">
    <p class='ocr_par' dir='ltr' id='par_1_78' title="bbox 2110 2000 3758 2073">
     <span class='ocr_line' id='line_1_78' title="bbox 2110 2000 3758 2073; baseline -0.001 -15"><span class='ocrx_word' id='word_1_503' title='bbox 2110 2019 2244 2058; x_wconf 90' lang='lat' dir='ltr'><strong>vero</strong></span> <span class='ocrx_word' id='word_1_504' title='bbox 2275 2001 2673 2059; x_wconf 87' lang='lat' dir='ltr'><strong>decalescente</strong></span> <span class='ocrx_word' id='word_1_505' title='bbox 2723 2003 2942 2059; x_wconf 85' lang='lat' dir='ltr'><strong>fervore</strong></span> <span class='ocrx_word' id='word_1_506' title='bbox 2991 2000 3254 2058; x_wconf 85' lang='lat' dir='ltr'><strong>ﬁdelium</strong></span> <span class='ocrx_word' id='word_1_507' title='bbox 3297 2001 3424 2072; x_wconf 90' lang='lat' dir='ltr'><strong>jam</strong></span> <span class='ocrx_word' id='word_1_508' title='bbox 3455 2016 3605 2073; x_wconf 90' lang='lat' dir='ltr'><strong>pene</strong></span> <span class='ocrx_word' id='word_1_509' title='bbox 3633 2015 3758 2070; x_wconf 86' lang='lat' dir='ltr'><strong>om-</strong></span> 
     </span>
    </p>
   </div>
   <div class='ocr_carea' id='block_1_79' title="bbox 2112 2088 3759 2163">
    <p class='ocr_par' dir='ltr' id='par_1_79' title="bbox 2112 2088 3759 2163">
     <span class='ocr_line' id='line_1_79' title="bbox 2112 2088 3759 2163; baseline -0.002 -15"><span class='ocrx_word' id='word_1_510' title='bbox 2112 2091 2252 2148; x_wconf 94' lang='lat' dir='ltr'><strong>nino</strong></span> <span class='ocrx_word' id='word_1_511' title='bbox 2284 2091 2544 2148; x_wconf 81' lang='lat' dir='ltr'><strong>detluxit.</strong></span> <span class='ocrx_word' id='word_1_512' title='bbox 2579 2092 2738 2147; x_wconf 90' lang='lat' dir='ltr'><strong>Hanc</strong></span> <span class='ocrx_word' id='word_1_513' title='bbox 2787 2095 3012 2163; x_wconf 80' lang='lat' dir='ltr'><strong>martyr</strong></span> <span class='ocrx_word' id='word_1_514' title='bbox 3064 2095 3121 2146; x_wconf 92' lang='lat' dir='ltr'><strong>et</strong></span> <span class='ocrx_word' id='word_1_515' title='bbox 3178 2088 3439 2163; x_wconf 84' lang='lat' dir='ltr'><strong>pontifex</strong></span> <span class='ocrx_word' id='word_1_516' title='bbox 3487 2088 3759 2146; x_wconf 89' lang='lat' dir='ltr'><strong>Urbanus</strong></span> 
     </span>
    </p>
   </div>
   <div class='ocr_carea' id='block_1_80' title="bbox 2109 2176 3756 2252">
    <p class='ocr_par' dir='ltr' id='par_1_80' title="bbox 2109 2176 3756 2252">
     <span class='ocr_line' id='line_1_80' title="bbox 2109 2176 3756 2252; baseline -0.001 -18"><span class='ocrx_word' id='word_1_517' title='bbox 2109 2179 2388 2236; x_wconf 89' lang='lat' dir='ltr'><strong>instituit.</strong></span> <span class='ocrx_word' id='word_1_518' title='bbox 2416 2183 2576 2236; x_wconf 86' lang='lat' dir='ltr'><strong>Hanc</strong></span> <span class='ocrx_word' id='word_1_519' title='bbox 2605 2181 2972 2252; x_wconf 88' lang='lat' dir='ltr'><strong>Augustinus</strong></span> <span class='ocrx_word' id='word_1_520' title='bbox 3003 2179 3128 2236; x_wconf 90' lang='lat' dir='ltr'><strong>suis</strong></span> <span class='ocrx_word' id='word_1_521' title='bbox 3177 2177 3396 2251; x_wconf 89' lang='lat' dir='ltr'><strong>regulis</strong></span> <span class='ocrx_word' id='word_1_522' title='bbox 3444 2176 3756 2235; x_wconf 86' lang='lat' dir='ltr'><strong>ordinavit.</strong></span> 
     </span>
    </p>
   </div>
   <div class='ocr_carea' id='block_1_81' title="bbox 2110 2261 3757 2342">
    <p class='ocr_par' dir='ltr' id='par_1_81' title="bbox 2110 2261 3757 2342">
     <span class='ocr_line' id='line_1_81' title="bbox 2110 2261 3757 2342; baseline -0.001 -18"><span class='ocrx_word' id='word_1_523' title='bbox 2110 2269 2270 2325; x_wconf 87' lang='lat' dir='ltr'><strong>Hanc</strong></span> <span class='ocrx_word' id='word_1_524' title='bbox 2292 2269 2606 2342; x_wconf 84' lang='lat' dir='ltr'><strong>Gregorius</strong></span> <span class='ocrx_word' id='word_1_525' title='bbox 2627 2269 2956 2342; x_wconf 87' lang='lat' dir='ltr'><strong>Augustino</strong></span> <span class='ocrx_word' id='word_1_526' title='bbox 2975 2267 3299 2340; x_wconf 89' lang='lat' dir='ltr'><strong>Anglorum</strong></span> <span class='ocrx_word' id='word_1_527' title='bbox 3321 2261 3757 2339; x_wconf 78' lang='lat' dir='ltr'><strong>archiepiscopo</strong></span> 
     </span>
    </p>
   </div>
   <div class='ocr_carea' id='block_1_82' title="bbox 2111 2354 3756 2430">
    <p class='ocr_par' dir='ltr' id='par_1_82' title="bbox 2111 2354 3756 2430">
     <span class='ocr_line' id='line_1_82' title="bbox 2111 2354 3756 2430; baseline -0.001 -18"><span class='ocrx_word' id='word_1_528' title='bbox 2111 2357 2530 2414; x_wconf 91' lang='lat' dir='ltr'><strong>instituendam</strong></span> <span class='ocrx_word' id='word_1_529' title='bbox 2580 2358 2870 2430; x_wconf 64' lang='lat' dir='ltr'><strong>precepit.</strong></span> <span class='ocrx_word' id='word_1_530' title='bbox 2920 2359 3118 2429; x_wconf 85' lang='lat' dir='ltr'><strong>Itaque</strong></span> <span class='ocrx_word' id='word_1_531' title='bbox 3167 2373 3283 2412; x_wconf 92' lang='lat' dir='ltr'><strong>non</strong></span> <span class='ocrx_word' id='word_1_532' title='bbox 3329 2354 3576 2412; x_wconf 90' lang='lat' dir='ltr'><strong>minoris</strong></span> <span class='ocrx_word' id='word_1_533' title='bbox 3607 2354 3756 2411; x_wconf 66' lang='lat' dir='ltr'><strong>esti-</strong></span> 
     </span>
    </p>
   </div>
   <div class='ocr_carea' id='block_1_83' title="bbox 2111 2443 3757 2517">
    <p class='ocr_par' dir='ltr' id='par_1_83' title="bbox 2111 2443 3757 2517">
     <span class='ocr_line' id='line_1_83' title="bbox 2111 2443 3757 2517; baseline -0.002 -16"><span class='ocrx_word' id='word_1_534' title='bbox 2111 2446 2394 2502; x_wconf 91' lang='lat' dir='ltr'><strong>mandum</strong></span> <span class='ocrx_word' id='word_1_535' title='bbox 2427 2452 2516 2502; x_wconf 90' lang='lat' dir='ltr'><strong>est</strong></span> <span class='ocrx_word' id='word_1_536' title='bbox 2547 2447 2763 2511; x_wconf 90' lang='lat' dir='ltr'><strong>meriti,</strong></span> <span class='ocrx_word' id='word_1_537' title='bbox 2813 2446 2964 2502; x_wconf 88' lang='lat' dir='ltr'><strong>hanc</strong></span> <span class='ocrx_word' id='word_1_538' title='bbox 3015 2445 3195 2502; x_wconf 89' lang='lat' dir='ltr'><strong>vitam</strong></span> <span class='ocrx_word' id='word_1_539' title='bbox 3254 2444 3525 2500; x_wconf 68' lang='lat' dir='ltr'><strong>Ecclesia:</strong></span> <span class='ocrx_word' id='word_1_540' title='bbox 3558 2443 3757 2517; x_wconf 90' lang='lat' dir='ltr'><strong>primi-</strong></span> 
     </span>
    </p>
   </div>
   <div class='ocr_carea' id='block_1_84' title="bbox 2110 2532 3757 2608">
    <p class='ocr_par' dir='ltr' id='par_1_84' title="bbox 2110 2532 3757 2608">
     <span class='ocr_line' id='line_1_84' title="bbox 2110 2532 3757 2608; baseline 0 -18"><span class='ocrx_word' id='word_1_541' title='bbox 2110 2535 2238 2590; x_wconf 71' lang='lat' dir='ltr'><strong>tivre</strong></span> <span class='ocrx_word' id='word_1_542' title='bbox 2269 2534 2565 2606; x_wconf 89' lang='lat' dir='ltr'><strong>aspirante</strong></span> <span class='ocrx_word' id='word_1_543' title='bbox 2595 2553 2664 2591; x_wconf 92' lang='lat' dir='ltr'><strong>ac</strong></span> <span class='ocrx_word' id='word_1_544' title='bbox 2697 2538 3080 2608; x_wconf 90' lang='lat' dir='ltr'><strong>prosequente</strong></span> <span class='ocrx_word' id='word_1_545' title='bbox 3112 2533 3342 2590; x_wconf 90' lang='lat' dir='ltr'><strong>Domini</strong></span> <span class='ocrx_word' id='word_1_546' title='bbox 3375 2532 3596 2605; x_wconf 88' lang='lat' dir='ltr'><strong>Spiritu</strong></span> <span class='ocrx_word' id='word_1_547' title='bbox 3629 2549 3757 2590; x_wconf 80' lang='lat' dir='ltr'><strong>sus-</strong></span> 
     </span>
    </p>
   </div>
   <div class='ocr_carea' id='block_1_85' title="bbox 2111 2620 3755 2695">
    <p class='ocr_par' dir='ltr' id='par_1_85' title="bbox 2111 2620 3755 2695">
     <span class='ocr_line' id='line_1_85' title="bbox 2111 2620 3755 2695; baseline 0.001 -18"><span class='ocrx_word' id='word_1_548' title='bbox 2111 2623 2307 2691; x_wconf 89' lang='lat' dir='ltr'><strong>citare,</strong></span> <span class='ocrx_word' id='word_1_549' title='bbox 2342 2641 2519 2695; x_wconf 91' lang='lat' dir='ltr'><strong>quam</strong></span> <span class='ocrx_word' id='word_1_550' title='bbox 2570 2625 2872 2680; x_wconf 85' lang='lat' dir='ltr'><strong>ﬂorentem</strong></span> <span class='ocrx_word' id='word_1_551' title='bbox 2931 2622 3354 2679; x_wconf 88' lang='lat' dir='ltr'><strong>monachorum</strong></span> <span class='ocrx_word' id='word_1_552' title='bbox 3415 2620 3755 2694; x_wconf 89' lang='lat' dir='ltr'><strong>religionem</strong></span> 
     </span>
    </p>
   </div>
   <div class='ocr_carea' id='block_1_86' title="bbox 2111 2709 3458 2785">
    <p class='ocr_par' dir='ltr' id='par_1_86' title="bbox 2111 2709 3458 2785">
     <span class='ocr_line' id='line_1_86' title="bbox 2111 2709 3458 2785; baseline -0.003 -17"><span class='ocrx_word' id='word_1_553' title='bbox 2111 2712 2375 2784; x_wconf 89' lang='lat' dir='ltr'><strong>ejusdem</strong></span> <span class='ocrx_word' id='word_1_554' title='bbox 2398 2711 2651 2785; x_wconf 91' lang='lat' dir='ltr'><strong>Spiritus</strong></span> <span class='ocrx_word' id='word_1_555' title='bbox 2682 2710 3111 2784; x_wconf 88' lang='lat' dir='ltr'><strong>perseverantia</strong></span> <span class='ocrx_word' id='word_1_556' title='bbox 3142 2709 3458 2767; x_wconf 88' lang='lat' dir='ltr'><strong>custodire.</strong></span> 
     </span>
    </p>
   </div>
   <div class='ocr_carea' id='block_1_87' title="bbox 2777 2817 3079 2874">
    <p class='ocr_par' dir='ltr' id='par_1_87' title="bbox 2777 2817 3079 2874">
     <span class='ocr_line' id='line_1_87' title="bbox 2777 2817 3079 2874; baseline -0.01 0"><span class='ocrx_word' id='word_1_557' title='bbox 2777 2817 3079 2874; x_wconf 77' lang='lat' dir='ltr'><strong>CCLXXX.</strong></span> 
     </span>
    </p>
   </div>
   <div class='ocr_carea' id='block_1_88' title="bbox 2117 2903 3758 2978">
    <p class='ocr_par' dir='ltr' id='par_1_88' title="bbox 2117 2903 3758 2978">
     <span class='ocr_line' id='line_1_88' title="bbox 2117 2903 3758 2978; baseline -0.002 -14"><span class='ocrx_word' id='word_1_558' title='bbox 2117 2908 2321 2964; x_wconf 82' lang='lat' dir='ltr'><strong>Urbani</strong></span> <span class='ocrx_word' id='word_1_559' title='bbox 2347 2907 2588 2978; x_wconf 12' lang='lat' dir='ltr'><strong>epistola,</strong></span> <span class='ocrx_word' id='word_1_560' title='bbox 2616 2907 2686 2961; x_wconf 81' lang='lat' dir='ltr'><strong>ad</strong></span> <span class='ocrx_word' id='word_1_561' title='bbox 2729 2906 3077 2978; x_wconf 65' lang='lat' dir='ltr'><strong>Rei-nardum</strong></span> <span class='ocrx_word' id='word_1_562' title='bbox 3121 2907 3448 2978; x_wconf 77' lang='lat' dir='ltr'><strong>Moletanum</strong></span> <span class='ocrx_word' id='word_1_563' title='bbox 3493 2903 3758 2978; x_wconf 86' lang='lat' dir='ltr'><strong>archiepi-</strong></span> 
     </span>
    </p>
   </div>
   <div class='ocr_carea' id='block_1_89' title="bbox 2183 2977 3760 3050">
    <p class='ocr_par' dir='ltr' id='par_1_89' title="bbox 2183 2977 3760 3050">
     <span class='ocr_line' id='line_1_89' title="bbox 2183 2977 3760 3050; baseline -0.001 -17"><span class='ocrx_word' id='word_1_564' title='bbox 2183 2977 2418 3050; x_wconf 73' lang='lat' dir='ltr'><strong>scopum.</strong></span> <span class='ocrx_word' id='word_1_565' title='bbox 2451 3011 2518 3050; x_wconf 45' lang='lat'><strong>5—</strong></span> <span class='ocrx_word' id='word_1_566' title='bbox 2561 2977 2697 3032; x_wconf 82' lang='lat' dir='ltr'><strong>Cum</strong></span> <span class='ocrx_word' id='word_1_567' title='bbox 2743 2977 2972 3032; x_wconf 87' lang='lat' dir='ltr'><strong>Ricardo</strong></span> <span class='ocrx_word' id='word_1_568' title='bbox 3029 2977 3360 3050; x_wconf 73' lang='lat' dir='ltr'><strong>Massiliensi</strong></span> <span class='ocrx_word' id='word_1_569' title='bbox 3408 2977 3660 3050; x_wconf 84' lang='lat' dir='ltr'><strong>episcopo</strong></span> <span class='ocrx_word' id='word_1_570' title='bbox 3685 2978 3760 3032; x_wconf 83' lang='lat' dir='ltr'><strong>sit</strong></span> 
     </span>
    </p>
   </div>
   <div class='ocr_carea' id='block_1_90' title="bbox 2183 3048 3756 3121">
    <p class='ocr_par' dir='ltr' id='par_1_90' title="bbox 2183 3048 3756 3121">
     <span class='ocr_line' id='line_1_90' title="bbox 2183 3048 3756 3121; baseline -0.003 -15"><span class='ocrx_word' id='word_1_571' title='bbox 2183 3048 2436 3121; x_wconf 76' lang='lat' dir='ltr'><strong>adempta</strong></span> <span class='ocrx_word' id='word_1_572' title='bbox 2465 3049 2700 3121; x_wconf 78' lang='lat' dir='ltr'><strong>legatio,</strong></span> <span class='ocrx_word' id='word_1_573' title='bbox 2720 3050 2834 3120; x_wconf 83' lang='lat' dir='ltr'><strong>ipse</strong></span> <span class='ocrx_word' id='word_1_574' title='bbox 2881 3049 3131 3121; x_wconf 74' lang='lat' dir='ltr'><strong>inuigilet</strong></span> <span class='ocrx_word' id='word_1_575' title='bbox 3160 3049 3412 3121; x_wconf 69' lang='lat' dir='ltr'><strong>omnibus</strong></span> <span class='ocrx_word' id='word_1_576' title='bbox 3431 3064 3451 3102; x_wconf 90' lang='grc'><strong>.·</strong></span> <span class='ocrx_word' id='word_1_577' title='bbox 3483 3048 3756 3120; x_wconf 83' lang='lat' dir='ltr'><strong>archiepi-</strong></span> 
     </span>
    </p>
   </div>
   <div class='ocr_carea' id='block_1_91' title="bbox 2183 3119 3758 3192">
    <p class='ocr_par' dir='ltr' id='par_1_91' title="bbox 2183 3119 3758 3192">
     <span class='ocr_line' id='line_1_91' title="bbox 2183 3119 3758 3192; baseline -0.001 -16"><span class='ocrx_word' id='word_1_578' title='bbox 2183 3119 2373 3192; x_wconf 80' lang='lat' dir='ltr'><strong>scopus</strong></span> <span class='ocrx_word' id='word_1_579' title='bbox 2407 3119 2868 3190; x_wconf 78' lang='lat' dir='ltr'><strong>Compostellanus</strong></span> <span class='ocrx_word' id='word_1_580' title='bbox 2913 3119 3151 3174; x_wconf 83' lang='lat' dir='ltr'><strong>vinculis</strong></span> <span class='ocrx_word' id='word_1_581' title='bbox 3196 3119 3562 3192; x_wconf 12' lang='lat' dir='ltr'><strong>solutus,isuo</strong></span> <span class='ocrx_word' id='word_1_582' title='bbox 3598 3119 3758 3192; x_wconf 69' lang='lat' dir='ltr'><strong>resti-</strong></span> 
     </span>
    </p>
   </div>
   <div class='ocr_carea' id='block_1_92' title="bbox 2182 3191 3760 3263">
    <p class='ocr_par' dir='ltr' id='par_1_92' title="bbox 2182 3191 3760 3263">
     <span class='ocr_line' id='line_1_92' title="bbox 2182 3191 3760 3263; baseline 0 -17"><span class='ocrx_word' id='word_1_583' title='bbox 2182 3191 2370 3248; x_wconf 79' lang='lat' dir='ltr'><strong>tuatur</strong></span> <span class='ocrx_word' id='word_1_584' title='bbox 2391 3192 2590 3263; x_wconf 74' lang='lat' dir='ltr'><strong>ofﬁcio.</strong></span> <span class='ocrx_word' id='word_1_585' title='bbox 2611 3195 2827 3248; x_wconf 79' lang='lat' dir='ltr'><strong>Maneat</strong></span> <span class='ocrx_word' id='word_1_586' title='bbox 2842 3193 2935 3246; x_wconf 89' lang='lat' dir='ltr'><strong>cui</strong></span> <span class='ocrx_word' id='word_1_587' title='bbox 2961 3191 3412 3246; x_wconf 77' lang='lat' dir='ltr'><strong>committendam</strong></span> <span class='ocrx_word' id='word_1_588' title='bbox 3432 3191 3760 3258; x_wconf 82' lang='lat' dir='ltr'><strong>legationem</strong></span> 
     </span>
    </p>
   </div>
   <div class='ocr_carea' id='block_1_93' title="bbox 2227 3268 2360 3319">
    <p class='ocr_par' dir='ltr' id='par_1_93' title="bbox 2227 3268 2360 3319">
     <span class='ocr_line' id='line_1_93' title="bbox 2227 3268 2360 3319; baseline 0 -1"><span class='ocrx_word' id='word_1_589' title='bbox 2227 3268 2360 3319; x_wconf 83' lang='lat' dir='ltr'><strong>utet.</strong></span> 
     </span>
    </p>
   </div>
   <div class='ocr_carea' id='block_1_94' title="bbox 2183 3281 3278 3404">
    <p class='ocr_par' dir='ltr' id='par_1_94' title="bbox 2183 3281 3278 3404">
     <span class='ocr_line' id='line_1_94' title="bbox 2183 3281 2360 3335; baseline 0 -17"><span class='ocrx_word' id='word_1_590' title='bbox 2183 3281 2360 3335; x_wconf 72' lang='lat' dir='ltr'><strong>putei.</strong></span> 
     </span>
     <span class='ocr_line' id='line_1_95' title="bbox 2594 3331 3278 3404; baseline -0.003 -16"><span class='ocrx_word' id='word_1_591' title='bbox 2594 3333 2776 3404; x_wconf 86' lang='lat' dir='ltr'><strong>(Intra</strong></span> <span class='ocrx_word' id='word_1_592' title='bbox 2801 3349 2896 3388; x_wconf 90' lang='lat' dir='ltr'><strong>an.</strong></span> <span class='ocrx_word' id='word_1_593' title='bbox 2938 3331 3278 3403; x_wconf 84' lang='lat'>1096-1099.)</span> 
     </span>
    </p>
   </div>
   <div class='ocr_carea' id='block_1_95' title="bbox 2531 3419 3336 3493">
    <p class='ocr_par' dir='ltr' id='par_1_95' title="bbox 2531 3419 3336 3493">
     <span class='ocr_line' id='line_1_96' title="bbox 2531 3419 3336 3493; baseline -0.004 -17"><span class='ocrx_word' id='word_1_594' title='bbox 2531 3421 2763 3493; x_wconf 80' lang='lat' dir='ltr'><strong>[MANSI,</strong></span> <span class='ocrx_word' id='word_1_595' title='bbox 2798 3420 3002 3476; x_wconf 84' lang='lat' dir='ltr'><strong>Concil.</strong></span> <span class='ocrx_word' id='word_1_596' title='bbox 3039 3420 3152 3486; x_wconf 90' lang='lat' dir='ltr'><strong>XX,</strong></span> <span class='ocrx_word' id='word_1_597' title='bbox 3183 3419 3336 3493; x_wconf 86' lang='lat'>697.]</span> 
     </span>
    </p>
   </div>
   <div class='ocr_carea' id='block_1_96' title="bbox 2181 3503 3753 3582">
    <p class='ocr_par' dir='ltr' id='par_1_96' title="bbox 2181 3503 3753 3582">
     <span class='ocr_line' id='line_1_97' title="bbox 2181 3503 3753 3582; baseline -0.001 -16"><span class='ocrx_word' id='word_1_598' title='bbox 2181 3512 2422 3582; x_wconf 91' lang='lat' dir='ltr'><strong>Semper</strong></span> <span class='ocrx_word' id='word_1_599' title='bbox 2449 3513 2504 3564; x_wconf 90' lang='lat' dir='ltr'><strong>te</strong></span> <span class='ocrx_word' id='word_1_600' title='bbox 2536 3525 2858 3564; x_wconf 89' lang='lat' dir='ltr'><strong>memorem</strong></span> <span class='ocrx_word' id='word_1_601' title='bbox 2887 3525 3016 3564; x_wconf 89' lang='lat' dir='ltr'><strong>esse</strong></span> <span class='ocrx_word' id='word_1_602' title='bbox 3047 3511 3273 3580; x_wconf 91' lang='lat' dir='ltr'><strong>oportet</strong></span> <span class='ocrx_word' id='word_1_603' title='bbox 3329 3503 3753 3564; x_wconf 87' lang='lat' dir='ltr'><strong>benedictionis</strong></span> 
     </span>
    </p>
   </div>
   <div class='ocr_carea' id='block_1_97' title="bbox 2107 3595 3756 3672">
    <p class='ocr_par' dir='ltr' id='par_1_97' title="bbox 2107 3595 3756 3672">
     <span class='ocr_line' id='line_1_98' title="bbox 2107 3595 3756 3672; baseline -0.002 -16"><span class='ocrx_word' id='word_1_604' title='bbox 2107 3604 2164 3656; x_wconf 93' lang='lat' dir='ltr'><strong>et</strong></span> <span class='ocrx_word' id='word_1_605' title='bbox 2193 3599 2412 3672; x_wconf 60' lang='lat' dir='ltr'><strong>gratias,</strong></span> <span class='ocrx_word' id='word_1_606' title='bbox 2443 3597 2896 3669; x_wconf 89' lang='lat' dir='ltr'><strong>excellentisque</strong></span> <span class='ocrx_word' id='word_1_607' title='bbox 2950 3595 3317 3652; x_wconf 88' lang='lat' dir='ltr'><strong>liberalitatis</strong></span> <span class='ocrx_word' id='word_1_608' title='bbox 3349 3613 3526 3668; x_wconf 87' lang='lat' dir='ltr'><strong>quam</strong></span> <span class='ocrx_word' id='word_1_609' title='bbox 3559 3613 3593 3651; x_wconf 91' lang='lat' dir='ltr'><strong>a</strong></span> <span class='ocrx_word' id='word_1_610' title='bbox 3621 3597 3756 3654; x_wconf 88' lang='lat' dir='ltr'><strong>sede</strong></span> 
     </span>
    </p>
   </div>
   <div class='ocr_carea' id='block_1_98' title="bbox 2109 3683 3754 3762">
    <p class='ocr_par' dir='ltr' id='par_1_98' title="bbox 2109 3683 3754 3762">
     <span class='ocr_line' id='line_1_99' title="bbox 2109 3683 3754 3762; baseline -0.003 -17"><span class='ocrx_word' id='word_1_611' title='bbox 2109 3688 2432 3762; x_wconf 86' lang='lat' dir='ltr'><strong>apostolica</strong></span> <span class='ocrx_word' id='word_1_612' title='bbox 2452 3685 2750 3758; x_wconf 91' lang='lat' dir='ltr'><strong>accepisti;</strong></span> <span class='ocrx_word' id='word_1_613' title='bbox 2786 3702 3020 3757; x_wconf 87' lang='lat' dir='ltr'><strong>semper</strong></span> <span class='ocrx_word' id='word_1_614' title='bbox 3034 3690 3088 3741; x_wconf 90' lang='lat' dir='ltr'><strong>te</strong></span> <span class='ocrx_word' id='word_1_615' title='bbox 3109 3685 3314 3756; x_wconf 90' lang='lat' dir='ltr'><strong>quanti</strong></span> <span class='ocrx_word' id='word_1_616' title='bbox 3334 3701 3504 3758; x_wconf 87' lang='lat' dir='ltr'><strong>geras</strong></span> <span class='ocrx_word' id='word_1_617' title='bbox 3525 3683 3754 3741; x_wconf 90' lang='lat' dir='ltr'><strong>culmen</strong></span> 
     </span>
    </p>
   </div>
   <div class='ocr_carea' id='block_1_99' title="bbox 2108 3773 3756 3843">
    <p class='ocr_par' dir='ltr' id='par_1_99' title="bbox 2108 3773 3756 3843">
     <span class='ocr_line' id='line_1_100' title="bbox 2108 3773 3756 3843; baseline -0.002 -11"><span class='ocrx_word' id='word_1_618' title='bbox 2108 3776 2374 3843; x_wconf 89' lang='lat' dir='ltr'><strong>ofﬁcii,et</strong></span> <span class='ocrx_word' id='word_1_619' title='bbox 2411 3776 2586 3831; x_wconf 92' lang='lat' dir='ltr'><strong>rebus</strong></span> <span class='ocrx_word' id='word_1_620' title='bbox 2630 3775 2974 3842; x_wconf 88' lang='lat' dir='ltr'><strong>ostendere;</strong></span> <span class='ocrx_word' id='word_1_621' title='bbox 3003 3773 3189 3829; x_wconf 90' lang='lat' dir='ltr'><strong>rivum</strong></span> <span class='ocrx_word' id='word_1_622' title='bbox 3214 3777 3269 3830; x_wconf 90' lang='lat' dir='ltr'><strong>te</strong></span> <span class='ocrx_word' id='word_1_623' title='bbox 3323 3790 3359 3829; x_wconf 92' lang='lat' dir='ltr'><strong>a</strong></span> <span class='ocrx_word' id='word_1_624' title='bbox 3418 3773 3574 3830; x_wconf 85' lang='lat' dir='ltr'><strong>fonte</strong></span> <span class='ocrx_word' id='word_1_625' title='bbox 3606 3773 3756 3830; x_wconf 87' lang='lat' dir='ltr'><strong>Petri</strong></span> 
     </span>
    </p>
   </div>
   <div class='ocr_carea' id='block_1_100' title="bbox 2109 3860 3754 3938">
    <p class='ocr_par' dir='ltr' id='par_1_100' title="bbox 2109 3860 3754 3938">
     <span class='ocr_line' id='line_1_101' title="bbox 2109 3860 3754 3938; baseline -0.002 -18"><span class='ocrx_word' id='word_1_626' title='bbox 2109 3863 2355 3938; x_wconf 91' lang='lat' dir='ltr'><strong>apostoli</strong></span> <span class='ocrx_word' id='word_1_627' title='bbox 2384 3863 2780 3929; x_wconf 90' lang='lat' dir='ltr'><strong>descendisse,</strong></span> <span class='ocrx_word' id='word_1_628' title='bbox 2812 3867 2870 3920; x_wconf 86' lang='lat' dir='ltr'><strong>et</strong></span> <span class='ocrx_word' id='word_1_629' title='bbox 2915 3863 3216 3918; x_wconf 87' lang='lat' dir='ltr'><strong>ﬂammam</strong></span> <span class='ocrx_word' id='word_1_630' title='bbox 3269 3878 3444 3935; x_wconf 90' lang='lat' dir='ltr'><strong>quam</strong></span> <span class='ocrx_word' id='word_1_631' title='bbox 3499 3861 3572 3918; x_wconf 91' lang='lat' dir='ltr'><strong>ab</strong></span> <span class='ocrx_word' id='word_1_632' title='bbox 3602 3860 3754 3936; x_wconf 89' lang='lat' dir='ltr'><strong>ignis</strong></span> 
     </span>
    </p>
   </div>
   <div class='ocr_carea' id='block_1_101' title="bbox 2109 3949 3755 4025">
    <p class='ocr_par' dir='ltr' id='par_1_101' title="bbox 2109 3949 3755 4025">
     <span class='ocr_line' id='line_1_102' title="bbox 2109 3949 3755 4025; baseline -0.002 -15"><span class='ocrx_word' id='word_1_633' title='bbox 2109 3955 2238 4025; x_wconf 88' lang='lat' dir='ltr'><strong>ejus</strong></span> <span class='ocrx_word' id='word_1_634' title='bbox 2277 3952 2506 4008; x_wconf 89' lang='lat' dir='ltr'><strong>camino</strong></span> <span class='ocrx_word' id='word_1_635' title='bbox 2553 3955 2888 4025; x_wconf 89' lang='lat' dir='ltr'><strong>susceptam</strong></span> <span class='ocrx_word' id='word_1_636' title='bbox 2917 3951 3096 4018; x_wconf 83' lang='lat' dir='ltr'><strong>foves,</strong></span> <span class='ocrx_word' id='word_1_637' title='bbox 3158 3967 3390 4023; x_wconf 89' lang='lat' dir='ltr'><strong>semper</strong></span> <span class='ocrx_word' id='word_1_638' title='bbox 3443 3951 3504 4007; x_wconf 92' lang='lat' dir='ltr'><strong>in</strong></span> <span class='ocrx_word' id='word_1_639' title='bbox 3549 3949 3755 4008; x_wconf 89' lang='lat' dir='ltr'><strong>altiora</strong></span> 
     </span>
    </p>
   </div>
   <div class='ocr_carea' id='block_1_102' title="bbox 2110 4039 3752 4115">
    <p class='ocr_par' dir='ltr' id='par_1_102' title="bbox 2110 4039 3752 4115">
     <span class='ocr_line' id='line_1_103' title="bbox 2110 4039 3752 4115; baseline -0.002 -17"><span class='ocrx_word' id='word_1_640' title='bbox 2110 4042 2448 4115; x_wconf 89' lang='lat' dir='ltr'><strong>producere.</strong></span> <span class='ocrx_word' id='word_1_641' title='bbox 2477 4041 2642 4097; x_wconf 86' lang='lat' dir='ltr'><strong>Nunc</strong></span> <span class='ocrx_word' id='word_1_642' title='bbox 2673 4041 2960 4114; x_wconf 67' lang='lat' dir='ltr'><strong>praecipue</strong></span> <span class='ocrx_word' id='word_1_643' title='bbox 2987 4039 3410 4096; x_wconf 81' lang='lat' dir='ltr'><strong>fraternitatem</strong></span> <span class='ocrx_word' id='word_1_644' title='bbox 3434 4044 3597 4096; x_wconf 92' lang='lat' dir='ltr'><strong>tuam</strong></span> <span class='ocrx_word' id='word_1_645' title='bbox 3631 4057 3752 4096; x_wconf 86' lang='lat' dir='ltr'><strong>am-</strong></span> 
     </span>
    </p>
   </div>
   <div class='ocr_carea' id='block_1_103' title="bbox 2110 4127 3754 4204">
    <p class='ocr_par' dir='ltr' id='par_1_103' title="bbox 2110 4127 3754 4204">
     <span class='ocr_line' id='line_1_104' title="bbox 2110 4127 3754 4204; baseline -0.001 -19"><span class='ocrx_word' id='word_1_646' title='bbox 2110 4130 2352 4204; x_wconf 87' lang='lat' dir='ltr'><strong>pliorem</strong></span> <span class='ocrx_word' id='word_1_647' title='bbox 2387 4129 2719 4203; x_wconf 90' lang='lat' dir='ltr'><strong>principum</strong></span> <span class='ocrx_word' id='word_1_648' title='bbox 2752 4130 2902 4186; x_wconf 89' lang='lat' dir='ltr'><strong>Petri</strong></span> <span class='ocrx_word' id='word_1_649' title='bbox 2946 4133 3002 4184; x_wconf 91' lang='lat' dir='ltr'><strong>et</strong></span> <span class='ocrx_word' id='word_1_650' title='bbox 3050 4128 3212 4185; x_wconf 89' lang='lat' dir='ltr'><strong>Pauli</strong></span> <span class='ocrx_word' id='word_1_651' title='bbox 3261 4127 3634 4202; x_wconf 87' lang='lat' dir='ltr'><strong>disciplinam</strong></span> <span class='ocrx_word' id='word_1_652' title='bbox 3666 4128 3754 4184; x_wconf 91' lang='lat' dir='ltr'><strong>in-</strong></span> 
     </span>
    </p>
   </div>
   <div class='ocr_carea' id='block_1_104' title="bbox 2108 4217 3749 4291">
    <p class='ocr_par' dir='ltr' id='par_1_104' title="bbox 2108 4217 3749 4291">
     <span class='ocr_line' id='line_1_105' title="bbox 2108 4217 3749 4291; baseline -0.001 -17"><span class='ocrx_word' id='word_1_653' title='bbox 2108 4223 2353 4287; x_wconf 89' lang='lat' dir='ltr'><strong>struere,</strong></span> <span class='ocrx_word' id='word_1_654' title='bbox 2387 4219 2590 4290; x_wconf 88' lang='lat' dir='ltr'><strong>tuique</strong></span> <span class='ocrx_word' id='word_1_655' title='bbox 2620 4219 2798 4274; x_wconf 86' lang='lat' dir='ltr'><strong>ofﬁcii</strong></span> <span class='ocrx_word' id='word_1_656' title='bbox 2829 4223 3056 4291; x_wconf 87' lang='lat' dir='ltr'><strong>Oportet</strong></span> <span class='ocrx_word' id='word_1_657' title='bbox 3099 4217 3373 4274; x_wconf 85' lang='lat' dir='ltr'><strong>exhibere</strong></span> <span class='ocrx_word' id='word_1_658' title='bbox 3403 4233 3749 4274; x_wconf 88' lang='lat' dir='ltr'><strong>censuram:</strong></span> 
     </span>
    </p>
   </div>
   <div class='ocr_carea' id='block_1_105' title="bbox 2106 4305 3754 4379">
    <p class='ocr_par' dir='ltr' id='par_1_105' title="bbox 2106 4305 3754 4379">
     <span class='ocr_line' id='line_1_106' title="bbox 2106 4305 3754 4379; baseline 0 -17"><span class='ocrx_word' id='word_1_659' title='bbox 2106 4324 2260 4362; x_wconf 90' lang='lat' dir='ltr'><strong>nunc</strong></span> <span class='ocrx_word' id='word_1_660' title='bbox 2291 4306 2744 4379; x_wconf 58' lang='lat' dir='ltr'><strong>praecipue,cum</strong></span> <span class='ocrx_word' id='word_1_661' title='bbox 2775 4306 2975 4363; x_wconf 92' lang='lat' dir='ltr'><strong>nullus</strong></span> <span class='ocrx_word' id='word_1_662' title='bbox 3007 4307 3064 4362; x_wconf 92' lang='lat' dir='ltr'><strong>in</strong></span> <span class='ocrx_word' id='word_1_663' title='bbox 3087 4307 3299 4362; x_wconf 86' lang='lat' dir='ltr'><strong>vestris</strong></span> <span class='ocrx_word' id='word_1_664' title='bbox 3331 4305 3598 4379; x_wconf 88' lang='lat' dir='ltr'><strong>partibus</strong></span> <span class='ocrx_word' id='word_1_665' title='bbox 3623 4323 3754 4378; x_wconf 86' lang='lat' dir='ltr'><strong>apo-</strong></span> 
     </span>
    </p>
   </div>
   <div class='ocr_carea' id='block_1_106' title="bbox 2107 4393 3752 4468">
    <p class='ocr_par' dir='ltr' id='par_1_106' title="bbox 2107 4393 3752 4468">
     <span class='ocr_line' id='line_1_107' title="bbox 2107 4393 3752 4468; baseline -0.001 -16"><span class='ocrx_word' id='word_1_666' title='bbox 2107 4395 2320 4453; x_wconf 73' lang='lat' dir='ltr'><strong>stolicte</strong></span> <span class='ocrx_word' id='word_1_667' title='bbox 2340 4397 2496 4452; x_wconf 88' lang='lat' dir='ltr'><strong>sedis</strong></span> <span class='ocrx_word' id='word_1_668' title='bbox 2523 4395 2754 4468; x_wconf 88' lang='lat' dir='ltr'><strong>legatus</strong></span> <span class='ocrx_word' id='word_1_669' title='bbox 2795 4395 3010 4452; x_wconf 87' lang='lat' dir='ltr'><strong>existit.</strong></span> <span class='ocrx_word' id='word_1_670' title='bbox 3045 4395 3290 4452; x_wconf 82' lang='lat' dir='ltr'><strong>Ricardo</strong></span> <span class='ocrx_word' id='word_1_671' title='bbox 3322 4395 3478 4452; x_wconf 91' lang='lat' dir='ltr'><strong>enim</strong></span> <span class='ocrx_word' id='word_1_672' title='bbox 3512 4393 3752 4468; x_wconf 86' lang='lat' dir='ltr'><strong>legatio-</strong></span> 
     </span>
    </p>
   </div>
   <div class='ocr_carea' id='block_1_107' title="bbox 2106 4483 3752 4557">
    <p class='ocr_par' dir='ltr' id='par_1_107' title="bbox 2106 4483 3752 4557">
     <span class='ocr_line' id='line_1_108' title="bbox 2106 4483 3752 4557; baseline 0 -17"><span class='ocrx_word' id='word_1_673' title='bbox 2106 4501 2262 4553; x_wconf 91' lang='lat' dir='ltr'><strong>nem,</strong></span> <span class='ocrx_word' id='word_1_674' title='bbox 2293 4501 2470 4557; x_wconf 88' lang='lat' dir='ltr'><strong>quam</strong></span> <span class='ocrx_word' id='word_1_675' title='bbox 2501 4485 2784 4541; x_wconf 90' lang='lat' dir='ltr'><strong>hactenus</strong></span> <span class='ocrx_word' id='word_1_676' title='bbox 2817 4483 3043 4552; x_wconf 91' lang='lat' dir='ltr'><strong>habuit,</strong></span> <span class='ocrx_word' id='word_1_677' title='bbox 3091 4483 3530 4557; x_wconf 89' lang='lat' dir='ltr'><strong>denegavimus,</strong></span> <span class='ocrx_word' id='word_1_678' title='bbox 3565 4499 3752 4556; x_wconf 90' lang='lat' dir='ltr'><strong>neque</strong></span> 
     </span>
    </p>
   </div>
   <div class='ocr_carea' id='block_1_108' title="bbox 2105 4570 3752 4647">
    <p class='ocr_par' dir='ltr' id='par_1_108' title="bbox 2105 4570 3752 4647">
     <span class='ocr_line' id='line_1_109' title="bbox 2105 4570 3752 4647; baseline -0.002 -17"><span class='ocrx_word' id='word_1_679' title='bbox 2105 4573 2473 4647; x_wconf 90' lang='lat' dir='ltr'><strong>aliicuipiam</strong></span> <span class='ocrx_word' id='word_1_680' title='bbox 2493 4578 2817 4630; x_wconf 82' lang='lat' dir='ltr'><strong>vestrarum</strong></span> <span class='ocrx_word' id='word_1_681' title='bbox 2839 4573 3094 4646; x_wconf 90' lang='lat' dir='ltr'><strong>partium</strong></span> <span class='ocrx_word' id='word_1_682' title='bbox 3118 4571 3469 4646; x_wconf 89' lang='lat' dir='ltr'><strong>legationem</strong></span> <span class='ocrx_word' id='word_1_683' title='bbox 3495 4570 3752 4644; x_wconf 88' lang='lat' dir='ltr'><strong>injunxi-</strong></span> 
     </span>
    </p>
   </div>
   <div class='ocr_carea' id='block_1_109' title="bbox 2026 4659 3750 4749">
    <p class='ocr_par' dir='ltr' id='par_1_109' title="bbox 2026 4659 3750 4749">
     <span class='ocr_line' id='line_1_110' title="bbox 2026 4659 3750 4749; baseline -0.002 -31"><span class='ocrx_word' id='word_1_684' title='bbox 2026 4681 2076 4749; x_wconf 67' lang='grc' dir='ltr'><strong>ις)</strong></span> <span class='ocrx_word' id='word_1_685' title='bbox 2105 4667 2342 4720; x_wconf 89' lang='lat' dir='ltr'><strong>mus.Te</strong></span> <span class='ocrx_word' id='word_1_686' title='bbox 2370 4661 2569 4736; x_wconf 87' lang='lat' dir='ltr'><strong>igitur,</strong></span> <span class='ocrx_word' id='word_1_687' title='bbox 2594 4665 2659 4717; x_wconf 92' lang='lat' dir='ltr'><strong>ut</strong></span> <span class='ocrx_word' id='word_1_688' title='bbox 2687 4661 3038 4734; x_wconf 88' lang='lat' dir='ltr'><strong>prudentem</strong></span> <span class='ocrx_word' id='word_1_689' title='bbox 3069 4677 3136 4716; x_wconf 92' lang='lat' dir='ltr'><strong>ac</strong></span> <span class='ocrx_word' id='word_1_690' title='bbox 3168 4659 3509 4734; x_wconf 88' lang='lat' dir='ltr'><strong>religiosum</strong></span> <span class='ocrx_word' id='word_1_691' title='bbox 3536 4660 3750 4728; x_wconf 90' lang='lat' dir='ltr'><strong>virum,</strong></span> 
     </span>
    </p>
   </div>
   <div class='ocr_carea' id='block_1_110' title="bbox 2104 4749 3755 4822">
    <p class='ocr_par' dir='ltr' id='par_1_110' title="bbox 2104 4749 3755 4822">
     <span class='ocr_line' id='line_1_111' title="bbox 2104 4749 3755 4822; baseline -0.001 -14"><span class='ocrx_word' id='word_1_692' title='bbox 2104 4751 2418 4808; x_wconf 85' lang='lat' dir='ltr'><strong>burtamur</strong></span> <span class='ocrx_word' id='word_1_693' title='bbox 2444 4754 2502 4807; x_wconf 91' lang='lat' dir='ltr'><strong>et</strong></span> <span class='ocrx_word' id='word_1_694' title='bbox 2529 4751 2910 4807; x_wconf 85' lang='lat' dir='ltr'><strong>obsecramus</strong></span> <span class='ocrx_word' id='word_1_695' title='bbox 2939 4749 3000 4805; x_wconf 92' lang='lat' dir='ltr'><strong>in</strong></span> <span class='ocrx_word' id='word_1_696' title='bbox 3047 4749 3294 4806; x_wconf 91' lang='lat' dir='ltr'><strong>Domino</strong></span> <span class='ocrx_word' id='word_1_697' title='bbox 3345 4754 3409 4805; x_wconf 92' lang='lat' dir='ltr'><strong>ut</strong></span> <span class='ocrx_word' id='word_1_698' title='bbox 3439 4765 3568 4822; x_wconf 67' lang='lat' dir='ltr'><strong>quae</strong></span> <span class='ocrx_word' id='word_1_699' title='bbox 3599 4749 3755 4806; x_wconf 89' lang='lat' dir='ltr'><strong>dicta</strong></span> 
     </span>
    </p>
   </div>
   <div class='ocr_carea' id='block_1_111' title="bbox 2104 4837 3749 4908">
    <p class='ocr_par' dir='ltr' id='par_1_111' title="bbox 2104 4837 3749 4908">
     <span class='ocr_line' id='line_1_112' title="bbox 2104 4837 3749 4908; baseline -0.002 -10"><span class='ocrx_word' id='word_1_700' title='bbox 2104 4843 2245 4898; x_wconf 89' lang='lat' dir='ltr'><strong>sunt</strong></span> <span class='ocrx_word' id='word_1_701' title='bbox 2291 4837 2551 4897; x_wconf 86' lang='lat' dir='ltr'><strong>studiose</strong></span> <span class='ocrx_word' id='word_1_702' title='bbox 2598 4854 2886 4908; x_wconf 88' lang='lat' dir='ltr'><strong>exerceas,</strong></span> <span class='ocrx_word' id='word_1_703' title='bbox 2920 4839 3104 4895; x_wconf 89' lang='lat' dir='ltr'><strong>bonos</strong></span> <span class='ocrx_word' id='word_1_704' title='bbox 3161 4837 3220 4894; x_wconf 91' lang='lat' dir='ltr'><strong>in</strong></span> <span class='ocrx_word' id='word_1_705' title='bbox 3279 4837 3492 4894; x_wconf 89' lang='lat' dir='ltr'><strong>melius</strong></span> <span class='ocrx_word' id='word_1_706' title='bbox 3549 4855 3749 4907; x_wconf 89' lang='lat' dir='ltr'><strong>acuas,</strong></span> 
     </span>
    </p>
   </div>
   <div class='ocr_carea' id='block_1_112' title="bbox 2103 4925 3750 5003">
    <p class='ocr_par' dir='ltr' id='par_1_112' title="bbox 2103 4925 3750 5003">
     <span class='ocr_line' id='line_1_113' title="bbox 2103 4925 3750 5003; baseline -0.001 -19"><span class='ocrx_word' id='word_1_707' title='bbox 2103 4945 2314 5003; x_wconf 90' lang='lat' dir='ltr'><strong>pravos</strong></span> <span class='ocrx_word' id='word_1_708' title='bbox 2333 4927 2614 5000; x_wconf 90' lang='lat' dir='ltr'><strong>corrigas,</strong></span> <span class='ocrx_word' id='word_1_709' title='bbox 2633 4931 2691 4984; x_wconf 90' lang='lat' dir='ltr'><strong>et</strong></span> <span class='ocrx_word' id='word_1_710' title='bbox 2718 4927 3062 4984; x_wconf 86' lang='lat' dir='ltr'><strong>canonicam</strong></span> <span class='ocrx_word' id='word_1_711' title='bbox 3092 4927 3151 4983; x_wconf 93' lang='lat' dir='ltr'><strong>in</strong></span> <span class='ocrx_word' id='word_1_712' title='bbox 3183 4927 3459 4984; x_wconf 89' lang='lat' dir='ltr'><strong>omnibus</strong></span> <span class='ocrx_word' id='word_1_713' title='bbox 3489 4925 3750 5000; x_wconf 89' lang='lat' dir='ltr'><strong>discipli-</strong></span> 
     </span>
    </p>
   </div>
   <div class='ocr_carea' id='block_1_113' title="bbox 2104 5013 3752 5088">
    <p class='ocr_par' dir='ltr' id='par_1_113' title="bbox 2104 5013 3752 5088">
     <span class='ocr_line' id='line_1_114' title="bbox 2104 5013 3752 5088; baseline -0.002 -14"><span class='ocrx_word' id='word_1_714' title='bbox 2104 5035 2241 5074; x_wconf 91' lang='lat' dir='ltr'><strong>nam</strong></span> <span class='ocrx_word' id='word_1_715' title='bbox 2274 5018 2346 5073; x_wconf 90' lang='lat' dir='ltr'><strong>ad</strong></span> <span class='ocrx_word' id='word_1_716' title='bbox 2398 5017 2670 5073; x_wconf 70' lang='lat' dir='ltr'><strong>Romana:</strong></span> <span class='ocrx_word' id='word_1_717' title='bbox 2714 5015 2980 5073; x_wconf 75' lang='lat' dir='ltr'><strong>Ecclesia:</strong></span> <span class='ocrx_word' id='word_1_718' title='bbox 3022 5014 3272 5088; x_wconf 91' lang='lat' dir='ltr'><strong>gloriam</strong></span> <span class='ocrx_word' id='word_1_719' title='bbox 3334 5015 3541 5088; x_wconf 87' lang='lat' dir='ltr'><strong>tuique</strong></span> <span class='ocrx_word' id='word_1_720' title='bbox 3569 5013 3752 5072; x_wconf 88' lang='lat' dir='ltr'><strong>studii</strong></span> 
     </span>
    </p>
   </div>
   <div class='ocr_carea' id='block_1_114' title="bbox 2103 5103 3750 5182">
    <p class='ocr_par' dir='ltr' id='par_1_114' title="bbox 2103 5103 3750 5182">
     <span class='ocr_line' id='line_1_115' title="bbox 2103 5103 3750 5182; baseline -0.002 -20"><span class='ocrx_word' id='word_1_721' title='bbox 2103 5106 2450 5171; x_wconf 88' lang='lat' dir='ltr'><strong>mercedem,</strong></span> <span class='ocrx_word' id='word_1_722' title='bbox 2507 5105 2819 5182; x_wconf 49' lang='lat' dir='ltr'><strong>ferventer.</strong></span> <span class='ocrx_word' id='word_1_723' title='bbox 2849 5108 2914 5160; x_wconf 64' lang='lat' dir='ltr'><strong>et.</strong></span> <span class='ocrx_word' id='word_1_724' title='bbox 2975 5103 3376 5160; x_wconf 88' lang='lat' dir='ltr'><strong>indesinenter</strong></span> <span class='ocrx_word' id='word_1_725' title='bbox 3445 5103 3750 5160; x_wconf 82' lang='lat' dir='ltr'><strong>observare</strong></span> 
     </span>
    </p>
   </div>
   <div class='ocr_carea' id='block_1_115' title="bbox 2103 5191 3748 5269">
    <p class='ocr_par' dir='ltr' id='par_1_115' title="bbox 2103 5191 3748 5269">
     <span class='ocr_line' id='line_1_116' title="bbox 2103 5191 3748 5269; baseline -0.002 -19"><span class='ocrx_word' id='word_1_726' title='bbox 2103 5211 2401 5269; x_wconf 87' lang='lat' dir='ltr'><strong>procures.</strong></span> <span class='ocrx_word' id='word_1_727' title='bbox 2456 5195 2690 5260; x_wconf 89' lang='lat' dir='ltr'><strong>Adesto,</strong></span> <span class='ocrx_word' id='word_1_728' title='bbox 2752 5191 3011 5265; x_wconf 89' lang='lat' dir='ltr'><strong>invigila,</strong></span> <span class='ocrx_word' id='word_1_729' title='bbox 3064 5192 3222 5248; x_wconf 90' lang='lat' dir='ltr'><strong>insta</strong></span> <span class='ocrx_word' id='word_1_730' title='bbox 3277 5209 3414 5248; x_wconf 89' lang='lat' dir='ltr'><strong>cum</strong></span> <span class='ocrx_word' id='word_1_731' title='bbox 3471 5192 3748 5249; x_wconf 78' lang='lat' dir='ltr'><strong>fratribus</strong></span> 
     </span>
    </p>
   </div>
   <div class='ocr_carea' id='block_1_116' title="bbox 2101 5277 3745 5354">
    <p class='ocr_par' dir='ltr' id='par_1_116' title="bbox 2101 5277 3745 5354">
     <span class='ocr_line' id='line_1_117' title="bbox 2101 5277 3745 5354; baseline -0.002 -14"><span class='ocrx_word' id='word_1_732' title='bbox 2101 5283 2318 5340; x_wconf 87' lang='lat' dir='ltr'><strong>nostris</strong></span> <span class='ocrx_word' id='word_1_733' title='bbox 2349 5281 2662 5354; x_wconf 84' lang='lat' dir='ltr'><strong>episcopis,</strong></span> <span class='ocrx_word' id='word_1_734' title='bbox 2699 5282 2956 5353; x_wconf 89' lang='lat' dir='ltr'><strong>regibus,</strong></span> <span class='ocrx_word' id='word_1_735' title='bbox 2985 5280 3352 5354; x_wconf 91' lang='lat' dir='ltr'><strong>principibus</strong></span> <span class='ocrx_word' id='word_1_736' title='bbox 3393 5297 3460 5336; x_wconf 89' lang='lat' dir='ltr'><strong>ac</strong></span> <span class='ocrx_word' id='word_1_737' title='bbox 3509 5277 3745 5353; x_wconf 86' lang='lat' dir='ltr'><strong>populo,</strong></span> 
     </span>
    </p>
   </div>
   <div class='ocr_carea' id='block_1_117' title="bbox 2101 5368 3745 5445">
    <p class='ocr_par' dir='ltr' id='par_1_117' title="bbox 2101 5368 3745 5445">
     <span class='ocr_line' id='line_1_118' title="bbox 2101 5368 3745 5445; baseline -0.003 -17"><span class='ocrx_word' id='word_1_738' title='bbox 2101 5376 2394 5445; x_wconf 88' lang='lat' dir='ltr'><strong>quatenus</strong></span> <span class='ocrx_word' id='word_1_739' title='bbox 2416 5371 2756 5425; x_wconf 87' lang='lat' dir='ltr'><strong>aberrantes</strong></span> <span class='ocrx_word' id='word_1_740' title='bbox 2779 5369 2846 5424; x_wconf 88' lang='lat' dir='ltr'><strong>ad</strong></span> <span class='ocrx_word' id='word_1_741' title='bbox 2869 5373 3090 5426; x_wconf 89' lang='lat' dir='ltr'><strong>rectum</strong></span> <span class='ocrx_word' id='word_1_742' title='bbox 3105 5369 3471 5442; x_wconf 90' lang='lat' dir='ltr'><strong>propositum</strong></span> <span class='ocrx_word' id='word_1_743' title='bbox 3489 5368 3745 5434; x_wconf 88' lang='lat' dir='ltr'><strong>redeant,</strong></span> 
     </span>
    </p>
   </div>
   <div class='ocr_carea' id='block_1_118' title="bbox 2099 5455 3752 5528">
    <p class='ocr_par' dir='ltr' id='par_1_118' title="bbox 2099 5455 3752 5528">
     <span class='ocr_line' id='line_1_119' title="bbox 2099 5455 3752 5528; baseline -0.004 -11"><span class='ocrx_word' id='word_1_744' title='bbox 2099 5463 2407 5518; x_wconf 88' lang='lat' dir='ltr'><strong>manentes</strong></span> <span class='ocrx_word' id='word_1_745' title='bbox 2429 5457 2489 5511; x_wconf 93' lang='lat' dir='ltr'><strong>in</strong></span> <span class='ocrx_word' id='word_1_746' title='bbox 2513 5457 2647 5512; x_wconf 87' lang='lat' dir='ltr'><strong>ﬁdei</strong></span> <span class='ocrx_word' id='word_1_747' title='bbox 2665 5455 2902 5513; x_wconf 78' lang='lat' dir='ltr'><strong>veritate</strong></span> <span class='ocrx_word' id='word_1_748' title='bbox 2923 5457 2996 5512; x_wconf 89' lang='lat' dir='ltr'><strong>ad</strong></span> <span class='ocrx_word' id='word_1_749' title='bbox 3037 5458 3257 5513; x_wconf 88' lang='lat' dir='ltr'><strong>exitum</strong></span> <span class='ocrx_word' id='word_1_750' title='bbox 3299 5473 3490 5528; x_wconf 89' lang='lat' dir='ltr'><strong>usque</strong></span> <span class='ocrx_word' id='word_1_751' title='bbox 3507 5455 3752 5513; x_wconf 75' lang='lat' dir='ltr'><strong>viriliter</strong></span> 
     </span>
    </p>
   </div>
   <div class='ocr_carea' id='block_1_119' title="bbox 2098 5543 3750 5622">
    <p class='ocr_par' dir='ltr' id='par_1_119' title="bbox 2098 5543 3750 5622">
     <span class='ocr_line' id='line_1_120' title="bbox 2098 5543 3750 5622; baseline -0.003 -16"><span class='ocrx_word' id='word_1_752' title='bbox 2098 5547 2489 5622; x_wconf 88' lang='lat' dir='ltr'><strong>perseverent.</strong></span> <span class='ocrx_word' id='word_1_753' title='bbox 2525 5543 2586 5599; x_wconf 91' lang='lat' dir='ltr'><strong>Id</strong></span> <span class='ocrx_word' id='word_1_754' title='bbox 2629 5560 2763 5600; x_wconf 88' lang='lat' dir='ltr'><strong>vero</strong></span> <span class='ocrx_word' id='word_1_755' title='bbox 2803 5545 3091 5616; x_wconf 80' lang='lat' dir='ltr'><strong>praecipue</strong></span> <span class='ocrx_word' id='word_1_756' title='bbox 3111 5549 3168 5600; x_wconf 89' lang='lat' dir='ltr'><strong>te</strong></span> <span class='ocrx_word' id='word_1_757' title='bbox 3187 5544 3456 5600; x_wconf 87' lang='lat' dir='ltr'><strong>laborare</strong></span> <span class='ocrx_word' id='word_1_758' title='bbox 3480 5543 3750 5622; x_wconf 86' lang='lat' dir='ltr'><strong>volumus</strong></span> 
     </span>
    </p>
   </div>
   <div class='ocr_carea' id='block_1_120' title="bbox 2097 5632 3752 5705">
    <p class='ocr_par' dir='ltr' id='par_1_120' title="bbox 2097 5632 3752 5705">
     <span class='ocr_line' id='line_1_121' title="bbox 2097 5632 3752 5705; baseline -0.003 -11"><span class='ocrx_word' id='word_1_759' title='bbox 2097 5641 2156 5694; x_wconf 89' lang='lat' dir='ltr'><strong>et</strong></span> <span class='ocrx_word' id='word_1_760' title='bbox 2187 5635 2556 5704; x_wconf 88' lang='lat' dir='ltr'><strong>rogamus,ut</strong></span> <span class='ocrx_word' id='word_1_761' title='bbox 2575 5633 2766 5688; x_wconf 88' lang='lat' dir='ltr'><strong>Sancti</strong></span> <span class='ocrx_word' id='word_1_762' title='bbox 2786 5632 2984 5688; x_wconf 88' lang='lat' dir='ltr'><strong>Jacobi</strong></span> <span class='ocrx_word' id='word_1_763' title='bbox 3003 5632 3752 5705; x_wconf 87' lang='lat' dir='ltr'><strong>episcopus,emancipatus</strong></span> 
     </span>
    </p>
   </div>
   <div class='ocr_carea' id='block_1_121' title="bbox 2096 5719 3748 5793">
    <p class='ocr_par' dir='ltr' id='par_1_121' title="bbox 2096 5719 3748 5793">
     <span class='ocr_line' id='line_1_122' title="bbox 2096 5719 3748 5793; baseline -0.002 -12"><span class='ocrx_word' id='word_1_764' title='bbox 2096 5719 2377 5786; x_wconf 88' lang='lat' dir='ltr'><strong>vinculis,</strong></span> <span class='ocrx_word' id='word_1_765' title='bbox 2408 5737 2512 5776; x_wconf 91' lang='lat' dir='ltr'><strong>suo</strong></span> <span class='ocrx_word' id='word_1_766' title='bbox 2544 5721 2887 5778; x_wconf 83' lang='lat' dir='ltr'><strong>restituatur</strong></span> <span class='ocrx_word' id='word_1_767' title='bbox 2921 5720 3131 5776; x_wconf 88' lang='lat' dir='ltr'><strong>ofﬁcio.</strong></span> <span class='ocrx_word' id='word_1_768' title='bbox 3160 5720 3240 5777; x_wconf 88' lang='lat' dir='ltr'><strong>De</strong></span> <span class='ocrx_word' id='word_1_769' title='bbox 3289 5735 3406 5792; x_wconf 85' lang='lat' dir='ltr'><strong>quo</strong></span> <span class='ocrx_word' id='word_1_770' title='bbox 3437 5719 3748 5793; x_wconf 88' lang='lat' dir='ltr'><strong>quidquid,</strong></span> 
     </span>
    </p>
   </div>
  </div>
