3928 6208
190 418 326 482 δετι

1366 421 1776 486 EPISTOL/E
1818 421 1921 484 ET
1962 421 2436 490 PRIVILEGIA.

3485 429 3611 494 538

190 550 516 611 auxiliante
544 551 812 623 Domino,
845 554 1054 629 egeris,
1085 553 1204 612 tuis
1236 553 1405 611 nobis
1434 553 1648 612 litteris
1685 555 1839 612 indi-
1871 555 1927 623 Α
2026 556 2295 615 Relatum
2315 558 2486 617 nobis
2514 561 2604 619 est
2633 560 2789 635 quod
2821 560 3196 620 Carnotensis
3222 562 3533 638 episcOpus
3572 583 3607 623 a

193 643 378 700 oabis.
416 642 499 699 De
529 643 781 713 caeteris,
832 648 893 701 et
921 661 1050 717 quae
1085 644 1144 699 in
1189 644 1607 717 Hispaniarum
1653 645 1851 718 regnis

191 748 297 805 per
327 749 439 789 nos
468 731 839 805 disponenda
868 733 1212 806 provideris,
1247 738 1306 789 ct
1334 734 1428 789 cui
1470 734 1847 807 potissimum

190 821 618 878 committenda
647 821 805 878 sedis
835 821 1163 895 apostolicae
1184 821 1394 895 legatio
1423 823 1706 892 videatur,
1730 824 1849 881 tuis

190 927 301 967 nos
335 909 565 966 nuntiis
597 913 653 965 et
681 909 946 983 apicibus
968 911 1333 967 informabis.
1370 912 1620 968 Labores
1651 916 1846 968 autem

189 998 415 1072 quosin
431 999 716 1056 membris
732 999 1267 1073 suisapostolorum
1282 999 1577 1073 principes
1590 999 1850 1072 quotidie

189 1086 522 1161 patiuntur,
555 1086 737 1144 nolito
769 1087 889 1143 ullo
908 1089 1079 1145 modo
1113 1088 1393 1157 oblivisci;
1420 1091 1520 1145 sed
1542 1107 1605 1145 es
1619 1106 1850 1162 semper

186 1176 248 1231 in
279 1176 457 1232 corde
487 1175 782 1248 bajulans,
813 1180 870 1233 et
918 1175 1189 1233 ﬁdelibus
1237 1177 1509 1233 omnibus
1559 1194 1849 1233 commen-

187 1264 362 1334 dans,
398 1264 741 1321 solatiorum
771 1270 1099 1322 vestrorum
1132 1282 1239 1338 ope
1269 1265 1450 1323 lenire
1481 1265 1708 1322 festina.

862 1389 1035 1445 CCLX
1045 1390 1183 1445 XXI.

193 1478 408 1535 Urbani
434 1478 487 1533 ll
524 1492 691 1549 papae
746 1480 977 1549 epistola
1038 1479 1109 1533 ad
1168 1477 1444 1545 Catonem,
1479 1479 1532 1533 S.
1595 1480 1850 1547 Quintini

261 1549 665 1621 Bellovaccnsis
705 1549 1086 1621 praepositum.
1147 1581 1214 1589 —
1256 1549 1553 1620 Conﬁrmat
1602 1552 1846 1607 donatio—

258 1635 390 1702 nem
416 1623 584 1677 terra?
610 1619 676 1676 de
706 1619 919 1677 Maelio
940 1622 1143 1692 factum
1173 1638 1205 1676 a
1226 1620 1512 1677 Guillelmo
1542 1624 1850 1679 Parisiensi

262 1706 532 1764 episcOpo.

670 1763 855 1831 (Intra
885 1778 978 1818 an.
1014 1763 1370 1833 1096-1099.)

465 1849 633 1922 [Dom
666 1850 957 1917 Bououer,
988 1851 1224 1917 Recueit,
1257 1851 1405 1919 XIV,
1435 1852 1587 1923 734.)

261 1956 544 2015 Unnmus
574 1955 905 2029 episcopus,
929 1972 1133 2012 servus
1156 1973 1457 2014 servorum
1492 1958 1613 2027 Dei,
1638 1957 1848 2016 dilecto

186 2045 313 2105 ﬁlio
343 2047 560 2103 GALONI
608 2045 743 2117 (53),
798 2044 1107 2118 praeposito
1158 2046 1414 2102 ecclesiae
1446 2047 1506 2103 S.
1562 2047 1845 2116 Quintini,

184 2152 320 2208 qua
353 2134 578 2192 Belvaci
613 2134 726 2190 sita
749 2138 858 2203 est,
890 2133 1141 2191 salutem
1173 2138 1232 2190 et
1261 2133 1643 2207 apostolicam
1669 2137 1850 2192 bene-

186 2223 530 2280 dictionem.

260 2312 335 2368 Et
363 2310 661 2370 commissi
708 2311 884 2367 ofﬁcii
920 2329 1024 2368 nos
1077 2311 1375 2385 compellit
1423 2312 1760 2381 auctoritas,
1793 2318 1850 2369 et

190 2399 469 2473 specialis
498 2400 756 2457 eharitas
786 2400 1150 2468 exhortatur,
1182 2405 1247 2456 ut
1275 2418 1402 2472 quae
1446 2406 1601 2457 recte
1630 2406 1850 2458 statuta

188 2494 334 2546 sunt
362 2489 729 2557 conﬁrmem,
764 2492 818 2545 et
849 2489 932 2546 eis
960 2506 1088 2561 quae
1120 2490 1229 2545 sub
1248 2490 1431 2545 tutela
1459 2493 1669 2546 nostrai
1692 2491 1848 2548 sedis

188 2577 306 2635 sita
351 2580 509 2642 sunt,
561 2578 1000 2650 propensiorem
1052 2578 1372 2634 debeamus
1429 2578 1844 2650 protectionem

187 2666 549 2739 impendere.
585 2666 804 2724 Idcirco
835 2667 1210 2723 donationem
1242 2672 1406 2722 terra:
1456 2684 1582 2739 quae
1632 2668 1847 2724 dicitur

182 2753 430 2823 Alnella,
465 2771 500 2811 a
529 2755 841 2813 Parisiensi
866 2756 1139 2828 episeopo
1157 2754 1468 2812 Guillelmo
1498 2758 1611 2828 (54)
1640 2763 1843 2814 vestrae

188 2842 450 2899 ecclesiae
472 2844 713 2914 factam,
740 2845 1116 2916 praesentium
1150 2844 1484 2901 litterarum
1525 2847 1846 2904 assertione

181 2932 499 2991 ﬁrmamus
522 2948 535 2985 :
569 2948 747 3002 quam
776 2931 1045 2989 videlicet
1060 2937 1273 2989 terram
1296 2934 1607 3006 praedictus
1627 2936 1846 3007 episeo-

178 3037 297 3093 pus
326 3037 363 3075 a
393 3018 692 3075 canonicis
721 3019 778 3073 S.
812 3020 1083 3076 Germani
1114 3021 1644 3079 Antissiodorensis
1682 3041 1842 3081 acce-

177 3112 372 3183 perat,
408 3108 546 3165 data
574 3106 857 3163 nimirum
889 3108 948 3163 in
981 3110 1499 3167 commutationem
1532 3113 1846 3185 prehende

179 3197 446 3270 quadam
478 3194 828 3252 Parisiensis
859 3196 1155 3265 Ecclesiae,
1198 3199 1585 3270 prementibus
1616 3205 1673 3256 et
1702 3203 1843 3257 sub-

1880 1929 1927 1993 Β

1957 644 2305 705 charissimo
2337 649 2459 706 tilio
2493 655 2693 707 nostro
2724 651 3039 718 Gaufredo,
3069 661 3261 710 vestro
3293 655 3521 724 abbate,
3545 656 3606 712 in

1958 737 2389 793 consecratione
2434 756 2611 811 quam
2661 740 2902 813 accepit,
2954 742 3027 796 ab
3065 757 3131 797 eo
3181 741 3605 813 professionem

1957 826 2280 882 extorserit.
2322 827 2505 891 Quam
2567 829 2705 901 quia
2761 833 2963 885 contra
3014 829 3287 885 Romanas
3340 829 3606 888 Ecclesiae

1957 915 2358 971 auctoritatem
2393 916 2605 973 factam
2620 918 2988 990 agnovimus,
3017 918 3213 974 abbati
3238 917 3473 990 quidem
3500 936 3607 976 nos

1957 1002 2410 1060 misericorditer
2434 1005 2773 1077 hujusmodi
2798 1024 3006 1063 noxam
3028 1006 3348 1064 indulsisse
3379 1008 3604 1064 noveri-

1955 1090 2480 1150 tis.Prolessionem
2496 1111 2627 1150 vero
2641 1094 2923 1167 ipsamita
2933 1095 3605 1162 adnullamus,utnullas

1957 1180 2191 1252 penitus
2219 1182 2370 1238 vires
2430 1183 2740 1239 obstineat.
2795 1185 3046 1258 Insuper
3097 1184 3273 1240 etiam
3326 1201 3398 1241 ne
3424 1185 3607 1242 abbas

1957 1271 2293 1325 monasterii
2324 1272 2498 1326 vestri
2561 1272 2834 1344 deinceps
2864 1272 3139 1345 episcopo
3184 1273 3604 1345 professionem

1955 1357 2211 1426 faciat,et
2227 1364 2435 1414 nostrae
2467 1361 2829 1417 auctoritatis
2850 1360 3150 1435 privilegio
3173 1362 3473 1418 firmatum
3495 1366 3604 1429 est,

1955 1450 2012 1502 et
2042 1447 2425 1519 praseentibus
2458 1447 2667 1505 litteris
2684 1450 3304 1523 prohibemus.Siquis
3329 1455 3525 1507 autem
3544 1451 3604 1506 in

1956 1540 2253 1607 posterum
2303 1542 2503 1592 contra
2550 1538 2672 1593 haec
2720 1538 2913 1594 venire
2958 1538 3287 1604 tentaverit,
3317 1556 3354 1595 a
3391 1543 3604 1595 sanctae

1953 1624 2221 1680 Ecclesia:
2254 1625 2558 1682 liminibus
2578 1631 2863 1693 arceatur,
2879 1632 2937 1682 et
2950 1631 3184 1683 maneat
3200 1630 3605 1683 excommuni-

1954 1718 2119 1770 catus
2147 1715 2329 1771 donec
2361 1714 2672 1789 resipiscat
2702 1721 2759 1772 et
2804 1717 3077 1772 Romanas
3127 1715 3393 1772 Ecclesiae
3438 1716 3607 1773 satis-

1956 1803 2147 1859 faciat.

2029 1892 2242 1947 Datum
2274 1893 2468 1949 Romaa
2499 1910 2595 1949 VIII
2632 1893 2753 1950 Kal.
2789 1894 3060 1951 Decemb.

2615 2001 2957 2056 CCLXXXV.

1963 2088 2172 2170 Urbani
2199 2090 2438 2172 epistgta
2465 2089 2535 2145 ad
2575 2089 3001 2172 archiepiscost
3032 2094 3083 2172 et
3121 2091 3393 2172 episcopos
3430 2090 3605 2145 Fran-

2027 2161 2151 2232 cia}.
2185 2191 2253 2199 —-
2283 2160 2606 2231 Philippum
2637 2160 2837 2232 regem,
2875 2160 2973 2232 qui
3020 2160 3249 2216 dimissa
3294 2160 3469 2216 uxore
3494 2175 3608 2215 sese

2027 2229 2284 2285 adultera:
2304 2229 2613 2296 addixerat,
2647 2229 2846 2302 gaudet
2874 2229 2945 2287 ad
2972 2247 3065 2288 cor
3092 2232 3336 2287 rediisse.

2437 2321 2617 2387 (Intra
2636 2338 2741 2375 an.
2776 2320 3129 2391 1097-1099.)

2259 2408 2571 2477 [Dscnsnn
2605 2408 2817 2480 Spicil.,
2850 2412 2894 2464 t.
2930 2408 3023 2475 IlI,
3059 2425 3115 2479 p.
3150 2408 3300 2478 431.]

2029 2495 2304 2551 Unssxus
2336 2496 2665 2568 episcopus,
2687 2512 2889 2552 servus
2919 2512 3216 2552 servorum
3233 2497 3352 2563 Dei,
3384 2496 3607 2552 charis-

1956 2584 2122 2639 simis
2156 2585 2212 2638 in
2245 2584 2472 2641 Christo
2502 2585 2785 2641 fratribus
2808 2585 3081 2642 MANASSE
3112 2585 3383 2641 Remensi
3415 2585 3607 2642 archi-

1954 2673 2246 2746 episcopo,
2270 2678 2328 2730 et
2343 2674 2566 2731 caeteris
2580 2691 2681 2747 per
2698 2675 2999 2731 Franciam
3015 2680 3135 2730 tam
3152 2673 3605 2747 archiepiscOpis

1955 2779 2133 2834 quam
2165 2762 2475 2835 episcopis,
2509 2762 2757 2819 salutem
2782 2768 2839 2820 et
2858 2763 3240 2835 apostolicam
3257 2763 3606 2820 benedictio-

1954 2868 2110 2907 nem.

2023 2940 2365 2997 Charissimi
2398 2940 2502 2996 filii
2533 2940 2719 2996 nostri
2745 2940 2995 3013 Philippi
3030 2941 3399 2997 Francorum
3450 2941 3606 3013 regis

1954 3028 2199 3085 nuntius
2230 3030 2301 3084 ad
2334 3030 2532 3085 sedem
2566 3029 2945 3102 apostolicam
2976 3030 3235 3097 veniens,
3269 3030 3473 3087 debitae
3494 3030 3605 3086 hu-

1955 3116 2222 3173 militatis
2254 3117 2480 3173 litteras
2510 3135 2580 3173 ne
2611 3118 2929 3175 devotionis
2962 3118 3157 3173 attulit
3184 3118 3396 3187 verba;
3431 3123 3607 3191 atque

1958 3206 2027 3261 de
2057 3205 2220 3261 illius
2249 3205 2516 3261 mulieris
2544 3207 2736 3279 culpa,
2771 3224 2876 3279 pro
2908 3224 3024 3279 qua
3070 3207 3423 3263 venerabilis
3471 3221 3606 3265 eon-

179 3283 872 3344 scribentibusﬁ'atribus
890 3285 1198 3357 utriusque
1212 3286 1473 3358 capituli.
1498 3287 1653 3344 Nulli
1675 3288 1836 3345 dein-
1867 3294 1910 3362 C
1951 3294 2128 3349 frater
2159 3299 2357 3349 noster
2386 3294 2799 3368 Lugdunensis
2840 3294 3312 3367 archiepisc0pus
3360 3295 3605 3351 interdi-

180 3390 322 3446 ceps
353 3373 878 3430 commutationem
910 3373 1061 3430 hanc
1089 3374 1512 3444 violareliceat,
1546 3378 1659 3433 nisi
1695 3379 1841 3435 forte

176 3461 513 3537 apostolicae
538 3465 750 3519 nostra;
775 3462 933 3518 sedis
950 3462 1177 3534 judicio
1209 3468 1580 3521 retractetur.

841 3577 1187 3633 CCLXXXII.

178 3669 200 3692 '
233 3666 506 3738 Urbanus
538 3665 715 3721 mittit
745 3687 774 3715 ‹‹
807 3666 1021 3722 litteras
1072 3669 1129 3722 in
1160 3669 1407 3738 gratiam
1447 3668 1842 3725 monachorum

251 3738 309 3792 S.
342 3736 577 3794 Andreae
637 3738 975 3809 Viennensis
1009 3754 1140 3809 quos
1164 3736 1174 3738 ἡ
1198 3742 1251 3793 et
1279 3755 1471 3794 eorum
1523 3741 1735 3807 baiulos
1780 3744 1841 3796 in

248 3811 467 3864 tantum
506 3818 799 3884 vexaverat
841 3807 1033 3884 ϐριίάοξ
1080 3810 1505 3884 εραξάεφηῄιινὺίςς
1561 3812 1838 3884 archiepi-

244 3895 458 3951 scopus,
484 3888 547 3935 ut
575 3882 739 3935 etiam
770 3896 839 3936 ex
868 3880 953 3935 his
981 3880 1277 3937 nonnullos
1324 3882 1383 3938 in
1432 3899 1650 3940 carcere
1697 3880 1837 3940 reti-

249 3959 419 4007 neret.
458 3971 487 4000 υ

662 4021 845 4093 (Intra
875 4038 966 4078 an.
1006 4023 1356 4096 1097-1099.)

334 4110 504 4183 [Vide
535 4110 799 4166 Romam
828 4111 887 4166 in
916 4111 1050 4167 Vita
1080 4112 1297 4169 Urbani
1327 4112 1397 4182 II,
1430 4131 1486 4186 p.
1519 4115 1675 4185 292.]

823 4217 1125 4274 CCLXXXI
1134 4220 1173 4274 ΙΙ
1184 4262 1195 4274 .

176 4307 436 4382 Urbanus
481 4305 1010 4382 lvoni__C_arnotensi
1059 4315 1113 4382 et
1170 4310 1468 4382 Ramnutfo
1507 4310 1832 4367 Santonensz

243 4377 516 4450 episcopis
543 4375 735 4431 scribit
763 4399 791 4426 «
828 4378 900 4450 in
916 4380 1155 4447 gratiam
1190 4375 1582 4436 monachorum
1638 4383 1829 4438 Vindo-

240 4448 577 4525 cinensiuin,
656 4463 788 4518 quos
845 4448 921 4525 ab
980 4451 1132 4525 omni
1204 4454 1578 4523 episwporum
1643 4454 1827 4525 subje-

241 4520 424 4582 etione
455 4521 726 4577 immunes
745 4535 859 4575 esse
887 4518 1152 4576 declarat.
1178 4542 1205 4571 ››

650 4607 830 4680 (Intra
861 4625 956 4663 an.
1000 4608 1362 4679 1097-1099.)

459 4695 659 4769 ‘[Vide
688 4697 846 4769 apud
879 4697 1142 4754 RUINART
1170 4698 1267 4753 ubi
1303 4700 1519 4771 supra]

815 4818 1188 4876 CCLXXXIV.

289 4906 606 4964 Monasterii
631 4907 1041 4965 Vindocinensis
1072 4910 1296 4965 libertas
1326 4909 1701 4979 conﬁrmatur.

656 4980 839 5052 (Intra
865 4996 959 5035 an.
997 4980 1350 5052 1097-1099.)

600 5068 754 5140 [0pp.
783 5068 1093 5139 Sirmundi,
1127 5069 1223 5138 111,
1256 5068 1410 5144 £68.]

243 5163 527 5221 Unnmus
549 5164 880 5239 episcopus,
896 5182 1097 5223 servus
1121 5183 1421 5224 servorum
1440 5169 1568 5237 Dei,
1592 5185 1826 5227 venera-

172 5251 1183 5326 bilieongregationiVindocinensis
1203 5257 1828 5325 monasterii,salutem

170 5343 230 5397 et
256 5338 642 5413 apostolicam
672 5342 1163 5399 benedictionem.

239 5482 503 5557 (53))Seu
533 5483 761 5557 Waloni,
810 5485 1096 5557 discipulo
1145 5490 1203 5542 et
1249 5489 1576 5545 successori
1633 5491 1823 5549 lvonis

169 5552 428 5620 Gai-not,
461 5554 563 5661 aui
595 5558 652 5611 et
696 5556 820 5628 ipse
871 5552 1054 5613 evasit
1110 5557 1460 5616 Parisiensis
1517 5562 1827 5635 episcopus

172 5640 327 5679 anno
357 5625 516 5679 1104.

196 5726 205 5739 ι
240 5694 690 5767 (51)Guillelmo
722 5699 791 5754 de
823 5698 1176 5768 Montet‘orti,
1212 5700 1375 5756 fratri
1408 5702 1642 5761 famosae
1665 5702 1825 5762 illius

1862 4661 1909 4725 D

1952 3381 2162 3436 etionis
2195 3382 2251 3436 in
2286 3382 2482 3453 ipsum
2512 3381 2861 3437 sententiam
2895 3380 3235 3453 protulerat,
3277 3382 3603 3438 secundum

1951 3469 2198 3525 fratrum
2212 3473 2547 3526 nostrorum
2563 3469 2874 3525 consilium
2893 3469 3427 3525 satisfecit.Juravit
3447 3470 3603 3527 enim

1950 3559 2105 3630 quod
2136 3558 2292 3614 idem
2321 3574 2421 3614 rex
2451 3556 2760 3613 mulierem
2795 3558 2959 3614 illam
2992 3562 3299 3630 postquam
3336 3558 3393 3613 in
3421 3575 3603 3615 manu

1949 3651 2173 3713 nostra,
2207 3647 2327 3702 imo
2357 3663 2462 3719 per
2491 3662 2598 3701 nos
2630 3646 2688 3701 in
2721 3646 2873 3703 beati
2905 3647 3055 3703 Petri
3091 3663 3267 3702 manu
3311 3646 3603 3716 refutavit,

1948 3752 2255 3808 nunquam
2272 3752 2398 3792 eam
2430 3734 3042 3792 carnaliterhabuerit.
3076 3739 3284 3792 Postea
3314 3752 3447 3792 vero
3469 3753 3605 3791 eum

1947 3824 2342 3881 eonfratribus
2374 3823 2592 3880 nostris
2621 3824 2933 3880 consilium
2961 3824 3266 3895 habentes,
3286 3823 3605 3881 statuimus

1946 3917 2014 3968 ut
2044 3930 2143 3970 rex
2167 3913 2237 3968 de
2261 3911 2553 3985 episcopis
2572 3917 2630 3969 et
2656 3912 2816 3983 regni
2837 3913 2926 3968 sui
2958 3913 3306 3986 primatibus
3323 3929 3510 3984 usque
3532 3913 3606 3969 ad

1950 4001 2325 4058 festivitatem
2353 4002 2631 4059 Omnium
2689 4006 3035 4059 Sanctorum
3096 4002 3321 4074 aliquot
3375 4003 3448 4058 ad
3498 4019 3605 4058 nos

1948 4090 2181 4164 dirigat,
2217 4091 2313 4163 qui
2349 4090 2459 4146 hoc
2489 4090 2683 4163 ipsum
2708 4092 2861 4163 quod
2896 4091 3142 4147 nuntius
3191 4092 3319 4163 ejus
3356 4091 3601 4162 juravit,

1945 4179 2195 4235 debeant
2226 4179 2536 4235 afﬁrmare.
2598 4180 2901 4251 Ejusmodi
2953 4178 3133 4252 igitur
3190 4196 3292 4251 per
3339 4179 3601 4252 legatum
3658 4252 3663 4255 τ

1942 4266 2133 4341 ipsius
2166 4266 2561 4324 satisfactione
2573 4269 3103 4340 aceepta,eumdem
3122 4267 3311 4322 filium
3333 4272 3600 4324 nostrum

1940 4372 2141 4429 regem
2173 4356 2245 4411 ab
2276 4356 2725 4423 interdictionis,
2751 4374 2877 4429 qua;
2897 4374 3000 4429 pro
3034 4356 3143 4411 hac
3172 4371 3352 4410 causa
3385 4355 3443 4409 in
3467 4370 3603 4410 eum

1942 4445 2168 4517 prolata
2197 4445 2411 4512 fuerat,
2458 4445 2690 4501 vinculo
2738 4445 3121 4510 absolvimus,
3167 4447 3223 4497 et
3254 4442 3455 4497 utendi
3496 4456 3600 4514 pro

1941 4550 2103 4590 more
2135 4533 2299 4605 regni
2330 4550 2543 4589 corona
2572 4534 2982 4589 auctoritatem
3015 4532 3065 4588 ei
3096 4529 3483 4604 praebuimus.

2013 4623 2158 4678 Data
2188 4621 2455 4678 Laterani
2486 4639 2587 4678 vni
2618 4622 2756 4677 Idus
2780 4622 2939 4677 Maii.

2578 4710 2949 4767 CCLXXXVI.

1950 4800 2157 4857 Urbani
2183 4800 2412 4870 epistola
2441 4799 2513 4855 ad
2551 4802 2846 4871 Hugonem,
2878 4798 3288 4854 Cluniacensem
3328 4794 3597 4871 abbatem.

2014 4902 2082 4911 —
2112 4865 2512 4939 Illi'signiﬁcat
2543 4894 2570 4921 ‹‹
2608 4865 2668 4927 in
2724 4873 2991 4939 Romana
3014 4882 3192 4937 nuper
3218 4865 3442 4939 synodo
3474 4888 3503 4916 »
3529 4882 3601 4939 se

2012 4937 2315 4996 decrevisse
2340 4944 2399 4995 ut
2419 4944 2819 4998 monasterium
2847 4948 2907 4995 S.
2965 4938 3225 4993 Germani
3266 4937 3599 4994 Antissiodo-

2013 5028 2186 5080 rensc,
2220 5013 2287 5067 ab
2317 5012 2510 5068 abbate
2552 5016 2613 5068 in
2656 5014 2886 5068 concilio
2920 5010 3282 5066 Nemausensi
3325 5008 3437 5065 sibi
3470 5030 3491 5060 α
3517 5024 3600 5065 re-

2010 5086 2266 5155 futatum,
2306 5106 2326 5133 ι
2355 5086 2409 5138 ei
2436 5086 2878 5139 committeretur.

2424 5172 2604 5243 (Intra
2635 5188 2729 5226 an.
2767 5168 3116 5239 1097-1098.)

2182 5260 2437 5331 [BALuz.,
2470 5260 2690 5315 Miscell.
2724 5259 2865 5315 edit.
2898 5259 3064 5325 Luc.,
3096 5258 3167 5326 ΙΙ,
3200 5257 3351 5326 177.]

2013 5352 2286 5407 UBBANUS
2308 5349 2639 5422 episcopus,
2676 5364 2881 5404 servus
2913 5363 3215 5403 servorum
3257 5341 3381 5407 Dei,
3428 5350 3600 5393 vene-

1938 5491 2230 5547 Bertrada:
2265 5506 2393 5563 quae
2425 5490 2544 5563 regi
2567 5489 2833 5563 Philippo
2852 5489 3078 5563 nupsit.
3114 5486 3217 5563 Hie
3247 5486 3307 5540 in
3337 5478 3595 5563 Ecclesia

1936 5551 2301 5618 Carnotensi.
2332 5551 2614 5617 educatus
2665 5551 2779 5616 sub
2834 5551 3167 5630 disciplina
3195 5556 3404 5621 lvonis,
3452 5551 3592 5630 ipso

1938 5651 1972 5689 a
2014 5637 2148 5688 ente
2200 5632 2589 5689 Parisiensem
2631 5627 3054 5713 .episc0patuin
3101 5628 3349 5700 adeptus
3380 5627 3468 5679 est
3493 5640 3588 5678 an.

1940 5651 2103 5760 1396.
2137 5702 2270 5760 licet
2298 5702 2450 5759 infra
2480 5704 2793 5760 reauxsxtos
2826 5705 3014 5758 aetatis
3045 5716 3230 5757 annos
3259 5697 3495 5757 electus.

1940 5697 2103 5775 1096,
2137 5702 2270 5760 licet
2298 5702 2450 5759 infra
2480 5697 2793 5774 requisitos
2826 5697 3014 5758 aetatis
3045 5697 3231 5757 annos
3259 5697 3495 5757 electus.
