3928 6208
338 390 457 456 339

1645 399 1718 462 B.
1763 393 2055 463 URBANI
2099 393 2151 459 Il
2195 393 2446 461 PAPE.

3627 397 3748 463 540

336 528 505 588 rabili
537 529 700 588 fratri
729 534 980 601 Hueom,
1014 532 1380 592 Cluniacensi
1404 533 1625 603 abbati,
1657 534 1905 593 salutem
1927 542 1986 593 et
2012 530 2068 597 Α
2096 531 2254 587 tione
2285 529 2536 588 avaritias
2571 528 2888 601 renovatio,
2912 537 2969 591 et
2997 522 3533 593 ecclesiasticarum
3550 550 3748 598 rerum

334 621 715 694 apostolicam
749 623 1236 681 benedictionem.

408 712 468 767 In
503 713 886 769 Nemausensi
914 714 1157 770 concilio
1207 715 1545 771 monasterii
1599 716 1792 772 Sancti
1842 718 1981 773 Ger-

334 802 516 867 mani,
550 802 707 873 quod
735 801 1101 858 Altissiodori
1133 803 1310 859 situm
1342 808 1450 869 est,
1484 805 1664 861 abbas
1714 807 1979 862 eamdem

334 889 629 945 abbatiam
660 890 719 945 in
750 907 931 945 manu
964 896 1163 947 nostra
1209 893 1497 960 refutavit,
1532 898 1590 949 et
1636 910 1789 967 saepe
1821 895 1892 949 ab
1914 913 1980 951 eo

334 978 521 1050 rogati
550 978 744 1034 locum
771 980 966 1051 ipsum
999 981 1049 1035 ei
1083 981 1390 1036 restituere
1420 981 1742 1039 noluimus.
1800 983 1982 1041 Filius

331 1072 609 1138 praeterea
636 1072 835 1124 noster
871 1068 1203 1140 Stephanus
1252 1087 1448 1126 comes
1478 1088 1612 1126 eum
1658 1089 1835 1128 uxore
1874 1091 1983 1129 sua

332 1173 439 1212 nos
471 1157 816 1228 deprecatus
848 1161 937 1213 est
968 1162 1032 1212 ut
1063 1158 1215 1213 idem
1249 1161 1671 1216 monasterium
1697 1161 1801 1217 tibi
1827 1179 1981 1218 com-

332 1244 714 1301 mitteremus.
749 1249 868 1301 Hoc
894 1246 1088 1316 ipsum
1120 1247 1181 1301 in
1233 1248 1495 1304 Romana
1527 1266 1712 1321 nuper
1758 1252 1978 1323 synodo

328 1348 521 1388 coram
552 1334 815 1403 ejusdem
865 1335 1116 1391 civitatis
1164 1336 1435 1409 episcopo
1478 1342 1535 1393 et
1574 1340 1831 1411 praedicti
1866 1340 1977 1397 loci

326 1421 610 1477 fratribus
642 1440 677 1478 a
707 1422 877 1479 nobis
912 1428 1205 1479 statutum
1239 1430 1346 1481 est.
1382 1427 1752 1483 Fraternitati
1800 1427 1979 1500 igitur

323 1512 435 1564 tua:
467 1510 677 1567 litteris
706 1511 1093 1583 praesentibus
1108 1514 1458 1570 mandamus
1480 1519 1544 1570 ut
1556 1516 1853 1588 praefatam
1876 1518 1976 1572 ab-

325 1598 547 1654 batiam
577 1599 639 1654 in
670 1604 772 1655 tua
801 1600 1077 1672 deinceps
1111 1602 1440 1672 provisione
1472 1609 1750 1676 perpetuo
1782 1605 1977 1678 dispo-

326 1687 578 1743 nendam
640 1688 929 1760 suscipias
960 1694 1017 1745 et
1075 1690 1461 1746 monasticam
1513 1693 1589 1748 ibi
1631 1693 1974 1765 religionem

327 1777 652 1832 secundum
686 1777 931 1832 fratrum
965 1782 1202 1833 tuorum
1220 1782 1715 1837 conversationem
1740 1783 1975 1838 institu-

326 1868 478 1932 tuas,
513 1866 594 1920 ita
624 1869 817 1922 tamen
853 1871 917 1922 ut
945 1867 1111 1923 locus
1146 1870 1300 1925 idem
1331 1871 1564 1942 proprio
1607 1871 1813 1927 abbate
1860 1889 1975 1929 non
2010 1898 2054 1964 Β

325 1956 542 2009 careat.

957 2063 1354 2120 CCLXXXVII.

540 2152 701 2206 Bulla
730 2152 936 2209 Urbani
965 2155 1016 2208 ΙΙ
1042 2170 1149 2225 qua
1178 2155 1585 2210 Barbastrensis
1616 2154 1764 2210 sedes

962 2228 1334 2281 constituitur.

815 2312 1005 2381 (Circa
1035 2330 1258 2368 annum
1298 2314 1484 2381 1099.)

465 2399 731 2468 [FLonsz,
764 2400 978 2471 Esparia
998 2402 1270 2473 Sagrada,
1294 2407 1334 2457 t.
1368 2402 1559 2467 XLVI,
1594 2421 1650 2475 p.
1684 2405 1831 2475 2/15.]

394 2484 666 2543 Uaemus
696 2488 1028 2561 episcopus,
1063 2506 1578 2547 servusservorum
1610 2492 1732 2561 Dei,
1765 2492 1975 2548 dilecto

323 2572 440 2627 filio
475 2573 704 2643 Pomm,
738 2575 1141 2632 Barbaslrensi
1174 2578 1468 2650 episcopo.

392 2662 863 2719 Miserationibus
894 2665 1122 2719 Domini
1155 2665 1512 2738 multiplices
1542 2666 1825 2723 debemus
1850 2684 1976 2738 gra-

321 2749 537 2805 tiarum
569 2751 828 2807 actiones
857 2754 1012 2824 quod
1046 2754 1264 2809 nostris
1311 2755 1676 2826 temporibus
1720 2755 1976 2813 Ecclesia

323 2843 701 2912 propagatur,
751 2841 1172 2897 Saracenorum
1233 2842 1556 2899 dominatio
1601 2843 1971 2915 diminuitur,

321 2926 600 2999 antiquus
612 2928 1030 3001 episcopalium
1054 2930 1282 2986 sedium
1300 2930 1505 2997 honor,
1538 2936 1848 3003 praestante
1870 2934 1975 2990 Do-

323 3014 504 3085 mino,
539 3020 921 3073 restauratur.
944 3020 1101 3075 Inter
1130 3019 1475 3091 quasllerde
1504 3021 1668 3076 urbis
1699 3022 1975 3093 parochia

321 3104 473 3159 Petri
504 3107 839 3179 Aragonum
873 3107 1025 3180 regis
1056 3108 1253 3165 studio
1285 3109 1493 3181 majori
1527 3111 1654 3182 jam
1709 3127 1779 3166 ex
1812 3116 1974 3183 parte

320 3192 783 3251 Christianorum
828 3199 915 3251 est
965 3196 1191 3252 reddita
1246 3199 1540 3270 potestati,
1573 3200 1729 3256 unde
1777 3204 1834 3255 et
1864 3217 1969 3256 nos

2091 620 2390 677 distractio
2422 622 2812 695 contingebat.
2838 623 3015 680 Porro
3036 623 3245 681 altaria
3278 642 3406 697 quas
3433 642 3540 698 per
3564 643 3621 683 x1
3644 643 3745 682 seu

2090 727 2196 764 xxx
2228 727 2414 766 annos
2436 711 2792 767 monasteria
2822 715 3232 785 possederunt,
3255 714 3411 770 sicut
3434 714 3496 770 in
3523 716 3748 785 synodo

2090 798 2478 854 constitutum
2510 804 2617 868 est,
2651 801 2902 857 immota
2930 802 3015 858 eis
3068 819 3408 875 permanere
3454 803 3752 861 volumus.

2721 908 3104 964 CCLXXXIX.

2092 994 2341 1052 Urbanus
2372 995 2422 1049 II
2444 997 2728 1065 conﬁrmat
2774 1000 3169 1054 monasterium
3226 1000 3638 1056 Blaubeurense
3691 1003 3748 1056 in

2158 1065 2374 1121 diweesi
2402 1066 2822 1135 Constanliensi,
2854 1086 2920 1125 ac
2964 1070 3287 1127 donationes
3336 1086 3525 1127 omnes
3572 1071 3748 1127 eidem

2157 1137 2225 1191 ab
2255 1137 2512 1193 Adelaide
2534 1141 2858 1211 palmisque
2886 1143 3082 1212 factas.

2710 1228 2899 1298 (Anno
2932 1229 3114 1300 1099.)

2132 1315 2567 1385 [ϐορουεωκεε,
2603 1317 2804 1373 bullar.
2838 1319 2988 1374 Rom.
3019 1322 3169 1390 poni.
3207 1320 3422 1375 Called.
3460 1319 3703 1391 [1,105.]

2158 1420 2434 1478 Unsarws
2465 1422 2795 1496 episcopus,
2831 1441 3036 1481 servus
3062 1442 3363 1482 servorum
3387 1426 3510 1495 Dei,
3536 1426 3747 1483 dilecto

2085 1512 2351 1575 Azsuxo,
2387 1512 2723 1567 monasterii
2758 1512 3210 1570 Blaubeurensis
3242 1514 3461 1586 abbati,
3493 1516 3745 1588 ejusque

2086 1599 2527 1655 successoribus
2571 1600 2921 1672 regulariter
2977 1602 3409 1660 substituendis
3440 1603 3499 1659 in
3545 1621 3748 1678 perpe-

2086 1690 2279 1742 tuum.

2157 1776 2319 1831 Sicut
2345 1776 2770 1833 irrationabilia
2800 1779 3177 1851 poscentibus
3210 1781 3407 1854 negari
3440 1782 3619 1838 debet
3647 1799 3741 1839 as-

2085 1882 2315 1932 sensus,
2350 1865 2434 1921 sic
2457 1868 2623 1937 justa
2654 1867 2977 1940 petentium
2993 1870 3144 1926 votis
3174 1870 3428 1943 benigna
3457 1870 3740 1928 debemus

2090 1953 2429 2010 assensione
2459 1972 2826 2012 concurrere.
2855 1958 2935 2013 Ea
2957 1962 3195 2031 propter
3213 1958 3575 2016 charissima
3609 1956 3741 2017 ﬁlias

2088 2047 2298 2098 nostrae
2329 2043 2621 2099 Adelaidis
2662 2045 2972 2101 comitissa:
3019 2046 3310 2102 desiderio
3360 2064 3427 2104 ac
3470 2048 3739 2120 petitioni

2085 2130 2360 2188 duximus
2391 2134 2790 2189 annuendum.
2828 2134 2955 2189 Haec
2988 2133 3267 2190 nimirum
3292 2136 3364 2191 ad
3382 2134 3590 2191 limina
3607 2154 3739 2193 san-

2085 2223 2312 2275 ctorum
2341 2220 2741 2293 apostolorum
2781 2222 3038 2289 veniens,
3085 2227 3143 2279 et
3175 2228 3358 2292 tuam,
3393 2228 3452 2280 et
3504 2225 3637 2294 viri,
3686 2229 3743 2282 et

2085 2313 2141 2364 et
2168 2308 2332 2364 leviri
2364 2311 2454 2364 sui
2486 2310 2855 2366 devotionem
2887 2314 3123 2367 strenue
3138 2311 3460 2384 adimplere
3480 2312 3737 2370 curavit:

2087 2396 2557 2453 Burrhonensem
2592 2415 2845 2470 namque
2877 2398 3309 2467 ecclesiam,cui
3335 2406 3741 2459 nuncaucters

2084 2486 2199 2542 Deo
2229 2491 2332 2542 tua
2382 2486 2714 2543 fraternitas
2746 2488 3035 2559 prasidet,
3091 2490 3275 2544 soceri
3333 2490 3425 2544 sui
3482 2490 3738 2548 studioa

2084 2575 2481 2631 fundamentis
2512 2576 2884 2647 aedificatum,
2934 2577 3260 2632 secundum
3310 2577 3574 2650 ipsorum
3605 2584 3738 2636 vota

2084 2680 2265 2735 supra
2294 2669 2734 2720 sacrosanctum
2764 2665 2825 2721 B.
2860 2665 3009 2721 Petri
3056 2665 3238 2721 altare
3284 2666 3516 2736 obtulit,
3548 2673 3603 2724 et
3634 2686 3737 2742 per

2084 2767 2324 2808 manum
2358 2757 2618 2809 nostram
2651 2753 2709 2808 in
2741 2753 3044 2827 proprium
3067 2755 3225 2811 sedis
3249 2755 3581 2828 apostolica
3597 2757 3736 2818 allo-

2083 2840 2246 2898 dium
2278 2842 2597 2916 delegavit:
2622 2859 2801 2915 quam
2818 2843 3085 2900 videlicet
3109 2843 3463 2901 oblationem
3487 2846 3732 2919 scripto-

2082 2948 2213 2986 rum
2245 2935 2577 2987 nostrorum
2610 2932 2775 3004 petiit
2817 2933 3161 2988 auctoritate
3208 2934 3563 2990 conﬁrmari.
3616 2936 3732 2992 Nos

2081 3020 2263 3092 igitur
2275 3021 2577 3094 praesentis
2607 3021 2819 3077 decreti
2845 3021 3193 3077 auctoritate
3208 3021 3510 3078 sancimus
3532 3028 3598 3080 ut
3612 3029 3731 3080 tam

2082 3109 2357 3180 praefatus
2386 3108 2549 3165 locus
2579 3126 2757 3180 quam
2783 3108 3051 3165 universa
3071 3109 3429 3181 quasibidem
3459 3112 3731 3184 supradi-

2081 3202 2308 3253 ctorum
2341 3198 2623 3253 comitum
2656 3197 2889 3252 Henrici
2907 3201 2965 3253 et
2990 3198 3272 3270 Hugonis,
3298 3215 3400 3255 seu
3422 3200 3729 3271 praenomi-

318 3282 581 3354 ejusdem
597 3283 749 3357 regis
762 3262 1265 3356 postulationibus
1278 3262 1630 3357 annuentes,
1648 3288 1802 3361 apud
1828 3289 1965 3345 Bar-
1998 3262 2041 3331 α
2081 3290 2228 3341 θείω
2257 3285 2875 3342 Adelaidiscomitissaa
2892 3262 3201 3359 largitione
3222 3262 3440 3342 collata
3465 3292 3625 3355 sunt,
3640 3288 3726 3346 vel

317 3370 604 3441 bastrum,
636 3373 792 3444 quod
819 3360 1180 3447 praecipuum
1223 3374 1504 3447 oppidum
1536 3360 1731 3448 appud
1782 3375 1966 3433 Ilerde

316 3459 564 3529 adjacet,
579 3460 968 3534 episcopalem
987 3462 1183 3519 sedem
1209 3479 1447 3520 manere
1476 3464 1965 3522 statuimus.0m-

318 3564 421 3602 nes
451 3549 628 3604 etiam
658 3550 923 3621 ejusdem
954 3550 1392 3608 Barbastrensis
1418 3552 1651 3608 termini
1701 3553 1789 3610 vel
1818 3555 1967 3611 ﬁnes

316 3635 388 3691 ad
421 3635 602 3693 Ilerde
633 3637 928 3694 dioecesim
969 3638 1326 3711 pertinentes
1369 3640 1467 3712 qui
1499 3641 1557 3696 in
1607 3641 1965 3699 Christiano-

315 3742 446 3781 rum
477 3725 699 3781 reducti
734 3731 873 3782 sunt
914 3726 1000 3782 vel
1032 3728 1254 3785 fuerint
1312 3733 1616 3802 potestate,
1677 3734 1792 3785 tute
1835 3734 1965 3787 tuo-

315 3829 564 3886 rumque
621 3831 1029 3871 suceessorum
1081 3816 1451 3889 dispositioni
1494 3818 1810 3891 episcopali
1832 3820 1969 3889 jure

316 3901 621 3973 subjacere
650 3902 1023 3975 praecipimus
1055 3921 1190 3960 cum
1222 3906 1435 3979 oppido
1466 3906 1768 3979 Alquezar.
1804 3906 1966 3970 Quod

315 3994 380 4045 ut
409 3993 723 4063 perpetuus
752 3991 1598 4067 (sic)ﬁrmuminviolatumque
1610 4001 1965 4067 permaneat,

316 4076 733 4149 omnipotentis
767 4079 974 4147 Patris,
1003 4081 1151 4153 Filii,
1183 4087 1242 4139 et
1273 4083 1525 4155 Spiritus
1554 4081 1741 4138 sancti
1764 4086 1968 4139 aucto-

316 4166 485 4222 ritate
517 4166 850 4224 ﬁrmamus.

932 4275 1363 4333 CCLXXXVIII.

319 4362 524 4420 Urbani
576 4365 802 4436 epistola
854 4365 925 4421 ad
970 4367 1365 4438 Ingelrannum
1411 4364 1824 4422 Laudanensem
1852 4369 1966 4438 epi-

383 4450 622 4509 spOpum.
653 4468 721 4476 —
752 4438 1013 4493 Hortatur
1041 4442 1101 4493 ut
1120 4438 1389 4509 fratribus
1417 4442 1478 4492 Β.
1513 4438 1753 4505 Remigii
1791 4439 1970 4495 altare

386 4505 802 4569 Corbiniaeense
830 4511 1107 4565 restituat.

938 4598 1126 4669 (Anno
1158 4596 1341 4667 l099.)

743 4684 977 4756 [MANSI,
1003 4686 1212 4744 Concil.
1245 4684 1357 4748 XX,
1388 4684 1541 4754 678.]

385 4789 663 4846 URBANUS
693 4791 1023 4864 episcopus,
1056 4807 1259 4848 servus
1293 4806 1593 4847 servorum
1621 4790 1745 4859 Dei,
1778 4793 1970 4852 Iacen-

315 4894 525 4946 RANNO,
547 4878 1217 4953 Laudunensiepiscopo,
1234 4879 1482 4936 salutem
1499 4884 1555 4936 et
1585 4882 1963 4954 apostolicam

313 4965 802 5023 benedictionem.

386 5058 613 5122 Quanto
644 5055 994 5112 familiarius
1024 5058 1096 5113 ab
1129 5056 1386 5114 Ecclesia
1400 5058 1661 5116 Romana
1681 5059 1962 5135 diligeris,

313 5147 477 5201 tanto
508 5143 745 5201 cbarius
776 5159 925 5217 quos
956 5145 1085 5217 ipsa
1115 5145 1307 5220 diligit
1355 5147 1543 5205 favore
1594 5150 1879 5206 debueras
1908 5154 1967 5206 et

315 5231 612 5307 amplecti.
643 5231 863 5288 Idcirco
888 5232 959 5287 ab
990 5233 1360 5293 infestatione
1383 5238 1629 5294 fratrum
1675 5237 1830 5294 Beati
1862 5238 1964 5294 Re-

316 5322 481 5397 migii
516 5319 852 5377 fraternitas
884 5323 989 5374 tua
1018 5328 1222 5392 cesset,
1257 5330 1311 5381 et
1334 5325 1514 5382 altare
1546 5326 1701 5397 quod
1739 5325 1795 5381 in
1830 5324 1967 5381 villa

315 5427 444 5484 quae
487 5409 868 5466 Corbiniacus
921 5407 1133 5466 dicitur
1185 5413 1361 5470 iidem
1420 5415 1630 5470 fratres
1685 5413 1966 5471 habuisse

315 5503 659 5575 noscuntur,
693 5496 778 5553 eis
811 5496 1102 5555 restituas.
1134 5502 1356 5559 Etenim
1392 5518 1673 5575 personas
1721 5502 1962 5558 removi-

316 5605 472 5657 mus,
505 5606 618 5644 non
654 5591 849 5643 tamen
873 5585 1123 5659 antiqum
1144 5590 1646 5663 possessionisjus
1678 5595 1967 5648 monaste-

314 5675 415 5732 riis
442 5675 812 5733 abstulimus.
851 5674 910 5730 ln
944 5673 1044 5730 illa
1065 5679 1354 5751 siquidem
1377 5695 1759 5752 personarum
1775 5683 1964 5737 muta-

2076 3374 2135 3428 in
2169 3374 2432 3429 futurum
2464 3374 2725 3446 ipsorum
2743 3381 2844 3429 aut
2875 3374 3123 3429 aliorum
3143 3373 3403 3430 fidelium
3417 3375 3724 3432 oblationi-

2074 3462 2188 3518 bus
2215 3479 2317 3517 con
2331 3462 2604 3524 ferentur.
2621 3462 2728 3518 sub
2754 3461 3084 3533 apostolicae
3116 3462 3467 3520 sedistutela
3496 3463 3724 3538 integra

2076 3567 2309 3623 semper
2337 3556 2394 3607 et
2424 3550 2650 3606 illibata
2678 3555 3080 3623 permaneant,
3112 3567 3409 3608 servorum
3455 3553 3556 3608 Dei
3606 3553 3725 3609 illic

2076 3640 2413 3711 degentium
2446 3640 2652 3696 usibus
2672 3639 3026 3696 omnimodis
3048 3641 3371 3712 profutura;
3402 3640 3566 3699 salva
3579 3643 3725 3699 Con-

2077 3727 2416 3784 stantiensis
2444 3728 2698 3801 episcopi
2726 3729 3007 3785 canonica
3045 3729 3386 3785 reverentia:
3437 3735 3503 3786 ut
3530 3735 3726 3787 tamen

2076 3832 2146 3872 ex
2175 3816 2378 3871 eodem
2401 3816 2524 3872 loco
2546 3817 2723 3872 unius
2740 3816 3207 3873 bisantiicensus
3237 3834 3470 3874 annuus
3498 3819 3727 3877 Latera-

2078 3904 2241 3959 nensi
2273 3903 2487 3976 palatio
2519 3904 2900 3977 persolvatur.

2148 3992 2525 4049 Decernimus
2546 4010 2682 4066 ergo
2714 3998 2779 4049 ut
2796 3992 2941 4049 nulli
2975 3995 3214 4051 omnino
3238 3994 3543 4052 hominum
3560 3996 3734 4054 liceat

2078 4080 2229 4137 idem
2261 4079 2589 4137 coenobium
2608 4085 2824 4138 temere
2840 4083 3201 4153 perturbare,
3223 4088 3325 4139 aut
3339 4084 3468 4155 ejus
3498 4101 3730 4157 posses-

2078 4170 2273 4227 siones
2302 4170 2549 4236 auferre,
2583 4170 2864 4237 minuere,
2899 4171 2986 4228 vel
3018 4171 3132 4244 piis
3151 4173 3224 4227 de
3255 4172 3592 4229 causissuis
3612 4173 3729 4230 usi-

2077 4258 2189 4314 bus
2218 4257 2527 4331 applicare.
2547 4258 2809 4315 Obeunte
2823 4263 2877 4315 te
2910 4277 3065 4316 nunc
3089 4259 3200 4317 loci
3233 4261 3464 4329 abbate,
3489 4260 3580 4317 vel
3602 4266 3728 4318 tuo-

2076 4364 2208 4403 rum
2240 4347 2499 4421 quolibet
2526 4364 2954 4418 successorum,
2977 4347 3176 4404 nullus
3192 4348 3273 4405 ibi
3305 4348 3567 4422 qualibet
3588 4352 3728 4407 sub-

2076 4436 2338 4509 reptione
2366 4436 2455 4492 vel
2486 4436 2763 4492 violentia
2794 4441 3187 4510 praeponatur,
3234 4437 3347 4494 nisi
3397 4454 3575 4510 quem
3609 4438 3728 4494 fra-

2073 4530 2192 4581 tres
2222 4523 2521 4581 communi
2552 4541 2865 4594 consensu,
2896 4525 2983 4581 vel
3015 4526 3261 4581 fratrum
3311 4542 3450 4599 pars
3496 4526 3729 4583 consilii

1992 4628 2042 4693 D
2072 4614 2341 4684 sanioris,
2375 4614 2697 4671 secundum
2752 4614 2849 4670 Dei
2907 4614 3174 4671 timorem
3231 4622 3289 4670 et
3316 4619 3380 4670 Β.
3432 4615 3731 4672 Benedicti

2074 4702 2336 4777 regulam
2368 4701 2664 4776 elegerint.
2696 4703 2753 4758 Si
2785 4702 2921 4775 quis
2947 4701 3127 4776 igitur
3148 4703 3730 4773 sacerdotutn,cleri-

2077 4808 2301 4861 eorum,
2323 4791 2558 4859 ducum,
2573 4792 2855 4847 comitum
2886 4793 2969 4864 etj
2980 4792 3241 4860 udicum,
3257 4792 3346 4848 vel
3360 4791 3731 4849 saecularium

2075 4897 2480 4955 personarum,
2512 4879 2661 4936 hanc
2694 4883 2906 4937 nostra:
2962 4880 3405 4937 constitutionis
3453 4880 3733 4954 paginam

2074 4986 2420 5043 agnoscens,
2447 4974 2650 5025 contra
2678 4985 2808 5025 eam
2840 4968 3038 5026 venire
3088 4969 3417 5037 tentaverit,
3470 4969 3733 5025 secundo

2071 5057 2313 5115 tertiove
2343 5059 2761 5127 commonitus,
2791 5058 2841 5114 si
2873 5075 2986 5114 non
3020 5057 3421 5114 satisfactione
3469 5073 3734 5132 congrua

2073 5146 2488 5215 emendaverit,
2519 5147 2823 5219 potestatis
2843 5146 3202 5219 honorisque
3215 5146 3503 5220 dignitate
3515 5150 3730 5216 careat,

2073 5252 2355 5307 reumque
2382 5252 2445 5291 se
2490 5236 2671 5292 divini
2720 5236 2935 5307 judieii
2993 5236 3244 5292 existere
3272 5237 3344 5293 de
3394 5237 3730 5309 perpetrata

2073 5324 2381 5395 iniquitate
2412 5331 2744 5397 cognoscat,
2779 5330 2837 5380 et
2880 5342 2914 5381 a
2945 5324 3342 5381 sacratissimo
3395 5339 3635 5396 corpore
3663 5338 3729 5378 ac

2075 5412 2362 5485 sanguine
2393 5412 2489 5467 Dei
2527 5415 2586 5468 et
2632 5412 2865 5468 Domini
2912 5412 3319 5487 Redemptoris
3364 5411 3552 5468 nostri
3589 5410 3728 5468 Jesu

2075 5501 2292 5557 Christi
2322 5498 2547 5555 alienus
2578 5500 2697 5568 ﬁat,
2728 5504 2903 5573 atque
2933 5502 2992 5556 in
3022 5505 3282 5557 extremo
3309 5499 3583 5558 examine
3636 5498 3730 5555 di-

2075 5588 2290 5646 stricta:
2324 5584 2528 5642 ultioni
2560 5588 2880 5660 subjaceat.
2900 5588 3139 5645 Cunctis
3166 5593 3362 5645 autem
3388 5588 3579 5644 eidem
3604 5586 3730 5643 loco

2070 5678 2237 5749 justa
2273 5675 2636 5734 servantibus
2666 5678 2743 5735 sit
2765 5694 2875 5750 pax
2886 5676 3114 5734 Domini
3130 5676 3315 5733 nostri
3331 5677 3470 5733 Jesu
3491 5676 3728 5747 Christi,
