  <div class='ocr_page' id='page_1' title='image "/cluster/home/n/w/nwhite01/storage/ocr_20150623/151/uva.x000829795/294.png"; bbox 0 0 3928 6208; ppageno 0'>
   <div class='ocr_carea' id='block_1_1' title="bbox 170 423 390 486">
    <p class='ocr_par' dir='ltr' id='par_1_1' title="bbox 170 423 390 486">
     <span class='ocr_line' id='line_1_1' title="bbox 170 423 390 486; baseline -0.014 0"><span class='ocrx_word' id='word_1_1' title='bbox 170 423 390 486; x_wconf 61' lang='grc' dir='ltr'><strong>δέ541</strong></span> 
     </span>
    </p>
   </div>
   <div class='ocr_carea' id='block_1_2' title="bbox 1456 419 2516 490">
    <p class='ocr_par' dir='ltr' id='par_1_2' title="bbox 1456 419 2516 490">
     <span class='ocr_line' id='line_1_2' title="bbox 1456 419 2516 490; baseline 0.002 -3"><span class='ocrx_word' id='word_1_2' title='bbox 1456 420 1862 487; x_wconf 67' lang='lat' dir='ltr'><strong>EPISTOLJE</strong></span> <span class='ocrx_word' id='word_1_3' title='bbox 1904 419 2005 484; x_wconf 86' lang='lat' dir='ltr'><strong>ET</strong></span> <span class='ocrx_word' id='word_1_4' title='bbox 2044 419 2516 490; x_wconf 79' lang='lat' dir='ltr'><strong>PRIVILEGIA.</strong></span> 
     </span>
    </p>
   </div>
   <div class='ocr_carea' id='block_1_3' title="bbox 3564 432 3681 494">
    <p class='ocr_par' dir='ltr' id='par_1_3' title="bbox 3564 432 3681 494">
     <span class='ocr_line' id='line_1_3' title="bbox 3564 432 3681 494; baseline 0.009 -2"><span class='ocrx_word' id='word_1_5' title='bbox 3564 432 3681 494; x_wconf 62' lang='lat'><strong>553</strong></span> 
     </span>
    </p>
   </div>
   <div class='ocr_carea' id='block_1_4' title="bbox 278 554 3683 635">
    <p class='ocr_par' dir='ltr' id='par_1_4' title="bbox 278 554 3683 635">
     <span class='ocr_line' id='line_1_4' title="bbox 278 554 3683 635; baseline 0.002 -21"><span class='ocrx_word' id='word_1_6' title='bbox 278 561 571 630; x_wconf 77' lang='lat' dir='ltr'><strong>quatenus</strong></span> <span class='ocrx_word' id='word_1_7' title='bbox 597 561 657 615; x_wconf 90' lang='lat' dir='ltr'><strong>et</strong></span> <span class='ocrx_word' id='word_1_8' title='bbox 687 557 780 615; x_wconf 93' lang='lat' dir='ltr'><strong>hic</strong></span> <span class='ocrx_word' id='word_1_9' title='bbox 824 557 1077 615; x_wconf 83' lang='lat' dir='ltr'><strong>fructum</strong></span> <span class='ocrx_word' id='word_1_10' title='bbox 1122 558 1285 615; x_wconf 77' lang='lat' dir='ltr'><strong>bonae</strong></span> <span class='ocrx_word' id='word_1_11' title='bbox 1329 558 1576 615; x_wconf 79' lang='lat' dir='ltr'><strong>actionis</strong></span> <span class='ocrx_word' id='word_1_12' title='bbox 1606 557 1931 632; x_wconf 87' lang='lat' dir='ltr'><strong>percipiant</strong></span> <span class='ocrx_word' id='word_1_13' title='bbox 1956 554 2014 623; x_wconf 76' lang='grc' dir='ltr'>Α</span> <span class='ocrx_word' id='word_1_14' title='bbox 2042 573 2351 629; x_wconf 89' lang='lat' dir='ltr'><strong>consensu,</strong></span> <span class='ocrx_word' id='word_1_15' title='bbox 2376 559 2463 616; x_wconf 88' lang='lat' dir='ltr'><strong>vel</strong></span> <span class='ocrx_word' id='word_1_16' title='bbox 2494 561 2740 618; x_wconf 83' lang='lat' dir='ltr'><strong>fratrum</strong></span> <span class='ocrx_word' id='word_1_17' title='bbox 2772 577 2906 635; x_wconf 88' lang='lat' dir='ltr'><strong>pars</strong></span> <span class='ocrx_word' id='word_1_18' title='bbox 2937 554 3188 621; x_wconf 86' lang='lat' dir='ltr'><strong>sanioris</strong></span> <span class='ocrx_word' id='word_1_19' title='bbox 3214 564 3443 622; x_wconf 82' lang='lat' dir='ltr'><strong>consilii</strong></span> <span class='ocrx_word' id='word_1_20' title='bbox 3474 581 3683 624; x_wconf 89' lang='lat' dir='ltr'><strong>secun-</strong></span> 
     </span>
    </p>
   </div>
   <div class='ocr_carea' id='block_1_5' title="bbox 277 647 1930 721">
    <p class='ocr_par' dir='ltr' id='par_1_5' title="bbox 277 647 1930 721">
     <span class='ocr_line' id='line_1_5' title="bbox 277 647 1930 721; baseline -0.001 -18"><span class='ocrx_word' id='word_1_21' title='bbox 277 652 333 703; x_wconf 91' lang='lat' dir='ltr'><strong>et</strong></span> <span class='ocrx_word' id='word_1_22' title='bbox 359 647 515 720; x_wconf 89' lang='lat' dir='ltr'><strong>apud</strong></span> <span class='ocrx_word' id='word_1_23' title='bbox 560 648 896 704; x_wconf 78' lang='lat' dir='ltr'><strong>districtum</strong></span> <span class='ocrx_word' id='word_1_24' title='bbox 920 649 1182 721; x_wconf 87' lang='lat' dir='ltr'><strong>judicem</strong></span> <span class='ocrx_word' id='word_1_25' title='bbox 1213 649 1452 721; x_wconf 75' lang='lat' dir='ltr'><strong>praemia</strong></span> <span class='ocrx_word' id='word_1_26' title='bbox 1498 652 1723 705; x_wconf 62' lang='lat' dir='ltr'><strong>aeterna:</strong></span> <span class='ocrx_word' id='word_1_27' title='bbox 1769 647 1930 719; x_wconf 82' lang='lat' dir='ltr'><strong>pacis</strong></span> 
     </span>
    </p>
   </div>
   <div class='ocr_carea' id='block_1_6' title="bbox 238 736 599 793">
    <p class='ocr_par' dir='ltr' id='par_1_6' title="bbox 238 736 599 793">
     <span class='ocr_line' id='line_1_6' title="bbox 238 736 599 793; baseline 0 -1"><span class='ocrx_word' id='word_1_28' title='bbox 238 770 243 777; x_wconf 59' lang='grc' dir='ltr'><strong>ν</strong></span> <span class='ocrx_word' id='word_1_29' title='bbox 279 736 599 793; x_wconf 83' lang='lat' dir='ltr'><strong>inveniant.</strong></span> 
     </span>
    </p>
   </div>
   <div class='ocr_carea' id='block_1_7' title="bbox 344 826 1933 900">
    <p class='ocr_par' dir='ltr' id='par_1_7' title="bbox 344 826 1933 900">
     <span class='ocr_line' id='line_1_7' title="bbox 344 826 1933 900; baseline -0.001 -18"><span class='ocrx_word' id='word_1_30' title='bbox 344 826 564 883; x_wconf 90' lang='lat' dir='ltr'><strong>Datum</strong></span> <span class='ocrx_word' id='word_1_31' title='bbox 597 827 866 883; x_wconf 79' lang='lat' dir='ltr'><strong>Laterani</strong></span> <span class='ocrx_word' id='word_1_32' title='bbox 890 844 992 900; x_wconf 92' lang='lat' dir='ltr'><strong>per</strong></span> <span class='ocrx_word' id='word_1_33' title='bbox 1017 844 1259 884; x_wconf 87' lang='lat' dir='ltr'><strong>manum</strong></span> <span class='ocrx_word' id='word_1_34' title='bbox 1288 827 1554 896; x_wconf 82' lang='lat' dir='ltr'><strong>Joannis,</strong></span> <span class='ocrx_word' id='word_1_35' title='bbox 1580 832 1794 884; x_wconf 83' lang='lat' dir='ltr'><strong>sanctae</strong></span> <span class='ocrx_word' id='word_1_36' title='bbox 1826 828 1933 882; x_wconf 83' lang='lat' dir='ltr'><strong>Ro-</strong></span> 
     </span>
    </p>
   </div>
   <div class='ocr_carea' id='block_1_8' title="bbox 277 915 1934 983">
    <p class='ocr_par' dir='ltr' id='par_1_8' title="bbox 277 915 1934 983">
     <span class='ocr_line' id='line_1_8' title="bbox 277 915 1934 983; baseline 0.001 -13"><span class='ocrx_word' id='word_1_37' title='bbox 277 932 460 971; x_wconf 72' lang='lat' dir='ltr'><strong>manae</strong></span> <span class='ocrx_word' id='word_1_38' title='bbox 495 915 766 971; x_wconf 63' lang='lat' dir='ltr'><strong>Ecclesia:</strong></span> <span class='ocrx_word' id='word_1_39' title='bbox 797 916 1026 973; x_wconf 91' lang='lat' dir='ltr'><strong>diaconi</strong></span> <span class='ocrx_word' id='word_1_40' title='bbox 1056 916 1392 983; x_wconf 89' lang='lat' dir='ltr'><strong>cardinalis,</strong></span> <span class='ocrx_word' id='word_1_41' title='bbox 1413 934 1511 975; x_wconf 80' lang='lat' dir='ltr'><strong>vni</strong></span> <span class='ocrx_word' id='word_1_42' title='bbox 1534 916 1656 973; x_wconf 84' lang='lat' dir='ltr'><strong>Kal.</strong></span> <span class='ocrx_word' id='word_1_43' title='bbox 1683 918 1934 972; x_wconf 88' lang='lat' dir='ltr'><strong>Februa-</strong></span> 
     </span>
    </p>
   </div>
   <div class='ocr_carea' id='block_1_9' title="bbox 278 1003 1935 1078">
    <p class='ocr_par' dir='ltr' id='par_1_9' title="bbox 278 1003 1935 1078">
     <span class='ocr_line' id='line_1_9' title="bbox 278 1003 1935 1078; baseline 0.001 -19"><span class='ocrx_word' id='word_1_44' title='bbox 278 1004 368 1077; x_wconf 85' lang='lat' dir='ltr'><strong>rii,</strong></span> <span class='ocrx_word' id='word_1_45' title='bbox 400 1003 609 1060; x_wconf 90' lang='lat' dir='ltr'><strong>indict.</strong></span> <span class='ocrx_word' id='word_1_46' title='bbox 645 1006 915 1078; x_wconf 90' lang='lat' dir='ltr'><strong>septima,</strong></span> <span class='ocrx_word' id='word_1_47' title='bbox 950 1024 1103 1062; x_wconf 91' lang='lat' dir='ltr'><strong>anno</strong></span> <span class='ocrx_word' id='word_1_48' title='bbox 1146 1006 1462 1063; x_wconf 69' lang='lat' dir='ltr'><strong>Dominica:</strong></span> <span class='ocrx_word' id='word_1_49' title='bbox 1512 1004 1935 1062; x_wconf 90' lang='lat' dir='ltr'><strong>Incarnationis</strong></span> 
     </span>
    </p>
   </div>
   <div class='ocr_carea' id='block_1_10' title="bbox 279 1093 1934 1167">
    <p class='ocr_par' dir='ltr' id='par_1_10' title="bbox 279 1093 1934 1167">
     <span class='ocr_line' id='line_1_10' title="bbox 279 1093 1934 1167; baseline 0.001 -18"><span class='ocrx_word' id='word_1_50' title='bbox 279 1093 435 1162; x_wconf 86' lang='lat'>1099,</span> <span class='ocrx_word' id='word_1_51' title='bbox 468 1093 851 1165; x_wconf 80' lang='lat' dir='ltr'><strong>pontificatus</strong></span> <span class='ocrx_word' id='word_1_52' title='bbox 882 1100 1076 1152; x_wconf 88' lang='lat' dir='ltr'><strong>autem</strong></span> <span class='ocrx_word' id='word_1_53' title='bbox 1107 1096 1306 1152; x_wconf 91' lang='lat' dir='ltr'><strong>domni</strong></span> <span class='ocrx_word' id='word_1_54' title='bbox 1332 1096 1544 1152; x_wconf 82' lang='lat' dir='ltr'><strong>Urbani</strong></span> <span class='ocrx_word' id='word_1_55' title='bbox 1567 1094 1807 1152; x_wconf 88' lang='lat' dir='ltr'><strong>secundi</strong></span> <span class='ocrx_word' id='word_1_56' title='bbox 1834 1112 1934 1167; x_wconf 86' lang='lat' dir='ltr'><strong>pa-</strong></span> 
     </span>
    </p>
   </div>
   <div class='ocr_carea' id='block_1_11' title="bbox 277 1182 921 1254">
    <p class='ocr_par' dir='ltr' id='par_1_11' title="bbox 277 1182 921 1254">
     <span class='ocr_line' id='line_1_11' title="bbox 277 1182 921 1254; baseline 0.002 -15"><span class='ocrx_word' id='word_1_57' title='bbox 277 1198 359 1254; x_wconf 66' lang='lat' dir='ltr'><strong>pae</strong></span> <span class='ocrx_word' id='word_1_58' title='bbox 392 1182 714 1238; x_wconf 89' lang='lat' dir='ltr'><strong>undecimo</strong></span> <span class='ocrx_word' id='word_1_59' title='bbox 747 1201 921 1240; x_wconf 89' lang='lat' dir='ltr'><strong>anno.</strong></span> 
     </span>
    </p>
   </div>
   <div class='ocr_carea' id='block_1_12' title="bbox 1011 1275 1209 1331">
    <p class='ocr_par' dir='ltr' id='par_1_12' title="bbox 1011 1275 1209 1331">
     <span class='ocr_line' id='line_1_12' title="bbox 1011 1275 1209 1331; baseline 0 -1"><span class='ocrx_word' id='word_1_60' title='bbox 1011 1275 1209 1331; x_wconf 86' lang='lat' dir='ltr'>CCXC.</span> 
     </span>
    </p>
   </div>
   <div class='ocr_carea' id='block_1_13' title="bbox 279 1360 1939 1435">
    <p class='ocr_par' dir='ltr' id='par_1_13' title="bbox 279 1360 1939 1435">
     <span class='ocr_line' id='line_1_13' title="bbox 279 1360 1939 1435; baseline -0.001 -18"><span class='ocrx_word' id='word_1_61' title='bbox 279 1360 488 1417; x_wconf 78' lang='lat' dir='ltr'><strong>Urbani</strong></span> <span class='ocrx_word' id='word_1_62' title='bbox 516 1363 571 1417; x_wconf 89' lang='lat' dir='ltr'><strong>II</strong></span> <span class='ocrx_word' id='word_1_63' title='bbox 592 1377 760 1435; x_wconf 68' lang='lat' dir='ltr'><strong>papa:</strong></span> <span class='ocrx_word' id='word_1_64' title='bbox 805 1363 976 1427; x_wconf 80' lang='lat' dir='ltr'><strong>bulla,</strong></span> <span class='ocrx_word' id='word_1_65' title='bbox 1009 1381 1117 1435; x_wconf 85' lang='lat' dir='ltr'><strong>qua</strong></span> <span class='ocrx_word' id='word_1_66' title='bbox 1160 1368 1555 1419; x_wconf 79' lang='lat' dir='ltr'><strong>monasterium</strong></span> <span class='ocrx_word' id='word_1_67' title='bbox 1583 1365 1639 1417; x_wconf 88' lang='lat' dir='ltr'><strong>S.</strong></span> <span class='ocrx_word' id='word_1_68' title='bbox 1676 1363 1850 1417; x_wconf 82' lang='lat' dir='ltr'><strong>Blasii</strong></span> <span class='ocrx_word' id='word_1_69' title='bbox 1878 1362 1939 1416; x_wconf 87' lang='lat' dir='ltr'><strong>in</strong></span> 
     </span>
    </p>
   </div>
   <div class='ocr_carea' id='block_1_14' title="bbox 528 1433 1686 1508">
    <p class='ocr_par' dir='ltr' id='par_1_14' title="bbox 528 1433 1686 1508">
     <span class='ocr_line' id='line_1_14' title="bbox 528 1433 1686 1508; baseline 0.001 -20"><span class='ocrx_word' id='word_1_70' title='bbox 528 1433 676 1488; x_wconf 73' lang='lat' dir='ltr'><strong>sedis</strong></span> <span class='ocrx_word' id='word_1_71' title='bbox 704 1433 1433 1506; x_wconf 41' lang='lat' dir='ltr'><strong>apostolica“protectionem</strong></span> <span class='ocrx_word' id='word_1_72' title='bbox 1473 1437 1686 1508; x_wconf 76' lang='lat' dir='ltr'><strong>recipit.</strong></span> 
     </span>
    </p>
   </div>
   <div class='ocr_carea' id='block_1_15' title="bbox 916 1524 1315 1595">
    <p class='ocr_par' dir='ltr' id='par_1_15' title="bbox 916 1524 1315 1595">
     <span class='ocr_line' id='line_1_15' title="bbox 916 1524 1315 1595; baseline 0.008 -17"><span class='ocrx_word' id='word_1_73' title='bbox 916 1524 1097 1593; x_wconf 82' lang='lat' dir='ltr'><strong>(Anno</strong></span> <span class='ocrx_word' id='word_1_74' title='bbox 1132 1524 1315 1595; x_wconf 89' lang='lat'>1099.)</span> 
     </span>
    </p>
   </div>
   <div class='ocr_carea' id='block_1_16' title="bbox 453 1610 1761 1684">
    <p class='ocr_par' dir='ltr' id='par_1_16' title="bbox 453 1610 1761 1684">
     <span class='ocr_line' id='line_1_16' title="bbox 453 1610 1761 1684; baseline 0.003 -20"><span class='ocrx_word' id='word_1_75' title='bbox 453 1610 545 1681; x_wconf 93' lang='lat' dir='ltr'><strong>[D.</strong></span> <span class='ocrx_word' id='word_1_76' title='bbox 587 1610 878 1680; x_wconf 73' lang='lat' dir='ltr'><strong>Genesar,</strong></span> <span class='ocrx_word' id='word_1_77' title='bbox 913 1614 1048 1668; x_wconf 76' lang='grc' dir='ltr'><strong>Ηίδι.</strong></span> <span class='ocrx_word' id='word_1_78' title='bbox 1084 1616 1267 1684; x_wconf 54' lang='lat' dir='ltr'><strong>Nigra</strong></span> <span class='ocrx_word' id='word_1_79' title='bbox 1299 1614 1481 1681; x_wconf 72' lang='lat' dir='ltr'><strong>Silvae,</strong></span> <span class='ocrx_word' id='word_1_80' title='bbox 1520 1615 1614 1682; x_wconf 86' lang='lat' dir='ltr'><strong>Ill,</strong></span> <span class='ocrx_word' id='word_1_81' title='bbox 1648 1614 1761 1683; x_wconf 84' lang='lat'><strong>36.]</strong></span> 
     </span>
    </p>
   </div>
   <div class='ocr_carea' id='block_1_17' title="bbox 342 1716 1946 1791">
    <p class='ocr_par' dir='ltr' id='par_1_17' title="bbox 342 1716 1946 1791">
     <span class='ocr_line' id='line_1_17' title="bbox 342 1716 1946 1791; baseline 0.001 -20"><span class='ocrx_word' id='word_1_82' title='bbox 342 1716 636 1773; x_wconf 78' lang='lat' dir='ltr'><strong>UBBANUS</strong></span> <span class='ocrx_word' id='word_1_83' title='bbox 661 1717 996 1791; x_wconf 88' lang='lat' dir='ltr'><strong>episcopus,</strong></span> <span class='ocrx_word' id='word_1_84' title='bbox 1015 1737 1216 1776; x_wconf 88' lang='lat' dir='ltr'><strong>servus</strong></span> <span class='ocrx_word' id='word_1_85' title='bbox 1244 1737 1546 1778; x_wconf 91' lang='lat' dir='ltr'><strong>servorum</strong></span> <span class='ocrx_word' id='word_1_86' title='bbox 1568 1720 1689 1786; x_wconf 86' lang='lat' dir='ltr'><strong>Dei,</strong></span> <span class='ocrx_word' id='word_1_87' title='bbox 1713 1735 1946 1774; x_wconf 90' lang='lat' dir='ltr'><strong>venera.</strong></span> 
     </span>
    </p>
   </div>
   <div class='ocr_carea' id='block_1_18' title="bbox 273 1804 1941 1880">
    <p class='ocr_par' dir='ltr' id='par_1_18' title="bbox 273 1804 1941 1880">
     <span class='ocr_line' id='line_1_18' title="bbox 273 1804 1941 1880; baseline 0 -19"><span class='ocrx_word' id='word_1_88' title='bbox 273 1804 378 1861; x_wconf 86' lang='lat' dir='ltr'>bili</span> <span class='ocrx_word' id='word_1_89' title='bbox 429 1805 555 1862; x_wconf 83' lang='lat' dir='ltr'><strong>ﬁlio</strong></span> <span class='ocrx_word' id='word_1_90' title='bbox 610 1807 832 1863; x_wconf 84' lang='lat' dir='ltr'><strong>HUTONI</strong></span> <span class='ocrx_word' id='word_1_91' title='bbox 865 1810 998 1880; x_wconf 86' lang='lat'>(55),</span> <span class='ocrx_word' id='word_1_92' title='bbox 1032 1810 1226 1865; x_wconf 80' lang='lat' dir='ltr'><strong>abbati</strong></span> <span class='ocrx_word' id='word_1_93' title='bbox 1274 1808 1611 1865; x_wconf 79' lang='lat' dir='ltr'><strong>monasterii</strong></span> <span class='ocrx_word' id='word_1_94' title='bbox 1647 1809 1703 1864; x_wconf 91' lang='lat' dir='ltr'><strong>S.</strong></span> <span class='ocrx_word' id='word_1_95' title='bbox 1741 1807 1941 1870; x_wconf 88' lang='lat' dir='ltr'><strong>Blasii,</strong></span> 
     </span>
    </p>
   </div>
   <div class='ocr_carea' id='block_1_19' title="bbox 2040 648 3681 729">
    <p class='ocr_par' dir='ltr' id='par_1_19' title="bbox 2040 648 3681 729">
     <span class='ocr_line' id='line_1_19' title="bbox 2040 648 3681 729; baseline 0.005 -26"><span class='ocrx_word' id='word_1_96' title='bbox 2040 648 2180 703; x_wconf 90' lang='lat' dir='ltr'><strong>dum</strong></span> <span class='ocrx_word' id='word_1_97' title='bbox 2205 650 2304 705; x_wconf 87' lang='lat' dir='ltr'><strong>Dei</strong></span> <span class='ocrx_word' id='word_1_98' title='bbox 2327 650 2597 707; x_wconf 82' lang='lat' dir='ltr'><strong>timorem</strong></span> <span class='ocrx_word' id='word_1_99' title='bbox 2621 653 2757 708; x_wconf 91' lang='lat' dir='ltr'><strong>etB.</strong></span> <span class='ocrx_word' id='word_1_100' title='bbox 2784 653 3075 709; x_wconf 85' lang='lat' dir='ltr'><strong>Benedicti</strong></span> <span class='ocrx_word' id='word_1_101' title='bbox 3103 655 3362 727; x_wconf 90' lang='lat' dir='ltr'><strong>regulam</strong></span> <span class='ocrx_word' id='word_1_102' title='bbox 3383 656 3681 729; x_wconf 80' lang='lat' dir='ltr'>elegerint.</span> 
     </span>
    </p>
   </div>
   <div class='ocr_carea' id='block_1_20' title="bbox 2039 737 3687 815">
    <p class='ocr_par' dir='ltr' id='par_1_20' title="bbox 2039 737 3687 815">
     <span class='ocr_line' id='line_1_20' title="bbox 2039 737 3687 815; baseline 0.005 -23"><span class='ocrx_word' id='word_1_103' title='bbox 2039 737 2097 792; x_wconf 92' lang='lat' dir='ltr'><strong>Si</strong></span> <span class='ocrx_word' id='word_1_104' title='bbox 2121 755 2239 810; x_wconf 89' lang='lat' dir='ltr'><strong>qua</strong></span> <span class='ocrx_word' id='word_1_105' title='bbox 2261 739 2441 811; x_wconf 80' lang='lat' dir='ltr'><strong>igitur</strong></span> <span class='ocrx_word' id='word_1_106' title='bbox 2463 740 2859 798; x_wconf 89' lang='lat' dir='ltr'><strong>ecclesiastica</strong></span> <span class='ocrx_word' id='word_1_107' title='bbox 2879 742 3243 799; x_wconf 75' lang='lat' dir='ltr'><strong>saecularisve</strong></span> <span class='ocrx_word' id='word_1_108' title='bbox 3267 761 3514 815; x_wconf 84' lang='lat' dir='ltr'><strong>persona</strong></span> <span class='ocrx_word' id='word_1_109' title='bbox 3535 745 3687 800; x_wconf 91' lang='lat' dir='ltr'><strong>hanc</strong></span> 
     </span>
    </p>
   </div>
   <div class='ocr_carea' id='block_1_21' title="bbox 2042 830 3686 905">
    <p class='ocr_par' dir='ltr' id='par_1_21' title="bbox 2042 830 3686 905">
     <span class='ocr_line' id='line_1_21' title="bbox 2042 830 3686 905; baseline 0.005 -24"><span class='ocrx_word' id='word_1_110' title='bbox 2042 832 2251 882; x_wconf 66' lang='lat' dir='ltr'><strong>nostrae</strong></span> <span class='ocrx_word' id='word_1_111' title='bbox 2284 830 2721 887; x_wconf 89' lang='lat' dir='ltr'><strong>constitutionis</strong></span> <span class='ocrx_word' id='word_1_112' title='bbox 2761 833 3035 905; x_wconf 83' lang='lat' dir='ltr'><strong>paginam</strong></span> <span class='ocrx_word' id='word_1_113' title='bbox 3074 833 3285 899; x_wconf 87' lang='lat' dir='ltr'><strong>sciens,</strong></span> <span class='ocrx_word' id='word_1_114' title='bbox 3318 836 3521 889; x_wconf 90' lang='lat' dir='ltr'><strong>contra</strong></span> <span class='ocrx_word' id='word_1_115' title='bbox 3556 850 3686 889; x_wconf 91' lang='lat' dir='ltr'><strong>eam</strong></span> 
     </span>
    </p>
   </div>
   <div class='ocr_carea' id='block_1_22' title="bbox 2041 917 3687 990">
    <p class='ocr_par' dir='ltr' id='par_1_22' title="bbox 2041 917 3687 990">
     <span class='ocr_line' id='line_1_22' title="bbox 2041 917 3687 990; baseline 0.003 -20"><span class='ocrx_word' id='word_1_116' title='bbox 2041 917 2237 972; x_wconf 90' lang='lat' dir='ltr'><strong>venire</strong></span> <span class='ocrx_word' id='word_1_117' title='bbox 2269 918 2655 985; x_wconf 87' lang='lat' dir='ltr'><strong>attentaverit,</strong></span> <span class='ocrx_word' id='word_1_118' title='bbox 2685 922 2940 976; x_wconf 90' lang='lat' dir='ltr'><strong>secundo</strong></span> <span class='ocrx_word' id='word_1_119' title='bbox 2970 921 3209 976; x_wconf 83' lang='lat' dir='ltr'><strong>tertiove</strong></span> <span class='ocrx_word' id='word_1_120' title='bbox 3238 923 3614 990; x_wconf 86' lang='lat' dir='ltr'><strong>commonita,</strong></span> <span class='ocrx_word' id='word_1_121' title='bbox 3637 922 3687 978; x_wconf 88' lang='lat' dir='ltr'><strong>si</strong></span> 
     </span>
    </p>
   </div>
   <div class='ocr_carea' id='block_1_23' title="bbox 2043 1005 3691 1083">
    <p class='ocr_par' dir='ltr' id='par_1_23' title="bbox 2043 1005 3691 1083">
     <span class='ocr_line' id='line_1_23' title="bbox 2043 1005 3691 1083; baseline 0.005 -25"><span class='ocrx_word' id='word_1_122' title='bbox 2043 1020 2158 1059; x_wconf 93' lang='lat' dir='ltr'><strong>non</strong></span> <span class='ocrx_word' id='word_1_123' title='bbox 2198 1005 2593 1062; x_wconf 79' lang='lat' dir='ltr'><strong>satisfactione</strong></span> <span class='ocrx_word' id='word_1_124' title='bbox 2642 1024 2898 1080; x_wconf 88' lang='lat' dir='ltr'><strong>congrua</strong></span> <span class='ocrx_word' id='word_1_125' title='bbox 2938 1011 3352 1077; x_wconf 85' lang='lat' dir='ltr'><strong>emendaverit,</strong></span> <span class='ocrx_word' id='word_1_126' title='bbox 3386 1010 3691 1083; x_wconf 85' lang='lat' dir='ltr'><strong>potestatis</strong></span> 
     </span>
    </p>
   </div>
   <div class='ocr_carea' id='block_1_24' title="bbox 2042 1092 3689 1171">
    <p class='ocr_par' dir='ltr' id='par_1_24' title="bbox 2042 1092 3689 1171">
     <span class='ocr_line' id='line_1_24' title="bbox 2042 1092 3689 1171; baseline 0.004 -22"><span class='ocrx_word' id='word_1_127' title='bbox 2042 1092 2395 1165; x_wconf 89' lang='lat' dir='ltr'><strong>honorisque</strong></span> <span class='ocrx_word' id='word_1_128' title='bbox 2426 1094 2518 1150; x_wconf 91' lang='lat' dir='ltr'><strong>sui</strong></span> <span class='ocrx_word' id='word_1_129' title='bbox 2540 1095 2823 1168; x_wconf 81' lang='lat' dir='ltr'><strong>dignitate</strong></span> <span class='ocrx_word' id='word_1_130' title='bbox 2853 1103 3064 1167; x_wconf 88' lang='lat' dir='ltr'><strong>careat,</strong></span> <span class='ocrx_word' id='word_1_131' title='bbox 3098 1116 3376 1171; x_wconf 89' lang='lat' dir='ltr'><strong>reamque</strong></span> <span class='ocrx_word' id='word_1_132' title='bbox 3406 1115 3467 1155; x_wconf 92' lang='lat' dir='ltr'><strong>se</strong></span> <span class='ocrx_word' id='word_1_133' title='bbox 3495 1099 3689 1155; x_wconf 91' lang='lat' dir='ltr'><strong>divino</strong></span> 
     </span>
    </p>
   </div>
   <div class='ocr_carea' id='block_1_25' title="bbox 2035 1182 3691 1259">
    <p class='ocr_par' dir='ltr' id='par_1_25' title="bbox 2035 1182 3691 1259">
     <span class='ocr_line' id='line_1_25' title="bbox 2035 1182 3691 1259; baseline 0.004 -22"><span class='ocrx_word' id='word_1_134' title='bbox 2035 1182 2262 1254; x_wconf 88' lang='lat' dir='ltr'><strong>judicio</strong></span> <span class='ocrx_word' id='word_1_135' title='bbox 2295 1184 2364 1238; x_wconf 89' lang='lat' dir='ltr'><strong>de</strong></span> <span class='ocrx_word' id='word_1_136' title='bbox 2396 1189 2725 1257; x_wconf 89' lang='lat' dir='ltr'><strong>perpetrata</strong></span> <span class='ocrx_word' id='word_1_137' title='bbox 2754 1186 3063 1258; x_wconf 87' lang='lat' dir='ltr'><strong>iniquitate</strong></span> <span class='ocrx_word' id='word_1_138' title='bbox 3093 1192 3425 1259; x_wconf 81' lang='lat' dir='ltr'><strong>cognoscat,</strong></span> <span class='ocrx_word' id='word_1_139' title='bbox 3449 1192 3505 1243; x_wconf 90' lang='lat' dir='ltr'><strong>et</strong></span> <span class='ocrx_word' id='word_1_140' title='bbox 3535 1206 3569 1244; x_wconf 88' lang='lat' dir='ltr'><strong>a</strong></span> <span class='ocrx_word' id='word_1_141' title='bbox 3598 1206 3691 1244; x_wconf 89' lang='lat' dir='ltr'><strong>sa-</strong></span> 
     </span>
    </p>
   </div>
   <div class='ocr_carea' id='block_1_26' title="bbox 2045 1271 3690 1347">
    <p class='ocr_par' dir='ltr' id='par_1_26' title="bbox 2045 1271 3690 1347">
     <span class='ocr_line' id='line_1_26' title="bbox 2045 1271 3690 1347; baseline 0.005 -22"><span class='ocrx_word' id='word_1_142' title='bbox 2045 1271 2375 1327; x_wconf 87' lang='lat' dir='ltr'><strong>cratissimo</strong></span> <span class='ocrx_word' id='word_1_143' title='bbox 2406 1290 2645 1344; x_wconf 87' lang='lat' dir='ltr'><strong>corpore</strong></span> <span class='ocrx_word' id='word_1_144' title='bbox 2689 1280 2745 1329; x_wconf 91' lang='lat' dir='ltr'><strong>et</strong></span> <span class='ocrx_word' id='word_1_145' title='bbox 2788 1276 3072 1347; x_wconf 87' lang='lat' dir='ltr'><strong>sanguine</strong></span> <span class='ocrx_word' id='word_1_146' title='bbox 3102 1277 3201 1331; x_wconf 90' lang='lat' dir='ltr'><strong>Dei</strong></span> <span class='ocrx_word' id='word_1_147' title='bbox 3235 1281 3291 1332; x_wconf 92' lang='lat' dir='ltr'><strong>et</strong></span> <span class='ocrx_word' id='word_1_148' title='bbox 3320 1277 3549 1332; x_wconf 91' lang='lat' dir='ltr'><strong>Domini</strong></span> <span class='ocrx_word' id='word_1_149' title='bbox 3583 1278 3690 1334; x_wconf 79' lang='lat' dir='ltr'><strong>Re-</strong></span> 
     </span>
    </p>
   </div>
   <div class='ocr_carea' id='block_1_27' title="bbox 2046 1360 3693 1437">
    <p class='ocr_par' dir='ltr' id='par_1_27' title="bbox 2046 1360 3693 1437">
     <span class='ocr_line' id='line_1_27' title="bbox 2046 1360 3693 1437; baseline 0.005 -24"><span class='ocrx_word' id='word_1_150' title='bbox 2046 1360 2368 1432; x_wconf 87' lang='lat' dir='ltr'><strong>demptoris</strong></span> <span class='ocrx_word' id='word_1_151' title='bbox 2410 1362 2591 1416; x_wconf 85' lang='lat' dir='ltr'><strong>nostri</strong></span> <span class='ocrx_word' id='word_1_152' title='bbox 2622 1366 2760 1418; x_wconf 89' lang='lat' dir='ltr'><strong>Jesu</strong></span> <span class='ocrx_word' id='word_1_153' title='bbox 2793 1363 3005 1419; x_wconf 87' lang='lat' dir='ltr'><strong>Christi</strong></span> <span class='ocrx_word' id='word_1_154' title='bbox 3050 1365 3236 1421; x_wconf 88' lang='lat' dir='ltr'><strong>aliena</strong></span> <span class='ocrx_word' id='word_1_155' title='bbox 3286 1367 3404 1431; x_wconf 83' lang='lat' dir='ltr'><strong>fiat,</strong></span> <span class='ocrx_word' id='word_1_156' title='bbox 3430 1370 3604 1437; x_wconf 88' lang='lat' dir='ltr'><strong>atque</strong></span> <span class='ocrx_word' id='word_1_157' title='bbox 3634 1367 3693 1421; x_wconf 90' lang='lat' dir='ltr'><strong>in</strong></span> 
     </span>
    </p>
   </div>
   <div class='ocr_carea' id='block_1_28' title="bbox 2048 1450 3694 1523">
    <p class='ocr_par' dir='ltr' id='par_1_28' title="bbox 2048 1450 3694 1523">
     <span class='ocr_line' id='line_1_28' title="bbox 2048 1450 3694 1523; baseline 0.004 -21"><span class='ocrx_word' id='word_1_158' title='bbox 2048 1453 2304 1503; x_wconf 79' lang='lat' dir='ltr'><strong>extremo</strong></span> <span class='ocrx_word' id='word_1_159' title='bbox 2319 1450 2583 1506; x_wconf 81' lang='lat' dir='ltr'><strong>examine</strong></span> <span class='ocrx_word' id='word_1_160' title='bbox 2595 1452 2870 1507; x_wconf 66' lang='lat' dir='ltr'><strong>districta:</strong></span> <span class='ocrx_word' id='word_1_161' title='bbox 2885 1451 3094 1508; x_wconf 87' lang='lat' dir='ltr'><strong>ultioni</strong></span> <span class='ocrx_word' id='word_1_162' title='bbox 3108 1454 3423 1523; x_wconf 87' lang='lat' dir='ltr'><strong>subjaceat.</strong></span> <span class='ocrx_word' id='word_1_163' title='bbox 3457 1454 3694 1509; x_wconf 72' lang='lat' dir='ltr'><strong>Cunctis</strong></span> 
     </span>
    </p>
   </div>
   <div class='ocr_carea' id='block_1_29' title="bbox 2048 1536 3695 1613">
    <p class='ocr_par' dir='ltr' id='par_1_29' title="bbox 2048 1536 3695 1613">
     <span class='ocr_line' id='line_1_29' title="bbox 2048 1536 3695 1613; baseline 0.004 -23"><span class='ocrx_word' id='word_1_164' title='bbox 2048 1541 2243 1591; x_wconf 90' lang='lat' dir='ltr'><strong>autem</strong></span> <span class='ocrx_word' id='word_1_165' title='bbox 2266 1536 2453 1593; x_wconf 90' lang='lat' dir='ltr'><strong>eidem</strong></span> <span class='ocrx_word' id='word_1_166' title='bbox 2485 1537 2609 1593; x_wconf 93' lang='lat' dir='ltr'><strong>loco</strong></span> <span class='ocrx_word' id='word_1_167' title='bbox 2632 1541 2797 1610; x_wconf 88' lang='lat' dir='ltr'><strong>justa</strong></span> <span class='ocrx_word' id='word_1_168' title='bbox 2826 1542 3194 1596; x_wconf 84' lang='lat' dir='ltr'><strong>servantibus</strong></span> <span class='ocrx_word' id='word_1_169' title='bbox 3220 1541 3297 1598; x_wconf 87' lang='lat' dir='ltr'><strong>sit</strong></span> <span class='ocrx_word' id='word_1_170' title='bbox 3327 1560 3437 1613; x_wconf 79' lang='lat' dir='ltr'><strong>pax</strong></span> <span class='ocrx_word' id='word_1_171' title='bbox 3466 1542 3695 1598; x_wconf 91' lang='lat' dir='ltr'><strong>Domini</strong></span> 
     </span>
    </p>
   </div>
   <div class='ocr_carea' id='block_1_30' title="bbox 2053 1625 3695 1700">
    <p class='ocr_par' dir='ltr' id='par_1_30' title="bbox 2053 1625 3695 1700">
     <span class='ocr_line' id='line_1_30' title="bbox 2053 1625 3695 1700; baseline 0.004 -21"><span class='ocrx_word' id='word_1_172' title='bbox 2053 1625 2235 1679; x_wconf 87' lang='lat' dir='ltr'><strong>nostri</strong></span> <span class='ocrx_word' id='word_1_173' title='bbox 2265 1630 2403 1682; x_wconf 90' lang='lat' dir='ltr'><strong>Jesu</strong></span> <span class='ocrx_word' id='word_1_174' title='bbox 2437 1626 2670 1693; x_wconf 87' lang='lat' dir='ltr'><strong>Christi,</strong></span> <span class='ocrx_word' id='word_1_175' title='bbox 2694 1634 2982 1700; x_wconf 85' lang='lat' dir='ltr'><strong>quatenus</strong></span> <span class='ocrx_word' id='word_1_176' title='bbox 3021 1635 3078 1685; x_wconf 90' lang='lat' dir='ltr'><strong>et</strong></span> <span class='ocrx_word' id='word_1_177' title='bbox 3120 1629 3214 1685; x_wconf 86' lang='lat' dir='ltr'><strong>hic</strong></span> <span class='ocrx_word' id='word_1_178' title='bbox 3246 1631 3501 1686; x_wconf 79' lang='lat' dir='ltr'><strong>fructum</strong></span> <span class='ocrx_word' id='word_1_179' title='bbox 3532 1631 3695 1687; x_wconf 79' lang='lat' dir='ltr'><strong>bonae</strong></span> 
     </span>
    </p>
   </div>
   <div class='ocr_carea' id='block_1_31' title="bbox 2052 1713 3697 1790">
    <p class='ocr_par' dir='ltr' id='par_1_31' title="bbox 2052 1713 3697 1790">
     <span class='ocr_line' id='line_1_31' title="bbox 2052 1713 3697 1790; baseline 0.004 -21"><span class='ocrx_word' id='word_1_180' title='bbox 2052 1713 2299 1771; x_wconf 88' lang='lat' dir='ltr'><strong>actionis</strong></span> <span class='ocrx_word' id='word_1_181' title='bbox 2357 1716 2699 1787; x_wconf 88' lang='lat' dir='ltr'><strong>percipiant,</strong></span> <span class='ocrx_word' id='word_1_182' title='bbox 2733 1721 2789 1771; x_wconf 91' lang='lat' dir='ltr'><strong>et</strong></span> <span class='ocrx_word' id='word_1_183' title='bbox 2846 1719 2998 1789; x_wconf 87' lang='lat' dir='ltr'><strong>apud</strong></span> <span class='ocrx_word' id='word_1_184' title='bbox 3058 1718 3394 1774; x_wconf 89' lang='lat' dir='ltr'><strong>districtum</strong></span> <span class='ocrx_word' id='word_1_185' title='bbox 3440 1719 3697 1790; x_wconf 85' lang='lat' dir='ltr'><strong>judicem</strong></span> 
     </span>
    </p>
   </div>
   <div class='ocr_carea' id='block_1_32' title="bbox 2055 1803 3545 1877">
    <p class='ocr_par' dir='ltr' id='par_1_32' title="bbox 2055 1803 3545 1877">
     <span class='ocr_line' id='line_1_32' title="bbox 2055 1803 3545 1877; baseline 0.005 -21"><span class='ocrx_word' id='word_1_186' title='bbox 2055 1803 2293 1873; x_wconf 68' lang='lat' dir='ltr'><strong>praemia</strong></span> <span class='ocrx_word' id='word_1_187' title='bbox 2323 1809 2548 1859; x_wconf 61' lang='lat' dir='ltr'><strong>(eterna:</strong></span> <span class='ocrx_word' id='word_1_188' title='bbox 2579 1804 2740 1877; x_wconf 89' lang='lat' dir='ltr'><strong>pacis</strong></span> <span class='ocrx_word' id='word_1_189' title='bbox 2769 1804 3085 1862; x_wconf 85' lang='lat' dir='ltr'><strong>inveniant.</strong></span> <span class='ocrx_word' id='word_1_190' title='bbox 3116 1809 3320 1875; x_wconf 88' lang='lat' dir='ltr'><strong>Amen,</strong></span> <span class='ocrx_word' id='word_1_191' title='bbox 3356 1825 3545 1864; x_wconf 88' lang='lat' dir='ltr'><strong>amen.</strong></span> 
     </span>
    </p>
   </div>
   <div class='ocr_carea' id='block_1_33' title="bbox 275 1892 3702 1990">
    <p class='ocr_par' dir='ltr' id='par_1_33' title="bbox 275 1892 3702 1990">
     <span class='ocr_line' id='line_1_33' title="bbox 275 1892 3702 1990; baseline 0.001 -41"><span class='ocrx_word' id='word_1_192' title='bbox 275 1895 434 1966; x_wconf 87' lang='lat' dir='ltr'><strong>quod</strong></span> <span class='ocrx_word' id='word_1_193' title='bbox 467 1901 567 1952; x_wconf 91' lang='lat' dir='ltr'><strong>est</strong></span> <span class='ocrx_word' id='word_1_194' title='bbox 594 1895 776 1951; x_wconf 91' lang='lat' dir='ltr'><strong>situm</strong></span> <span class='ocrx_word' id='word_1_195' title='bbox 807 1896 867 1952; x_wconf 92' lang='lat' dir='ltr'><strong>in</strong></span> <span class='ocrx_word' id='word_1_196' title='bbox 896 1897 1075 1970; x_wconf 84' lang='lat' dir='ltr'><strong>Nigra</strong></span> <span class='ocrx_word' id='word_1_197' title='bbox 1105 1898 1292 1966; x_wconf 65' lang='lat' dir='ltr'><strong>Silvae,</strong></span> <span class='ocrx_word' id='word_1_198' title='bbox 1318 1900 1563 1969; x_wconf 85' lang='lat' dir='ltr'><strong>ejusque</strong></span> <span class='ocrx_word' id='word_1_199' title='bbox 1592 1896 1944 1952; x_wconf 88' lang='lat' dir='ltr'><strong>successori-</strong></span> <span class='ocrx_word' id='word_1_200' title='bbox 1978 1925 2026 1990; x_wconf 80' lang='grc' dir='ltr'><strong>Β</strong></span> <span class='ocrx_word' id='word_1_201' title='bbox 2128 1892 2420 1963; x_wconf 87' lang='lat' dir='ltr'><strong>Scriptum</strong></span> <span class='ocrx_word' id='word_1_202' title='bbox 2454 1911 2555 1965; x_wconf 90' lang='lat' dir='ltr'><strong>per</strong></span> <span class='ocrx_word' id='word_1_203' title='bbox 2586 1911 2826 1950; x_wconf 88' lang='lat' dir='ltr'><strong>manum</strong></span> <span class='ocrx_word' id='word_1_204' title='bbox 2860 1895 3034 1963; x_wconf 87' lang='lat' dir='ltr'><strong>Petri,</strong></span> <span class='ocrx_word' id='word_1_205' title='bbox 3066 1896 3275 1952; x_wconf 90' lang='lat' dir='ltr'><strong>notarii</strong></span> <span class='ocrx_word' id='word_1_206' title='bbox 3306 1898 3613 1970; x_wconf 89' lang='lat' dir='ltr'><strong>regionarii</strong></span> <span class='ocrx_word' id='word_1_207' title='bbox 3644 1900 3702 1954; x_wconf 91' lang='lat' dir='ltr'><strong>et</strong></span> 
     </span>
    </p>
   </div>
   <div class='ocr_carea' id='block_1_34' title="bbox 278 1983 1709 2060">
    <p class='ocr_par' dir='ltr' id='par_1_34' title="bbox 278 1983 1709 2060">
     <span class='ocr_line' id='line_1_34' title="bbox 278 1983 1709 2060; baseline 0.001 -21"><span class='ocrx_word' id='word_1_208' title='bbox 278 1984 390 2039; x_wconf 89' lang='lat' dir='ltr'><strong>bus</strong></span> <span class='ocrx_word' id='word_1_209' title='bbox 422 1983 781 2058; x_wconf 84' lang='lat' dir='ltr'><strong>regulariter</strong></span> <span class='ocrx_word' id='word_1_210' title='bbox 806 1988 1218 2058; x_wconf 88' lang='lat' dir='ltr'><strong>promovendis</strong></span> <span class='ocrx_word' id='word_1_211' title='bbox 1250 1987 1308 2042; x_wconf 92' lang='lat' dir='ltr'><strong>in</strong></span> <span class='ocrx_word' id='word_1_212' title='bbox 1341 1991 1709 2060; x_wconf 89' lang='lat' dir='ltr'><strong>perpetuum.</strong></span> 
     </span>
    </p>
   </div>
   <div class='ocr_carea' id='block_1_35' title="bbox 349 2072 1949 2147">
    <p class='ocr_par' dir='ltr' id='par_1_35' title="bbox 349 2072 1949 2147">
     <span class='ocr_line' id='line_1_35' title="bbox 349 2072 1949 2147; baseline 0 -19"><span class='ocrx_word' id='word_1_213' title='bbox 349 2073 460 2128; x_wconf 82' lang='lat' dir='ltr'><strong>Piae</strong></span> <span class='ocrx_word' id='word_1_214' title='bbox 479 2072 805 2146; x_wconf 84' lang='lat' dir='ltr'><strong>postulatio</strong></span> <span class='ocrx_word' id='word_1_215' title='bbox 818 2075 1136 2132; x_wconf 85' lang='lat' dir='ltr'><strong>voluntatis</strong></span> <span class='ocrx_word' id='word_1_216' title='bbox 1154 2077 1359 2132; x_wconf 80' lang='lat' dir='ltr'><strong>ell‘ectu</strong></span> <span class='ocrx_word' id='word_1_217' title='bbox 1374 2077 1543 2131; x_wconf 87' lang='lat' dir='ltr'><strong>debet</strong></span> <span class='ocrx_word' id='word_1_218' title='bbox 1560 2079 1949 2147; x_wconf 77' lang='lat' dir='ltr'><strong>prosequente</strong></span> 
     </span>
    </p>
   </div>
   <div class='ocr_carea' id='block_1_36' title="bbox 276 2161 1944 2234">
    <p class='ocr_par' dir='ltr' id='par_1_36' title="bbox 276 2161 1944 2234">
     <span class='ocr_line' id='line_1_36' title="bbox 276 2161 1944 2234; baseline -0.001 -17"><span class='ocrx_word' id='word_1_219' title='bbox 276 2161 899 2234; x_wconf 86' lang='lat' dir='ltr'><strong>compleri,quatenus</strong></span> <span class='ocrx_word' id='word_1_220' title='bbox 920 2167 979 2220; x_wconf 90' lang='lat' dir='ltr'><strong>et</strong></span> <span class='ocrx_word' id='word_1_221' title='bbox 998 2164 1320 2220; x_wconf 87' lang='lat' dir='ltr'><strong>devotionis</strong></span> <span class='ocrx_word' id='word_1_222' title='bbox 1343 2163 1649 2220; x_wconf 88' lang='lat' dir='ltr'><strong>sinceritas</strong></span> <span class='ocrx_word' id='word_1_223' title='bbox 1678 2162 1944 2219; x_wconf 78' lang='lat' dir='ltr'><strong>laudabi—</strong></span> 
     </span>
    </p>
   </div>
   <div class='ocr_carea' id='block_1_37' title="bbox 279 2248 1951 2325">
    <p class='ocr_par' dir='ltr' id='par_1_37' title="bbox 279 2248 1951 2325">
     <span class='ocr_line' id='line_1_37' title="bbox 279 2248 1951 2325; baseline 0.002 -20"><span class='ocrx_word' id='word_1_224' title='bbox 279 2248 416 2307; x_wconf 89' lang='lat' dir='ltr'><strong>liter</strong></span> <span class='ocrx_word' id='word_1_225' title='bbox 436 2254 688 2319; x_wconf 91' lang='lat' dir='ltr'><strong>crescat,</strong></span> <span class='ocrx_word' id='word_1_226' title='bbox 704 2256 761 2309; x_wconf 91' lang='lat' dir='ltr'><strong>et</strong></span> <span class='ocrx_word' id='word_1_227' title='bbox 791 2252 1016 2308; x_wconf 86' lang='lat' dir='ltr'><strong>utilitas</strong></span> <span class='ocrx_word' id='word_1_228' title='bbox 1048 2253 1341 2325; x_wconf 88' lang='lat' dir='ltr'><strong>postulata</strong></span> <span class='ocrx_word' id='word_1_229' title='bbox 1368 2253 1519 2309; x_wconf 91' lang='lat' dir='ltr'><strong>vires</strong></span> <span class='ocrx_word' id='word_1_230' title='bbox 1550 2252 1951 2309; x_wconf 87' lang='lat' dir='ltr'><strong>indubitanter</strong></span> 
     </span>
    </p>
   </div>
   <div class='ocr_carea' id='block_1_38' title="bbox 275 2339 1945 2413">
    <p class='ocr_par' dir='ltr' id='par_1_38' title="bbox 275 2339 1945 2413">
     <span class='ocr_line' id='line_1_38' title="bbox 275 2339 1945 2413; baseline 0 -18"><span class='ocrx_word' id='word_1_231' title='bbox 275 2344 572 2396; x_wconf 88' lang='lat' dir='ltr'><strong>assumat.</strong></span> <span class='ocrx_word' id='word_1_232' title='bbox 591 2339 741 2404; x_wconf 87' lang='lat' dir='ltr'><strong>Quia</strong></span> <span class='ocrx_word' id='word_1_233' title='bbox 762 2340 943 2413; x_wconf 84' lang='lat' dir='ltr'><strong>igitur</strong></span> <span class='ocrx_word' id='word_1_234' title='bbox 963 2341 1197 2398; x_wconf 89' lang='lat' dir='ltr'><strong>dilectio</strong></span> <span class='ocrx_word' id='word_1_235' title='bbox 1218 2346 1317 2398; x_wconf 91' lang='lat' dir='ltr'><strong>tua</strong></span> <span class='ocrx_word' id='word_1_236' title='bbox 1341 2343 1412 2398; x_wconf 87' lang='lat' dir='ltr'><strong>ad</strong></span> <span class='ocrx_word' id='word_1_237' title='bbox 1436 2341 1593 2398; x_wconf 90' lang='lat' dir='ltr'><strong>sedis</strong></span> <span class='ocrx_word' id='word_1_238' title='bbox 1616 2340 1945 2413; x_wconf 77' lang='lat' dir='ltr'><strong>apostolicae</strong></span> 
     </span>
    </p>
   </div>
   <div class='ocr_carea' id='block_1_39' title="bbox 275 2427 1948 2503">
    <p class='ocr_par' dir='ltr' id='par_1_39' title="bbox 275 2427 1948 2503">
     <span class='ocr_line' id='line_1_39' title="bbox 275 2427 1948 2503; baseline 0.001 -20"><span class='ocrx_word' id='word_1_239' title='bbox 275 2427 629 2501; x_wconf 63' lang='lat' dir='ltr'><strong>praesidium</strong></span> <span class='ocrx_word' id='word_1_240' title='bbox 654 2429 999 2503; x_wconf 87' lang='lat' dir='ltr'><strong>confugiens</strong></span> <span class='ocrx_word' id='word_1_241' title='bbox 1029 2432 1157 2503; x_wconf 89' lang='lat' dir='ltr'><strong>ejus</strong></span> <span class='ocrx_word' id='word_1_242' title='bbox 1180 2431 1490 2487; x_wconf 91' lang='lat' dir='ltr'><strong>tuitionem</strong></span> <span class='ocrx_word' id='word_1_243' title='bbox 1522 2430 1823 2486; x_wconf 89' lang='lat' dir='ltr'><strong>devotione</strong></span> <span class='ocrx_word' id='word_1_244' title='bbox 1852 2431 1948 2485; x_wconf 85' lang='lat' dir='ltr'><strong>de-</strong></span> 
     </span>
    </p>
   </div>
   <div class='ocr_carea' id='block_1_40' title="bbox 278 2517 1949 2592">
    <p class='ocr_par' dir='ltr' id='par_1_40' title="bbox 278 2517 1949 2592">
     <span class='ocr_line' id='line_1_40' title="bbox 278 2517 1949 2592; baseline 0 -20"><span class='ocrx_word' id='word_1_245' title='bbox 278 2517 406 2573; x_wconf 88' lang='lat' dir='ltr'><strong>bita</strong></span> <span class='ocrx_word' id='word_1_246' title='bbox 440 2517 771 2590; x_wconf 86' lang='lat' dir='ltr'><strong>requisivit,</strong></span> <span class='ocrx_word' id='word_1_247' title='bbox 795 2535 905 2575; x_wconf 89' lang='lat' dir='ltr'><strong>nos</strong></span> <span class='ocrx_word' id='word_1_248' title='bbox 927 2519 1339 2592; x_wconf 90' lang='lat' dir='ltr'><strong>supplicationi</strong></span> <span class='ocrx_word' id='word_1_249' title='bbox 1369 2525 1482 2575; x_wconf 62' lang='lat' dir='ltr'><strong>tua:</strong></span> <span class='ocrx_word' id='word_1_250' title='bbox 1503 2519 1820 2575; x_wconf 89' lang='lat' dir='ltr'><strong>clementer</strong></span> <span class='ocrx_word' id='word_1_251' title='bbox 1849 2535 1949 2573; x_wconf 88' lang='lat' dir='ltr'><strong>an-</strong></span> 
     </span>
    </p>
   </div>
   <div class='ocr_carea' id='block_1_41' title="bbox 277 2605 1943 2680">
    <p class='ocr_par' dir='ltr' id='par_1_41' title="bbox 277 2605 1943 2680">
     <span class='ocr_line' id='line_1_41' title="bbox 277 2605 1943 2680; baseline 0 -19"><span class='ocrx_word' id='word_1_252' title='bbox 277 2605 552 2674; x_wconf 86' lang='lat' dir='ltr'><strong>nuimus,</strong></span> <span class='ocrx_word' id='word_1_253' title='bbox 575 2610 631 2662; x_wconf 90' lang='lat' dir='ltr'><strong>et</strong></span> <span class='ocrx_word' id='word_1_254' title='bbox 660 2609 1087 2664; x_wconf 84' lang='lat' dir='ltr'><strong>monasterium</strong></span> <span class='ocrx_word' id='word_1_255' title='bbox 1117 2609 1210 2664; x_wconf 92' lang='lat' dir='ltr'><strong>cui</strong></span> <span class='ocrx_word' id='word_1_256' title='bbox 1241 2612 1351 2665; x_wconf 85' lang='lat' dir='ltr'><strong>Deo</strong></span> <span class='ocrx_word' id='word_1_257' title='bbox 1382 2613 1618 2665; x_wconf 88' lang='lat' dir='ltr'><strong>auctore</strong></span> <span class='ocrx_word' id='word_1_258' title='bbox 1647 2607 1943 2680; x_wconf 67' lang='lat' dir='ltr'><strong>praesides,</strong></span> 
     </span>
    </p>
   </div>
   <div class='ocr_carea' id='block_1_42' title="bbox 280 2694 1947 2769">
    <p class='ocr_par' dir='ltr' id='par_1_42' title="bbox 280 2694 1947 2769">
     <span class='ocr_line' id='line_1_42' title="bbox 280 2694 1947 2769; baseline 0.002 -21"><span class='ocrx_word' id='word_1_259' title='bbox 280 2709 424 2750; x_wconf 90' lang='lat' dir='ltr'><strong>cum</strong></span> <span class='ocrx_word' id='word_1_260' title='bbox 458 2694 740 2751; x_wconf 89' lang='lat' dir='ltr'><strong>omnibus</strong></span> <span class='ocrx_word' id='word_1_261' title='bbox 772 2697 843 2751; x_wconf 88' lang='lat' dir='ltr'><strong>ad</strong></span> <span class='ocrx_word' id='word_1_262' title='bbox 875 2712 1009 2752; x_wconf 87' lang='lat' dir='ltr'><strong>eum</strong></span> <span class='ocrx_word' id='word_1_263' title='bbox 1032 2698 1460 2769; x_wconf 88' lang='lat' dir='ltr'><strong>pertinentibus</strong></span> <span class='ocrx_word' id='word_1_264' title='bbox 1482 2698 1591 2753; x_wconf 91' lang='lat' dir='ltr'><strong>sub</strong></span> <span class='ocrx_word' id='word_1_265' title='bbox 1613 2696 1796 2752; x_wconf 88' lang='lat' dir='ltr'><strong>tutela</strong></span> <span class='ocrx_word' id='word_1_266' title='bbox 1813 2712 1947 2768; x_wconf 89' lang='lat' dir='ltr'><strong>apo-</strong></span> 
     </span>
    </p>
   </div>
   <div class='ocr_carea' id='block_1_43' title="bbox 280 2781 1949 2859">
    <p class='ocr_par' dir='ltr' id='par_1_43' title="bbox 280 2781 1949 2859">
     <span class='ocr_line' id='line_1_43' title="bbox 280 2781 1949 2859; baseline 0.001 -22"><span class='ocrx_word' id='word_1_267' title='bbox 280 2781 507 2838; x_wconf 62' lang='lat' dir='ltr'><strong>stolica</strong></span> <span class='ocrx_word' id='word_1_268' title='bbox 539 2783 696 2840; x_wconf 90' lang='lat' dir='ltr'><strong>sedis</strong></span> <span class='ocrx_word' id='word_1_269' title='bbox 725 2784 1068 2856; x_wconf 83' lang='lat' dir='ltr'><strong>excipimus.</strong></span> <span class='ocrx_word' id='word_1_270' title='bbox 1097 2787 1204 2841; x_wconf 91' lang='lat' dir='ltr'><strong>Per</strong></span> <span class='ocrx_word' id='word_1_271' title='bbox 1233 2787 1538 2858; x_wconf 64' lang='lat' dir='ltr'><strong>praesentis</strong></span> <span class='ocrx_word' id='word_1_272' title='bbox 1566 2786 1748 2859; x_wconf 86' lang='lat' dir='ltr'><strong>igitur</strong></span> <span class='ocrx_word' id='word_1_273' title='bbox 1776 2784 1949 2858; x_wconf 89' lang='lat' dir='ltr'><strong>privi-</strong></span> 
     </span>
    </p>
   </div>
   <div class='ocr_carea' id='block_1_44' title="bbox 277 2868 1950 2944">
    <p class='ocr_par' dir='ltr' id='par_1_44' title="bbox 277 2868 1950 2944">
     <span class='ocr_line' id='line_1_44' title="bbox 277 2868 1950 2944; baseline 0.002 -20"><span class='ocrx_word' id='word_1_274' title='bbox 277 2868 423 2943; x_wconf 86' lang='lat' dir='ltr'><strong>legii</strong></span> <span class='ocrx_word' id='word_1_275' title='bbox 458 2872 736 2943; x_wconf 88' lang='lat' dir='ltr'><strong>paginam</strong></span> <span class='ocrx_word' id='word_1_276' title='bbox 790 2873 1113 2944; x_wconf 88' lang='lat' dir='ltr'><strong>apostolica</strong></span> <span class='ocrx_word' id='word_1_277' title='bbox 1142 2875 1488 2930; x_wconf 83' lang='lat' dir='ltr'><strong>auctoritate</strong></span> <span class='ocrx_word' id='word_1_278' title='bbox 1537 2875 1852 2930; x_wconf 89' lang='lat' dir='ltr'><strong>statuimus</strong></span> <span class='ocrx_word' id='word_1_279' title='bbox 1884 2877 1950 2928; x_wconf 89' lang='lat' dir='ltr'><strong>ut</strong></span> 
     </span>
    </p>
   </div>
   <div class='ocr_carea' id='block_1_45' title="bbox 277 2958 1946 3035">
    <p class='ocr_par' dir='ltr' id='par_1_45' title="bbox 277 2958 1946 3035">
     <span class='ocr_line' id='line_1_45' title="bbox 277 2958 1946 3035; baseline 0.002 -22"><span class='ocrx_word' id='word_1_280' title='bbox 277 2974 658 3030; x_wconf 63' lang='lat' dir='ltr'><strong>quacunque</strong></span> <span class='ocrx_word' id='word_1_281' title='bbox 685 2958 857 3015; x_wconf 89' lang='lat' dir='ltr'><strong>hodie</strong></span> <span class='ocrx_word' id='word_1_282' title='bbox 886 2961 1040 3016; x_wconf 90' lang='lat' dir='ltr'><strong>idem</strong></span> <span class='ocrx_word' id='word_1_283' title='bbox 1065 2962 1395 3018; x_wconf 84' lang='lat' dir='ltr'><strong>ccenobium</strong></span> <span class='ocrx_word' id='word_1_284' title='bbox 1427 2963 1710 3035; x_wconf 88' lang='lat' dir='ltr'><strong>possidet,</strong></span> <span class='ocrx_word' id='word_1_285' title='bbox 1736 2962 1856 3017; x_wconf 90' lang='lat' dir='ltr'><strong>sive</strong></span> <span class='ocrx_word' id='word_1_286' title='bbox 1888 2962 1946 3016; x_wconf 92' lang='lat' dir='ltr'><strong>in</strong></span> 
     </span>
    </p>
   </div>
   <div class='ocr_carea' id='block_1_46' title="bbox 242 3045 1946 3122">
    <p class='ocr_par' dir='ltr' id='par_1_46' title="bbox 242 3045 1946 3122">
     <span class='ocr_line' id='line_1_46' title="bbox 242 3045 1946 3122; baseline 0.003 -22"><span class='ocrx_word' id='word_1_287' title='bbox 242 3079 247 3083; x_wconf 59' lang='grc' dir='ltr'><em>η</em></span> <span class='ocrx_word' id='word_1_288' title='bbox 282 3045 558 3101; x_wconf 86' lang='lat' dir='ltr'><strong>futurum</strong></span> <span class='ocrx_word' id='word_1_289' title='bbox 579 3047 951 3104; x_wconf 88' lang='lat' dir='ltr'><strong>concessione</strong></span> <span class='ocrx_word' id='word_1_290' title='bbox 974 3051 1342 3120; x_wconf 84' lang='lat' dir='ltr'><strong>pontiﬁcum,</strong></span> <span class='ocrx_word' id='word_1_291' title='bbox 1361 3051 1710 3107; x_wconf 87' lang='lat' dir='ltr'><strong>liberalitate</strong></span> <span class='ocrx_word' id='word_1_292' title='bbox 1734 3051 1946 3122; x_wconf 87' lang='lat' dir='ltr'><strong>princi-</strong></span> 
     </span>
    </p>
   </div>
   <div class='ocr_carea' id='block_1_47' title="bbox 283 3132 1949 3210">
    <p class='ocr_par' dir='ltr' id='par_1_47' title="bbox 283 3132 1949 3210">
     <span class='ocr_line' id='line_1_47' title="bbox 283 3132 1949 3210; baseline 0.004 -23"><span class='ocrx_word' id='word_1_293' title='bbox 283 3149 436 3206; x_wconf 90' lang='lat' dir='ltr'><strong>pum</strong></span> <span class='ocrx_word' id='word_1_294' title='bbox 465 3133 554 3189; x_wconf 90' lang='lat' dir='ltr'><strong>vel</strong></span> <span class='ocrx_word' id='word_1_295' title='bbox 584 3132 880 3190; x_wconf 83' lang='lat' dir='ltr'><strong>Oblatione</strong></span> <span class='ocrx_word' id='word_1_296' title='bbox 902 3136 1162 3193; x_wconf 84' lang='lat' dir='ltr'><strong>ﬁdelium</strong></span> <span class='ocrx_word' id='word_1_297' title='bbox 1180 3139 1339 3208; x_wconf 64' lang='lat' dir='ltr'><strong>iuste</strong></span> <span class='ocrx_word' id='word_1_298' title='bbox 1362 3144 1417 3195; x_wconf 89' lang='lat' dir='ltr'><strong>et</strong></span> <span class='ocrx_word' id='word_1_299' title='bbox 1439 3140 1713 3195; x_wconf 89' lang='lat' dir='ltr'><strong>canonice</strong></span> <span class='ocrx_word' id='word_1_300' title='bbox 1738 3140 1949 3210; x_wconf 88' lang='lat' dir='ltr'><strong>poterit</strong></span> 
     </span>
    </p>
   </div>
   <div class='ocr_carea' id='block_1_48' title="bbox 281 3222 1947 3297">
    <p class='ocr_par' dir='ltr' id='par_1_48' title="bbox 281 3222 1947 3297">
     <span class='ocr_line' id='line_1_48' title="bbox 281 3222 1947 3297; baseline 0.002 -19"><span class='ocrx_word' id='word_1_301' title='bbox 281 3222 558 3295; x_wconf 88' lang='lat' dir='ltr'><strong>adipisci,</strong></span> <span class='ocrx_word' id='word_1_302' title='bbox 584 3223 755 3278; x_wconf 81' lang='lat' dir='ltr'><strong>firma</strong></span> <span class='ocrx_word' id='word_1_303' title='bbox 774 3223 879 3279; x_wconf 91' lang='lat' dir='ltr'><strong>tibi</strong></span> <span class='ocrx_word' id='word_1_304' title='bbox 910 3225 1145 3297; x_wconf 90' lang='lat' dir='ltr'><strong>tuisque</strong></span> <span class='ocrx_word' id='word_1_305' title='bbox 1168 3228 1606 3284; x_wconf 89' lang='lat' dir='ltr'><strong>successoribus</strong></span> <span class='ocrx_word' id='word_1_306' title='bbox 1636 3232 1693 3283; x_wconf 92' lang='lat' dir='ltr'><strong>et</strong></span> <span class='ocrx_word' id='word_1_307' title='bbox 1724 3226 1947 3282; x_wconf 88' lang='lat' dir='ltr'><strong>illibata</strong></span> 
     </span>
    </p>
   </div>
   <div class='ocr_carea' id='block_1_49' title="bbox 245 3315 698 3383">
    <p class='ocr_par' dir='ltr' id='par_1_49' title="bbox 245 3315 698 3383">
     <span class='ocr_line' id='line_1_49' title="bbox 245 3315 698 3383; baseline -0.002 -16"><span class='ocrx_word' id='word_1_308' title='bbox 245 3344 253 3347; x_wconf 58' lang='grc' dir='ltr'><em>ν</em></span> <span class='ocrx_word' id='word_1_309' title='bbox 284 3315 698 3383; x_wconf 87' lang='lat' dir='ltr'><strong>permaneant.</strong></span> 
     </span>
    </p>
   </div>
   <div class='ocr_carea' id='block_1_50' title="bbox 360 3399 1945 3474">
    <p class='ocr_par' dir='ltr' id='par_1_50' title="bbox 360 3399 1945 3474">
     <span class='ocr_line' id='line_1_50' title="bbox 360 3399 1945 3474; baseline 0.003 -19"><span class='ocrx_word' id='word_1_310' title='bbox 360 3399 740 3456; x_wconf 89' lang='lat' dir='ltr'><strong>Decernimus</strong></span> <span class='ocrx_word' id='word_1_311' title='bbox 762 3417 898 3474; x_wconf 89' lang='lat' dir='ltr'><strong>ergo</strong></span> <span class='ocrx_word' id='word_1_312' title='bbox 924 3406 987 3457; x_wconf 91' lang='lat' dir='ltr'><strong>ut</strong></span> <span class='ocrx_word' id='word_1_313' title='bbox 1008 3402 1155 3458; x_wconf 91' lang='lat' dir='ltr'><strong>nulli</strong></span> <span class='ocrx_word' id='word_1_314' title='bbox 1188 3404 1426 3459; x_wconf 90' lang='lat' dir='ltr'><strong>omnino</strong></span> <span class='ocrx_word' id='word_1_315' title='bbox 1446 3405 1754 3460; x_wconf 89' lang='lat' dir='ltr'><strong>hominum</strong></span> <span class='ocrx_word' id='word_1_316' title='bbox 1775 3403 1945 3459; x_wconf 90' lang='lat' dir='ltr'><strong>liceat</strong></span> 
     </span>
    </p>
   </div>
   <div class='ocr_carea' id='block_1_51' title="bbox 282 3488 1946 3565">
    <p class='ocr_par' dir='ltr' id='par_1_51' title="bbox 282 3488 1946 3565">
     <span class='ocr_line' id='line_1_51' title="bbox 282 3488 1946 3565; baseline 0.002 -22"><span class='ocrx_word' id='word_1_317' title='bbox 282 3488 445 3545; x_wconf 87' lang='lat' dir='ltr'><strong>idem</strong></span> <span class='ocrx_word' id='word_1_318' title='bbox 477 3489 903 3547; x_wconf 89' lang='lat' dir='ltr'><strong>monasterium</strong></span> <span class='ocrx_word' id='word_1_319' title='bbox 926 3496 1144 3548; x_wconf 89' lang='lat' dir='ltr'><strong>temere</strong></span> <span class='ocrx_word' id='word_1_320' title='bbox 1165 3494 1522 3564; x_wconf 89' lang='lat' dir='ltr'><strong>perturbare,</strong></span> <span class='ocrx_word' id='word_1_321' title='bbox 1549 3498 1649 3549; x_wconf 88' lang='lat' dir='ltr'><strong>aut</strong></span> <span class='ocrx_word' id='word_1_322' title='bbox 1668 3494 1796 3563; x_wconf 85' lang='lat' dir='ltr'><strong>ejus</strong></span> <span class='ocrx_word' id='word_1_323' title='bbox 1818 3509 1946 3565; x_wconf 88' lang='lat' dir='ltr'><strong>pos-</strong></span> 
     </span>
    </p>
   </div>
   <div class='ocr_carea' id='block_1_52' title="bbox 286 3579 1942 3648">
    <p class='ocr_par' dir='ltr' id='par_1_52' title="bbox 286 3579 1942 3648">
     <span class='ocr_line' id='line_1_52' title="bbox 286 3579 1942 3648; baseline 0.002 -15"><span class='ocrx_word' id='word_1_324' title='bbox 286 3579 584 3635; x_wconf 89' lang='lat' dir='ltr'><strong>sessiones</strong></span> <span class='ocrx_word' id='word_1_325' title='bbox 622 3579 871 3648; x_wconf 87' lang='lat' dir='ltr'><strong>auferre,</strong></span> <span class='ocrx_word' id='word_1_326' title='bbox 905 3580 992 3637; x_wconf 91' lang='lat' dir='ltr'><strong>vel</strong></span> <span class='ocrx_word' id='word_1_327' title='bbox 1053 3581 1279 3638; x_wconf 88' lang='lat' dir='ltr'><strong>oblatas</strong></span> <span class='ocrx_word' id='word_1_328' title='bbox 1336 3582 1602 3648; x_wconf 90' lang='lat' dir='ltr'><strong>retinere,</strong></span> <span class='ocrx_word' id='word_1_329' title='bbox 1657 3581 1942 3648; x_wconf 90' lang='lat' dir='ltr'><strong>minuere,</strong></span> 
     </span>
    </p>
   </div>
   <div class='ocr_carea' id='block_1_53' title="bbox 283 3666 1945 3743">
    <p class='ocr_par' dir='ltr' id='par_1_53' title="bbox 283 3666 1945 3743">
     <span class='ocr_line' id='line_1_53' title="bbox 283 3666 1945 3743; baseline 0.002 -21"><span class='ocrx_word' id='word_1_330' title='bbox 283 3666 376 3723; x_wconf 88' lang='lat' dir='ltr'><strong>vel</strong></span> <span class='ocrx_word' id='word_1_331' title='bbox 407 3668 735 3724; x_wconf 90' lang='lat' dir='ltr'><strong>temerariis</strong></span> <span class='ocrx_word' id='word_1_332' title='bbox 764 3670 1461 3743; x_wconf 85' lang='lat' dir='ltr'><strong>vexationibusfatigare;</strong></span> <span class='ocrx_word' id='word_1_333' title='bbox 1496 3672 1597 3727; x_wconf 92' lang='lat' dir='ltr'><strong>sed</strong></span> <span class='ocrx_word' id='word_1_334' title='bbox 1629 3671 1827 3726; x_wconf 90' lang='lat' dir='ltr'><strong>omnia</strong></span> <span class='ocrx_word' id='word_1_335' title='bbox 1856 3669 1945 3726; x_wconf 90' lang='lat' dir='ltr'><strong>in-</strong></span> 
     </span>
    </p>
   </div>
   <div class='ocr_carea' id='block_1_54' title="bbox 289 3758 1949 3831">
    <p class='ocr_par' dir='ltr' id='par_1_54' title="bbox 289 3758 1949 3831">
     <span class='ocr_line' id='line_1_54' title="bbox 289 3758 1949 3831; baseline 0.002 -20"><span class='ocrx_word' id='word_1_336' title='bbox 289 3758 457 3828; x_wconf 87' lang='lat' dir='ltr'><strong>tegra</strong></span> <span class='ocrx_word' id='word_1_337' title='bbox 478 3763 894 3813; x_wconf 87' lang='lat' dir='ltr'><strong>conserventur</strong></span> <span class='ocrx_word' id='word_1_338' title='bbox 911 3775 1114 3815; x_wconf 90' lang='lat' dir='ltr'><strong>eorum</strong></span> <span class='ocrx_word' id='word_1_339' title='bbox 1138 3775 1240 3831; x_wconf 89' lang='lat' dir='ltr'><strong>pro</strong></span> <span class='ocrx_word' id='word_1_340' title='bbox 1258 3776 1506 3831; x_wconf 87' lang='lat' dir='ltr'><strong>quorum</strong></span> <span class='ocrx_word' id='word_1_341' title='bbox 1524 3759 1949 3815; x_wconf 86' lang='lat' dir='ltr'><strong>sustentatione</strong></span> 
     </span>
    </p>
   </div>
   <div class='ocr_carea' id='block_1_55' title="bbox 290 3845 1949 3918">
    <p class='ocr_par' dir='ltr' id='par_1_55' title="bbox 290 3845 1949 3918">
     <span class='ocr_line' id='line_1_55' title="bbox 290 3845 1949 3918; baseline 0.002 -18"><span class='ocrx_word' id='word_1_342' title='bbox 290 3849 349 3900; x_wconf 87' lang='lat' dir='ltr'><strong>et</strong></span> <span class='ocrx_word' id='word_1_343' title='bbox 378 3845 802 3918; x_wconf 87' lang='lat' dir='ltr'><strong>gubernatione</strong></span> <span class='ocrx_word' id='word_1_344' title='bbox 839 3863 1119 3904; x_wconf 90' lang='lat' dir='ltr'><strong>concessa</strong></span> <span class='ocrx_word' id='word_1_345' title='bbox 1160 3853 1319 3914; x_wconf 92' lang='lat' dir='ltr'><strong>sunt,</strong></span> <span class='ocrx_word' id='word_1_346' title='bbox 1353 3849 1559 3904; x_wconf 89' lang='lat' dir='ltr'><strong>usibus</strong></span> <span class='ocrx_word' id='word_1_347' title='bbox 1592 3848 1949 3904; x_wconf 88' lang='lat' dir='ltr'><strong>omnimodis</strong></span> 
     </span>
    </p>
   </div>
   <div class='ocr_carea' id='block_1_56' title="bbox 290 3933 1947 4005">
    <p class='ocr_par' dir='ltr' id='par_1_56' title="bbox 290 3933 1947 4005">
     <span class='ocr_line' id='line_1_56' title="bbox 290 3933 1947 4005; baseline 0.001 -15"><span class='ocrx_word' id='word_1_348' title='bbox 290 3933 1101 4005; x_wconf 86' lang='lat' dir='ltr'><strong>profutura.Consecrationes</strong></span> <span class='ocrx_word' id='word_1_349' title='bbox 1124 3936 1397 3993; x_wconf 89' lang='lat' dir='ltr'><strong>altarium</strong></span> <span class='ocrx_word' id='word_1_350' title='bbox 1413 3937 1531 3993; x_wconf 76' lang='lat' dir='ltr'><strong>sive</strong></span> <span class='ocrx_word' id='word_1_351' title='bbox 1548 3936 1947 4004; x_wconf 88' lang='lat' dir='ltr'><strong>basilicarum,</strong></span> 
     </span>
    </p>
   </div>
   <div class='ocr_carea' id='block_1_57' title="bbox 290 4022 1950 4096">
    <p class='ocr_par' dir='ltr' id='par_1_57' title="bbox 290 4022 1950 4096">
     <span class='ocr_line' id='line_1_57' title="bbox 290 4022 1950 4096; baseline 0.001 -18"><span class='ocrx_word' id='word_1_352' title='bbox 290 4022 691 4079; x_wconf 87' lang='lat' dir='ltr'><strong>ordinationes</strong></span> <span class='ocrx_word' id='word_1_353' title='bbox 744 4026 1190 4095; x_wconf 86' lang='lat' dir='ltr'><strong>monachorum,</strong></span> <span class='ocrx_word' id='word_1_354' title='bbox 1242 4026 1520 4096; x_wconf 87' lang='lat' dir='ltr'><strong>chrisma,</strong></span> <span class='ocrx_word' id='word_1_355' title='bbox 1570 4026 1762 4082; x_wconf 91' lang='lat' dir='ltr'><strong>oleum</strong></span> <span class='ocrx_word' id='word_1_356' title='bbox 1815 4042 1950 4081; x_wconf 91' lang='lat' dir='ltr'><strong>san-</strong></span> 
     </span>
    </p>
   </div>
   <div class='ocr_carea' id='block_1_58' title="bbox 298 4113 1949 4187">
    <p class='ocr_par' dir='ltr' id='par_1_58' title="bbox 298 4113 1949 4187">
     <span class='ocr_line' id='line_1_58' title="bbox 298 4113 1949 4187; baseline 0.002 -21"><span class='ocrx_word' id='word_1_357' title='bbox 298 4115 483 4177; x_wconf 90' lang='lat' dir='ltr'><strong>ctum,</strong></span> <span class='ocrx_word' id='word_1_358' title='bbox 508 4115 565 4166; x_wconf 91' lang='lat' dir='ltr'><strong>et</strong></span> <span class='ocrx_word' id='word_1_359' title='bbox 594 4115 800 4168; x_wconf 67' lang='lat' dir='ltr'><strong>caetera</strong></span> <span class='ocrx_word' id='word_1_360' title='bbox 828 4113 899 4169; x_wconf 91' lang='lat' dir='ltr'><strong>ad</strong></span> <span class='ocrx_word' id='word_1_361' title='bbox 932 4114 1260 4187; x_wconf 79' lang='lat' dir='ltr'><strong>episcopale</strong></span> <span class='ocrx_word' id='word_1_362' title='bbox 1289 4114 1547 4171; x_wconf 82' lang='lat' dir='ltr'><strong>officium</strong></span> <span class='ocrx_word' id='word_1_363' title='bbox 1580 4115 1949 4187; x_wconf 90' lang='lat' dir='ltr'><strong>pertinentia,</strong></span> 
     </span>
    </p>
   </div>
   <div class='ocr_carea' id='block_1_59' title="bbox 297 4200 1950 4274">
    <p class='ocr_par' dir='ltr' id='par_1_59' title="bbox 297 4200 1950 4274">
     <span class='ocr_line' id='line_1_59' title="bbox 297 4200 1950 4274; baseline 0.002 -19"><span class='ocrx_word' id='word_1_364' title='bbox 297 4200 372 4255; x_wconf 87' lang='lat' dir='ltr'><strong>ab</strong></span> <span class='ocrx_word' id='word_1_365' title='bbox 401 4200 672 4272; x_wconf 86' lang='lat' dir='ltr'><strong>episcopo</strong></span> <span class='ocrx_word' id='word_1_366' title='bbox 712 4203 1167 4270; x_wconf 89' lang='lat' dir='ltr'><strong>Constantiensi,</strong></span> <span class='ocrx_word' id='word_1_367' title='bbox 1200 4204 1261 4259; x_wconf 91' lang='lat' dir='ltr'><strong>in</strong></span> <span class='ocrx_word' id='word_1_368' title='bbox 1306 4205 1477 4274; x_wconf 90' lang='lat' dir='ltr'><strong>cujus</strong></span> <span class='ocrx_word' id='word_1_369' title='bbox 1508 4204 1741 4259; x_wconf 71' lang='lat' dir='ltr'><strong>diazcesi</strong></span> <span class='ocrx_word' id='word_1_370' title='bbox 1788 4204 1950 4272; x_wconf 89' lang='lat' dir='ltr'><strong>estis,</strong></span> 
     </span>
    </p>
   </div>
   <div class='ocr_carea' id='block_1_60' title="bbox 299 4288 1955 4365">
    <p class='ocr_par' dir='ltr' id='par_1_60' title="bbox 299 4288 1955 4365">
     <span class='ocr_line' id='line_1_60' title="bbox 299 4288 1955 4365; baseline 0.003 -22"><span class='ocrx_word' id='word_1_371' title='bbox 299 4288 621 4361; x_wconf 87' lang='lat' dir='ltr'><strong>accipietis,</strong></span> <span class='ocrx_word' id='word_1_372' title='bbox 657 4290 707 4345; x_wconf 91' lang='lat' dir='ltr'><strong>si</strong></span> <span class='ocrx_word' id='word_1_373' title='bbox 735 4294 930 4347; x_wconf 90' lang='lat' dir='ltr'><strong>tamen</strong></span> <span class='ocrx_word' id='word_1_374' title='bbox 979 4291 1299 4347; x_wconf 86' lang='lat' dir='ltr'><strong>catholicus</strong></span> <span class='ocrx_word' id='word_1_375' title='bbox 1345 4294 1473 4360; x_wconf 88' lang='lat' dir='ltr'><strong>erit,</strong></span> <span class='ocrx_word' id='word_1_376' title='bbox 1507 4298 1563 4348; x_wconf 93' lang='lat' dir='ltr'><strong>et</strong></span> <span class='ocrx_word' id='word_1_377' title='bbox 1609 4294 1857 4365; x_wconf 84' lang='lat' dir='ltr'><strong>gratiam</strong></span> <span class='ocrx_word' id='word_1_378' title='bbox 1889 4309 1955 4348; x_wconf 88' lang='lat' dir='ltr'><strong>ac</strong></span> 
     </span>
    </p>
   </div>
   <div class='ocr_carea' id='block_1_61' title="bbox 302 4377 1956 4452">
    <p class='ocr_par' dir='ltr' id='par_1_61' title="bbox 302 4377 1956 4452">
     <span class='ocr_line' id='line_1_61' title="bbox 302 4377 1956 4452; baseline 0.002 -19"><span class='ocrx_word' id='word_1_379' title='bbox 302 4377 781 4435; x_wconf 88' lang='lat' dir='ltr'><strong>communionem</strong></span> <span class='ocrx_word' id='word_1_380' title='bbox 805 4379 1132 4452; x_wconf 65' lang='lat' dir='ltr'><strong>apostolicae</strong></span> <span class='ocrx_word' id='word_1_381' title='bbox 1158 4380 1313 4436; x_wconf 88' lang='lat' dir='ltr'><strong>sedis</strong></span> <span class='ocrx_word' id='word_1_382' title='bbox 1345 4380 1636 4448; x_wconf 88' lang='lat' dir='ltr'><strong>habuerit,</strong></span> <span class='ocrx_word' id='word_1_383' title='bbox 1654 4385 1712 4437; x_wconf 90' lang='lat' dir='ltr'><strong>et</strong></span> <span class='ocrx_word' id='word_1_384' title='bbox 1737 4397 1804 4436; x_wconf 87' lang='lat' dir='ltr'><strong>ea</strong></span> <span class='ocrx_word' id='word_1_385' title='bbox 1828 4397 1956 4452; x_wconf 82' lang='lat' dir='ltr'><strong>gra-</strong></span> 
     </span>
    </p>
   </div>
   <div class='ocr_carea' id='block_1_62' title="bbox 298 4464 1959 4541">
    <p class='ocr_par' dir='ltr' id='par_1_62' title="bbox 298 4464 1959 4541">
     <span class='ocr_line' id='line_1_62' title="bbox 298 4464 1959 4541; baseline 0.002 -20"><span class='ocrx_word' id='word_1_386' title='bbox 298 4464 380 4522; x_wconf 89' lang='lat' dir='ltr'><strong>tis</strong></span> <span class='ocrx_word' id='word_1_387' title='bbox 400 4470 459 4522; x_wconf 92' lang='lat' dir='ltr'><strong>et</strong></span> <span class='ocrx_word' id='word_1_388' title='bbox 488 4465 615 4523; x_wconf 89' lang='lat' dir='ltr'><strong>sine</strong></span> <span class='ocrx_word' id='word_1_389' title='bbox 642 4467 923 4540; x_wconf 87' lang='lat' dir='ltr'><strong>pravitate</strong></span> <span class='ocrx_word' id='word_1_390' title='bbox 948 4467 1286 4541; x_wconf 87' lang='lat' dir='ltr'><strong>impendere</strong></span> <span class='ocrx_word' id='word_1_391' title='bbox 1307 4468 1588 4537; x_wconf 91' lang='lat' dir='ltr'><strong>voluerit;</strong></span> <span class='ocrx_word' id='word_1_392' title='bbox 1615 4468 1759 4525; x_wconf 89' lang='lat' dir='ltr'><strong>alias</strong></span> <span class='ocrx_word' id='word_1_393' title='bbox 1788 4468 1959 4524; x_wconf 89' lang='lat' dir='ltr'><strong>liceat</strong></span> 
     </span>
    </p>
   </div>
   <div class='ocr_carea' id='block_1_63' title="bbox 266 4554 1955 4628">
    <p class='ocr_par' dir='ltr' id='par_1_63' title="bbox 266 4554 1955 4628">
     <span class='ocr_line' id='line_1_63' title="bbox 266 4554 1955 4628; baseline 0.003 -19"><span class='ocrx_word' id='word_1_394' title='bbox 266 4554 467 4611; x_wconf 35' lang='lat' dir='ltr'><strong>‘vobis</strong></span> <span class='ocrx_word' id='word_1_395' title='bbox 495 4572 671 4628; x_wconf 89' lang='lat' dir='ltr'><strong>quem</strong></span> <span class='ocrx_word' id='word_1_396' title='bbox 715 4556 1018 4614; x_wconf 89' lang='lat' dir='ltr'><strong>volueritis</strong></span> <span class='ocrx_word' id='word_1_397' title='bbox 1067 4558 1227 4613; x_wconf 89' lang='lat' dir='ltr'><strong>adire</strong></span> <span class='ocrx_word' id='word_1_398' title='bbox 1284 4557 1628 4622; x_wconf 85' lang='lat' dir='ltr'><strong>antistitem,</strong></span> <span class='ocrx_word' id='word_1_399' title='bbox 1663 4563 1720 4614; x_wconf 91' lang='lat' dir='ltr'><strong>et</strong></span> <span class='ocrx_word' id='word_1_400' title='bbox 1766 4559 1838 4614; x_wconf 90' lang='lat' dir='ltr'><strong>ab</strong></span> <span class='ocrx_word' id='word_1_401' title='bbox 1888 4574 1955 4614; x_wconf 91' lang='lat' dir='ltr'><strong>eo</strong></span> 
     </span>
    </p>
   </div>
   <div class='ocr_carea' id='block_1_64' title="bbox 2056 1980 2775 2054">
    <p class='ocr_par' dir='ltr' id='par_1_64' title="bbox 2056 1980 2775 2054">
     <span class='ocr_line' id='line_1_64' title="bbox 2056 1980 2775 2054; baseline 0.006 -20"><span class='ocrx_word' id='word_1_402' title='bbox 2056 1980 2345 2035; x_wconf 87' lang='lat' dir='ltr'><strong>scriniarii</strong></span> <span class='ocrx_word' id='word_1_403' title='bbox 2373 1982 2523 2036; x_wconf 89' lang='lat' dir='ltr'><strong>sacri</strong></span> <span class='ocrx_word' id='word_1_404' title='bbox 2556 1983 2775 2054; x_wconf 85' lang='lat' dir='ltr'><strong>palatii.</strong></span> 
     </span>
    </p>
   </div>
   <div class='ocr_carea' id='block_1_65' title="bbox 2128 2068 3703 2145">
    <p class='ocr_par' dir='ltr' id='par_1_65' title="bbox 2128 2068 3703 2145">
     <span class='ocr_line' id='line_1_65' title="bbox 2128 2068 3703 2145; baseline 0.006 -22"><span class='ocrx_word' id='word_1_405' title='bbox 2128 2068 2338 2124; x_wconf 86' lang='lat' dir='ltr'><strong>Datum</strong></span> <span class='ocrx_word' id='word_1_406' title='bbox 2375 2071 2638 2127; x_wconf 86' lang='lat' dir='ltr'><strong>Laterani</strong></span> <span class='ocrx_word' id='word_1_407' title='bbox 2673 2091 2777 2145; x_wconf 90' lang='lat' dir='ltr'><strong>per</strong></span> <span class='ocrx_word' id='word_1_408' title='bbox 2807 2091 3047 2130; x_wconf 89' lang='lat' dir='ltr'><strong>manum</strong></span> <span class='ocrx_word' id='word_1_409' title='bbox 3066 2074 3329 2143; x_wconf 85' lang='lat' dir='ltr'><strong>Joannis,</strong></span> <span class='ocrx_word' id='word_1_410' title='bbox 3354 2080 3566 2132; x_wconf 62' lang='lat' dir='ltr'><strong>sanctas</strong></span> <span class='ocrx_word' id='word_1_411' title='bbox 3589 2076 3703 2132; x_wconf 80' lang='lat' dir='ltr'><strong>Ro-</strong></span> 
     </span>
    </p>
   </div>
   <div class='ocr_carea' id='block_1_66' title="bbox 2058 2158 3699 2237">
    <p class='ocr_par' dir='ltr' id='par_1_66' title="bbox 2058 2158 3699 2237">
     <span class='ocr_line' id='line_1_66' title="bbox 2058 2158 3699 2237; baseline 0.005 -26"><span class='ocrx_word' id='word_1_412' title='bbox 2058 2174 2247 2213; x_wconf 65' lang='lat' dir='ltr'><strong>mana:</strong></span> <span class='ocrx_word' id='word_1_413' title='bbox 2277 2158 2539 2215; x_wconf 67' lang='lat' dir='ltr'><strong>Ecclesiae</strong></span> <span class='ocrx_word' id='word_1_414' title='bbox 2572 2162 2799 2219; x_wconf 89' lang='lat' dir='ltr'><strong>diaconi</strong></span> <span class='ocrx_word' id='word_1_415' title='bbox 2833 2164 3170 2233; x_wconf 89' lang='lat' dir='ltr'><strong>cardinalis,</strong></span> <span class='ocrx_word' id='word_1_416' title='bbox 3191 2182 3269 2220; x_wconf 83' lang='lat' dir='ltr'><strong>v11</strong></span> <span class='ocrx_word' id='word_1_417' title='bbox 3308 2164 3433 2221; x_wconf 88' lang='lat' dir='ltr'><strong>Kal.</strong></span> <span class='ocrx_word' id='word_1_418' title='bbox 3465 2164 3699 2237; x_wconf 87' lang='lat' dir='ltr'><strong>Aprilis,</strong></span> 
     </span>
    </p>
   </div>
   <div class='ocr_carea' id='block_1_67' title="bbox 2057 2246 3701 2319">
    <p class='ocr_par' dir='ltr' id='par_1_67' title="bbox 2057 2246 3701 2319">
     <span class='ocr_line' id='line_1_67' title="bbox 2057 2246 3701 2319; baseline 0.005 -20"><span class='ocrx_word' id='word_1_419' title='bbox 2057 2246 2376 2302; x_wconf 90' lang='lat' dir='ltr'><strong>indictione</strong></span> <span class='ocrx_word' id='word_1_420' title='bbox 2407 2265 2505 2315; x_wconf 81' lang='lat' dir='ltr'><strong>vn,</strong></span> <span class='ocrx_word' id='word_1_421' title='bbox 2540 2267 2690 2305; x_wconf 89' lang='lat' dir='ltr'><strong>anno</strong></span> <span class='ocrx_word' id='word_1_422' title='bbox 2723 2252 3034 2308; x_wconf 63' lang='lat' dir='ltr'><strong>Dominicis</strong></span> <span class='ocrx_word' id='word_1_423' title='bbox 3077 2252 3499 2309; x_wconf 89' lang='lat' dir='ltr'><strong>incarnationis</strong></span> <span class='ocrx_word' id='word_1_424' title='bbox 3543 2253 3701 2319; x_wconf 88' lang='lat'>1099,</span> 
     </span>
    </p>
   </div>
   <div class='ocr_carea' id='block_1_68' title="bbox 2059 2334 3542 2413">
    <p class='ocr_par' dir='ltr' id='par_1_68' title="bbox 2059 2334 3542 2413">
     <span class='ocr_line' id='line_1_68' title="bbox 2059 2334 3542 2413; baseline 0.005 -26"><span class='ocrx_word' id='word_1_425' title='bbox 2059 2334 2436 2406; x_wconf 84' lang='lat' dir='ltr'><strong>pontiﬁcatus</strong></span> <span class='ocrx_word' id='word_1_426' title='bbox 2468 2342 2662 2393; x_wconf 89' lang='lat' dir='ltr'><strong>autem</strong></span> <span class='ocrx_word' id='word_1_427' title='bbox 2692 2340 2892 2395; x_wconf 91' lang='lat' dir='ltr'><strong>domni</strong></span> <span class='ocrx_word' id='word_1_428' title='bbox 2924 2340 3140 2396; x_wconf 89' lang='lat' dir='ltr'><strong>Urbani</strong></span> <span class='ocrx_word' id='word_1_429' title='bbox 3172 2342 3220 2397; x_wconf 91' lang='grc' dir='ltr'>ΙΙ</span> <span class='ocrx_word' id='word_1_430' title='bbox 3252 2358 3411 2413; x_wconf 68' lang='lat' dir='ltr'><strong>papae</strong></span> <span class='ocrx_word' id='word_1_431' title='bbox 3443 2358 3542 2396; x_wconf 83' lang='lat' dir='ltr'><strong>xu.</strong></span> 
     </span>
    </p>
   </div>
   <div class='ocr_carea' id='block_1_69' title="bbox 2765 2426 3020 2502">
    <p class='ocr_par' dir='ltr' id='par_1_69' title="bbox 2765 2426 3020 2502">
     <span class='ocr_line' id='line_1_69' title="bbox 2765 2426 3020 2502; baseline 0.004 -1"><span class='ocrx_word' id='word_1_432' title='bbox 2765 2426 3020 2502; x_wconf 23' lang='lat' dir='ltr'><strong>CCXCL.</strong></span> 
     </span>
    </p>
   </div>
   <div class='ocr_carea' id='block_1_70' title="bbox 2153 2530 3635 2605">
    <p class='ocr_par' dir='ltr' id='par_1_70' title="bbox 2153 2530 3635 2605">
     <span class='ocr_line' id='line_1_70' title="bbox 2153 2530 3635 2605; baseline 0.006 -22"><span class='ocrx_word' id='word_1_433' title='bbox 2153 2530 2314 2584; x_wconf 84' lang='lat' dir='ltr'><strong>Bulla</strong></span> <span class='ocrx_word' id='word_1_434' title='bbox 2343 2533 2551 2587; x_wconf 83' lang='lat' dir='ltr'><strong>Urbani</strong></span> <span class='ocrx_word' id='word_1_435' title='bbox 2578 2535 2629 2589; x_wconf 93' lang='grc'><strong>11</strong></span> <span class='ocrx_word' id='word_1_436' title='bbox 2650 2550 2749 2605; x_wconf 84' lang='grc' dir='ltr'><strong>ρνο</strong></span> <span class='ocrx_word' id='word_1_437' title='bbox 2776 2537 3106 2590; x_wconf 80' lang='lat' dir='ltr'><strong>monasterio</strong></span> <span class='ocrx_word' id='word_1_438' title='bbox 3135 2534 3323 2591; x_wconf 80' lang='lat' dir='ltr'><strong>Sancti</strong></span> <span class='ocrx_word' id='word_1_439' title='bbox 3345 2535 3635 2592; x_wconf 77' lang='lat' dir='ltr'><strong>Saturnini</strong></span> 
     </span>
    </p>
   </div>
   <div class='ocr_carea' id='block_1_71' title="bbox 2590 2607 3168 2677">
    <p class='ocr_par' dir='ltr' id='par_1_71' title="bbox 2590 2607 3168 2677">
     <span class='ocr_line' id='line_1_71' title="bbox 2590 2607 3168 2677; baseline 0.003 -17"><span class='ocrx_word' id='word_1_440' title='bbox 2590 2607 2650 2660; x_wconf 82' lang='lat' dir='ltr'><strong>in</strong></span> <span class='ocrx_word' id='word_1_441' title='bbox 2682 2623 2819 2677; x_wconf 85' lang='lat' dir='ltr'><strong>pago</strong></span> <span class='ocrx_word' id='word_1_442' title='bbox 2854 2608 3168 2677; x_wconf 80' lang='lat' dir='ltr'><strong>Urgellensi.</strong></span> 
     </span>
    </p>
   </div>
   <div class='ocr_carea' id='block_1_72' title="bbox 2680 2696 3081 2766">
    <p class='ocr_par' dir='ltr' id='par_1_72' title="bbox 2680 2696 3081 2766">
     <span class='ocr_line' id='line_1_72' title="bbox 2680 2696 3081 2766; baseline 0 -17"><span class='ocrx_word' id='word_1_443' title='bbox 2680 2696 2866 2766; x_wconf 86' lang='lat' dir='ltr'><strong>(Anno</strong></span> <span class='ocrx_word' id='word_1_444' title='bbox 2901 2696 3081 2766; x_wconf 88' lang='grc'><strong>1099.)</strong></span> 
     </span>
    </p>
   </div>
   <div class='ocr_carea' id='block_1_73' title="bbox 2326 2781 3438 2855">
    <p class='ocr_par' dir='ltr' id='par_1_73' title="bbox 2326 2781 3438 2855">
     <span class='ocr_line' id='line_1_73' title="bbox 2326 2781 3438 2855; baseline 0.002 -19"><span class='ocrx_word' id='word_1_445' title='bbox 2326 2781 2575 2851; x_wconf 75' lang='lat' dir='ltr'><strong>[MARCA,</strong></span> <span class='ocrx_word' id='word_1_446' title='bbox 2608 2784 2787 2838; x_wconf 69' lang='lat' dir='ltr'><strong>Marsa</strong></span> <span class='ocrx_word' id='word_1_447' title='bbox 2817 2785 3135 2855; x_wconf 71' lang='lat' dir='ltr'><strong>Hispaniae,</strong></span> <span class='ocrx_word' id='word_1_448' title='bbox 3163 2800 3219 2855; x_wconf 91' lang='lat' dir='ltr'><strong>p.</strong></span> <span class='ocrx_word' id='word_1_449' title='bbox 3254 2784 3438 2855; x_wconf 84' lang='lat'>1208.]</span> 
     </span>
    </p>
   </div>
   <div class='ocr_carea' id='block_1_74' title="bbox 2129 2868 3706 2944">
    <p class='ocr_par' dir='ltr' id='par_1_74' title="bbox 2129 2868 3706 2944">
     <span class='ocr_line' id='line_1_74' title="bbox 2129 2868 3706 2944; baseline 0.003 -20"><span class='ocrx_word' id='word_1_450' title='bbox 2129 2868 2404 2925; x_wconf 76' lang='lat' dir='ltr'><strong>URBANUS</strong></span> <span class='ocrx_word' id='word_1_451' title='bbox 2435 2872 2763 2944; x_wconf 87' lang='lat' dir='ltr'><strong>episcopus.</strong></span> <span class='ocrx_word' id='word_1_452' title='bbox 2785 2888 2987 2928; x_wconf 91' lang='lat' dir='ltr'><strong>servus</strong></span> <span class='ocrx_word' id='word_1_453' title='bbox 3023 2888 3321 2927; x_wconf 89' lang='lat' dir='ltr'><strong>servorum</strong></span> <span class='ocrx_word' id='word_1_454' title='bbox 3355 2872 3473 2940; x_wconf 89' lang='lat' dir='ltr'><strong>Dei,</strong></span> <span class='ocrx_word' id='word_1_455' title='bbox 3496 2870 3706 2928; x_wconf 93' lang='lat' dir='ltr'><strong>dilecto</strong></span> 
     </span>
    </p>
   </div>
   <div class='ocr_carea' id='block_1_75' title="bbox 2022 2958 3705 3033">
    <p class='ocr_par' dir='ltr' id='par_1_75' title="bbox 2022 2958 3705 3033">
     <span class='ocr_line' id='line_1_75' title="bbox 2022 2958 3705 3033; baseline 0.002 -21"><span class='ocrx_word' id='word_1_456' title='bbox 2022 2994 2025 2995; x_wconf 51' lang='grc' dir='ltr'><em>ν</em></span> <span class='ocrx_word' id='word_1_457' title='bbox 2056 2958 2176 3014; x_wconf 81' lang='lat' dir='ltr'><strong>filio</strong></span> <span class='ocrx_word' id='word_1_458' title='bbox 2205 2959 2409 3025; x_wconf 73' lang='lat' dir='ltr'><strong>Perao,</strong></span> <span class='ocrx_word' id='word_1_459' title='bbox 2426 2960 2619 3015; x_wconf 88' lang='lat' dir='ltr'><strong>abbati</strong></span> <span class='ocrx_word' id='word_1_460' title='bbox 2644 2960 2981 3016; x_wconf 85' lang='lat' dir='ltr'><strong>monasterii</strong></span> <span class='ocrx_word' id='word_1_461' title='bbox 3003 2960 3200 3016; x_wconf 87' lang='lat' dir='ltr'><strong>Sancti</strong></span> <span class='ocrx_word' id='word_1_462' title='bbox 3222 2961 3705 3033; x_wconf 75' lang='lat' dir='ltr'><strong>Saturnini,quod</strong></span> 
     </span>
    </p>
   </div>
   <div class='ocr_carea' id='block_1_76' title="bbox 2057 3049 3712 3122">
    <p class='ocr_par' dir='ltr' id='par_1_76' title="bbox 2057 3049 3712 3122">
     <span class='ocr_line' id='line_1_76' title="bbox 2057 3049 3712 3122; baseline 0.001 -19"><span class='ocrx_word' id='word_1_463' title='bbox 2057 3049 2239 3103; x_wconf 90' lang='lat' dir='ltr'><strong>situm</strong></span> <span class='ocrx_word' id='word_1_464' title='bbox 2272 3054 2361 3104; x_wconf 90' lang='lat' dir='ltr'><strong>est</strong></span> <span class='ocrx_word' id='word_1_465' title='bbox 2390 3066 2568 3121; x_wconf 90' lang='lat' dir='ltr'><strong>prope</strong></span> <span class='ocrx_word' id='word_1_466' title='bbox 2597 3067 2831 3106; x_wconf 90' lang='lat' dir='ltr'><strong>amnem</strong></span> <span class='ocrx_word' id='word_1_467' title='bbox 2864 3049 3096 3105; x_wconf 79' lang='lat' dir='ltr'><strong>Valeriae</strong></span> <span class='ocrx_word' id='word_1_468' title='bbox 3129 3051 3188 3104; x_wconf 91' lang='lat' dir='ltr'><strong>in</strong></span> <span class='ocrx_word' id='word_1_469' title='bbox 3222 3049 3497 3121; x_wconf 87' lang='lat' dir='ltr'><strong>parochia</strong></span> <span class='ocrx_word' id='word_1_470' title='bbox 3518 3049 3712 3122; x_wconf 86' lang='lat' dir='ltr'><strong>Urgel-</strong></span> 
     </span>
    </p>
   </div>
   <div class='ocr_carea' id='block_1_77' title="bbox 2054 3135 3713 3211">
    <p class='ocr_par' dir='ltr' id='par_1_77' title="bbox 2054 3135 3713 3211">
     <span class='ocr_line' id='line_1_77' title="bbox 2054 3135 3713 3211; baseline 0.002 -22"><span class='ocrx_word' id='word_1_471' title='bbox 2054 3135 2225 3204; x_wconf 88' lang='lat' dir='ltr'><strong>lensi,</strong></span> <span class='ocrx_word' id='word_1_472' title='bbox 2254 3138 2499 3208; x_wconf 89' lang='lat' dir='ltr'><strong>ejusque</strong></span> <span class='ocrx_word' id='word_1_473' title='bbox 2529 3138 2967 3194; x_wconf 90' lang='lat' dir='ltr'><strong>successoribus</strong></span> <span class='ocrx_word' id='word_1_474' title='bbox 2997 3137 3343 3211; x_wconf 83' lang='lat' dir='ltr'><strong>regulariter</strong></span> <span class='ocrx_word' id='word_1_475' title='bbox 3372 3155 3713 3210; x_wconf 88' lang='lat' dir='ltr'><strong>promoven-</strong></span> 
     </span>
    </p>
   </div>
   <div class='ocr_carea' id='block_1_78' title="bbox 2060 3223 2642 3296">
    <p class='ocr_par' dir='ltr' id='par_1_78' title="bbox 2060 3223 2642 3296">
     <span class='ocr_line' id='line_1_78' title="bbox 2060 3223 2642 3296; baseline 0.002 -17"><span class='ocrx_word' id='word_1_476' title='bbox 2060 3223 2150 3279; x_wconf 91' lang='lat' dir='ltr'><strong>dis</strong></span> <span class='ocrx_word' id='word_1_477' title='bbox 2182 3225 2239 3278; x_wconf 91' lang='lat' dir='ltr'><strong>in</strong></span> <span class='ocrx_word' id='word_1_478' title='bbox 2274 3229 2642 3296; x_wconf 81' lang='lat' dir='ltr'><strong>perpetuum.</strong></span> 
     </span>
    </p>
   </div>
   <div class='ocr_carea' id='block_1_79' title="bbox 1977 3286 3709 3386">
    <p class='ocr_par' dir='ltr' id='par_1_79' title="bbox 1977 3286 3709 3386">
     <span class='ocr_line' id='line_1_79' title="bbox 1977 3286 3709 3386; baseline 0.002 -20"><span class='ocrx_word' id='word_1_479' title='bbox 1977 3286 2020 3352; x_wconf 68' lang='grc' dir='ltr'>Ο</span> <span class='ocrx_word' id='word_1_480' title='bbox 2132 3312 2242 3367; x_wconf 66' lang='lat' dir='ltr'><strong>Pia:</strong></span> <span class='ocrx_word' id='word_1_481' title='bbox 2274 3286 2600 3384; x_wconf 73' lang='lat' dir='ltr'><strong>postulatio</strong></span> <span class='ocrx_word' id='word_1_482' title='bbox 2648 3314 2970 3370; x_wconf 89' lang='lat' dir='ltr'><strong>voluntatis</strong></span> <span class='ocrx_word' id='word_1_483' title='bbox 3022 3314 3227 3369; x_wconf 80' lang='lat' dir='ltr'><strong>effectu</strong></span> <span class='ocrx_word' id='word_1_484' title='bbox 3287 3314 3459 3369; x_wconf 87' lang='lat' dir='ltr'><strong>debet</strong></span> <span class='ocrx_word' id='word_1_485' title='bbox 3514 3331 3709 3386; x_wconf 90' lang='lat' dir='ltr'><strong>prose-</strong></span> 
     </span>
    </p>
   </div>
   <div class='ocr_carea' id='block_1_80' title="bbox 2058 3402 3713 3475">
    <p class='ocr_par' dir='ltr' id='par_1_80' title="bbox 2058 3402 3713 3475">
     <span class='ocr_line' id='line_1_80' title="bbox 2058 3402 3713 3475; baseline 0.002 -20"><span class='ocrx_word' id='word_1_486' title='bbox 2058 3406 2274 3472; x_wconf 91' lang='lat' dir='ltr'><strong>quente</strong></span> <span class='ocrx_word' id='word_1_487' title='bbox 2306 3402 2606 3474; x_wconf 90' lang='lat' dir='ltr'><strong>compleri,</strong></span> <span class='ocrx_word' id='word_1_488' title='bbox 2641 3408 2933 3475; x_wconf 86' lang='lat' dir='ltr'><strong>quatenus</strong></span> <span class='ocrx_word' id='word_1_489' title='bbox 2965 3407 3023 3457; x_wconf 89' lang='lat' dir='ltr'><strong>et</strong></span> <span class='ocrx_word' id='word_1_490' title='bbox 3051 3402 3374 3458; x_wconf 90' lang='lat' dir='ltr'><strong>devotionis</strong></span> <span class='ocrx_word' id='word_1_491' title='bbox 3406 3402 3713 3459; x_wconf 88' lang='lat' dir='ltr'><strong>sinceritas</strong></span> 
     </span>
    </p>
   </div>
   <div class='ocr_carea' id='block_1_81' title="bbox 2052 3488 3714 3562">
    <p class='ocr_par' dir='ltr' id='par_1_81' title="bbox 2052 3488 3714 3562">
     <span class='ocr_line' id='line_1_81' title="bbox 2052 3488 3714 3562; baseline 0.001 -19"><span class='ocrx_word' id='word_1_492' title='bbox 2052 3488 2427 3545; x_wconf 89' lang='lat' dir='ltr'><strong>laudabiliter</strong></span> <span class='ocrx_word' id='word_1_493' title='bbox 2457 3491 2761 3558; x_wconf 89' lang='lat' dir='ltr'><strong>enitescat,</strong></span> <span class='ocrx_word' id='word_1_494' title='bbox 2793 3495 2850 3545; x_wconf 89' lang='lat' dir='ltr'><strong>et</strong></span> <span class='ocrx_word' id='word_1_495' title='bbox 2878 3489 3100 3545; x_wconf 87' lang='lat' dir='ltr'><strong>utilitas</strong></span> <span class='ocrx_word' id='word_1_496' title='bbox 3132 3490 3425 3562; x_wconf 89' lang='lat' dir='ltr'><strong>postulata</strong></span> <span class='ocrx_word' id='word_1_497' title='bbox 3458 3492 3610 3547; x_wconf 90' lang='lat' dir='ltr'><strong>vires</strong></span> <span class='ocrx_word' id='word_1_498' title='bbox 3632 3492 3714 3546; x_wconf 89' lang='lat' dir='ltr'><strong>in-</strong></span> 
     </span>
    </p>
   </div>
   <div class='ocr_carea' id='block_1_82' title="bbox 2056 3577 3713 3651">
    <p class='ocr_par' dir='ltr' id='par_1_82' title="bbox 2056 3577 3713 3651">
     <span class='ocr_line' id='line_1_82' title="bbox 2056 3577 3713 3651; baseline 0.002 -20"><span class='ocrx_word' id='word_1_499' title='bbox 2056 3577 2392 3633; x_wconf 89' lang='lat' dir='ltr'><strong>dubitanter</strong></span> <span class='ocrx_word' id='word_1_500' title='bbox 2406 3584 2689 3635; x_wconf 89' lang='lat' dir='ltr'><strong>assumat.</strong></span> <span class='ocrx_word' id='word_1_501' title='bbox 2709 3579 2952 3634; x_wconf 89' lang='lat' dir='ltr'><strong>Proinde</strong></span> <span class='ocrx_word' id='word_1_502' title='bbox 2968 3596 3073 3634; x_wconf 90' lang='lat' dir='ltr'><strong>nos</strong></span> <span class='ocrx_word' id='word_1_503' title='bbox 3090 3578 3469 3651; x_wconf 89' lang='lat' dir='ltr'><strong>postulationi</strong></span> <span class='ocrx_word' id='word_1_504' title='bbox 3488 3584 3599 3635; x_wconf 69' lang='lat' dir='ltr'><strong>tuas</strong></span> <span class='ocrx_word' id='word_1_505' title='bbox 3613 3596 3713 3651; x_wconf 90' lang='lat' dir='ltr'><strong>pa-</strong></span> 
     </span>
    </p>
   </div>
   <div class='ocr_carea' id='block_1_83' title="bbox 2056 3667 3713 3739">
    <p class='ocr_par' dir='ltr' id='par_1_83' title="bbox 2056 3667 3713 3739">
     <span class='ocr_line' id='line_1_83' title="bbox 2056 3667 3713 3739; baseline 0.001 -18"><span class='ocrx_word' id='word_1_506' title='bbox 2056 3671 2229 3722; x_wconf 67' lang='lat' dir='ltr'><strong>terna:</strong></span> <span class='ocrx_word' id='word_1_507' title='bbox 2256 3667 2631 3739; x_wconf 83' lang='lat' dir='ltr'><strong>benignitatis</strong></span> <span class='ocrx_word' id='word_1_508' title='bbox 2654 3668 3161 3724; x_wconf 86' lang='lat' dir='ltr'><strong>accommodantes</strong></span> <span class='ocrx_word' id='word_1_509' title='bbox 3209 3684 3538 3736; x_wconf 88' lang='lat' dir='ltr'><strong>assensum,</strong></span> <span class='ocrx_word' id='word_1_510' title='bbox 3560 3668 3713 3725; x_wconf 87' lang='lat' dir='ltr'><strong>beati</strong></span> 
     </span>
    </p>
   </div>
   <div class='ocr_carea' id='block_1_84' title="bbox 2056 3756 3713 3823">
    <p class='ocr_par' dir='ltr' id='par_1_84' title="bbox 2056 3756 3713 3823">
     <span class='ocr_line' id='line_1_84' title="bbox 2056 3756 3713 3823; baseline 0.001 -11"><span class='ocrx_word' id='word_1_511' title='bbox 2056 3756 2357 3812; x_wconf 86' lang='lat' dir='ltr'><strong>Saturnini</strong></span> <span class='ocrx_word' id='word_1_512' title='bbox 2390 3757 2722 3813; x_wconf 86' lang='lat' dir='ltr'><strong>venerabile</strong></span> <span class='ocrx_word' id='word_1_513' title='bbox 2747 3757 3195 3823; x_wconf 89' lang='lat' dir='ltr'><strong>monasterium,</strong></span> <span class='ocrx_word' id='word_1_514' title='bbox 3219 3757 3310 3812; x_wconf 91' lang='lat' dir='ltr'><strong>cui</strong></span> <span class='ocrx_word' id='word_1_515' title='bbox 3344 3762 3577 3813; x_wconf 88' lang='lat' dir='ltr'><strong>auctore</strong></span> <span class='ocrx_word' id='word_1_516' title='bbox 3598 3758 3713 3813; x_wconf 92' lang='lat' dir='ltr'><strong>Deo</strong></span> 
     </span>
    </p>
   </div>
   <div class='ocr_carea' id='block_1_85' title="bbox 2059 3844 3715 3918">
    <p class='ocr_par' dir='ltr' id='par_1_85' title="bbox 2059 3844 3715 3918">
     <span class='ocr_line' id='line_1_85' title="bbox 2059 3844 3715 3918; baseline 0.001 -20"><span class='ocrx_word' id='word_1_517' title='bbox 2059 3845 2357 3916; x_wconf 81' lang='lat' dir='ltr'><strong>praesides,</strong></span> <span class='ocrx_word' id='word_1_518' title='bbox 2383 3846 2492 3901; x_wconf 90' lang='lat' dir='ltr'><strong>sub</strong></span> <span class='ocrx_word' id='word_1_519' title='bbox 2517 3845 2846 3918; x_wconf 81' lang='lat' dir='ltr'><strong>apostolicae</strong></span> <span class='ocrx_word' id='word_1_520' title='bbox 2870 3846 3028 3903; x_wconf 90' lang='lat' dir='ltr'><strong>sedis</strong></span> <span class='ocrx_word' id='word_1_521' title='bbox 3049 3845 3234 3902; x_wconf 89' lang='lat' dir='ltr'><strong>tutela</strong></span> <span class='ocrx_word' id='word_1_522' title='bbox 3259 3844 3638 3918; x_wconf 89' lang='lat' dir='ltr'><strong>suscipimus,</strong></span> <span class='ocrx_word' id='word_1_523' title='bbox 3658 3849 3715 3901; x_wconf 91' lang='lat' dir='ltr'><strong>et</strong></span> 
     </span>
    </p>
   </div>
   <div class='ocr_carea' id='block_1_86' title="bbox 2059 3932 3711 4007">
    <p class='ocr_par' dir='ltr' id='par_1_86' title="bbox 2059 3932 3711 4007">
     <span class='ocr_line' id='line_1_86' title="bbox 2059 3932 3711 4007; baseline 0.001 -19"><span class='ocrx_word' id='word_1_524' title='bbox 2059 3932 2117 3988; x_wconf 87' lang='lat' dir='ltr'><strong>in</strong></span> <span class='ocrx_word' id='word_1_525' title='bbox 2148 3950 2216 3989; x_wconf 90' lang='lat' dir='ltr'><strong>ea</strong></span> <span class='ocrx_word' id='word_1_526' title='bbox 2254 3950 2487 4006; x_wconf 89' lang='lat' dir='ltr'><strong>semper</strong></span> <span class='ocrx_word' id='word_1_527' title='bbox 2529 3934 2796 3990; x_wconf 88' lang='lat' dir='ltr'><strong>libertate</strong></span> <span class='ocrx_word' id='word_1_528' title='bbox 2846 3952 3082 3991; x_wconf 90' lang='lat' dir='ltr'><strong>manere</strong></span> <span class='ocrx_word' id='word_1_529' title='bbox 3130 3934 3501 3990; x_wconf 89' lang='lat' dir='ltr'><strong>decernimus</strong></span> <span class='ocrx_word' id='word_1_530' title='bbox 3534 3951 3711 4007; x_wconf 91' lang='lat' dir='ltr'><strong>quam</strong></span> 
     </span>
    </p>
   </div>
   <div class='ocr_carea' id='block_1_87' title="bbox 2060 4021 3716 4095">
    <p class='ocr_par' dir='ltr' id='par_1_87' title="bbox 2060 4021 3716 4095">
     <span class='ocr_line' id='line_1_87' title="bbox 2060 4021 3716 4095; baseline -0.001 -17"><span class='ocrx_word' id='word_1_531' title='bbox 2060 4021 2303 4095; x_wconf 67' lang='lat' dir='ltr'><strong>egregia:</strong></span> <span class='ocrx_word' id='word_1_532' title='bbox 2355 4023 2646 4079; x_wconf 61' lang='lat' dir='ltr'><strong>memorias</strong></span> <span class='ocrx_word' id='word_1_533' title='bbox 2692 4023 2931 4079; x_wconf 89' lang='lat' dir='ltr'><strong>Carolus</strong></span> <span class='ocrx_word' id='word_1_534' title='bbox 2981 4023 3301 4095; x_wconf 88' lang='lat' dir='ltr'><strong>imperator</strong></span> <span class='ocrx_word' id='word_1_535' title='bbox 3351 4023 3625 4090; x_wconf 90' lang='lat' dir='ltr'><strong>instituit,</strong></span> <span class='ocrx_word' id='word_1_536' title='bbox 3658 4025 3716 4078; x_wconf 88' lang='lat' dir='ltr'><strong>et</strong></span> 
     </span>
    </p>
   </div>
   <div class='ocr_carea' id='block_1_88' title="bbox 2062 4111 3713 4185">
    <p class='ocr_par' dir='ltr' id='par_1_88' title="bbox 2062 4111 3713 4185">
     <span class='ocr_line' id='line_1_88' title="bbox 2062 4111 3713 4185; baseline 0.001 -19"><span class='ocrx_word' id='word_1_537' title='bbox 2062 4111 2197 4178; x_wconf 91' lang='lat' dir='ltr'><strong>Lco,</strong></span> <span class='ocrx_word' id='word_1_538' title='bbox 2222 4113 2567 4168; x_wconf 86' lang='lat' dir='ltr'><strong>venerabilis</strong></span> <span class='ocrx_word' id='word_1_539' title='bbox 2615 4118 2827 4168; x_wconf 66' lang='lat' dir='ltr'><strong>sanctae</strong></span> <span class='ocrx_word' id='word_1_540' title='bbox 2869 4112 3024 4168; x_wconf 89' lang='lat' dir='ltr'><strong>sedis</strong></span> <span class='ocrx_word' id='word_1_541' title='bbox 3057 4112 3386 4185; x_wconf 66' lang='lat' dir='ltr'><strong>apostolicae</strong></span> <span class='ocrx_word' id='word_1_542' title='bbox 3436 4111 3713 4184; x_wconf 86' lang='lat' dir='ltr'><strong>pontifex,</strong></span> 
     </span>
    </p>
   </div>
   <div class='ocr_carea' id='block_1_89' title="bbox 2062 4199 3717 4274">
    <p class='ocr_par' dir='ltr' id='par_1_89' title="bbox 2062 4199 3717 4274">
     <span class='ocr_line' id='line_1_89' title="bbox 2062 4199 3717 4274; baseline 0.001 -20"><span class='ocrx_word' id='word_1_543' title='bbox 2062 4199 2349 4273; x_wconf 86' lang='lat' dir='ltr'><strong>privilegii</strong></span> <span class='ocrx_word' id='word_1_544' title='bbox 2372 4202 2671 4258; x_wconf 90' lang='lat' dir='ltr'><strong>sanctione</strong></span> <span class='ocrx_word' id='word_1_545' title='bbox 2692 4203 2968 4267; x_wconf 78' lang='lat' dir='ltr'><strong>firmavit,</strong></span> <span class='ocrx_word' id='word_1_546' title='bbox 2983 4207 3040 4258; x_wconf 92' lang='lat' dir='ltr'><strong>et</strong></span> <span class='ocrx_word' id='word_1_547' title='bbox 3060 4201 3443 4274; x_wconf 87' lang='lat' dir='ltr'><strong>provinciales</strong></span> <span class='ocrx_word' id='word_1_548' title='bbox 3459 4199 3717 4273; x_wconf 90' lang='lat' dir='ltr'><strong>episcopi</strong></span> 
     </span>
    </p>
   </div>
   <div class='ocr_carea' id='block_1_90' title="bbox 2064 4290 3718 4362">
    <p class='ocr_par' dir='ltr' id='par_1_90' title="bbox 2064 4290 3718 4362">
     <span class='ocr_line' id='line_1_90' title="bbox 2064 4290 3718 4362; baseline -0.001 -17"><span class='ocrx_word' id='word_1_549' title='bbox 2064 4290 2416 4362; x_wconf 89' lang='lat' dir='ltr'><strong>scriptorum</strong></span> <span class='ocrx_word' id='word_1_550' title='bbox 2450 4293 2874 4348; x_wconf 89' lang='lat' dir='ltr'><strong>assertionibus</strong></span> <span class='ocrx_word' id='word_1_551' title='bbox 2897 4296 3341 4357; x_wconf 85' lang='lat' dir='ltr'><strong>consenserunt,</strong></span> <span class='ocrx_word' id='word_1_552' title='bbox 3360 4299 3426 4346; x_wconf 90' lang='lat' dir='ltr'><strong>ut</strong></span> <span class='ocrx_word' id='word_1_553' title='bbox 3449 4290 3718 4346; x_wconf 89' lang='lat' dir='ltr'><strong>videlicet</strong></span> 
     </span>
    </p>
   </div>
   <div class='ocr_carea' id='block_1_91' title="bbox 2066 4376 3719 4453">
    <p class='ocr_par' dir='ltr' id='par_1_91' title="bbox 2066 4376 3719 4453">
     <span class='ocr_line' id='line_1_91' title="bbox 2066 4376 3719 4453; baseline -0.002 -19"><span class='ocrx_word' id='word_1_554' title='bbox 2066 4380 2178 4435; x_wconf 92' lang='lat' dir='ltr'><strong>sub</strong></span> <span class='ocrx_word' id='word_1_555' title='bbox 2201 4380 2337 4450; x_wconf 90' lang='lat' dir='ltr'><strong>jure</strong></span> <span class='ocrx_word' id='word_1_556' title='bbox 2367 4396 2599 4453; x_wconf 89' lang='lat' dir='ltr'><strong>semper</strong></span> <span class='ocrx_word' id='word_1_557' title='bbox 2624 4385 2682 4437; x_wconf 93' lang='lat' dir='ltr'><strong>et</strong></span> <span class='ocrx_word' id='word_1_558' title='bbox 2710 4382 3062 4453; x_wconf 87' lang='lat' dir='ltr'><strong>proprietate</strong></span> <span class='ocrx_word' id='word_1_559' title='bbox 3093 4379 3250 4434; x_wconf 89' lang='lat' dir='ltr'><strong>sedis</strong></span> <span class='ocrx_word' id='word_1_560' title='bbox 3282 4376 3613 4449; x_wconf 71' lang='lat' dir='ltr'><strong>apostolica:</strong></span> <span class='ocrx_word' id='word_1_561' title='bbox 3640 4376 3719 4432; x_wconf 89' lang='lat' dir='ltr'><strong>lo-</strong></span> 
     </span>
    </p>
   </div>
   <div class='ocr_carea' id='block_1_92' title="bbox 2067 4464 3719 4541">
    <p class='ocr_par' dir='ltr' id='par_1_92' title="bbox 2067 4464 3719 4541">
     <span class='ocr_line' id='line_1_92' title="bbox 2067 4464 3719 4541; baseline -0.003 -18"><span class='ocrx_word' id='word_1_562' title='bbox 2067 4484 2171 4524; x_wconf 89' lang='lat' dir='ltr'><strong>cus</strong></span> <span class='ocrx_word' id='word_1_563' title='bbox 2202 4469 2326 4541; x_wconf 82' lang='lat' dir='ltr'><strong>ipse</strong></span> <span class='ocrx_word' id='word_1_564' title='bbox 2348 4475 2627 4535; x_wconf 91' lang='lat' dir='ltr'><strong>servetur,</strong></span> <span class='ocrx_word' id='word_1_565' title='bbox 2656 4470 2818 4525; x_wconf 90' lang='lat' dir='ltr'><strong>nulla</strong></span> <span class='ocrx_word' id='word_1_566' title='bbox 2853 4484 3029 4541; x_wconf 90' lang='lat' dir='ltr'><strong>super</strong></span> <span class='ocrx_word' id='word_1_567' title='bbox 3057 4484 3192 4523; x_wconf 88' lang='lat' dir='ltr'><strong>cum</strong></span> <span class='ocrx_word' id='word_1_568' title='bbox 3213 4464 3438 4522; x_wconf 87' lang='lat' dir='ltr'><strong>laicalis</strong></span> <span class='ocrx_word' id='word_1_569' title='bbox 3468 4481 3719 4537; x_wconf 88' lang='lat' dir='ltr'><strong>persona</strong></span> 
     </span>
    </p>
   </div>
   <div class='ocr_carea' id='block_1_93' title="bbox 2068 4552 3721 4629">
    <p class='ocr_par' dir='ltr' id='par_1_93' title="bbox 2068 4552 3721 4629">
     <span class='ocr_line' id='line_1_93' title="bbox 2068 4552 3721 4629; baseline -0.002 -17"><span class='ocrx_word' id='word_1_570' title='bbox 2068 4558 2434 4613; x_wconf 89' lang='lat' dir='ltr'><strong>dominatum</strong></span> <span class='ocrx_word' id='word_1_571' title='bbox 2458 4563 2737 4625; x_wconf 81' lang='lat' dir='ltr'><strong>exerceat,</strong></span> <span class='ocrx_word' id='word_1_572' title='bbox 2762 4559 2861 4615; x_wconf 88' lang='lat' dir='ltr'><strong>sed</strong></span> <span class='ocrx_word' id='word_1_573' title='bbox 2896 4557 3111 4629; x_wconf 89' lang='lat' dir='ltr'><strong>placita</strong></span> <span class='ocrx_word' id='word_1_574' title='bbox 3130 4554 3329 4611; x_wconf 88' lang='lat' dir='ltr'><strong>omnia</strong></span> <span class='ocrx_word' id='word_1_575' title='bbox 3355 4552 3474 4609; x_wconf 90' lang='lat' dir='ltr'><strong>sive</strong></span> <span class='ocrx_word' id='word_1_576' title='bbox 3502 4552 3721 4624; x_wconf 86' lang='lat' dir='ltr'><strong>judicia</strong></span> 
     </span>
    </p>
   </div>
   <div class='ocr_carea' id='block_1_94' title="bbox 295 4641 3722 4718">
    <p class='ocr_par' dir='ltr' id='par_1_94' title="bbox 295 4641 3722 4718">
     <span class='ocr_line' id='line_1_94' title="bbox 295 4641 3722 4718; baseline -0.001 -19"><span class='ocrx_word' id='word_1_577' title='bbox 295 4644 803 4700; x_wconf 87' lang='lat' dir='ltr'><strong>consecrationum</strong></span> <span class='ocrx_word' id='word_1_578' title='bbox 825 4652 1194 4703; x_wconf 87' lang='lat' dir='ltr'><strong>sacramenta</strong></span> <span class='ocrx_word' id='word_1_579' title='bbox 1215 4646 1535 4718; x_wconf 89' lang='lat' dir='ltr'><strong>suscipere,</strong></span> <span class='ocrx_word' id='word_1_580' title='bbox 1549 4646 1636 4703; x_wconf 90' lang='lat' dir='ltr'><strong>vel</strong></span> <span class='ocrx_word' id='word_1_581' title='bbox 1660 4647 1732 4702; x_wconf 92' lang='lat' dir='ltr'><strong>ad</strong></span> <span class='ocrx_word' id='word_1_582' title='bbox 1754 4645 1952 4702; x_wconf 89' lang='lat' dir='ltr'><strong>sedem</strong></span> <span class='ocrx_word' id='word_1_583' title='bbox 1985 4651 2031 4715; x_wconf 79' lang='grc' dir='ltr'>Π</span> <span class='ocrx_word' id='word_1_584' title='bbox 2062 4650 2119 4702; x_wconf 91' lang='lat' dir='ltr'><strong>et</strong></span> <span class='ocrx_word' id='word_1_585' title='bbox 2148 4646 2542 4704; x_wconf 89' lang='lat' dir='ltr'><strong>districtiones</strong></span> <span class='ocrx_word' id='word_1_586' title='bbox 2563 4648 2828 4703; x_wconf 89' lang='lat' dir='ltr'><strong>omnium</strong></span> <span class='ocrx_word' id='word_1_587' title='bbox 2858 4646 3047 4703; x_wconf 89' lang='lat' dir='ltr'><strong>eidem</strong></span> <span class='ocrx_word' id='word_1_588' title='bbox 3082 4646 3140 4700; x_wconf 92' lang='lat' dir='ltr'><strong>in</strong></span> <span class='ocrx_word' id='word_1_589' title='bbox 3166 4641 3521 4699; x_wconf 89' lang='lat' dir='ltr'><strong>monasterio</strong></span> <span class='ocrx_word' id='word_1_590' title='bbox 3552 4641 3722 4714; x_wconf 84' lang='lat' dir='ltr'><strong>perti-</strong></span> 
     </span>
    </p>
   </div>
   <div class='ocr_carea' id='block_1_95' title="bbox 296 4731 1953 4807">
    <p class='ocr_par' dir='ltr' id='par_1_95' title="bbox 296 4731 1953 4807">
     <span class='ocr_line' id='line_1_95' title="bbox 296 4731 1953 4807; baseline 0.002 -20"><span class='ocrx_word' id='word_1_591' title='bbox 296 4731 680 4805; x_wconf 87' lang='lat' dir='ltr'><strong>apostolicam</strong></span> <span class='ocrx_word' id='word_1_592' title='bbox 703 4750 1019 4803; x_wconf 89' lang='lat' dir='ltr'><strong>recurrere,</strong></span> <span class='ocrx_word' id='word_1_593' title='bbox 1036 4736 1136 4807; x_wconf 90' lang='lat' dir='ltr'><strong>qui</strong></span> <span class='ocrx_word' id='word_1_594' title='bbox 1156 4734 1340 4791; x_wconf 89' lang='lat' dir='ltr'><strong>fultus</strong></span> <span class='ocrx_word' id='word_1_595' title='bbox 1364 4735 1705 4791; x_wconf 88' lang='lat' dir='ltr'><strong>auctoritate</strong></span> <span class='ocrx_word' id='word_1_596' title='bbox 1725 4738 1953 4806; x_wconf 88' lang='lat' dir='ltr'><strong>aposto-</strong></span> 
     </span>
    </p>
   </div>
   <div class='ocr_carea' id='block_1_96' title="bbox 260 4819 1954 4897">
    <p class='ocr_par' dir='ltr' id='par_1_96' title="bbox 260 4819 1954 4897">
     <span class='ocr_line' id='line_1_96' title="bbox 260 4819 1954 4897; baseline 0.001 -20"><span class='ocrx_word' id='word_1_597' title='bbox 260 4846 272 4855; x_wconf 78' lang='grc' dir='ltr'><strong><em>ο</em></strong></span> <span class='ocrx_word' id='word_1_598' title='bbox 297 4819 411 4877; x_wconf 90' lang='lat' dir='ltr'><strong>lica</strong></span> <span class='ocrx_word' id='word_1_599' title='bbox 440 4820 565 4878; x_wconf 91' lang='lat' dir='ltr'><strong>sine</strong></span> <span class='ocrx_word' id='word_1_600' title='bbox 597 4823 982 4897; x_wconf 90' lang='lat' dir='ltr'><strong>ambiguitate</strong></span> <span class='ocrx_word' id='word_1_601' title='bbox 1030 4824 1325 4897; x_wconf 89' lang='lat' dir='ltr'><strong>postulata</strong></span> <span class='ocrx_word' id='word_1_602' title='bbox 1363 4824 1659 4881; x_wconf 82' lang='lat' dir='ltr'><strong>concedat.</strong></span> <span class='ocrx_word' id='word_1_603' title='bbox 1684 4824 1834 4879; x_wconf 89' lang='lat' dir='ltr'><strong>Sane</strong></span> <span class='ocrx_word' id='word_1_604' title='bbox 1863 4840 1954 4879; x_wconf 90' lang='lat' dir='ltr'><strong>se-</strong></span> 
     </span>
    </p>
   </div>
   <div class='ocr_carea' id='block_1_97' title="bbox 299 4908 1956 4985">
    <p class='ocr_par' dir='ltr' id='par_1_97' title="bbox 299 4908 1956 4985">
     <span class='ocr_line' id='line_1_97' title="bbox 299 4908 1956 4985; baseline 0.002 -20"><span class='ocrx_word' id='word_1_605' title='bbox 299 4908 601 4982; x_wconf 89' lang='lat' dir='ltr'><strong>pulturam</strong></span> <span class='ocrx_word' id='word_1_606' title='bbox 622 4913 886 4985; x_wconf 90' lang='lat' dir='ltr'><strong>ejusdem</strong></span> <span class='ocrx_word' id='word_1_607' title='bbox 917 4912 1027 4969; x_wconf 92' lang='lat' dir='ltr'>loci</span> <span class='ocrx_word' id='word_1_608' title='bbox 1055 4915 1294 4970; x_wconf 89' lang='lat' dir='ltr'><strong>omnino</strong></span> <span class='ocrx_word' id='word_1_609' title='bbox 1325 4914 1570 4970; x_wconf 89' lang='lat' dir='ltr'><strong>liberam</strong></span> <span class='ocrx_word' id='word_1_610' title='bbox 1603 4929 1731 4969; x_wconf 90' lang='lat' dir='ltr'><strong>esse</strong></span> <span class='ocrx_word' id='word_1_611' title='bbox 1758 4914 1956 4969; x_wconf 89' lang='lat' dir='ltr'><strong>decer-</strong></span> 
     </span>
    </p>
   </div>
   <div class='ocr_carea' id='block_1_98' title="bbox 301 5000 1958 5075">
    <p class='ocr_par' dir='ltr' id='par_1_98' title="bbox 301 5000 1958 5075">
     <span class='ocr_line' id='line_1_98' title="bbox 301 5000 1958 5075; baseline 0.001 -21"><span class='ocrx_word' id='word_1_612' title='bbox 301 5000 520 5067; x_wconf 90' lang='lat' dir='ltr'><strong>nimus,</strong></span> <span class='ocrx_word' id='word_1_613' title='bbox 554 5004 621 5056; x_wconf 92' lang='lat' dir='ltr'><strong>ut</strong></span> <span class='ocrx_word' id='word_1_614' title='bbox 656 5002 859 5057; x_wconf 89' lang='lat' dir='ltr'><strong>eorum</strong></span> <span class='ocrx_word' id='word_1_615' title='bbox 909 5002 1007 5075; x_wconf 91' lang='lat' dir='ltr'><strong>qui</strong></span> <span class='ocrx_word' id='word_1_616' title='bbox 1057 5002 1177 5059; x_wconf 91' lang='lat' dir='ltr'><strong>illic</strong></span> <span class='ocrx_word' id='word_1_617' title='bbox 1226 5002 1458 5075; x_wconf 88' lang='lat' dir='ltr'><strong>sepeliri</strong></span> <span class='ocrx_word' id='word_1_618' title='bbox 1511 5001 1958 5058; x_wconf 88' lang='lat' dir='ltr'><strong>deliberaverint</strong></span> 
     </span>
    </p>
   </div>
   <div class='ocr_carea' id='block_1_99' title="bbox 302 5088 1954 5160">
    <p class='ocr_par' dir='ltr' id='par_1_99' title="bbox 302 5088 1954 5160">
     <span class='ocr_line' id='line_1_99' title="bbox 302 5088 1954 5160; baseline 0.002 -16"><span class='ocrx_word' id='word_1_619' title='bbox 302 5088 592 5145; x_wconf 88' lang='lat' dir='ltr'><strong>devotioni</strong></span> <span class='ocrx_word' id='word_1_620' title='bbox 624 5093 680 5146; x_wconf 92' lang='lat' dir='ltr'><strong>et</strong></span> <span class='ocrx_word' id='word_1_621' title='bbox 709 5095 978 5147; x_wconf 65' lang='lat' dir='ltr'><strong>extremae</strong></span> <span class='ocrx_word' id='word_1_622' title='bbox 1025 5092 1336 5160; x_wconf 89' lang='lat' dir='ltr'><strong>voluntati,</strong></span> <span class='ocrx_word' id='word_1_623' title='bbox 1367 5092 1480 5148; x_wconf 90' lang='lat' dir='ltr'><strong>nisi</strong></span> <span class='ocrx_word' id='word_1_624' title='bbox 1530 5092 1675 5147; x_wconf 83' lang='lat' dir='ltr'><strong>forte</strong></span> <span class='ocrx_word' id='word_1_625' title='bbox 1725 5108 1954 5147; x_wconf 82' lang='lat' dir='ltr'><strong>excom-</strong></span> 
     </span>
    </p>
   </div>
   <div class='ocr_carea' id='block_1_100' title="bbox 300 5177 1958 5245">
    <p class='ocr_par' dir='ltr' id='par_1_100' title="bbox 300 5177 1958 5245">
     <span class='ocr_line' id='line_1_100' title="bbox 300 5177 1958 5245; baseline 0.002 -13"><span class='ocrx_word' id='word_1_626' title='bbox 300 5177 587 5233; x_wconf 88' lang='lat' dir='ltr'><strong>municati</strong></span> <span class='ocrx_word' id='word_1_627' title='bbox 610 5178 750 5245; x_wconf 90' lang='lat' dir='ltr'><strong>sint,</strong></span> <span class='ocrx_word' id='word_1_628' title='bbox 765 5196 936 5236; x_wconf 90' lang='lat' dir='ltr'><strong>nemo</strong></span> <span class='ocrx_word' id='word_1_629' title='bbox 954 5180 1218 5237; x_wconf 89' lang='lat' dir='ltr'><strong>obsistat.</strong></span> <span class='ocrx_word' id='word_1_630' title='bbox 1236 5181 1436 5238; x_wconf 86' lang='lat' dir='ltr'><strong>Laicos</strong></span> <span class='ocrx_word' id='word_1_631' title='bbox 1453 5181 1575 5237; x_wconf 91' lang='lat' dir='ltr'><strong>sive</strong></span> <span class='ocrx_word' id='word_1_632' title='bbox 1596 5180 1835 5236; x_wconf 91' lang='lat' dir='ltr'><strong>clericos</strong></span> <span class='ocrx_word' id='word_1_633' title='bbox 1859 5197 1958 5236; x_wconf 70' lang='lat' dir='ltr'><strong>sae-</strong></span> 
     </span>
    </p>
   </div>
   <div class='ocr_carea' id='block_1_101' title="bbox 303 5265 1955 5342">
    <p class='ocr_par' dir='ltr' id='par_1_101' title="bbox 303 5265 1955 5342">
     <span class='ocr_line' id='line_1_101' title="bbox 303 5265 1955 5342; baseline 0.001 -22"><span class='ocrx_word' id='word_1_634' title='bbox 303 5265 531 5322; x_wconf 90' lang='lat' dir='ltr'><strong>culares</strong></span> <span class='ocrx_word' id='word_1_635' title='bbox 560 5266 634 5322; x_wconf 91' lang='lat' dir='ltr'><strong>ad</strong></span> <span class='ocrx_word' id='word_1_636' title='bbox 666 5269 1105 5325; x_wconf 88' lang='lat' dir='ltr'><strong>conversionem</strong></span> <span class='ocrx_word' id='word_1_637' title='bbox 1127 5270 1425 5342; x_wconf 89' lang='lat' dir='ltr'><strong>suscipere</strong></span> <span class='ocrx_word' id='word_1_638' title='bbox 1454 5268 1676 5324; x_wconf 89' lang='lat' dir='ltr'><strong>nullius</strong></span> <span class='ocrx_word' id='word_1_639' title='bbox 1696 5268 1955 5340; x_wconf 90' lang='lat' dir='ltr'><strong>episcopi</strong></span> 
     </span>
    </p>
   </div>
   <div class='ocr_carea' id='block_1_102' title="bbox 301 5353 1957 5427">
    <p class='ocr_par' dir='ltr' id='par_1_102' title="bbox 301 5353 1957 5427">
     <span class='ocr_line' id='line_1_102' title="bbox 301 5353 1957 5427; baseline 0.002 -19"><span class='ocrx_word' id='word_1_640' title='bbox 301 5353 387 5409; x_wconf 91' lang='lat' dir='ltr'><strong>vel</strong></span> <span class='ocrx_word' id='word_1_641' title='bbox 418 5355 713 5427; x_wconf 67' lang='lat' dir='ltr'><strong>praepositi</strong></span> <span class='ocrx_word' id='word_1_642' title='bbox 745 5357 1127 5414; x_wconf 89' lang='lat' dir='ltr'><strong>contradictio</strong></span> <span class='ocrx_word' id='word_1_643' title='bbox 1156 5376 1255 5415; x_wconf 85' lang='lat' dir='ltr'><strong>vos</strong></span> <span class='ocrx_word' id='word_1_644' title='bbox 1296 5358 1577 5413; x_wconf 85' lang='lat' dir='ltr'><strong>inhibeat.</strong></span> <span class='ocrx_word' id='word_1_645' title='bbox 1611 5357 1870 5413; x_wconf 88' lang='lat' dir='ltr'><strong>Obeunte</strong></span> <span class='ocrx_word' id='word_1_646' title='bbox 1903 5364 1957 5413; x_wconf 87' lang='lat' dir='ltr'><strong>te</strong></span> 
     </span>
    </p>
   </div>
   <div class='ocr_carea' id='block_1_103' title="bbox 304 5444 1954 5519">
    <p class='ocr_par' dir='ltr' id='par_1_103' title="bbox 304 5444 1954 5519">
     <span class='ocr_line' id='line_1_103' title="bbox 304 5444 1954 5519; baseline 0.002 -23"><span class='ocrx_word' id='word_1_647' title='bbox 304 5457 459 5498; x_wconf 91' lang='lat' dir='ltr'><strong>nunc</strong></span> <span class='ocrx_word' id='word_1_648' title='bbox 478 5445 747 5514; x_wconf 89' lang='lat' dir='ltr'><strong>ejusdem</strong></span> <span class='ocrx_word' id='word_1_649' title='bbox 779 5444 888 5501; x_wconf 92' lang='lat' dir='ltr'>loci</span> <span class='ocrx_word' id='word_1_650' title='bbox 914 5446 1245 5514; x_wconf 87' lang='lat' dir='ltr'><strong>abbatc,vel</strong></span> <span class='ocrx_word' id='word_1_651' title='bbox 1277 5450 1514 5503; x_wconf 89' lang='lat' dir='ltr'><strong>tuorum</strong></span> <span class='ocrx_word' id='word_1_652' title='bbox 1537 5445 1797 5519; x_wconf 89' lang='lat' dir='ltr'><strong>quolibet</strong></span> <span class='ocrx_word' id='word_1_653' title='bbox 1822 5462 1954 5500; x_wconf 90' lang='lat' dir='ltr'><strong>suc-</strong></span> 
     </span>
    </p>
   </div>
   <div class='ocr_carea' id='block_1_104' title="bbox 304 5532 1955 5608">
    <p class='ocr_par' dir='ltr' id='par_1_104' title="bbox 304 5532 1955 5608">
     <span class='ocr_line' id='line_1_104' title="bbox 304 5532 1955 5608; baseline 0.002 -23"><span class='ocrx_word' id='word_1_654' title='bbox 304 5532 831 5601; x_wconf 88' lang='lat' dir='ltr'><strong>cessorum,nullus</strong></span> <span class='ocrx_word' id='word_1_655' title='bbox 847 5533 927 5589; x_wconf 91' lang='lat' dir='ltr'><strong>ibi</strong></span> <span class='ocrx_word' id='word_1_656' title='bbox 941 5534 1199 5606; x_wconf 88' lang='lat' dir='ltr'><strong>qualibet</strong></span> <span class='ocrx_word' id='word_1_657' title='bbox 1211 5535 1608 5608; x_wconf 89' lang='lat' dir='ltr'><strong>subreptionis</strong></span> <span class='ocrx_word' id='word_1_658' title='bbox 1625 5534 1955 5591; x_wconf 89' lang='lat' dir='ltr'><strong>astutiaseu</strong></span> 
     </span>
    </p>
   </div>
   <div class='ocr_carea' id='block_1_105' title="bbox 202 5619 1954 5695">
    <p class='ocr_par' dir='ltr' id='par_1_105' title="bbox 202 5619 1954 5695">
     <span class='ocr_line' id='line_1_105' title="bbox 202 5619 1954 5695; baseline 0.003 -24"><span class='ocrx_word' id='word_1_659' title='bbox 202 5640 205 5643; x_wconf 56' lang='grc' dir='ltr'><strong><em>ν</em></strong></span> <span class='ocrx_word' id='word_1_660' title='bbox 303 5619 577 5677; x_wconf 84' lang='lat' dir='ltr'><strong>violentia</strong></span> <span class='ocrx_word' id='word_1_661' title='bbox 625 5626 1014 5695; x_wconf 83' lang='lat' dir='ltr'><strong>praeponatur,</strong></span> <span class='ocrx_word' id='word_1_662' title='bbox 1046 5623 1160 5678; x_wconf 91' lang='lat' dir='ltr'><strong>nisi</strong></span> <span class='ocrx_word' id='word_1_663' title='bbox 1193 5639 1367 5695; x_wconf 91' lang='lat' dir='ltr'><strong>quem</strong></span> <span class='ocrx_word' id='word_1_664' title='bbox 1400 5624 1608 5679; x_wconf 86' lang='lat' dir='ltr'><strong>fratres</strong></span> <span class='ocrx_word' id='word_1_665' title='bbox 1656 5622 1954 5678; x_wconf 89' lang='lat' dir='ltr'><strong>communi</strong></span> 
     </span>
    </p>
   </div>
   <div class='ocr_carea' id='block_1_106' title="bbox 2063 4731 3721 4809">
    <p class='ocr_par' dir='ltr' id='par_1_106' title="bbox 2063 4731 3721 4809">
     <span class='ocr_line' id='line_1_106' title="bbox 2063 4731 3721 4809; baseline -0.002 -18"><span class='ocrx_word' id='word_1_666' title='bbox 2063 4734 2329 4791; x_wconf 89' lang='lat' dir='ltr'><strong>nentium</strong></span> <span class='ocrx_word' id='word_1_667' title='bbox 2378 4737 2437 4792; x_wconf 90' lang='lat' dir='ltr'><strong>in</strong></span> <span class='ocrx_word' id='word_1_668' title='bbox 2488 4736 2717 4793; x_wconf 88' lang='lat' dir='ltr'><strong>abbatis</strong></span> <span class='ocrx_word' id='word_1_669' title='bbox 2747 4740 3034 4809; x_wconf 87' lang='lat' dir='ltr'><strong>potestate</strong></span> <span class='ocrx_word' id='word_1_670' title='bbox 3064 4733 3402 4807; x_wconf 91' lang='lat' dir='ltr'><strong>persistant,</strong></span> <span class='ocrx_word' id='word_1_671' title='bbox 3437 4747 3543 4787; x_wconf 91' lang='lat' dir='ltr'><strong>nec</strong></span> <span class='ocrx_word' id='word_1_672' title='bbox 3571 4731 3721 4787; x_wconf 75' lang='lat' dir='ltr'><strong>dim-</strong></span> 
     </span>
    </p>
   </div>
   <div class='ocr_carea' id='block_1_107' title="bbox 2067 4819 3721 4898">
    <p class='ocr_par' dir='ltr' id='par_1_107' title="bbox 2067 4819 3721 4898">
     <span class='ocr_line' id='line_1_107' title="bbox 2067 4819 3721 4898; baseline -0.003 -18"><span class='ocrx_word' id='word_1_673' title='bbox 2067 4840 2278 4880; x_wconf 88' lang='lat' dir='ltr'><strong>cesano</strong></span> <span class='ocrx_word' id='word_1_674' title='bbox 2308 4825 2579 4898; x_wconf 89' lang='lat' dir='ltr'><strong>episcopo</strong></span> <span class='ocrx_word' id='word_1_675' title='bbox 2609 4826 2782 4881; x_wconf 91' lang='lat' dir='ltr'><strong>liceat</strong></span> <span class='ocrx_word' id='word_1_676' title='bbox 2822 4825 3082 4896; x_wconf 87' lang='lat' dir='ltr'><strong>aliquam</strong></span> <span class='ocrx_word' id='word_1_677' title='bbox 3126 4822 3313 4878; x_wconf 84' lang='lat' dir='ltr'><strong>eidem</strong></span> <span class='ocrx_word' id='word_1_678' title='bbox 3366 4819 3721 4876; x_wconf 88' lang='lat' dir='ltr'><strong>monasterio</strong></span> 
     </span>
    </p>
   </div>
   <div class='ocr_carea' id='block_1_108' title="bbox 2068 4907 3719 4978">
    <p class='ocr_par' dir='ltr' id='par_1_108' title="bbox 2068 4907 3719 4978">
     <span class='ocr_line' id='line_1_108' title="bbox 2068 4907 3719 4978; baseline -0.004 -9"><span class='ocrx_word' id='word_1_679' title='bbox 2068 4914 2729 4970; x_wconf 85' lang='lat' dir='ltr'><strong>excommunicationem</strong></span> <span class='ocrx_word' id='word_1_680' title='bbox 2781 4914 3015 4978; x_wconf 88' lang='lat' dir='ltr'><strong>inferre,</strong></span> <span class='ocrx_word' id='word_1_681' title='bbox 3050 4928 3155 4968; x_wconf 92' lang='lat' dir='ltr'><strong>nec</strong></span> <span class='ocrx_word' id='word_1_682' title='bbox 3194 4907 3524 4965; x_wconf 89' lang='lat' dir='ltr'><strong>molestiam</strong></span> <span class='ocrx_word' id='word_1_683' title='bbox 3574 4908 3719 4964; x_wconf 90' lang='lat' dir='ltr'><strong>irro-</strong></span> 
     </span>
    </p>
   </div>
   <div class='ocr_carea' id='block_1_109' title="bbox 2067 4996 3721 5076">
    <p class='ocr_par' dir='ltr' id='par_1_109' title="bbox 2067 4996 3721 5076">
     <span class='ocr_line' id='line_1_109' title="bbox 2067 4996 3721 5076; baseline -0.004 -19"><span class='ocrx_word' id='word_1_684' title='bbox 2067 5019 2226 5075; x_wconf 87' lang='lat' dir='ltr'><strong>gare,</strong></span> <span class='ocrx_word' id='word_1_685' title='bbox 2261 5003 2362 5058; x_wconf 89' lang='lat' dir='ltr'><strong>sed</strong></span> <span class='ocrx_word' id='word_1_686' title='bbox 2405 5020 2766 5076; x_wconf 64' lang='lat' dir='ltr'><strong>quaecunque</strong></span> <span class='ocrx_word' id='word_1_687' title='bbox 2814 5002 2873 5057; x_wconf 92' lang='lat' dir='ltr'><strong>in</strong></span> <span class='ocrx_word' id='word_1_688' title='bbox 2922 5000 3365 5074; x_wconf 72' lang='lat' dir='ltr'><strong>praesentiarum</strong></span> <span class='ocrx_word' id='word_1_689' title='bbox 3414 4996 3613 5068; x_wconf 90' lang='lat' dir='ltr'><strong>quiete</strong></span> <span class='ocrx_word' id='word_1_690' title='bbox 3662 4996 3721 5051; x_wconf 90' lang='lat' dir='ltr'><strong>in</strong></span> 
     </span>
    </p>
   </div>
   <div class='ocr_carea' id='block_1_110' title="bbox 2068 5085 3724 5163">
    <p class='ocr_par' dir='ltr' id='par_1_110' title="bbox 2068 5085 3724 5163">
     <span class='ocr_line' id='line_1_110' title="bbox 2068 5085 3724 5163; baseline -0.004 -17"><span class='ocrx_word' id='word_1_691' title='bbox 2068 5089 2405 5147; x_wconf 87' lang='lat' dir='ltr'><strong>authentica</strong></span> <span class='ocrx_word' id='word_1_692' title='bbox 2432 5091 2799 5161; x_wconf 88' lang='lat' dir='ltr'><strong>possessione</strong></span> <span class='ocrx_word' id='word_1_693' title='bbox 2829 5089 3128 5163; x_wconf 87' lang='lat' dir='ltr'><strong>possidere</strong></span> <span class='ocrx_word' id='word_1_694' title='bbox 3149 5085 3542 5159; x_wconf 88' lang='lat' dir='ltr'><strong>cognoscitur,</strong></span> <span class='ocrx_word' id='word_1_695' title='bbox 3566 5102 3724 5157; x_wconf 70' lang='lat' dir='ltr'><strong>quaa-</strong></span> 
     </span>
    </p>
   </div>
   <div class='ocr_carea' id='block_1_111' title="bbox 2067 5172 3725 5251">
    <p class='ocr_par' dir='ltr' id='par_1_111' title="bbox 2067 5172 3725 5251">
     <span class='ocr_line' id='line_1_111' title="bbox 2067 5172 3725 5251; baseline -0.005 -17"><span class='ocrx_word' id='word_1_696' title='bbox 2067 5195 2299 5251; x_wconf 89' lang='lat' dir='ltr'><strong>cunque</strong></span> <span class='ocrx_word' id='word_1_697' title='bbox 2331 5181 2389 5234; x_wconf 91' lang='lat' dir='ltr'><strong>in</strong></span> <span class='ocrx_word' id='word_1_698' title='bbox 2423 5180 2687 5236; x_wconf 86' lang='lat' dir='ltr'><strong>futurum</strong></span> <span class='ocrx_word' id='word_1_699' title='bbox 2714 5177 3087 5236; x_wconf 86' lang='lat' dir='ltr'><strong>concessione</strong></span> <span class='ocrx_word' id='word_1_700' title='bbox 3119 5175 3485 5249; x_wconf 82' lang='lat' dir='ltr'><strong>pontiﬁcum,</strong></span> <span class='ocrx_word' id='word_1_701' title='bbox 3509 5172 3725 5229; x_wconf 90' lang='lat' dir='ltr'><strong>libera-</strong></span> 
     </span>
    </p>
   </div>
   <div class='ocr_carea' id='block_1_112' title="bbox 2068 5262 3726 5341">
    <p class='ocr_par' dir='ltr' id='par_1_112' title="bbox 2068 5262 3726 5341">
     <span class='ocr_line' id='line_1_112' title="bbox 2068 5262 3726 5341; baseline -0.001 -19"><span class='ocrx_word' id='word_1_702' title='bbox 2068 5266 2229 5323; x_wconf 87' lang='lat' dir='ltr'><strong>litate</strong></span> <span class='ocrx_word' id='word_1_703' title='bbox 2259 5268 2721 5341; x_wconf 86' lang='lat' dir='ltr'><strong>principum,vel</strong></span> <span class='ocrx_word' id='word_1_704' title='bbox 2743 5268 3036 5325; x_wconf 89' lang='lat' dir='ltr'><strong>oblatione</strong></span> <span class='ocrx_word' id='word_1_705' title='bbox 3068 5263 3330 5321; x_wconf 78' lang='lat' dir='ltr'><strong>fidelium</strong></span> <span class='ocrx_word' id='word_1_706' title='bbox 3354 5262 3518 5331; x_wconf 82' lang='lat' dir='ltr'><strong>juste</strong></span> <span class='ocrx_word' id='word_1_707' title='bbox 3548 5265 3726 5333; x_wconf 78' lang='lat' dir='ltr'><strong>atque</strong></span> 
     </span>
    </p>
   </div>
   <div class='ocr_carea' id='block_1_113' title="bbox 2068 5351 3727 5430">
    <p class='ocr_par' dir='ltr' id='par_1_113' title="bbox 2068 5351 3727 5430">
     <span class='ocr_line' id='line_1_113' title="bbox 2068 5351 3727 5430; baseline -0.004 -18"><span class='ocrx_word' id='word_1_708' title='bbox 2068 5356 2346 5412; x_wconf 88' lang='lat' dir='ltr'><strong>canonice</strong></span> <span class='ocrx_word' id='word_1_709' title='bbox 2377 5358 2585 5429; x_wconf 85' lang='lat' dir='ltr'><strong>poterit</strong></span> <span class='ocrx_word' id='word_1_710' title='bbox 2610 5356 2878 5430; x_wconf 85' lang='lat' dir='ltr'><strong>adipisci,</strong></span> <span class='ocrx_word' id='word_1_711' title='bbox 2898 5358 3070 5410; x_wconf 84' lang='lat' dir='ltr'><strong>ﬁrma</strong></span> <span class='ocrx_word' id='word_1_712' title='bbox 3100 5353 3203 5408; x_wconf 91' lang='lat' dir='ltr'><strong>tibi</strong></span> <span class='ocrx_word' id='word_1_713' title='bbox 3238 5351 3474 5419; x_wconf 90' lang='lat' dir='ltr'><strong>tuisque</strong></span> <span class='ocrx_word' id='word_1_714' title='bbox 3501 5364 3727 5406; x_wconf 91' lang='lat' dir='ltr'><strong>succes-</strong></span> 
     </span>
    </p>
   </div>
   <div class='ocr_carea' id='block_1_114' title="bbox 2067 5436 3724 5519">
    <p class='ocr_par' dir='ltr' id='par_1_114' title="bbox 2067 5436 3724 5519">
     <span class='ocr_line' id='line_1_114' title="bbox 2067 5436 3724 5519; baseline -0.004 -19"><span class='ocrx_word' id='word_1_715' title='bbox 2067 5445 2300 5501; x_wconf 90' lang='lat' dir='ltr'><strong>soribus</strong></span> <span class='ocrx_word' id='word_1_716' title='bbox 2330 5453 2386 5502; x_wconf 92' lang='lat' dir='ltr'><strong>et</strong></span> <span class='ocrx_word' id='word_1_717' title='bbox 2424 5445 2649 5502; x_wconf 87' lang='lat' dir='ltr'><strong>illibata</strong></span> <span class='ocrx_word' id='word_1_718' title='bbox 2696 5449 3095 5519; x_wconf 87' lang='lat' dir='ltr'><strong>permaneant,</strong></span> <span class='ocrx_word' id='word_1_719' title='bbox 3128 5456 3196 5495; x_wconf 90' lang='lat' dir='ltr'><strong>ea</strong></span> <span class='ocrx_word' id='word_1_720' title='bbox 3243 5436 3568 5511; x_wconf 86' lang='lat' dir='ltr'><strong>praesertim</strong></span> <span class='ocrx_word' id='word_1_721' title='bbox 3596 5453 3724 5511; x_wconf 63' lang='lat' dir='ltr'><strong>quae</strong></span> 
     </span>
    </p>
   </div>
   <div class='ocr_carea' id='block_1_115' title="bbox 2064 5526 3723 5601">
    <p class='ocr_par' dir='ltr' id='par_1_115' title="bbox 2064 5526 3723 5601">
     <span class='ocr_line' id='line_1_115' title="bbox 2064 5526 3723 5601; baseline -0.003 -13"><span class='ocrx_word' id='word_1_722' title='bbox 2064 5534 2412 5591; x_wconf 87' lang='lat' dir='ltr'><strong>venerabilis</strong></span> <span class='ocrx_word' id='word_1_723' title='bbox 2433 5535 2724 5590; x_wconf 79' lang='lat' dir='ltr'><strong>memoriae</strong></span> <span class='ocrx_word' id='word_1_724' title='bbox 2755 5530 3130 5588; x_wconf 89' lang='lat' dir='ltr'><strong>Erimbaldus</strong></span> <span class='ocrx_word' id='word_1_725' title='bbox 3161 5526 3519 5601; x_wconf 84' lang='lat' dir='ltr'><strong>Urgellensis</strong></span> <span class='ocrx_word' id='word_1_726' title='bbox 3543 5532 3599 5584; x_wconf 91' lang='lat' dir='ltr'><strong>et</strong></span> <span class='ocrx_word' id='word_1_727' title='bbox 3619 5530 3723 5584; x_wconf 86' lang='lat' dir='ltr'><strong>Ar-</strong></span> 
     </span>
    </p>
   </div>
   <div class='ocr_carea' id='block_1_116' title="bbox 2065 5613 3725 5696">
    <p class='ocr_par' dir='ltr' id='par_1_116' title="bbox 2065 5613 3725 5696">
     <span class='ocr_line' id='line_1_116' title="bbox 2065 5613 3725 5696; baseline -0.004 -17"><span class='ocrx_word' id='word_1_728' title='bbox 2065 5623 2264 5679; x_wconf 86' lang='lat' dir='ltr'><strong>nulfus</strong></span> <span class='ocrx_word' id='word_1_729' title='bbox 2288 5622 2730 5696; x_wconf 82' lang='lat' dir='ltr'><strong>Ripacorcensis</strong></span> <span class='ocrx_word' id='word_1_730' title='bbox 2758 5620 3069 5691; x_wconf 84' lang='lat' dir='ltr'><strong>episcOpus</strong></span> <span class='ocrx_word' id='word_1_731' title='bbox 3103 5618 3159 5672; x_wconf 94' lang='lat' dir='ltr'><strong>in</strong></span> <span class='ocrx_word' id='word_1_732' title='bbox 3183 5613 3548 5673; x_wconf 87' lang='lat' dir='ltr'><strong>dedicatione</strong></span> <span class='ocrx_word' id='word_1_733' title='bbox 3570 5619 3725 5688; x_wconf 84' lang='lat' dir='ltr'><strong>ejus—</strong></span> 
     </span>
    </p>
   </div>
   <div class='ocr_carea' id='block_1_117' title="bbox 376 5715 3649 5794">
    <p class='ocr_par' dir='ltr' id='par_1_117' title="bbox 376 5715 3649 5794">
     <span class='ocr_line' id='line_1_117' title="bbox 376 5715 3649 5794; baseline -0.001 -21"><span class='ocrx_word' id='word_1_734' title='bbox 376 5717 489 5790; x_wconf 82' lang='grc'>(55)</span> <span class='ocrx_word' id='word_1_735' title='bbox 522 5718 624 5777; x_wconf 87' lang='lat' dir='ltr'><strong>Est</strong></span> <span class='ocrx_word' id='word_1_736' title='bbox 652 5719 747 5776; x_wconf 92' lang='lat' dir='ltr'><strong>hic</strong></span> <span class='ocrx_word' id='word_1_737' title='bbox 778 5719 920 5791; x_wconf 92' lang='lat' dir='ltr'><strong>Udo,</strong></span> <span class='ocrx_word' id='word_1_738' title='bbox 956 5736 1061 5777; x_wconf 89' lang='lat' dir='ltr'><strong>seu</strong></span> <span class='ocrx_word' id='word_1_739' title='bbox 1096 5724 1237 5792; x_wconf 77' lang='lat' dir='ltr'><strong>Utta,</strong></span> <span class='ocrx_word' id='word_1_740' title='bbox 1272 5726 1516 5793; x_wconf 90' lang='lat' dir='ltr'><strong>quartus</strong></span> <span class='ocrx_word' id='word_1_741' title='bbox 1548 5722 1605 5779; x_wconf 90' lang='lat' dir='ltr'><strong>S.</strong></span> <span class='ocrx_word' id='word_1_742' title='bbox 1643 5720 1816 5778; x_wconf 87' lang='lat' dir='ltr'><strong>Blasii</strong></span> <span class='ocrx_word' id='word_1_743' title='bbox 1845 5721 2049 5794; x_wconf 86' lang='lat' dir='ltr'><strong>abbas,</strong></span> <span class='ocrx_word' id='word_1_744' title='bbox 2073 5720 2371 5777; x_wconf 90' lang='lat' dir='ltr'><strong>Gisilberti</strong></span> <span class='ocrx_word' id='word_1_745' title='bbox 2404 5737 2498 5775; x_wconf 89' lang='lat' dir='ltr'><strong>an.</strong></span> <span class='ocrx_word' id='word_1_746' title='bbox 2537 5720 2674 5775; x_wconf 90' lang='lat'>1088</span> <span class='ocrx_word' id='word_1_747' title='bbox 2703 5730 3007 5772; x_wconf 88' lang='lat' dir='ltr'><strong>successor</strong></span> <span class='ocrx_word' id='word_1_748' title='bbox 3038 5733 3226 5790; x_wconf 89' lang='lat' dir='ltr'><strong>usque</strong></span> <span class='ocrx_word' id='word_1_749' title='bbox 3256 5715 3327 5771; x_wconf 88' lang='lat' dir='ltr'><strong>ad</strong></span> <span class='ocrx_word' id='word_1_750' title='bbox 3359 5725 3451 5771; x_wconf 87' lang='lat' dir='ltr'><strong>an.</strong></span> <span class='ocrx_word' id='word_1_751' title='bbox 3492 5716 3649 5771; x_wconf 89' lang='lat'>1108.</span> 
     </span>
    </p>
   </div>
  </div>
