  <div class='ocr_page' id='page_1' title='image "/cluster/home/n/w/nwhite01/storage/ocr_20150623/151/uva.x000829795/295.png"; bbox 0 0 3928 6208; ppageno 0'>
   <div class='ocr_carea' id='block_1_1' title="bbox 263 382 381 484">
    <p class='ocr_par' dir='ltr' id='par_1_1' title="bbox 263 382 381 484">
     <span class='ocr_line' id='line_1_1' title="bbox 263 382 381 484; baseline 0.017 -2"><span class='ocrx_word' id='word_1_1' title='bbox 263 382 381 484; x_wconf 67' lang='lat' dir='ltr'>sta</span> 
     </span>
    </p>
   </div>
   <div class='ocr_carea' id='block_1_2' title="bbox 1565 417 2362 488">
    <p class='ocr_par' dir='ltr' id='par_1_2' title="bbox 1565 417 2362 488">
     <span class='ocr_line' id='line_1_2' title="bbox 1565 417 2362 488; baseline -0.003 -2"><span class='ocrx_word' id='word_1_2' title='bbox 1565 420 1635 486; x_wconf 84' lang='lat' dir='ltr'>B.</span> <span class='ocrx_word' id='word_1_3' title='bbox 1682 419 1974 488; x_wconf 83' lang='lat' dir='ltr'>URBANI</span> <span class='ocrx_word' id='word_1_4' title='bbox 2017 417 2070 484; x_wconf 91' lang='lat' dir='ltr'><strong>II</strong></span> <span class='ocrx_word' id='word_1_5' title='bbox 2112 417 2362 484; x_wconf 77' lang='grc' dir='ltr'>ΡΑΡΑΞ.</span> 
     </span>
    </p>
   </div>
   <div class='ocr_carea' id='block_1_3' title="bbox 3552 416 3674 483">
    <p class='ocr_par' dir='ltr' id='par_1_3' title="bbox 3552 416 3674 483">
     <span class='ocr_line' id='line_1_3' title="bbox 3552 416 3674 483; baseline 0.016 -2"><span class='ocrx_word' id='word_1_6' title='bbox 3552 416 3674 483; x_wconf 69' lang='lat' dir='ltr'>5M</span> 
     </span>
    </p>
   </div>
   <div class='ocr_carea' id='block_1_4' title="bbox 262 551 3675 628">
    <p class='ocr_par' dir='ltr' id='par_1_4' title="bbox 262 551 3675 628">
     <span class='ocr_line' id='line_1_4' title="bbox 262 551 3675 628; baseline 0 -19"><span class='ocrx_word' id='word_1_7' title='bbox 262 554 394 610; x_wconf 90' lang='lat' dir='ltr'>dem</span> <span class='ocrx_word' id='word_1_8' title='bbox 415 553 751 611; x_wconf 80' lang='lat' dir='ltr'>monasterii</span> <span class='ocrx_word' id='word_1_9' title='bbox 771 553 1086 613; x_wconf 83' lang='lat' dir='ltr'>tradidisse</span> <span class='ocrx_word' id='word_1_10' title='bbox 1103 558 1158 612; x_wconf 93' lang='lat' dir='ltr'>et</span> <span class='ocrx_word' id='word_1_11' title='bbox 1175 555 1534 614; x_wconf 81' lang='lat' dir='ltr'>concessisse</span> <span class='ocrx_word' id='word_1_12' title='bbox 1553 553 1830 628; x_wconf 82' lang='lat' dir='ltr'>leguntur</span> <span class='ocrx_word' id='word_1_13' title='bbox 1848 553 1908 610; x_wconf 90' lang='lat' dir='ltr'>in</span> <span class='ocrx_word' id='word_1_14' title='bbox 1937 559 1992 626; x_wconf 76' lang='grc' dir='ltr'><strong>Α</strong></span> <span class='ocrx_word' id='word_1_15' title='bbox 2023 551 2461 626; x_wconf 87' lang='lat' dir='ltr'>nibus,quantis</span> <span class='ocrx_word' id='word_1_16' title='bbox 2483 551 2925 626; x_wconf 85' lang='lat' dir='ltr'>clamoribus,et</span> <span class='ocrx_word' id='word_1_17' title='bbox 2943 555 3142 611; x_wconf 89' lang='lat' dir='ltr'>nostro</span> <span class='ocrx_word' id='word_1_18' title='bbox 3157 554 3217 610; x_wconf 89' lang='lat' dir='ltr'>et</span> <span class='ocrx_word' id='word_1_19' title='bbox 3235 554 3675 610; x_wconf 83' lang='lat' dir='ltr'>antecessorum</span> 
     </span>
    </p>
   </div>
   <div class='ocr_carea' id='block_1_5' title="bbox 259 642 1904 717">
    <p class='ocr_par' dir='ltr' id='par_1_5' title="bbox 259 642 1904 717">
     <span class='ocr_line' id='line_1_5' title="bbox 259 642 1904 717; baseline 0.001 -19"><span class='ocrx_word' id='word_1_20' title='bbox 259 642 540 710; x_wconf 89' lang='lat' dir='ltr'>ecclesiis,</span> <span class='ocrx_word' id='word_1_21' title='bbox 565 644 943 700; x_wconf 74' lang='lat' dir='ltr'>ecclesiarum</span> <span class='ocrx_word' id='word_1_22' title='bbox 970 645 1233 708; x_wconf 85' lang='lat' dir='ltr'>decimis,</span> <span class='ocrx_word' id='word_1_23' title='bbox 1267 645 1545 717; x_wconf 88' lang='lat' dir='ltr'>primitiis</span> <span class='ocrx_word' id='word_1_24' title='bbox 1575 649 1632 700; x_wconf 89' lang='lat' dir='ltr'>et</span> <span class='ocrx_word' id='word_1_25' title='bbox 1661 644 1904 700; x_wconf 87' lang='lat' dir='ltr'>oblatio-</span> 
     </span>
    </p>
   </div>
   <div class='ocr_carea' id='block_1_6' title="bbox 261 731 1904 806">
    <p class='ocr_par' dir='ltr' id='par_1_6' title="bbox 261 731 1904 806">
     <span class='ocr_line' id='line_1_6' title="bbox 261 731 1904 806; baseline -0.001 -19"><span class='ocrx_word' id='word_1_26' title='bbox 261 731 437 787; x_wconf 84' lang='lat' dir='ltr'>nibus</span> <span class='ocrx_word' id='word_1_27' title='bbox 468 733 586 788; x_wconf 88' lang='lat' dir='ltr'>sive</span> <span class='ocrx_word' id='word_1_28' title='bbox 629 734 968 788; x_wconf 79' lang='lat' dir='ltr'>caemeteriis</span> <span class='ocrx_word' id='word_1_29' title='bbox 1018 751 1120 805; x_wconf 90' lang='lat' dir='ltr'>per</span> <span class='ocrx_word' id='word_1_30' title='bbox 1165 734 1556 806; x_wconf 87' lang='lat' dir='ltr'>Urgellensem</span> <span class='ocrx_word' id='word_1_31' title='bbox 1591 734 1708 787; x_wconf 84' lang='lat' dir='ltr'>sive</span> <span class='ocrx_word' id='word_1_32' title='bbox 1737 734 1904 803; x_wconf 77' lang='lat' dir='ltr'>Ripa-</span> 
     </span>
    </p>
   </div>
   <div class='ocr_carea' id='block_1_7' title="bbox 259 821 1904 894">
    <p class='ocr_par' dir='ltr' id='par_1_7' title="bbox 259 821 1904 894">
     <span class='ocr_line' id='line_1_7' title="bbox 259 821 1904 894; baseline 0.001 -20"><span class='ocrx_word' id='word_1_33' title='bbox 259 837 591 876; x_wconf 88' lang='lat' dir='ltr'>corcensem</span> <span class='ocrx_word' id='word_1_34' title='bbox 621 821 976 894; x_wconf 87' lang='lat' dir='ltr'>parochiam,</span> <span class='ocrx_word' id='word_1_35' title='bbox 1005 838 1105 893; x_wconf 90' lang='lat' dir='ltr'>per</span> <span class='ocrx_word' id='word_1_36' title='bbox 1125 823 1486 892; x_wconf 86' lang='lat' dir='ltr'>Cerdaniam,</span> <span class='ocrx_word' id='word_1_37' title='bbox 1507 823 1904 894; x_wconf 83' lang='lat' dir='ltr'>Bergitanum,</span> 
     </span>
    </p>
   </div>
   <div class='ocr_carea' id='block_1_8' title="bbox 260 910 1907 982">
    <p class='ocr_par' dir='ltr' id='par_1_8' title="bbox 260 910 1907 982">
     <span class='ocr_line' id='line_1_8' title="bbox 260 910 1907 982; baseline 0.001 -18"><span class='ocrx_word' id='word_1_38' title='bbox 260 910 379 965; x_wconf 85' lang='lat' dir='ltr'>sive</span> <span class='ocrx_word' id='word_1_39' title='bbox 427 910 741 977; x_wconf 85' lang='lat' dir='ltr'>Paliarum,</span> <span class='ocrx_word' id='word_1_40' title='bbox 784 911 1088 966; x_wconf 76' lang='lat' dir='ltr'>ecclesiam</span> <span class='ocrx_word' id='word_1_41' title='bbox 1137 929 1368 982; x_wconf 86' lang='lat' dir='ltr'>quoque</span> <span class='ocrx_word' id='word_1_42' title='bbox 1416 912 1607 966; x_wconf 81' lang='lat' dir='ltr'>Sancti</span> <span class='ocrx_word' id='word_1_43' title='bbox 1654 911 1803 966; x_wconf 85' lang='lat' dir='ltr'>Petri</span> <span class='ocrx_word' id='word_1_44' title='bbox 1837 911 1907 966; x_wconf 88' lang='lat' dir='ltr'>de</span> 
     </span>
    </p>
   </div>
   <div class='ocr_carea' id='block_1_9' title="bbox 258 998 1906 1072">
    <p class='ocr_par' dir='ltr' id='par_1_9' title="bbox 258 998 1906 1072">
     <span class='ocr_line' id='line_1_9' title="bbox 258 998 1906 1072; baseline 0.002 -21"><span class='ocrx_word' id='word_1_45' title='bbox 258 998 553 1068; x_wconf 88' lang='lat' dir='ltr'>Villanita,</span> <span class='ocrx_word' id='word_1_46' title='bbox 580 1001 730 1071; x_wconf 89' lang='lat' dir='ltr'>apud</span> <span class='ocrx_word' id='word_1_47' title='bbox 765 1016 938 1070; x_wconf 89' lang='lat' dir='ltr'>quam</span> <span class='ocrx_word' id='word_1_48' title='bbox 973 1005 1189 1054; x_wconf 88' lang='lat' dir='ltr'>statum</span> <span class='ocrx_word' id='word_1_49' title='bbox 1223 1000 1540 1072; x_wconf 68' lang='lat' dir='ltr'>disciplinae</span> <span class='ocrx_word' id='word_1_50' title='bbox 1574 1000 1906 1056; x_wconf 70' lang='lat' dir='ltr'>monasticae</span> 
     </span>
    </p>
   </div>
   <div class='ocr_carea' id='block_1_10' title="bbox 259 1087 1910 1161">
    <p class='ocr_par' dir='ltr' id='par_1_10' title="bbox 259 1087 1910 1161">
     <span class='ocr_line' id='line_1_10' title="bbox 259 1087 1910 1161; baseline 0.001 -19"><span class='ocrx_word' id='word_1_51' title='bbox 259 1087 643 1156; x_wconf 87' lang='lat' dir='ltr'>reformastis,</span> <span class='ocrx_word' id='word_1_52' title='bbox 683 1089 852 1157; x_wconf 86' lang='lat' dir='ltr'>cujus</span> <span class='ocrx_word' id='word_1_53' title='bbox 903 1087 1139 1142; x_wconf 74' lang='lat' dir='ltr'>castello</span> <span class='ocrx_word' id='word_1_54' title='bbox 1191 1105 1296 1142; x_wconf 89' lang='lat' dir='ltr'>suo</span> <span class='ocrx_word' id='word_1_55' title='bbox 1337 1089 1595 1161; x_wconf 87' lang='lat' dir='ltr'>Carogio,</span> <span class='ocrx_word' id='word_1_56' title='bbox 1629 1093 1686 1144; x_wconf 94' lang='lat' dir='ltr'>et</span> <span class='ocrx_word' id='word_1_57' title='bbox 1732 1088 1910 1143; x_wconf 88' lang='lat' dir='ltr'>rocha</span> 
     </span>
    </p>
   </div>
   <div class='ocr_carea' id='block_1_11' title="bbox 259 1176 1905 1250">
    <p class='ocr_par' dir='ltr' id='par_1_11' title="bbox 259 1176 1905 1250">
     <span class='ocr_line' id='line_1_11' title="bbox 259 1176 1905 1250; baseline 0.001 -19"><span class='ocrx_word' id='word_1_58' title='bbox 259 1193 385 1248; x_wconf 73' lang='lat' dir='ltr'>quae</span> <span class='ocrx_word' id='word_1_59' title='bbox 419 1177 634 1231; x_wconf 91' lang='lat' dir='ltr'>dicitur</span> <span class='ocrx_word' id='word_1_60' title='bbox 661 1176 856 1231; x_wconf 82' lang='lat' dir='ltr'>Sancti</span> <span class='ocrx_word' id='word_1_61' title='bbox 891 1176 1156 1244; x_wconf 77' lang='lat' dir='ltr'>Romani,</span> <span class='ocrx_word' id='word_1_62' title='bbox 1179 1183 1235 1232; x_wconf 87' lang='lat' dir='ltr'>et</span> <span class='ocrx_word' id='word_1_63' title='bbox 1259 1177 1481 1232; x_wconf 65' lang='lat' dir='ltr'>caeteris</span> <span class='ocrx_word' id='word_1_64' title='bbox 1510 1179 1581 1232; x_wconf 89' lang='lat' dir='ltr'>ad</span> <span class='ocrx_word' id='word_1_65' title='bbox 1617 1195 1744 1233; x_wconf 88' lang='lat' dir='ltr'>eam</span> <span class='ocrx_word' id='word_1_66' title='bbox 1778 1195 1905 1250; x_wconf 91' lang='lat' dir='ltr'>per-</span> 
     </span>
    </p>
   </div>
   <div class='ocr_carea' id='block_1_12' title="bbox 258 1265 1905 1333">
    <p class='ocr_par' dir='ltr' id='par_1_12' title="bbox 258 1265 1905 1333">
     <span class='ocr_line' id='line_1_12' title="bbox 258 1265 1905 1333; baseline 0.001 -13"><span class='ocrx_word' id='word_1_67' title='bbox 258 1265 602 1329; x_wconf 90' lang='lat' dir='ltr'>tinentibus,</span> <span class='ocrx_word' id='word_1_68' title='bbox 635 1269 846 1329; x_wconf 87' lang='lat' dir='ltr'>vestro,</span> <span class='ocrx_word' id='word_1_69' title='bbox 881 1265 1034 1319; x_wconf 84' lang='lat' dir='ltr'>sicut</span> <span class='ocrx_word' id='word_1_70' title='bbox 1084 1265 1254 1320; x_wconf 87' lang='lat' dir='ltr'>hodie</span> <span class='ocrx_word' id='word_1_71' title='bbox 1303 1270 1410 1333; x_wconf 88' lang='lat' dir='ltr'>est,</span> <span class='ocrx_word' id='word_1_72' title='bbox 1446 1266 1798 1322; x_wconf 87' lang='lat' dir='ltr'>monasterio</span> <span class='ocrx_word' id='word_1_73' title='bbox 1849 1267 1905 1321; x_wconf 92' lang='lat' dir='ltr'>in</span> 
     </span>
    </p>
   </div>
   <div class='ocr_carea' id='block_1_13' title="bbox 257 1353 1907 1425">
    <p class='ocr_par' dir='ltr' id='par_1_13' title="bbox 257 1353 1907 1425">
     <span class='ocr_line' id='line_1_13' title="bbox 257 1353 1907 1425; baseline 0.001 -18"><span class='ocrx_word' id='word_1_74' title='bbox 257 1357 600 1425; x_wconf 80' lang='lat' dir='ltr'>perpetuum</span> <span class='ocrx_word' id='word_1_75' title='bbox 651 1353 981 1424; x_wconf 82' lang='lat' dir='ltr'>subjectum</span> <span class='ocrx_word' id='word_1_76' title='bbox 1034 1371 1161 1409; x_wconf 91' lang='lat' dir='ltr'>esse</span> <span class='ocrx_word' id='word_1_77' title='bbox 1212 1356 1608 1410; x_wconf 86' lang='lat' dir='ltr'>concedimus.</span> <span class='ocrx_word' id='word_1_78' title='bbox 1651 1355 1734 1409; x_wconf 82' lang='lat' dir='ltr'>Ad</span> <span class='ocrx_word' id='word_1_79' title='bbox 1788 1355 1907 1409; x_wconf 69' lang='lat' dir='ltr'>haec</span> 
     </span>
    </p>
   </div>
   <div class='ocr_carea' id='block_1_14' title="bbox 257 1443 1907 1513">
    <p class='ocr_par' dir='ltr' id='par_1_14' title="bbox 257 1443 1907 1513">
     <span class='ocr_line' id='line_1_14' title="bbox 257 1443 1907 1513; baseline 0.001 -16"><span class='ocrx_word' id='word_1_80' title='bbox 257 1443 596 1513; x_wconf 84' lang='lat' dir='ltr'>adjicientes</span> <span class='ocrx_word' id='word_1_81' title='bbox 627 1443 998 1497; x_wconf 85' lang='lat' dir='ltr'>decernimus</span> <span class='ocrx_word' id='word_1_82' title='bbox 1031 1449 1093 1497; x_wconf 91' lang='lat' dir='ltr'>ut</span> <span class='ocrx_word' id='word_1_83' title='bbox 1139 1444 1281 1498; x_wconf 85' lang='lat' dir='ltr'>nulli</span> <span class='ocrx_word' id='word_1_84' title='bbox 1315 1444 1551 1500; x_wconf 90' lang='lat' dir='ltr'>omnino</span> <span class='ocrx_word' id='word_1_85' title='bbox 1601 1443 1907 1499; x_wconf 87' lang='lat' dir='ltr'>hominum</span> 
     </span>
    </p>
   </div>
   <div class='ocr_carea' id='block_1_15' title="bbox 255 1530 1905 1602">
    <p class='ocr_par' dir='ltr' id='par_1_15' title="bbox 255 1530 1905 1602">
     <span class='ocr_line' id='line_1_15' title="bbox 255 1530 1905 1602; baseline 0 -17"><span class='ocrx_word' id='word_1_86' title='bbox 255 1531 424 1588; x_wconf 88' lang='lat' dir='ltr'>liceat</span> <span class='ocrx_word' id='word_1_87' title='bbox 446 1530 934 1602; x_wconf 72' lang='lat' dir='ltr'>praenominatum</span> <span class='ocrx_word' id='word_1_88' title='bbox 960 1533 1256 1587; x_wconf 82' lang='lat' dir='ltr'>Saturnini</span> <span class='ocrx_word' id='word_1_89' title='bbox 1286 1534 1704 1589; x_wconf 78' lang='lat' dir='ltr'>monasterium</span> <span class='ocrx_word' id='word_1_90' title='bbox 1731 1538 1905 1587; x_wconf 80' lang='lat' dir='ltr'>teme-</span> 
     </span>
    </p>
   </div>
   <div class='ocr_carea' id='block_1_16' title="bbox 257 1620 1907 1692">
    <p class='ocr_par' dir='ltr' id='par_1_16' title="bbox 257 1620 1907 1692">
     <span class='ocr_line' id='line_1_16' title="bbox 257 1620 1907 1692; baseline 0.001 -18"><span class='ocrx_word' id='word_1_91' title='bbox 257 1637 317 1676; x_wconf 88' lang='lat' dir='ltr'>re</span> <span class='ocrx_word' id='word_1_92' title='bbox 340 1620 700 1691; x_wconf 88' lang='lat' dir='ltr'>perturhare,</span> <span class='ocrx_word' id='word_1_93' title='bbox 719 1624 819 1675; x_wconf 89' lang='lat' dir='ltr'>aut</span> <span class='ocrx_word' id='word_1_94' title='bbox 843 1621 971 1689; x_wconf 88' lang='lat' dir='ltr'>ejus</span> <span class='ocrx_word' id='word_1_95' title='bbox 996 1622 1396 1692; x_wconf 86' lang='lat' dir='ltr'>possessiones</span> <span class='ocrx_word' id='word_1_96' title='bbox 1421 1623 1665 1689; x_wconf 86' lang='lat' dir='ltr'>auferre,</span> <span class='ocrx_word' id='word_1_97' title='bbox 1690 1622 1775 1675; x_wconf 88' lang='lat' dir='ltr'>vel</span> <span class='ocrx_word' id='word_1_98' title='bbox 1808 1622 1907 1676; x_wconf 87' lang='lat' dir='ltr'>ab-</span> 
     </span>
    </p>
   </div>
   <div class='ocr_carea' id='block_1_17' title="bbox 259 1707 1910 1775">
    <p class='ocr_par' dir='ltr' id='par_1_17' title="bbox 259 1707 1910 1775">
     <span class='ocr_line' id='line_1_17' title="bbox 259 1707 1910 1775; baseline 0.001 -11"><span class='ocrx_word' id='word_1_99' title='bbox 259 1708 412 1764; x_wconf 87' lang='lat' dir='ltr'>latas</span> <span class='ocrx_word' id='word_1_100' title='bbox 444 1708 709 1775; x_wconf 87' lang='lat' dir='ltr'>retinere,</span> <span class='ocrx_word' id='word_1_101' title='bbox 735 1707 1018 1773; x_wconf 88' lang='lat' dir='ltr'>minuere,</span> <span class='ocrx_word' id='word_1_102' title='bbox 1042 1710 1128 1764; x_wconf 85' lang='lat' dir='ltr'>vel</span> <span class='ocrx_word' id='word_1_103' title='bbox 1157 1711 1481 1766; x_wconf 84' lang='lat' dir='ltr'>temerariis</span> <span class='ocrx_word' id='word_1_104' title='bbox 1510 1711 1910 1766; x_wconf 77' lang='lat' dir='ltr'>vexationibus</span> 
     </span>
    </p>
   </div>
   <div class='ocr_carea' id='block_1_18' title="bbox 263 1797 1908 1869">
    <p class='ocr_par' dir='ltr' id='par_1_18' title="bbox 263 1797 1908 1869">
     <span class='ocr_line' id='line_1_18' title="bbox 263 1797 1908 1869; baseline 0.001 -18"><span class='ocrx_word' id='word_1_105' title='bbox 263 1797 526 1869; x_wconf 88' lang='lat' dir='ltr'>fatigare,</span> <span class='ocrx_word' id='word_1_106' title='bbox 552 1797 650 1852; x_wconf 89' lang='lat' dir='ltr'>sed</span> <span class='ocrx_word' id='word_1_107' title='bbox 707 1798 902 1852; x_wconf 81' lang='lat' dir='ltr'>omnia</span> <span class='ocrx_word' id='word_1_108' title='bbox 960 1797 1184 1869; x_wconf 88' lang='lat' dir='ltr'>integra</span> <span class='ocrx_word' id='word_1_109' title='bbox 1241 1805 1654 1854; x_wconf 82' lang='lat' dir='ltr'>conserventur</span> <span class='ocrx_word' id='word_1_110' title='bbox 1708 1815 1908 1853; x_wconf 88' lang='lat' dir='ltr'>eorum</span> 
     </span>
    </p>
   </div>
   <div class='ocr_carea' id='block_1_19' title="bbox 255 1875 1912 1959">
    <p class='ocr_par' dir='ltr' id='par_1_19' title="bbox 255 1875 1912 1959">
     <span class='ocr_line' id='line_1_19' title="bbox 255 1875 1912 1959; baseline 0.001 -19"><span class='ocrx_word' id='word_1_111' title='bbox 255 1903 360 1958; x_wconf 91' lang='lat' dir='ltr'>pro</span> <span class='ocrx_word' id='word_1_112' title='bbox 393 1903 642 1957; x_wconf 91' lang='lat' dir='ltr'>quorum</span> <span class='ocrx_word' id='word_1_113' title='bbox 668 1887 1093 1942; x_wconf 89' lang='lat' dir='ltr'>sustentatione</span> <span class='ocrx_word' id='word_1_114' title='bbox 1113 1893 1169 1942; x_wconf 91' lang='lat' dir='ltr'>et</span> <span class='ocrx_word' id='word_1_115' title='bbox 1187 1875 1606 1959; x_wconf 80' lang='lat' dir='ltr'>gubernatione</span> <span class='ocrx_word' id='word_1_116' title='bbox 1635 1905 1912 1943; x_wconf 89' lang='lat' dir='ltr'>concessa</span> 
     </span>
    </p>
   </div>
   <div class='ocr_carea' id='block_1_20' title="bbox 261 1975 1912 2049">
    <p class='ocr_par' dir='ltr' id='par_1_20' title="bbox 261 1975 1912 2049">
     <span class='ocr_line' id='line_1_20' title="bbox 261 1975 1912 2049; baseline 0 -19"><span class='ocrx_word' id='word_1_117' title='bbox 261 1981 400 2030; x_wconf 91' lang='lat' dir='ltr'>sunt</span> <span class='ocrx_word' id='word_1_118' title='bbox 432 1975 638 2031; x_wconf 90' lang='lat' dir='ltr'>usibus</span> <span class='ocrx_word' id='word_1_119' title='bbox 669 1976 1025 2030; x_wconf 88' lang='lat' dir='ltr'>omnimodis</span> <span class='ocrx_word' id='word_1_120' title='bbox 1059 1978 1382 2049; x_wconf 89' lang='lat' dir='ltr'>profutura.</span> <span class='ocrx_word' id='word_1_121' title='bbox 1409 1979 1668 2033; x_wconf 90' lang='lat' dir='ltr'>Obeunte</span> <span class='ocrx_word' id='word_1_122' title='bbox 1701 1976 1912 2032; x_wconf 85' lang='lat' dir='ltr'>nihilo-</span> 
     </span>
    </p>
   </div>
   <div class='ocr_carea' id='block_1_21' title="bbox 257 2063 1918 2138">
    <p class='ocr_par' dir='ltr' id='par_1_21' title="bbox 257 2063 1918 2138">
     <span class='ocr_line' id='line_1_21' title="bbox 257 2063 1918 2138; baseline 0.002 -20"><span class='ocrx_word' id='word_1_123' title='bbox 257 2063 456 2119; x_wconf 86' lang='lat' dir='ltr'>minus</span> <span class='ocrx_word' id='word_1_124' title='bbox 477 2064 742 2134; x_wconf 86' lang='lat' dir='ltr'>ejusdem</span> <span class='ocrx_word' id='word_1_125' title='bbox 770 2063 877 2118; x_wconf 88' lang='lat' dir='ltr'>loci</span> <span class='ocrx_word' id='word_1_126' title='bbox 910 2065 1120 2120; x_wconf 81' lang='lat' dir='ltr'>abbate</span> <span class='ocrx_word' id='word_1_127' title='bbox 1141 2065 1225 2121; x_wconf 90' lang='lat' dir='ltr'>vel</span> <span class='ocrx_word' id='word_1_128' title='bbox 1250 2071 1486 2121; x_wconf 88' lang='lat' dir='ltr'>tuorum</span> <span class='ocrx_word' id='word_1_129' title='bbox 1511 2065 1770 2138; x_wconf 91' lang='lat' dir='ltr'>quolibet</span> <span class='ocrx_word' id='word_1_130' title='bbox 1793 2081 1918 2122; x_wconf 90' lang='lat' dir='ltr'>suc.</span> 
     </span>
    </p>
   </div>
   <div class='ocr_carea' id='block_1_22' title="bbox 257 2153 1920 2230">
    <p class='ocr_par' dir='ltr' id='par_1_22' title="bbox 257 2153 1920 2230">
     <span class='ocr_line' id='line_1_22' title="bbox 257 2153 1920 2230; baseline 0 -23"><span class='ocrx_word' id='word_1_131' title='bbox 257 2169 578 2219; x_wconf 88' lang='lat' dir='ltr'>cessorum,</span> <span class='ocrx_word' id='word_1_132' title='bbox 612 2153 811 2209; x_wconf 90' lang='lat' dir='ltr'>nullus</span> <span class='ocrx_word' id='word_1_133' title='bbox 843 2153 922 2208; x_wconf 91' lang='lat' dir='ltr'>ibi</span> <span class='ocrx_word' id='word_1_134' title='bbox 964 2154 1227 2224; x_wconf 88' lang='lat' dir='ltr'>qualibet</span> <span class='ocrx_word' id='word_1_135' title='bbox 1273 2155 1669 2227; x_wconf 88' lang='lat' dir='ltr'>subreptionis</span> <span class='ocrx_word' id='word_1_136' title='bbox 1700 2154 1920 2230; x_wconf 78' lang='lat' dir='ltr'>astutia</span> 
     </span>
    </p>
   </div>
   <div class='ocr_carea' id='block_1_23' title="bbox 257 2239 1919 2314">
    <p class='ocr_par' dir='ltr' id='par_1_23' title="bbox 257 2239 1919 2314">
     <span class='ocr_line' id='line_1_23' title="bbox 257 2239 1919 2314; baseline 0 -18"><span class='ocrx_word' id='word_1_137' title='bbox 257 2257 361 2296; x_wconf 87' lang='lat' dir='ltr'>seu</span> <span class='ocrx_word' id='word_1_138' title='bbox 382 2239 656 2296; x_wconf 83' lang='lat' dir='ltr'>violentia</span> <span class='ocrx_word' id='word_1_139' title='bbox 678 2248 1068 2313; x_wconf 69' lang='lat' dir='ltr'>prmpouatur,</span> <span class='ocrx_word' id='word_1_140' title='bbox 1087 2243 1200 2298; x_wconf 89' lang='lat' dir='ltr'>nisi</span> <span class='ocrx_word' id='word_1_141' title='bbox 1224 2261 1397 2314; x_wconf 89' lang='lat' dir='ltr'>quem</span> <span class='ocrx_word' id='word_1_142' title='bbox 1423 2244 1600 2298; x_wconf 87' lang='lat' dir='ltr'>frater</span> <span class='ocrx_word' id='word_1_143' title='bbox 1621 2239 1919 2298; x_wconf 81' lang='lat' dir='ltr'>communl</span> 
     </span>
    </p>
   </div>
   <div class='ocr_carea' id='block_1_24' title="bbox 259 2324 1922 2407">
    <p class='ocr_par' dir='ltr' id='par_1_24' title="bbox 259 2324 1922 2407">
     <span class='ocr_line' id='line_1_24' title="bbox 259 2324 1922 2407; baseline 0.002 -23"><span class='ocrx_word' id='word_1_144' title='bbox 259 2346 566 2396; x_wconf 89' lang='lat' dir='ltr'>consensu,</span> <span class='ocrx_word' id='word_1_145' title='bbox 593 2329 682 2384; x_wconf 89' lang='lat' dir='ltr'>vel</span> <span class='ocrx_word' id='word_1_146' title='bbox 719 2332 963 2386; x_wconf 85' lang='lat' dir='ltr'>fratrum</span> <span class='ocrx_word' id='word_1_147' title='bbox 997 2349 1131 2402; x_wconf 88' lang='lat' dir='ltr'>pars</span> <span class='ocrx_word' id='word_1_148' title='bbox 1157 2331 1385 2387; x_wconf 90' lang='lat' dir='ltr'>consilii</span> <span class='ocrx_word' id='word_1_149' title='bbox 1420 2333 1693 2398; x_wconf 86' lang='lat' dir='ltr'>sanioris,</span> <span class='ocrx_word' id='word_1_150' title='bbox 1719 2324 1922 2407; x_wconf 65' lang='lat' dir='ltr'>securi:</span> 
     </span>
    </p>
   </div>
   <div class='ocr_carea' id='block_1_25' title="bbox 256 2418 1917 2492">
    <p class='ocr_par' dir='ltr' id='par_1_25' title="bbox 256 2418 1917 2492">
     <span class='ocr_line' id='line_1_25' title="bbox 256 2418 1917 2492; baseline 0.004 -21"><span class='ocrx_word' id='word_1_151' title='bbox 256 2418 395 2472; x_wconf 92' lang='lat' dir='ltr'>dum</span> <span class='ocrx_word' id='word_1_152' title='bbox 430 2418 523 2472; x_wconf 90' lang='lat' dir='ltr'>Dei</span> <span class='ocrx_word' id='word_1_153' title='bbox 555 2419 826 2474; x_wconf 71' lang='lat' dir='ltr'>timorem</span> <span class='ocrx_word' id='word_1_154' title='bbox 849 2423 906 2474; x_wconf 91' lang='lat' dir='ltr'>et</span> <span class='ocrx_word' id='word_1_155' title='bbox 929 2421 1080 2475; x_wconf 86' lang='lat' dir='ltr'>beati</span> <span class='ocrx_word' id='word_1_156' title='bbox 1117 2420 1409 2476; x_wconf 89' lang='lat' dir='ltr'>Benedicti</span> <span class='ocrx_word' id='word_1_157' title='bbox 1436 2421 1697 2492; x_wconf 88' lang='lat' dir='ltr'>regulam</span> <span class='ocrx_word' id='word_1_158' title='bbox 1730 2420 1917 2492; x_wconf 87' lang='lat' dir='ltr'>clege-</span> 
     </span>
    </p>
   </div>
   <div class='ocr_carea' id='block_1_26' title="bbox 257 2507 1918 2581">
    <p class='ocr_par' dir='ltr' id='par_1_26' title="bbox 257 2507 1918 2581">
     <span class='ocr_line' id='line_1_26' title="bbox 257 2507 1918 2581; baseline 0.001 -21"><span class='ocrx_word' id='word_1_159' title='bbox 257 2507 390 2562; x_wconf 84' lang='lat' dir='ltr'>rint.</span> <span class='ocrx_word' id='word_1_160' title='bbox 414 2508 498 2562; x_wconf 87' lang='lat' dir='ltr'>Ad</span> <span class='ocrx_word' id='word_1_161' title='bbox 531 2507 816 2562; x_wconf 90' lang='lat' dir='ltr'>indicium</span> <span class='ocrx_word' id='word_1_162' title='bbox 849 2513 1044 2563; x_wconf 83' lang='lat' dir='ltr'>autem</span> <span class='ocrx_word' id='word_1_163' title='bbox 1069 2514 1351 2581; x_wconf 66' lang='lat' dir='ltr'>percepta:</span> <span class='ocrx_word' id='word_1_164' title='bbox 1375 2527 1410 2565; x_wconf 90' lang='lat' dir='ltr'>a</span> <span class='ocrx_word' id='word_1_165' title='bbox 1433 2510 1694 2565; x_wconf 85' lang='lat' dir='ltr'>Romana</span> <span class='ocrx_word' id='word_1_166' title='bbox 1725 2508 1918 2564; x_wconf 87' lang='lat' dir='ltr'>Eccle-</span> 
     </span>
    </p>
   </div>
   <div class='ocr_carea' id='block_1_27' title="bbox 257 2592 1896 2670">
    <p class='ocr_par' dir='ltr' id='par_1_27' title="bbox 257 2592 1896 2670">
     <span class='ocr_line' id='line_1_27' title="bbox 257 2592 1896 2670; baseline 0.003 -21"><span class='ocrx_word' id='word_1_167' title='bbox 257 2592 343 2649; x_wconf 89' lang='lat' dir='ltr'>sia</span> <span class='ocrx_word' id='word_1_168' title='bbox 372 2594 1020 2667; x_wconf 88' lang='lat' dir='ltr'>libertatis,quotannis</span> <span class='ocrx_word' id='word_1_169' title='bbox 1052 2615 1226 2652; x_wconf 85' lang='lat' dir='ltr'>unam</span> <span class='ocrx_word' id='word_1_170' title='bbox 1261 2599 1484 2670; x_wconf 84' lang='lat' dir='ltr'>argenti</span> <span class='ocrx_word' id='word_1_171' title='bbox 1518 2598 1725 2653; x_wconf 90' lang='lat' dir='ltr'>libram</span> <span class='ocrx_word' id='word_1_172' title='bbox 1761 2599 1896 2654; x_wconf 87' lang='lat' dir='ltr'>Late</span> 
     </span>
    </p>
   </div>
   <div class='ocr_carea' id='block_1_28' title="bbox 257 2682 1127 2755">
    <p class='ocr_par' dir='ltr' id='par_1_28' title="bbox 257 2682 1127 2755">
     <span class='ocr_line' id='line_1_28' title="bbox 257 2682 1127 2755; baseline 0.003 -19"><span class='ocrx_word' id='word_1_173' title='bbox 257 2683 493 2738; x_wconf 88' lang='lat' dir='ltr'>ranensi</span> <span class='ocrx_word' id='word_1_174' title='bbox 520 2682 736 2754; x_wconf 89' lang='lat' dir='ltr'>palatio</span> <span class='ocrx_word' id='word_1_175' title='bbox 766 2685 1127 2755; x_wconf 85' lang='lat' dir='ltr'>persolvetis.</span> 
     </span>
    </p>
   </div>
   <div class='ocr_carea' id='block_1_29' title="bbox 327 2771 1914 2842">
    <p class='ocr_par' dir='ltr' id='par_1_29' title="bbox 327 2771 1914 2842">
     <span class='ocr_line' id='line_1_29' title="bbox 327 2771 1914 2842; baseline 0.004 -16"><span class='ocrx_word' id='word_1_176' title='bbox 327 2771 388 2826; x_wconf 91' lang='lat' dir='ltr'>Si</span> <span class='ocrx_word' id='word_1_177' title='bbox 421 2788 536 2842; x_wconf 91' lang='lat' dir='ltr'>qua</span> <span class='ocrx_word' id='word_1_178' title='bbox 566 2788 705 2826; x_wconf 88' lang='lat' dir='ltr'>sane</span> <span class='ocrx_word' id='word_1_179' title='bbox 738 2773 794 2826; x_wconf 93' lang='lat' dir='ltr'>in</span> <span class='ocrx_word' id='word_1_180' title='bbox 824 2773 1090 2828; x_wconf 79' lang='lat' dir='ltr'>futurum</span> <span class='ocrx_word' id='word_1_181' title='bbox 1121 2773 1519 2831; x_wconf 86' lang='lat' dir='ltr'>ecclesiastica</span> <span class='ocrx_word' id='word_1_182' title='bbox 1549 2777 1914 2834; x_wconf 68' lang='lat' dir='ltr'>saecularisve</span> 
     </span>
    </p>
   </div>
   <div class='ocr_carea' id='block_1_30' title="bbox 256 2859 1909 2936">
    <p class='ocr_par' dir='ltr' id='par_1_30' title="bbox 256 2859 1909 2936">
     <span class='ocr_line' id='line_1_30' title="bbox 256 2859 1909 2936; baseline 0.006 -24"><span class='ocrx_word' id='word_1_183' title='bbox 256 2874 509 2930; x_wconf 89' lang='lat' dir='ltr'>persona</span> <span class='ocrx_word' id='word_1_184' title='bbox 531 2859 683 2914; x_wconf 91' lang='lat' dir='ltr'>hanc</span> <span class='ocrx_word' id='word_1_185' title='bbox 705 2865 915 2916; x_wconf 78' lang='lat' dir='ltr'>nostrae</span> <span class='ocrx_word' id='word_1_186' title='bbox 937 2862 1374 2919; x_wconf 88' lang='lat' dir='ltr'>constitutionis</span> <span class='ocrx_word' id='word_1_187' title='bbox 1400 2865 1672 2936; x_wconf 78' lang='lat' dir='ltr'>paginam</span> <span class='ocrx_word' id='word_1_188' title='bbox 1696 2867 1909 2933; x_wconf 90' lang='lat' dir='ltr'>sciens,</span> 
     </span>
    </p>
   </div>
   <div class='ocr_carea' id='block_1_31' title="bbox 254 2951 1909 3021">
    <p class='ocr_par' dir='ltr' id='par_1_31' title="bbox 254 2951 1909 3021">
     <span class='ocr_line' id='line_1_31' title="bbox 254 2951 1909 3021; baseline 0.006 -20"><span class='ocrx_word' id='word_1_189' title='bbox 254 2952 457 3004; x_wconf 84' lang='lat' dir='ltr'>contra</span> <span class='ocrx_word' id='word_1_190' title='bbox 485 2964 613 3003; x_wconf 87' lang='lat' dir='ltr'>eam</span> <span class='ocrx_word' id='word_1_191' title='bbox 648 2953 862 3004; x_wconf 88' lang='lat' dir='ltr'>temere</span> <span class='ocrx_word' id='word_1_192' title='bbox 913 2951 1106 3007; x_wconf 90' lang='lat' dir='ltr'>venire</span> <span class='ocrx_word' id='word_1_193' title='bbox 1158 2953 1483 3021; x_wconf 88' lang='lat' dir='ltr'>tentaverit,</span> <span class='ocrx_word' id='word_1_194' title='bbox 1509 2955 1764 3011; x_wconf 89' lang='lat' dir='ltr'>secundo</span> <span class='ocrx_word' id='word_1_195' title='bbox 1798 2961 1909 3011; x_wconf 90' lang='lat' dir='ltr'>ter-</span> 
     </span>
    </p>
   </div>
   <div class='ocr_carea' id='block_1_32' title="bbox 254 3035 1910 3117">
    <p class='ocr_par' dir='ltr' id='par_1_32' title="bbox 254 3035 1910 3117">
     <span class='ocr_line' id='line_1_32' title="bbox 254 3035 1910 3117; baseline 0.006 -27"><span class='ocrx_word' id='word_1_196' title='bbox 254 3035 405 3092; x_wconf 90' lang='lat' dir='ltr'>tiove</span> <span class='ocrx_word' id='word_1_197' title='bbox 461 3037 846 3106; x_wconf 87' lang='lat' dir='ltr'>commonita,</span> <span class='ocrx_word' id='word_1_198' title='bbox 909 3040 955 3094; x_wconf 92' lang='lat' dir='ltr'>si</span> <span class='ocrx_word' id='word_1_199' title='bbox 1025 3057 1139 3095; x_wconf 92' lang='lat' dir='ltr'>non</span> <span class='ocrx_word' id='word_1_200' title='bbox 1201 3041 1595 3098; x_wconf 84' lang='lat' dir='ltr'>satisfactione</span> <span class='ocrx_word' id='word_1_201' title='bbox 1651 3060 1910 3117; x_wconf 88' lang='lat' dir='ltr'>congrua</span> 
     </span>
    </p>
   </div>
   <div class='ocr_carea' id='block_1_33' title="bbox 255 3125 1907 3204">
    <p class='ocr_par' dir='ltr' id='par_1_33' title="bbox 255 3125 1907 3204">
     <span class='ocr_line' id='line_1_33' title="bbox 255 3125 1907 3204; baseline 0.007 -24"><span class='ocrx_word' id='word_1_202' title='bbox 255 3125 677 3193; x_wconf 85' lang='lat' dir='ltr'>emendaverit,</span> <span class='ocrx_word' id='word_1_203' title='bbox 730 3129 1033 3198; x_wconf 87' lang='lat' dir='ltr'>potestatis</span> <span class='ocrx_word' id='word_1_204' title='bbox 1080 3128 1433 3202; x_wconf 89' lang='lat' dir='ltr'>honorisque</span> <span class='ocrx_word' id='word_1_205' title='bbox 1481 3131 1573 3187; x_wconf 92' lang='lat' dir='ltr'>sui</span> <span class='ocrx_word' id='word_1_206' title='bbox 1625 3133 1907 3204; x_wconf 84' lang='lat' dir='ltr'>dignitate</span> 
     </span>
    </p>
   </div>
   <div class='ocr_carea' id='block_1_34' title="bbox 255 3217 1901 3294">
    <p class='ocr_par' dir='ltr' id='par_1_34' title="bbox 255 3217 1901 3294">
     <span class='ocr_line' id='line_1_34' title="bbox 255 3217 1901 3294; baseline 0.007 -26"><span class='ocrx_word' id='word_1_207' title='bbox 255 3217 467 3282; x_wconf 86' lang='lat' dir='ltr'>careat,</span> <span class='ocrx_word' id='word_1_208' title='bbox 494 3231 768 3286; x_wconf 88' lang='lat' dir='ltr'>reamque</span> <span class='ocrx_word' id='word_1_209' title='bbox 799 3232 860 3271; x_wconf 90' lang='lat' dir='ltr'>se</span> <span class='ocrx_word' id='word_1_210' title='bbox 892 3217 1087 3273; x_wconf 90' lang='lat' dir='ltr'>divino</span> <span class='ocrx_word' id='word_1_211' title='bbox 1129 3218 1355 3289; x_wconf 86' lang='lat' dir='ltr'>judicio</span> <span class='ocrx_word' id='word_1_212' title='bbox 1399 3220 1643 3277; x_wconf 85' lang='lat' dir='ltr'>existere</span> <span class='ocrx_word' id='word_1_213' title='bbox 1673 3223 1743 3278; x_wconf 88' lang='lat' dir='ltr'>de</span> <span class='ocrx_word' id='word_1_214' title='bbox 1774 3240 1901 3294; x_wconf 88' lang='lat' dir='ltr'>per-</span> 
     </span>
    </p>
   </div>
   <div class='ocr_carea' id='block_1_35' title="bbox 2016 641 3674 716">
    <p class='ocr_par' dir='ltr' id='par_1_35' title="bbox 2016 641 3674 716">
     <span class='ocr_line' id='line_1_35' title="bbox 2016 641 3674 716; baseline 0 -19"><span class='ocrx_word' id='word_1_215' title='bbox 2016 646 2283 699; x_wconf 89' lang='lat' dir='ltr'>nostroru</span> <span class='ocrx_word' id='word_1_216' title='bbox 2295 660 2348 698; x_wconf 90' lang='lat' dir='ltr'>m</span> <span class='ocrx_word' id='word_1_217' title='bbox 2371 648 2633 716; x_wconf 89' lang='lat' dir='ltr'>tempore</span> <span class='ocrx_word' id='word_1_218' title='bbox 2649 643 2818 700; x_wconf 90' lang='lat' dir='ltr'>sedes</span> <span class='ocrx_word' id='word_1_219' title='bbox 2836 642 3156 716; x_wconf 88' lang='lat' dir='ltr'>apostolica</span> <span class='ocrx_word' id='word_1_220' title='bbox 3176 641 3550 715; x_wconf 85' lang='lat' dir='ltr'>interpellata</span> <span class='ocrx_word' id='word_1_221' title='bbox 3573 641 3674 714; x_wconf 85' lang='lat' dir='ltr'>sit,</span> 
     </span>
    </p>
   </div>
   <div class='ocr_carea' id='block_1_36' title="bbox 2017 731 3674 804">
    <p class='ocr_par' dir='ltr' id='par_1_36' title="bbox 2017 731 3674 804">
     <span class='ocr_line' id='line_1_36' title="bbox 2017 731 3674 804; baseline 0.001 -20"><span class='ocrx_word' id='word_1_222' title='bbox 2017 747 2130 785; x_wconf 90' lang='lat' dir='ltr'>non</span> <span class='ocrx_word' id='word_1_223' title='bbox 2165 739 2250 786; x_wconf 85' lang='lat' dir='ltr'>est</span> <span class='ocrx_word' id='word_1_224' title='bbox 2280 733 2681 787; x_wconf 87' lang='lat' dir='ltr'>necessarium</span> <span class='ocrx_word' id='word_1_225' title='bbox 2710 748 3032 788; x_wconf 90' lang='lat' dir='ltr'>memorare</span> <span class='ocrx_word' id='word_1_226' title='bbox 3062 749 3075 787; x_wconf 89' lang='lat'>:</span> <span class='ocrx_word' id='word_1_227' title='bbox 3111 731 3388 804; x_wconf 89' lang='lat' dir='ltr'>quoniam</span> <span class='ocrx_word' id='word_1_228' title='bbox 3419 734 3479 787; x_wconf 90' lang='lat' dir='ltr'>et</span> <span class='ocrx_word' id='word_1_229' title='bbox 3508 735 3674 787; x_wconf 85' lang='lat' dir='ltr'>ante-</span> 
     </span>
    </p>
   </div>
   <div class='ocr_carea' id='block_1_37' title="bbox 2018 819 3676 892">
    <p class='ocr_par' dir='ltr' id='par_1_37' title="bbox 2018 819 3676 892">
     <span class='ocr_line' id='line_1_37' title="bbox 2018 819 3676 892; baseline 0.001 -18"><span class='ocrx_word' id='word_1_230' title='bbox 2018 835 2313 875; x_wconf 88' lang='lat' dir='ltr'>cessorum</span> <span class='ocrx_word' id='word_1_231' title='bbox 2335 827 2670 877; x_wconf 90' lang='lat' dir='ltr'>nostrorum</span> <span class='ocrx_word' id='word_1_232' title='bbox 2687 822 2908 892; x_wconf 87' lang='lat' dir='ltr'>scripta</span> <span class='ocrx_word' id='word_1_233' title='bbox 2929 820 3274 886; x_wconf 87' lang='lat' dir='ltr'>indicant,et</span> <span class='ocrx_word' id='word_1_234' title='bbox 3294 819 3676 876; x_wconf 89' lang='lat' dir='ltr'>conciliorum</span> 
     </span>
    </p>
   </div>
   <div class='ocr_carea' id='block_1_38' title="bbox 2017 909 3676 978">
    <p class='ocr_par' dir='ltr' id='par_1_38' title="bbox 2017 909 3676 978">
     <span class='ocr_line' id='line_1_38' title="bbox 2017 909 3676 978; baseline 0.002 -16"><span class='ocrx_word' id='word_1_235' title='bbox 2017 924 2145 978; x_wconf 66' lang='lat' dir='ltr'>quae</span> <span class='ocrx_word' id='word_1_236' title='bbox 2171 926 2276 964; x_wconf 90' lang='lat' dir='ltr'>nos</span> <span class='ocrx_word' id='word_1_237' title='bbox 2309 915 2543 966; x_wconf 88' lang='lat' dir='ltr'>auctore</span> <span class='ocrx_word' id='word_1_238' title='bbox 2574 915 2687 965; x_wconf 90' lang='lat' dir='ltr'>Deo</span> <span class='ocrx_word' id='word_1_239' title='bbox 2719 909 2777 964; x_wconf 91' lang='lat' dir='ltr'>in</span> <span class='ocrx_word' id='word_1_240' title='bbox 2811 909 3014 965; x_wconf 89' lang='lat' dir='ltr'>Galliis</span> <span class='ocrx_word' id='word_1_241' title='bbox 3044 909 3490 977; x_wconf 84' lang='lat' dir='ltr'>celebravimus,</span> <span class='ocrx_word' id='word_1_242' title='bbox 3517 925 3676 965; x_wconf 91' lang='lat' dir='ltr'>com-</span> 
     </span>
    </p>
   </div>
   <div class='ocr_carea' id='block_1_39' title="bbox 2019 998 3674 1070">
    <p class='ocr_par' dir='ltr' id='par_1_39' title="bbox 2019 998 3674 1070">
     <span class='ocr_line' id='line_1_39' title="bbox 2019 998 3674 1070; baseline 0.001 -18"><span class='ocrx_word' id='word_1_243' title='bbox 2019 998 2218 1052; x_wconf 91' lang='lat' dir='ltr'>munis</span> <span class='ocrx_word' id='word_1_244' title='bbox 2250 999 2531 1055; x_wconf 85' lang='lat' dir='ltr'>memoria</span> <span class='ocrx_word' id='word_1_245' title='bbox 2565 1003 2942 1070; x_wconf 88' lang='lat' dir='ltr'>protestatur.</span> <span class='ocrx_word' id='word_1_246' title='bbox 2969 999 3048 1054; x_wconf 87' lang='lat' dir='ltr'>Ea</span> <span class='ocrx_word' id='word_1_247' title='bbox 3079 998 3373 1070; x_wconf 86' lang='lat' dir='ltr'>siquidem</span> <span class='ocrx_word' id='word_1_248' title='bbox 3403 1014 3583 1056; x_wconf 81' lang='lat' dir='ltr'>causa</span> <span class='ocrx_word' id='word_1_249' title='bbox 3612 998 3674 1054; x_wconf 90' lang='lat' dir='ltr'>in</span> 
     </span>
    </p>
   </div>
   <div class='ocr_carea' id='block_1_40' title="bbox 2019 1085 3672 1156">
    <p class='ocr_par' dir='ltr' id='par_1_40' title="bbox 2019 1085 3672 1156">
     <span class='ocr_line' id='line_1_40' title="bbox 2019 1085 3672 1156; baseline 0.002 -16"><span class='ocrx_word' id='word_1_250' title='bbox 2019 1085 2279 1156; x_wconf 87' lang='lat' dir='ltr'>plenario</span> <span class='ocrx_word' id='word_1_251' title='bbox 2301 1088 2645 1144; x_wconf 82' lang='lat' dir='ltr'>Arvernensi</span> <span class='ocrx_word' id='word_1_252' title='bbox 2671 1087 2914 1144; x_wconf 91' lang='lat' dir='ltr'>concilio</span> <span class='ocrx_word' id='word_1_253' title='bbox 2936 1091 3183 1142; x_wconf 81' lang='lat' dir='ltr'>tractata</span> <span class='ocrx_word' id='word_1_254' title='bbox 3203 1104 3268 1142; x_wconf 89' lang='lat' dir='ltr'>ac</span> <span class='ocrx_word' id='word_1_255' title='bbox 3290 1087 3530 1143; x_wconf 78' lang='lat' dir='ltr'>deﬁnita</span> <span class='ocrx_word' id='word_1_256' title='bbox 3560 1091 3672 1143; x_wconf 87' lang='lat' dir='ltr'>est.</span> 
     </span>
    </p>
   </div>
   <div class='ocr_carea' id='block_1_41' title="bbox 2019 1174 3676 1248">
    <p class='ocr_par' dir='ltr' id='par_1_41' title="bbox 2019 1174 3676 1248">
     <span class='ocr_line' id='line_1_41' title="bbox 2019 1174 3676 1248; baseline 0.002 -20"><span class='ocrx_word' id='word_1_257' title='bbox 2019 1174 2084 1228; x_wconf 89' lang='lat' dir='ltr'>Et</span> <span class='ocrx_word' id='word_1_258' title='bbox 2111 1192 2244 1230; x_wconf 90' lang='lat' dir='ltr'>cum</span> <span class='ocrx_word' id='word_1_259' title='bbox 2269 1175 2595 1242; x_wconf 83' lang='lat' dir='ltr'>Richerius,</span> <span class='ocrx_word' id='word_1_260' title='bbox 2612 1176 2964 1232; x_wconf 88' lang='lat' dir='ltr'>Senonensis</span> <span class='ocrx_word' id='word_1_261' title='bbox 2987 1176 3481 1248; x_wconf 88' lang='lat' dir='ltr'>archiepiscopus,</span> <span class='ocrx_word' id='word_1_262' title='bbox 3506 1193 3676 1248; x_wconf 89' lang='lat' dir='ltr'>syno-</span> 
     </span>
    </p>
   </div>
   <div class='ocr_carea' id='block_1_42' title="bbox 2016 1263 3672 1338">
    <p class='ocr_par' dir='ltr' id='par_1_42' title="bbox 2016 1263 3672 1338">
     <span class='ocr_line' id='line_1_42' title="bbox 2016 1263 3672 1338; baseline 0.001 -20"><span class='ocrx_word' id='word_1_263' title='bbox 2016 1263 2134 1318; x_wconf 90' lang='lat' dir='ltr'>dali</span> <span class='ocrx_word' id='word_1_264' title='bbox 2161 1265 2483 1321; x_wconf 84' lang='lat' dir='ltr'>deﬁnitioni</span> <span class='ocrx_word' id='word_1_265' title='bbox 2532 1265 2772 1321; x_wconf 89' lang='lat' dir='ltr'>minime</span> <span class='ocrx_word' id='word_1_266' title='bbox 2812 1265 3218 1338; x_wconf 85' lang='lat' dir='ltr'>acquievisset,</span> <span class='ocrx_word' id='word_1_267' title='bbox 3250 1266 3311 1320; x_wconf 90' lang='lat' dir='ltr'>in</span> <span class='ocrx_word' id='word_1_268' title='bbox 3343 1265 3672 1322; x_wconf 91' lang='lat' dir='ltr'>Turonensi</span> 
     </span>
    </p>
   </div>
   <div class='ocr_carea' id='block_1_43' title="bbox 2016 1352 3671 1427">
    <p class='ocr_par' dir='ltr' id='par_1_43' title="bbox 2016 1352 3671 1427">
     <span class='ocr_line' id='line_1_43' title="bbox 2016 1352 3671 1427; baseline 0.001 -20"><span class='ocrx_word' id='word_1_269' title='bbox 2016 1352 2232 1423; x_wconf 88' lang='lat' dir='ltr'>pariter</span> <span class='ocrx_word' id='word_1_270' title='bbox 2262 1370 2327 1410; x_wconf 91' lang='lat' dir='ltr'>ac</span> <span class='ocrx_word' id='word_1_271' title='bbox 2358 1353 2742 1410; x_wconf 84' lang='lat' dir='ltr'>Nemausensi</span> <span class='ocrx_word' id='word_1_272' title='bbox 2773 1354 3017 1411; x_wconf 90' lang='lat' dir='ltr'>concilio</span> <span class='ocrx_word' id='word_1_273' title='bbox 3059 1371 3163 1427; x_wconf 91' lang='lat' dir='ltr'>per</span> <span class='ocrx_word' id='word_1_274' title='bbox 3193 1364 3352 1410; x_wconf 82' lang='lat' dir='ltr'>tuam</span> <span class='ocrx_word' id='word_1_275' title='bbox 3379 1358 3472 1411; x_wconf 86' lang='lat' dir='ltr'>est</span> <span class='ocrx_word' id='word_1_276' title='bbox 3497 1353 3671 1409; x_wconf 87' lang='lat' dir='ltr'>indu-</span> 
     </span>
    </p>
   </div>
   <div class='ocr_carea' id='block_1_44' title="bbox 2019 1440 3673 1514">
    <p class='ocr_par' dir='ltr' id='par_1_44' title="bbox 2019 1440 3673 1514">
     <span class='ocr_line' id='line_1_44' title="bbox 2019 1440 3673 1514; baseline 0.002 -21"><span class='ocrx_word' id='word_1_277' title='bbox 2019 1440 2220 1496; x_wconf 86' lang='lat' dir='ltr'>striam</span> <span class='ocrx_word' id='word_1_278' title='bbox 2254 1443 2526 1513; x_wconf 88' lang='lat' dir='ltr'>repetita;</span> <span class='ocrx_word' id='word_1_279' title='bbox 2559 1448 2617 1497; x_wconf 90' lang='lat' dir='ltr'>et</span> <span class='ocrx_word' id='word_1_280' title='bbox 2657 1443 3031 1514; x_wconf 87' lang='lat' dir='ltr'>supradictus</span> <span class='ocrx_word' id='word_1_281' title='bbox 3076 1443 3312 1514; x_wconf 86' lang='lat' dir='ltr'>quidem</span> <span class='ocrx_word' id='word_1_282' title='bbox 3365 1441 3673 1498; x_wconf 76' lang='lat' dir='ltr'>Richerius</span> 
     </span>
    </p>
   </div>
   <div class='ocr_carea' id='block_1_45' title="bbox 2019 1531 3674 1605">
    <p class='ocr_par' dir='ltr' id='par_1_45' title="bbox 2019 1531 3674 1605">
     <span class='ocr_line' id='line_1_45' title="bbox 2019 1531 3674 1605; baseline 0.003 -22"><span class='ocrx_word' id='word_1_283' title='bbox 2019 1545 2121 1599; x_wconf 93' lang='lat' dir='ltr'>pro</span> <span class='ocrx_word' id='word_1_284' title='bbox 2163 1547 2270 1584; x_wconf 89' lang='lat' dir='ltr'>sua</span> <span class='ocrx_word' id='word_1_285' title='bbox 2318 1531 2638 1602; x_wconf 87' lang='lat' dir='ltr'>pertinacia</span> <span class='ocrx_word' id='word_1_286' title='bbox 2689 1531 3036 1586; x_wconf 86' lang='lat' dir='ltr'>interdictus</span> <span class='ocrx_word' id='word_1_287' title='bbox 3087 1531 3248 1598; x_wconf 89' lang='lat' dir='ltr'>obiit,</span> <span class='ocrx_word' id='word_1_288' title='bbox 3283 1531 3674 1605; x_wconf 76' lang='lat' dir='ltr'>suffraganeis</span> 
     </span>
    </p>
   </div>
   <div class='ocr_carea' id='block_1_46' title="bbox 2018 1617 3677 1691">
    <p class='ocr_par' dir='ltr' id='par_1_46' title="bbox 2018 1617 3677 1691">
     <span class='ocr_line' id='line_1_46' title="bbox 2018 1617 3677 1691; baseline 0.004 -20"><span class='ocrx_word' id='word_1_289' title='bbox 2018 1617 2145 1686; x_wconf 87' lang='lat' dir='ltr'>ejus</span> <span class='ocrx_word' id='word_1_290' title='bbox 2178 1617 2282 1671; x_wconf 90' lang='lat' dir='ltr'>tibi</span> <span class='ocrx_word' id='word_1_291' title='bbox 2317 1624 2596 1691; x_wconf 88' lang='lat' dir='ltr'>tanquam</span> <span class='ocrx_word' id='word_1_292' title='bbox 2641 1618 2875 1691; x_wconf 86' lang='lat' dir='ltr'>primati</span> <span class='ocrx_word' id='word_1_293' title='bbox 2905 1624 2964 1674; x_wconf 89' lang='lat' dir='ltr'>et</span> <span class='ocrx_word' id='word_1_294' title='bbox 2993 1619 3256 1691; x_wconf 82' lang='lat' dir='ltr'>synodali</span> <span class='ocrx_word' id='word_1_295' title='bbox 3279 1619 3504 1691; x_wconf 84' lang='lat' dir='ltr'>judicio</span> <span class='ocrx_word' id='word_1_296' title='bbox 3536 1621 3677 1677; x_wconf 88' lang='lat' dir='ltr'>obe-</span> 
     </span>
    </p>
   </div>
   <div class='ocr_carea' id='block_1_47' title="bbox 2018 1704 3678 1778">
    <p class='ocr_par' dir='ltr' id='par_1_47' title="bbox 2018 1704 3678 1778">
     <span class='ocr_line' id='line_1_47' title="bbox 2018 1704 3678 1778; baseline 0.004 -19"><span class='ocrx_word' id='word_1_297' title='bbox 2018 1704 2296 1762; x_wconf 86' lang='lat' dir='ltr'>dicntiam</span> <span class='ocrx_word' id='word_1_298' title='bbox 2322 1708 2447 1777; x_wconf 85' lang='lat' dir='ltr'>jam</span> <span class='ocrx_word' id='word_1_299' title='bbox 2478 1708 2780 1778; x_wconf 77' lang='lat' dir='ltr'>professis.</span> <span class='ocrx_word' id='word_1_300' title='bbox 2807 1709 3005 1763; x_wconf 84' lang='lat' dir='ltr'>Frater</span> <span class='ocrx_word' id='word_1_301' title='bbox 3035 1712 3228 1764; x_wconf 86' lang='lat' dir='ltr'>autem</span> <span class='ocrx_word' id='word_1_302' title='bbox 3261 1712 3460 1765; x_wconf 90' lang='lat' dir='ltr'>noster</span> <span class='ocrx_word' id='word_1_303' title='bbox 3479 1710 3678 1765; x_wconf 86' lang='lat' dir='ltr'>.Daim-</span> 
     </span>
    </p>
   </div>
   <div class='ocr_carea' id='block_1_48' title="bbox 2021 1794 3675 1869">
    <p class='ocr_par' dir='ltr' id='par_1_48' title="bbox 2021 1794 3675 1869">
     <span class='ocr_line' id='line_1_48' title="bbox 2021 1794 3675 1869; baseline 0.004 -21"><span class='ocrx_word' id='word_1_304' title='bbox 2021 1794 2239 1860; x_wconf 91' lang='lat' dir='ltr'>bertus,</span> <span class='ocrx_word' id='word_1_305' title='bbox 2274 1795 2375 1866; x_wconf 89' lang='lat' dir='ltr'>qui</span> <span class='ocrx_word' id='word_1_306' title='bbox 2418 1797 2608 1853; x_wconf 90' lang='lat' dir='ltr'>eidem</span> <span class='ocrx_word' id='word_1_307' title='bbox 2660 1813 2815 1852; x_wconf 89' lang='lat' dir='ltr'>nunc</span> <span class='ocrx_word' id='word_1_308' title='bbox 2864 1796 3148 1863; x_wconf 65' lang='lat' dir='ltr'>Ecclesia,</span> <span class='ocrx_word' id='word_1_309' title='bbox 3184 1798 3675 1869; x_wconf 80' lang='lat' dir='ltr'>disponente-Do-</span> 
     </span>
    </p>
   </div>
   <div class='ocr_carea' id='block_1_49' title="bbox 2023 1882 3678 1958">
    <p class='ocr_par' dir='ltr' id='par_1_49' title="bbox 2023 1882 3678 1958">
     <span class='ocr_line' id='line_1_49' title="bbox 2023 1882 3678 1958; baseline 0.004 -22"><span class='ocrx_word' id='word_1_310' title='bbox 2023 1882 2202 1948; x_wconf 91' lang='lat' dir='ltr'>mino,</span> <span class='ocrx_word' id='word_1_311' title='bbox 2237 1883 2528 1954; x_wconf 67' lang='lat' dir='ltr'>praesidet,</span> <span class='ocrx_word' id='word_1_312' title='bbox 2563 1885 2716 1940; x_wconf 87' lang='lat' dir='ltr'>sicut</span> <span class='ocrx_word' id='word_1_313' title='bbox 2758 1885 2863 1940; x_wconf 88' lang='lat' dir='ltr'>tibi</span> <span class='ocrx_word' id='word_1_314' title='bbox 2914 1886 3130 1942; x_wconf 88' lang='lat' dir='ltr'>nostris</span> <span class='ocrx_word' id='word_1_315' title='bbox 3161 1885 3559 1958; x_wconf 76' lang='lat' dir='ltr'>signiﬁcatum</span> <span class='ocrx_word' id='word_1_316' title='bbox 3589 1891 3678 1946; x_wconf 82' lang='lat' dir='ltr'>est</span> 
     </span>
    </p>
   </div>
   <div class='ocr_carea' id='block_1_50' title="bbox 2027 1969 3675 2045">
    <p class='ocr_par' dir='ltr' id='par_1_50' title="bbox 2027 1969 3675 2045">
     <span class='ocr_line' id='line_1_50' title="bbox 2027 1969 3675 2045; baseline 0.005 -22"><span class='ocrx_word' id='word_1_317' title='bbox 2027 1969 2255 2039; x_wconf 80' lang='lat' dir='ltr'>litteris,</span> <span class='ocrx_word' id='word_1_318' title='bbox 2278 1972 2390 2030; x_wconf 89' lang='lat' dir='ltr'>sub</span> <span class='ocrx_word' id='word_1_319' title='bbox 2421 1973 2621 2028; x_wconf 87' lang='lat' dir='ltr'>eadem</span> <span class='ocrx_word' id='word_1_320' title='bbox 2651 1973 2887 2045; x_wconf 89' lang='lat' dir='ltr'>querela</span> <span class='ocrx_word' id='word_1_321' title='bbox 2916 1991 3020 2045; x_wconf 89' lang='lat' dir='ltr'>per</span> <span class='ocrx_word' id='word_1_322' title='bbox 3051 1974 3446 2031; x_wconf 86' lang='lat' dir='ltr'>ministerium</span> <span class='ocrx_word' id='word_1_323' title='bbox 3470 1991 3675 2032; x_wconf 85' lang='lat' dir='ltr'>meum</span> 
     </span>
    </p>
   </div>
   <div class='ocr_carea' id='block_1_51' title="bbox 2027 2061 3676 2135">
    <p class='ocr_par' dir='ltr' id='par_1_51' title="bbox 2027 2061 3676 2135">
     <span class='ocr_line' id='line_1_51' title="bbox 2027 2061 3676 2135; baseline 0.005 -22"><span class='ocrx_word' id='word_1_324' title='bbox 2027 2061 2274 2130; x_wconf 83' lang='lat' dir='ltr'>gratiam</span> <span class='ocrx_word' id='word_1_325' title='bbox 2308 2061 2763 2118; x_wconf 88' lang='lat' dir='ltr'>consecrationis</span> <span class='ocrx_word' id='word_1_326' title='bbox 2793 2062 3032 2134; x_wconf 87' lang='lat' dir='ltr'>accepit.</span> <span class='ocrx_word' id='word_1_327' title='bbox 3067 2063 3264 2135; x_wconf 87' lang='lat' dir='ltr'>Nuper</span> <span class='ocrx_word' id='word_1_328' title='bbox 3291 2067 3511 2130; x_wconf 88' lang='lat' dir='ltr'>autem,</span> <span class='ocrx_word' id='word_1_329' title='bbox 3537 2080 3676 2121; x_wconf 87' lang='lat' dir='ltr'>cum</span> 
     </span>
    </p>
   </div>
   <div class='ocr_carea' id='block_1_52' title="bbox 2027 2147 3676 2223">
    <p class='ocr_par' dir='ltr' id='par_1_52' title="bbox 2027 2147 3676 2223">
     <span class='ocr_line' id='line_1_52' title="bbox 2027 2147 3676 2223; baseline 0.005 -22"><span class='ocrx_word' id='word_1_330' title='bbox 2027 2147 2098 2201; x_wconf 90' lang='lat' dir='ltr'>ad</span> <span class='ocrx_word' id='word_1_331' title='bbox 2150 2149 2545 2219; x_wconf 84' lang='lat' dir='ltr'>apostolorum</span> <span class='ocrx_word' id='word_1_332' title='bbox 2594 2149 2821 2216; x_wconf 87' lang='lat' dir='ltr'>limina,</span> <span class='ocrx_word' id='word_1_333' title='bbox 2850 2156 2972 2206; x_wconf 88' lang='lat' dir='ltr'>tam</span> <span class='ocrx_word' id='word_1_334' title='bbox 3021 2168 3123 2223; x_wconf 90' lang='lat' dir='ltr'>pro</span> <span class='ocrx_word' id='word_1_335' title='bbox 3172 2152 3438 2222; x_wconf 85' lang='lat' dir='ltr'>ejusdem</span> <span class='ocrx_word' id='word_1_336' title='bbox 3483 2169 3676 2209; x_wconf 57' lang='lat' dir='ltr'>causis</span> 
     </span>
    </p>
   </div>
   <div class='ocr_carea' id='block_1_53' title="bbox 2028 2235 3677 2312">
    <p class='ocr_par' dir='ltr' id='par_1_53' title="bbox 2028 2235 3677 2312">
     <span class='ocr_line' id='line_1_53' title="bbox 2028 2235 3677 2312; baseline 0.005 -22"><span class='ocrx_word' id='word_1_337' title='bbox 2028 2235 2251 2291; x_wconf 87' lang='lat' dir='ltr'>actione</span> <span class='ocrx_word' id='word_1_338' title='bbox 2281 2254 2456 2308; x_wconf 85' lang='lat' dir='ltr'>quam</span> <span class='ocrx_word' id='word_1_339' title='bbox 2489 2254 2592 2308; x_wconf 91' lang='lat' dir='ltr'>pro</span> <span class='ocrx_word' id='word_1_340' title='bbox 2616 2240 2912 2295; x_wconf 90' lang='lat' dir='ltr'>communi</span> <span class='ocrx_word' id='word_1_341' title='bbox 2936 2241 3214 2312; x_wconf 81' lang='lat' dir='ltr'>synodica</span> <span class='ocrx_word' id='word_1_342' title='bbox 3240 2241 3559 2307; x_wconf 86' lang='lat' dir='ltr'>vocatione,</span> <span class='ocrx_word' id='word_1_343' title='bbox 3590 2258 3677 2298; x_wconf 86' lang='lat' dir='ltr'>re-</span> 
     </span>
    </p>
   </div>
   <div class='ocr_carea' id='block_1_54' title="bbox 2027 2323 3675 2400">
    <p class='ocr_par' dir='ltr' id='par_1_54' title="bbox 2027 2323 3675 2400">
     <span class='ocr_line' id='line_1_54' title="bbox 2027 2323 3675 2400; baseline 0.004 -23"><span class='ocrx_word' id='word_1_344' title='bbox 2027 2323 2251 2390; x_wconf 89' lang='lat' dir='ltr'>diisset,</span> <span class='ocrx_word' id='word_1_345' title='bbox 2297 2327 2678 2396; x_wconf 74' lang='lat' dir='ltr'>praesentibus</span> <span class='ocrx_word' id='word_1_346' title='bbox 2727 2327 2936 2400; x_wconf 82' lang='lat' dir='ltr'>legatis</span> <span class='ocrx_word' id='word_1_347' title='bbox 2988 2329 3126 2396; x_wconf 91' lang='lat' dir='ltr'>tuis,</span> <span class='ocrx_word' id='word_1_348' title='bbox 3160 2329 3423 2386; x_wconf 84' lang='lat' dir='ltr'>lsmeone</span> <span class='ocrx_word' id='word_1_349' title='bbox 3475 2329 3675 2387; x_wconf 77' lang='lat' dir='ltr'>lliensi</span> 
     </span>
    </p>
   </div>
   <div class='ocr_carea' id='block_1_55' title="bbox 2027 2412 3676 2490">
    <p class='ocr_par' dir='ltr' id='par_1_55' title="bbox 2027 2412 3676 2490">
     <span class='ocr_line' id='line_1_55' title="bbox 2027 2412 3676 2490; baseline 0.005 -22"><span class='ocrx_word' id='word_1_350' title='bbox 2027 2412 2318 2484; x_wconf 88' lang='lat' dir='ltr'>episcopo,</span> <span class='ocrx_word' id='word_1_351' title='bbox 2334 2414 2534 2470; x_wconf 90' lang='lat' dir='ltr'>Girino</span> <span class='ocrx_word' id='word_1_352' title='bbox 2552 2417 2771 2472; x_wconf 85' lang='lat' dir='ltr'>decano</span> <span class='ocrx_word' id='word_1_353' title='bbox 2788 2421 2845 2473; x_wconf 88' lang='lat' dir='ltr'>et</span> <span class='ocrx_word' id='word_1_354' title='bbox 2863 2417 3000 2474; x_wconf 83' lang='lat' dir='ltr'>item</span> <span class='ocrx_word' id='word_1_355' title='bbox 3020 2417 3218 2474; x_wconf 90' lang='lat' dir='ltr'>Girino</span> <span class='ocrx_word' id='word_1_356' title='bbox 3238 2417 3560 2490; x_wconf 87' lang='lat' dir='ltr'>capellano,</span> <span class='ocrx_word' id='word_1_357' title='bbox 3577 2435 3676 2476; x_wconf 87' lang='lat' dir='ltr'>se-</span> 
     </span>
    </p>
   </div>
   <div class='ocr_carea' id='block_1_56' title="bbox 2027 2502 3675 2580">
    <p class='ocr_par' dir='ltr' id='par_1_56' title="bbox 2027 2502 3675 2580">
     <span class='ocr_line' id='line_1_56' title="bbox 2027 2502 3675 2580; baseline 0.004 -24"><span class='ocrx_word' id='word_1_358' title='bbox 2027 2502 2119 2557; x_wconf 87' lang='lat' dir='ltr'>dis</span> <span class='ocrx_word' id='word_1_359' title='bbox 2150 2502 2476 2573; x_wconf 82' lang='lat' dir='ltr'>apostolicac</span> <span class='ocrx_word' id='word_1_360' title='bbox 2507 2510 2745 2576; x_wconf 81' lang='lat' dir='ltr'>cogente</span> <span class='ocrx_word' id='word_1_361' title='bbox 2766 2507 3012 2577; x_wconf 89' lang='lat' dir='ltr'>judicio,</span> <span class='ocrx_word' id='word_1_362' title='bbox 3036 2507 3198 2563; x_wconf 88' lang='lat' dir='ltr'>omni</span> <span class='ocrx_word' id='word_1_363' title='bbox 3226 2507 3467 2564; x_wconf 89' lang='lat' dir='ltr'>demum</span> <span class='ocrx_word' id='word_1_364' title='bbox 3498 2508 3675 2580; x_wconf 81' lang='lat' dir='ltr'>tergi-</span> 
     </span>
    </p>
   </div>
   <div class='ocr_carea' id='block_1_57' title="bbox 2025 2591 3677 2668">
    <p class='ocr_par' dir='ltr' id='par_1_57' title="bbox 2025 2591 3677 2668">
     <span class='ocr_line' id='line_1_57' title="bbox 2025 2591 3677 2668; baseline 0.005 -24"><span class='ocrx_word' id='word_1_365' title='bbox 2025 2591 2351 2647; x_wconf 88' lang='lat' dir='ltr'>versatione</span> <span class='ocrx_word' id='word_1_366' title='bbox 2369 2597 2615 2654; x_wconf 83' lang='lat' dir='ltr'>cassata.</span> <span class='ocrx_word' id='word_1_367' title='bbox 2632 2593 2690 2648; x_wconf 90' lang='lat' dir='ltr'>in</span> <span class='ocrx_word' id='word_1_368' title='bbox 2708 2611 2885 2652; x_wconf 85' lang='lat' dir='ltr'>manu</span> <span class='ocrx_word' id='word_1_369' title='bbox 2905 2600 3106 2652; x_wconf 87' lang='lat' dir='ltr'>nostra</span> <span class='ocrx_word' id='word_1_370' title='bbox 3122 2597 3419 2668; x_wconf 84' lang='lat' dir='ltr'>professus</span> <span class='ocrx_word' id='word_1_371' title='bbox 3435 2600 3525 2653; x_wconf 88' lang='lat' dir='ltr'>est</span> <span class='ocrx_word' id='word_1_372' title='bbox 3537 2613 3604 2653; x_wconf 86' lang='lat' dir='ltr'>se</span> <span class='ocrx_word' id='word_1_373' title='bbox 3619 2600 3677 2653; x_wconf 89' lang='lat' dir='ltr'>et</span> 
     </span>
    </p>
   </div>
   <div class='ocr_carea' id='block_1_58' title="bbox 2026 2679 3673 2756">
    <p class='ocr_par' dir='ltr' id='par_1_58' title="bbox 2026 2679 3673 2756">
     <span class='ocr_line' id='line_1_58' title="bbox 2026 2679 3673 2756; baseline 0.003 -21"><span class='ocrx_word' id='word_1_374' title='bbox 2026 2679 2437 2752; x_wconf 79' lang='lat' dir='ltr'>Lugdunensis</span> <span class='ocrx_word' id='word_1_375' title='bbox 2453 2680 2721 2738; x_wconf 65' lang='lat' dir='ltr'>Ecclesiae</span> <span class='ocrx_word' id='word_1_376' title='bbox 2737 2699 2914 2755; x_wconf 90' lang='lat' dir='ltr'>super</span> <span class='ocrx_word' id='word_1_377' title='bbox 2937 2685 3332 2741; x_wconf 84' lang='lat' dir='ltr'>Senonensem</span> <span class='ocrx_word' id='word_1_378' title='bbox 3354 2684 3673 2756; x_wconf 86' lang='lat' dir='ltr'>primatum</span> 
     </span>
    </p>
   </div>
   <div class='ocr_carea' id='block_1_59' title="bbox 2023 2771 3674 2846">
    <p class='ocr_par' dir='ltr' id='par_1_59' title="bbox 2023 2771 3674 2846">
     <span class='ocr_line' id='line_1_59' title="bbox 2023 2771 3674 2846; baseline 0.005 -23"><span class='ocrx_word' id='word_1_379' title='bbox 2023 2785 2358 2842; x_wconf 84' lang='lat' dir='ltr'>agnoscere,</span> <span class='ocrx_word' id='word_1_380' title='bbox 2373 2774 2429 2824; x_wconf 90' lang='lat' dir='ltr'>et</span> <span class='ocrx_word' id='word_1_381' title='bbox 2449 2771 2520 2826; x_wconf 90' lang='lat' dir='ltr'>de</span> <span class='ocrx_word' id='word_1_382' title='bbox 2536 2777 2739 2827; x_wconf 65' lang='lat' dir='ltr'>caetero</span> <span class='ocrx_word' id='word_1_383' title='bbox 2764 2773 2869 2828; x_wconf 85' lang='lat' dir='ltr'>tibi</span> <span class='ocrx_word' id='word_1_384' title='bbox 2892 2774 3135 2846; x_wconf 89' lang='lat' dir='ltr'>tuisque.</span> <span class='ocrx_word' id='word_1_385' title='bbox 3150 2773 3427 2846; x_wconf 81' lang='lat' dir='ltr'>legitimis</span> <span class='ocrx_word' id='word_1_386' title='bbox 3447 2790 3674 2831; x_wconf 88' lang='lat' dir='ltr'>succes-</span> 
     </span>
    </p>
   </div>
   <div class='ocr_carea' id='block_1_60' title="bbox 2021 2858 3668 2931">
    <p class='ocr_par' dir='ltr' id='par_1_60' title="bbox 2021 2858 3668 2931">
     <span class='ocr_line' id='line_1_60' title="bbox 2021 2858 3668 2931; baseline 0.003 -18"><span class='ocrx_word' id='word_1_387' title='bbox 2021 2858 2254 2913; x_wconf 89' lang='lat' dir='ltr'>soribus</span> <span class='ocrx_word' id='word_1_388' title='bbox 2272 2863 2549 2930; x_wconf 87' lang='lat' dir='ltr'>tanquam</span> <span class='ocrx_word' id='word_1_389' title='bbox 2570 2860 2918 2931; x_wconf 86' lang='lat' dir='ltr'>primatibus</span> <span class='ocrx_word' id='word_1_390' title='bbox 2934 2863 3186 2918; x_wconf 89' lang='lat' dir='ltr'>obedire.</span> <span class='ocrx_word' id='word_1_391' title='bbox 3201 2862 3480 2920; x_wconf 81' lang='lat' dir='ltr'>Similiter</span> <span class='ocrx_word' id='word_1_392' title='bbox 3494 2863 3668 2919; x_wconf 89' lang='lat' dir='ltr'>etiam</span> 
     </span>
    </p>
   </div>
   <div class='ocr_carea' id='block_1_61' title="bbox 2021 2946 3669 3024">
    <p class='ocr_par' dir='ltr' id='par_1_61' title="bbox 2021 2946 3669 3024">
     <span class='ocr_line' id='line_1_61' title="bbox 2021 2946 3669 3024; baseline 0.004 -23"><span class='ocrx_word' id='word_1_393' title='bbox 2021 2946 2313 3018; x_wconf 89' lang='lat' dir='ltr'>pollicitus</span> <span class='ocrx_word' id='word_1_394' title='bbox 2345 2952 2435 3003; x_wconf 89' lang='lat' dir='ltr'>est</span> <span class='ocrx_word' id='word_1_395' title='bbox 2462 2952 2681 3004; x_wconf 89' lang='lat' dir='ltr'>statuto</span> <span class='ocrx_word' id='word_1_396' title='bbox 2712 2967 2745 3006; x_wconf 88' lang='lat' dir='ltr'>a</span> <span class='ocrx_word' id='word_1_397' title='bbox 2771 2950 2939 3006; x_wconf 92' lang='lat' dir='ltr'>nobis</span> <span class='ocrx_word' id='word_1_398' title='bbox 2969 2955 3251 3023; x_wconf 87' lang='lat' dir='ltr'>tempore,</span> <span class='ocrx_word' id='word_1_399' title='bbox 3271 2950 3331 3007; x_wconf 87' lang='lat' dir='ltr'>id</span> <span class='ocrx_word' id='word_1_400' title='bbox 3363 2956 3455 3007; x_wconf 84' lang='lat' dir='ltr'>est</span> <span class='ocrx_word' id='word_1_401' title='bbox 3482 2967 3669 3024; x_wconf 88' lang='lat' dir='ltr'>usque</span> 
     </span>
    </p>
   </div>
   <div class='ocr_carea' id='block_1_62' title="bbox 2019 3035 3668 3110">
    <p class='ocr_par' dir='ltr' id='par_1_62' title="bbox 2019 3035 3668 3110">
     <span class='ocr_line' id='line_1_62' title="bbox 2019 3035 3668 3110; baseline 0.004 -20"><span class='ocrx_word' id='word_1_402' title='bbox 2019 3035 2088 3090; x_wconf 86' lang='lat' dir='ltr'>ad</span> <span class='ocrx_word' id='word_1_403' title='bbox 2114 3037 2440 3106; x_wconf 81' lang='lat' dir='ltr'>proximam</span> <span class='ocrx_word' id='word_1_404' title='bbox 2466 3038 2617 3094; x_wconf 87' lang='lat' dir='ltr'>beati</span> <span class='ocrx_word' id='word_1_405' title='bbox 2642 3038 2899 3110; x_wconf 89' lang='lat' dir='ltr'>Dionysii</span> <span class='ocrx_word' id='word_1_406' title='bbox 2923 3039 3454 3106; x_wconf 83' lang='lat' dir='ltr'>solemnitatem,se</span> <span class='ocrx_word' id='word_1_407' title='bbox 3471 3041 3544 3096; x_wconf 79' lang='lat' dir='ltr'>ad</span> <span class='ocrx_word' id='word_1_408' title='bbox 3568 3057 3668 3096; x_wconf 90' lang='lat' dir='ltr'>vos</span> 
     </span>
    </p>
   </div>
   <div class='ocr_carea' id='block_1_63' title="bbox 2014 3126 3666 3201">
    <p class='ocr_par' dir='ltr' id='par_1_63' title="bbox 2014 3126 3666 3201">
     <span class='ocr_line' id='line_1_63' title="bbox 2014 3126 3666 3201; baseline 0.004 -24"><span class='ocrx_word' id='word_1_409' title='bbox 2014 3128 2347 3192; x_wconf 90' lang='lat' dir='ltr'>venturum,</span> <span class='ocrx_word' id='word_1_410' title='bbox 2381 3132 2438 3180; x_wconf 91' lang='lat' dir='ltr'>et</span> <span class='ocrx_word' id='word_1_411' title='bbox 2475 3126 2535 3180; x_wconf 91' lang='lat' dir='ltr'>in</span> <span class='ocrx_word' id='word_1_412' title='bbox 2576 3132 2889 3200; x_wconf 90' lang='lat' dir='ltr'>conspectu</span> <span class='ocrx_word' id='word_1_413' title='bbox 2941 3129 3351 3201; x_wconf 84' lang='lat' dir='ltr'>Lugdunensis</span> <span class='ocrx_word' id='word_1_414' title='bbox 3396 3129 3666 3194; x_wconf 65' lang='lat' dir='ltr'>Ecclesia</span> 
     </span>
    </p>
   </div>
   <div class='ocr_carea' id='block_1_64' title="bbox 2012 3210 3666 3285">
    <p class='ocr_par' dir='ltr' id='par_1_64' title="bbox 2012 3210 3666 3285">
     <span class='ocr_line' id='line_1_64' title="bbox 2012 3210 3666 3285; baseline 0.004 -19"><span class='ocrx_word' id='word_1_415' title='bbox 2012 3210 2271 3283; x_wconf 91' lang='lat' dir='ltr'>idipsum</span> <span class='ocrx_word' id='word_1_416' title='bbox 2301 3229 2398 3270; x_wconf 90' lang='lat' dir='ltr'>ore</span> <span class='ocrx_word' id='word_1_417' title='bbox 2430 3213 2661 3284; x_wconf 91' lang='lat' dir='ltr'>proprio</span> <span class='ocrx_word' id='word_1_418' title='bbox 2712 3215 3139 3285; x_wconf 76' lang='lat' dir='ltr'>professarum,</span> <span class='ocrx_word' id='word_1_419' title='bbox 3165 3215 3278 3272; x_wconf 89' lang='lat' dir='ltr'>nisi</span> <span class='ocrx_word' id='word_1_420' title='bbox 3321 3216 3666 3274; x_wconf 83' lang='lat' dir='ltr'>canonicum</span> 
     </span>
    </p>
   </div>
   <div class='ocr_carea' id='block_1_65' title="bbox 252 3290 3670 3378">
    <p class='ocr_par' dir='ltr' id='par_1_65' title="bbox 252 3290 3670 3378">
     <span class='ocr_line' id='line_1_65' title="bbox 252 3290 3670 3378; baseline 0.006 -19"><span class='ocrx_word' id='word_1_421' title='bbox 252 3306 479 3375; x_wconf 76' lang='lat' dir='ltr'>patrata</span> <span class='ocrx_word' id='word_1_422' title='bbox 509 3302 817 3375; x_wconf 87' lang='lat' dir='ltr'>iniquitate</span> <span class='ocrx_word' id='word_1_423' title='bbox 848 3313 1179 3378; x_wconf 86' lang='lat' dir='ltr'>cognoscat,</span> <span class='ocrx_word' id='word_1_424' title='bbox 1202 3313 1260 3363; x_wconf 89' lang='lat' dir='ltr'>et</span> <span class='ocrx_word' id='word_1_425' title='bbox 1290 3325 1324 3364; x_wconf 90' lang='lat' dir='ltr'>a</span> <span class='ocrx_word' id='word_1_426' title='bbox 1353 3309 1748 3368; x_wconf 88' lang='lat' dir='ltr'>sacratissimo</span> <span class='ocrx_word' id='word_1_427' title='bbox 1774 3290 1901 3368; x_wconf 75' lang='lat' dir='ltr'>cor-</span> <span class='ocrx_word' id='word_1_428' title='bbox 1931 3290 1976 3357; x_wconf 60' lang='grc' dir='ltr'>(ἶ</span> <span class='ocrx_word' id='word_1_429' title='bbox 2014 3299 2502 3372; x_wconf 63' lang='lat' dir='ltr'>impedimentum</span> <span class='ocrx_word' id='word_1_430' title='bbox 2527 3303 2813 3358; x_wconf 59' lang='lat' dir='ltr'>evenerit:</span> <span class='ocrx_word' id='word_1_431' title='bbox 2841 3320 2955 3375; x_wconf 73' lang='grc' dir='ltr'>(ἶυο</span> <span class='ocrx_word' id='word_1_432' title='bbox 2978 3307 3271 3361; x_wconf 57' lang='lat' dir='ltr'>tramae“)</span> <span class='ocrx_word' id='word_1_433' title='bbox 3294 3305 3447 3361; x_wconf 63' lang='grc' dir='ltr'>ίηῖπει</span> <span class='ocrx_word' id='word_1_434' title='bbox 3469 3305 3670 3378; x_wconf 66' lang='lat' dir='ltr'>trigin-</span> 
     </span>
    </p>
   </div>
   <div class='ocr_carea' id='block_1_66' title="bbox 252 3394 1903 3470">
    <p class='ocr_par' dir='ltr' id='par_1_66' title="bbox 252 3394 1903 3470">
     <span class='ocr_line' id='line_1_66' title="bbox 252 3394 1903 3470; baseline 0.004 -22"><span class='ocrx_word' id='word_1_435' title='bbox 252 3409 395 3464; x_wconf 90' lang='lat' dir='ltr'>pore</span> <span class='ocrx_word' id='word_1_436' title='bbox 426 3408 491 3448; x_wconf 91' lang='lat' dir='ltr'>ac</span> <span class='ocrx_word' id='word_1_437' title='bbox 523 3394 809 3466; x_wconf 85' lang='lat' dir='ltr'>sanguine</span> <span class='ocrx_word' id='word_1_438' title='bbox 831 3395 931 3450; x_wconf 92' lang='lat' dir='ltr'>Dei</span> <span class='ocrx_word' id='word_1_439' title='bbox 953 3400 1010 3450; x_wconf 91' lang='lat' dir='ltr'>et</span> <span class='ocrx_word' id='word_1_440' title='bbox 1029 3397 1260 3452; x_wconf 90' lang='lat' dir='ltr'>Domini</span> <span class='ocrx_word' id='word_1_441' title='bbox 1295 3397 1698 3470; x_wconf 83' lang='lat' dir='ltr'>Redemptoris</span> <span class='ocrx_word' id='word_1_442' title='bbox 1721 3403 1903 3458; x_wconf 91' lang='lat' dir='ltr'>nostri</span> 
     </span>
    </p>
   </div>
   <div class='ocr_carea' id='block_1_67' title="bbox 248 3481 1905 3556">
    <p class='ocr_par' dir='ltr' id='par_1_67' title="bbox 248 3481 1905 3556">
     <span class='ocr_line' id='line_1_67' title="bbox 248 3481 1905 3556; baseline 0.007 -20"><span class='ocrx_word' id='word_1_443' title='bbox 248 3481 385 3536; x_wconf 89' lang='lat' dir='ltr'>Jesu</span> <span class='ocrx_word' id='word_1_444' title='bbox 419 3481 634 3539; x_wconf 86' lang='lat' dir='ltr'>Christi</span> <span class='ocrx_word' id='word_1_445' title='bbox 668 3483 856 3539; x_wconf 89' lang='lat' dir='ltr'>aliena</span> <span class='ocrx_word' id='word_1_446' title='bbox 892 3486 1012 3552; x_wconf 81' lang='lat' dir='ltr'>fiat,</span> <span class='ocrx_word' id='word_1_447' title='bbox 1037 3490 1210 3556; x_wconf 90' lang='lat' dir='ltr'>atque</span> <span class='ocrx_word' id='word_1_448' title='bbox 1255 3487 1312 3540; x_wconf 90' lang='lat' dir='ltr'>in</span> <span class='ocrx_word' id='word_1_449' title='bbox 1357 3492 1615 3543; x_wconf 87' lang='lat' dir='ltr'>extremo</span> <span class='ocrx_word' id='word_1_450' title='bbox 1641 3490 1905 3548; x_wconf 85' lang='lat' dir='ltr'>examine</span> 
     </span>
    </p>
   </div>
   <div class='ocr_carea' id='block_1_68' title="bbox 246 3569 1903 3644">
    <p class='ocr_par' dir='ltr' id='par_1_68' title="bbox 246 3569 1903 3644">
     <span class='ocr_line' id='line_1_68' title="bbox 246 3569 1903 3644; baseline 0.007 -19"><span class='ocrx_word' id='word_1_451' title='bbox 246 3569 520 3626; x_wconf 75' lang='lat' dir='ltr'>districtos</span> <span class='ocrx_word' id='word_1_452' title='bbox 539 3571 743 3628; x_wconf 89' lang='lat' dir='ltr'>ultioni</span> <span class='ocrx_word' id='word_1_453' title='bbox 763 3573 1080 3644; x_wconf 88' lang='lat' dir='ltr'>subjaceat,</span> <span class='ocrx_word' id='word_1_454' title='bbox 1107 3575 1331 3631; x_wconf 90' lang='lat' dir='ltr'>cunctis</span> <span class='ocrx_word' id='word_1_455' title='bbox 1353 3582 1548 3632; x_wconf 89' lang='lat' dir='ltr'>autem</span> <span class='ocrx_word' id='word_1_456' title='bbox 1570 3577 1758 3634; x_wconf 90' lang='lat' dir='ltr'>eidem</span> <span class='ocrx_word' id='word_1_457' title='bbox 1781 3579 1903 3636; x_wconf 88' lang='lat' dir='ltr'>loco</span> 
     </span>
    </p>
   </div>
   <div class='ocr_carea' id='block_1_69' title="bbox 240 3660 1900 3737">
    <p class='ocr_par' dir='ltr' id='par_1_69' title="bbox 240 3660 1900 3737">
     <span class='ocr_line' id='line_1_69' title="bbox 240 3660 1900 3737; baseline 0.005 -23"><span class='ocrx_word' id='word_1_458' title='bbox 240 3660 408 3731; x_wconf 85' lang='lat' dir='ltr'>justa</span> <span class='ocrx_word' id='word_1_459' title='bbox 431 3661 798 3717; x_wconf 88' lang='lat' dir='ltr'>servantibus</span> <span class='ocrx_word' id='word_1_460' title='bbox 821 3662 898 3717; x_wconf 91' lang='lat' dir='ltr'>sit</span> <span class='ocrx_word' id='word_1_461' title='bbox 920 3679 1027 3734; x_wconf 83' lang='lat' dir='ltr'>pax</span> <span class='ocrx_word' id='word_1_462' title='bbox 1050 3663 1277 3719; x_wconf 82' lang='lat' dir='ltr'>Domini</span> <span class='ocrx_word' id='word_1_463' title='bbox 1304 3665 1485 3721; x_wconf 88' lang='lat' dir='ltr'>nostri</span> <span class='ocrx_word' id='word_1_464' title='bbox 1506 3670 1646 3722; x_wconf 63' lang='lat' dir='ltr'>Iesu</span> <span class='ocrx_word' id='word_1_465' title='bbox 1668 3667 1900 3737; x_wconf 85' lang='lat' dir='ltr'>Christi,</span> 
     </span>
    </p>
   </div>
   <div class='ocr_carea' id='block_1_70' title="bbox 251 3750 1899 3829">
    <p class='ocr_par' dir='ltr' id='par_1_70' title="bbox 251 3750 1899 3829">
     <span class='ocr_line' id='line_1_70' title="bbox 251 3750 1899 3829; baseline 0.006 -27"><span class='ocrx_word' id='word_1_466' title='bbox 251 3752 542 3819; x_wconf 89' lang='lat' dir='ltr'>quatenus</span> <span class='ocrx_word' id='word_1_467' title='bbox 574 3755 631 3805; x_wconf 90' lang='lat' dir='ltr'>et</span> <span class='ocrx_word' id='word_1_468' title='bbox 673 3750 766 3805; x_wconf 90' lang='lat' dir='ltr'>hic</span> <span class='ocrx_word' id='word_1_469' title='bbox 801 3751 1054 3806; x_wconf 84' lang='lat' dir='ltr'>fructum</span> <span class='ocrx_word' id='word_1_470' title='bbox 1087 3752 1249 3808; x_wconf 64' lang='lat' dir='ltr'>bona:</span> <span class='ocrx_word' id='word_1_471' title='bbox 1282 3755 1525 3811; x_wconf 89' lang='lat' dir='ltr'>actionis</span> <span class='ocrx_word' id='word_1_472' title='bbox 1557 3757 1899 3829; x_wconf 89' lang='lat' dir='ltr'>percipiant,</span> 
     </span>
    </p>
   </div>
   <div class='ocr_carea' id='block_1_71' title="bbox 247 3838 1903 3917">
    <p class='ocr_par' dir='ltr' id='par_1_71' title="bbox 247 3838 1903 3917">
     <span class='ocr_line' id='line_1_71' title="bbox 247 3838 1903 3917; baseline 0.005 -25"><span class='ocrx_word' id='word_1_473' title='bbox 247 3841 304 3892; x_wconf 89' lang='lat' dir='ltr'>et</span> <span class='ocrx_word' id='word_1_474' title='bbox 337 3839 490 3908; x_wconf 84' lang='lat' dir='ltr'>apud</span> <span class='ocrx_word' id='word_1_475' title='bbox 523 3838 855 3894; x_wconf 89' lang='lat' dir='ltr'>districtum</span> <span class='ocrx_word' id='word_1_476' title='bbox 897 3839 1154 3911; x_wconf 90' lang='lat' dir='ltr'>judicem</span> <span class='ocrx_word' id='word_1_477' title='bbox 1186 3844 1424 3913; x_wconf 84' lang='lat' dir='ltr'>praemia</span> <span class='ocrx_word' id='word_1_478' title='bbox 1470 3849 1695 3900; x_wconf 59' lang='lat' dir='ltr'>(sternte</span> <span class='ocrx_word' id='word_1_479' title='bbox 1744 3845 1903 3917; x_wconf 92' lang='lat' dir='ltr'>pacis</span> 
     </span>
    </p>
   </div>
   <div class='ocr_carea' id='block_1_72' title="bbox 249 3925 1248 3993">
    <p class='ocr_par' dir='ltr' id='par_1_72' title="bbox 249 3925 1248 3993">
     <span class='ocr_line' id='line_1_72' title="bbox 249 3925 1248 3993; baseline 0.004 -12"><span class='ocrx_word' id='word_1_480' title='bbox 249 3925 565 3982; x_wconf 84' lang='lat' dir='ltr'>inveniant.</span> <span class='ocrx_word' id='word_1_481' title='bbox 595 3930 800 3993; x_wconf 86' lang='lat' dir='ltr'>Amen,</span> <span class='ocrx_word' id='word_1_482' title='bbox 833 3945 1024 3993; x_wconf 87' lang='lat' dir='ltr'>amen,</span> <span class='ocrx_word' id='word_1_483' title='bbox 1058 3945 1248 3986; x_wconf 87' lang='lat' dir='ltr'>amen.</span> 
     </span>
    </p>
   </div>
   <div class='ocr_carea' id='block_1_73' title="bbox 321 4015 1904 4095">
    <p class='ocr_par' dir='ltr' id='par_1_73' title="bbox 321 4015 1904 4095">
     <span class='ocr_line' id='line_1_73' title="bbox 321 4015 1904 4095; baseline 0.006 -26"><span class='ocrx_word' id='word_1_484' title='bbox 321 4015 618 4086; x_wconf 89' lang='lat' dir='ltr'>Scriptum</span> <span class='ocrx_word' id='word_1_485' title='bbox 651 4033 752 4088; x_wconf 92' lang='lat' dir='ltr'>per</span> <span class='ocrx_word' id='word_1_486' title='bbox 783 4034 1023 4073; x_wconf 90' lang='lat' dir='ltr'>manum</span> <span class='ocrx_word' id='word_1_487' title='bbox 1053 4018 1225 4087; x_wconf 89' lang='lat' dir='ltr'>Petri,</span> <span class='ocrx_word' id='word_1_488' title='bbox 1261 4021 1468 4076; x_wconf 86' lang='lat' dir='ltr'>notarii</span> <span class='ocrx_word' id='word_1_489' title='bbox 1501 4023 1813 4095; x_wconf 86' lang='lat' dir='ltr'>regionarii</span> <span class='ocrx_word' id='word_1_490' title='bbox 1846 4029 1904 4079; x_wconf 92' lang='lat' dir='ltr'>et</span> 
     </span>
    </p>
   </div>
   <div class='ocr_carea' id='block_1_74' title="bbox 248 4103 971 4176">
    <p class='ocr_par' dir='ltr' id='par_1_74' title="bbox 248 4103 971 4176">
     <span class='ocr_line' id='line_1_74' title="bbox 248 4103 971 4176; baseline 0.004 -18"><span class='ocrx_word' id='word_1_491' title='bbox 248 4103 540 4159; x_wconf 89' lang='lat' dir='ltr'>scriniarii</span> <span class='ocrx_word' id='word_1_492' title='bbox 571 4105 720 4160; x_wconf 89' lang='lat' dir='ltr'>sacri</span> <span class='ocrx_word' id='word_1_493' title='bbox 752 4105 971 4176; x_wconf 88' lang='lat' dir='ltr'>palatii.</span> 
     </span>
    </p>
   </div>
   <div class='ocr_carea' id='block_1_75' title="bbox 323 4193 1897 4271">
    <p class='ocr_par' dir='ltr' id='par_1_75' title="bbox 323 4193 1897 4271">
     <span class='ocr_line' id='line_1_75' title="bbox 323 4193 1897 4271; baseline 0.006 -24"><span class='ocrx_word' id='word_1_494' title='bbox 323 4196 531 4248; x_wconf 89' lang='lat' dir='ltr'>Datum</span> <span class='ocrx_word' id='word_1_495' title='bbox 563 4193 754 4249; x_wconf 71' lang='lat' dir='ltr'>Roma:</span> <span class='ocrx_word' id='word_1_496' title='bbox 789 4195 847 4250; x_wconf 91' lang='lat' dir='ltr'>in</span> <span class='ocrx_word' id='word_1_497' title='bbox 889 4195 1112 4267; x_wconf 89' lang='lat' dir='ltr'>porticu</span> <span class='ocrx_word' id='word_1_498' title='bbox 1144 4197 1301 4254; x_wconf 90' lang='lat' dir='ltr'>Beati</span> <span class='ocrx_word' id='word_1_499' title='bbox 1344 4198 1492 4254; x_wconf 88' lang='lat' dir='ltr'>Petri</span> <span class='ocrx_word' id='word_1_500' title='bbox 1527 4216 1628 4271; x_wconf 91' lang='lat' dir='ltr'>per</span> <span class='ocrx_word' id='word_1_501' title='bbox 1658 4216 1897 4256; x_wconf 89' lang='lat' dir='ltr'>manum</span> 
     </span>
    </p>
   </div>
   <div class='ocr_carea' id='block_1_76' title="bbox 245 4279 1897 4349">
    <p class='ocr_par' dir='ltr' id='par_1_76' title="bbox 245 4279 1897 4349">
     <span class='ocr_line' id='line_1_76' title="bbox 245 4279 1897 4349; baseline 0.006 -15"><span class='ocrx_word' id='word_1_502' title='bbox 245 4279 510 4349; x_wconf 86' lang='lat' dir='ltr'>Joannis,</span> <span class='ocrx_word' id='word_1_503' title='bbox 543 4287 754 4339; x_wconf 64' lang='lat' dir='ltr'>sancta:</span> <span class='ocrx_word' id='word_1_504' title='bbox 781 4285 1052 4340; x_wconf 82' lang='lat' dir='ltr'>Romanae</span> <span class='ocrx_word' id='word_1_505' title='bbox 1075 4287 1341 4343; x_wconf 71' lang='lat' dir='ltr'>Ecclesiae</span> <span class='ocrx_word' id='word_1_506' title='bbox 1370 4287 1599 4342; x_wconf 86' lang='lat' dir='ltr'>diaconi</span> <span class='ocrx_word' id='word_1_507' title='bbox 1631 4289 1897 4344; x_wconf 89' lang='lat' dir='ltr'>cardina-</span> 
     </span>
    </p>
   </div>
   <div class='ocr_carea' id='block_1_77' title="bbox 249 4369 1897 4445">
    <p class='ocr_par' dir='ltr' id='par_1_77' title="bbox 249 4369 1897 4445">
     <span class='ocr_line' id='line_1_77' title="bbox 249 4369 1897 4445; baseline 0.005 -21"><span class='ocrx_word' id='word_1_508' title='bbox 249 4369 322 4425; x_wconf 92' lang='lat' dir='ltr'>lis</span> <span class='ocrx_word' id='word_1_509' title='bbox 363 4387 462 4425; x_wconf 85' lang='lat' dir='ltr'>xm</span> <span class='ocrx_word' id='word_1_510' title='bbox 511 4371 633 4428; x_wconf 79' lang='lat' dir='ltr'>Kal.</span> <span class='ocrx_word' id='word_1_511' title='bbox 673 4373 830 4439; x_wconf 86' lang='lat' dir='ltr'>Maii,</span> <span class='ocrx_word' id='word_1_512' title='bbox 879 4375 1077 4431; x_wconf 88' lang='lat' dir='ltr'>indict.</span> <span class='ocrx_word' id='word_1_513' title='bbox 1111 4394 1211 4445; x_wconf 80' lang='lat' dir='ltr'>v11,</span> <span class='ocrx_word' id='word_1_514' title='bbox 1248 4376 1669 4433; x_wconf 87' lang='lat' dir='ltr'>Incarnationis</span> <span class='ocrx_word' id='word_1_515' title='bbox 1701 4379 1897 4433; x_wconf 89' lang='lat' dir='ltr'>Domi-</span> 
     </span>
    </p>
   </div>
   <div class='ocr_carea' id='block_1_78' title="bbox 248 4457 1898 4535">
    <p class='ocr_par' dir='ltr' id='par_1_78' title="bbox 248 4457 1898 4535">
     <span class='ocr_line' id='line_1_78' title="bbox 248 4457 1898 4535; baseline 0.005 -22"><span class='ocrx_word' id='word_1_516' title='bbox 248 4457 389 4514; x_wconf 73' lang='lat' dir='ltr'>nicae</span> <span class='ocrx_word' id='word_1_517' title='bbox 415 4477 568 4516; x_wconf 88' lang='lat' dir='ltr'>anno</span> <span class='ocrx_word' id='word_1_518' title='bbox 591 4462 748 4532; x_wconf 87' lang='grc'>1099,</span> <span class='ocrx_word' id='word_1_519' title='bbox 773 4462 1146 4535; x_wconf 84' lang='lat' dir='ltr'>pontiﬁcatus</span> <span class='ocrx_word' id='word_1_520' title='bbox 1167 4468 1366 4520; x_wconf 89' lang='lat' dir='ltr'>autem</span> <span class='ocrx_word' id='word_1_521' title='bbox 1389 4463 1589 4520; x_wconf 88' lang='lat' dir='ltr'>domui</span> <span class='ocrx_word' id='word_1_522' title='bbox 1613 4465 1827 4522; x_wconf 88' lang='lat' dir='ltr'>Urbani</span> <span class='ocrx_word' id='word_1_523' title='bbox 1851 4468 1898 4522; x_wconf 93' lang='grc' dir='ltr'>ΙΙ</span> 
     </span>
    </p>
   </div>
   <div class='ocr_carea' id='block_1_79' title="bbox 247 4563 543 4622">
    <p class='ocr_par' dir='ltr' id='par_1_79' title="bbox 247 4563 543 4622">
     <span class='ocr_line' id='line_1_79' title="bbox 247 4563 543 4622; baseline 0.007 -19"><span class='ocrx_word' id='word_1_524' title='bbox 247 4563 413 4622; x_wconf 68' lang='lat' dir='ltr'>papae</span> <span class='ocrx_word' id='word_1_525' title='bbox 442 4567 543 4605; x_wconf 77' lang='lat' dir='ltr'>xu.</span> 
     </span>
    </p>
   </div>
   <div class='ocr_carea' id='block_1_80' title="bbox 947 4667 1198 4723">
    <p class='ocr_par' dir='ltr' id='par_1_80' title="bbox 947 4667 1198 4723">
     <span class='ocr_line' id='line_1_80' title="bbox 947 4667 1198 4723; baseline -0.008 0"><span class='ocrx_word' id='word_1_526' title='bbox 947 4667 1198 4723; x_wconf 84' lang='lat' dir='ltr'>CCXCII.</span> 
     </span>
    </p>
   </div>
   <div class='ocr_carea' id='block_1_81' title="bbox 249 4755 1894 4833">
    <p class='ocr_par' dir='ltr' id='par_1_81' title="bbox 249 4755 1894 4833">
     <span class='ocr_line' id='line_1_81' title="bbox 249 4755 1894 4833; baseline 0.005 -23"><span class='ocrx_word' id='word_1_527' title='bbox 249 4755 455 4811; x_wconf 83' lang='lat' dir='ltr'>Urbani</span> <span class='ocrx_word' id='word_1_528' title='bbox 495 4756 722 4833; x_wconf 65' lang='lat' dir='ltr'>epistola</span> <span class='ocrx_word' id='word_1_529' title='bbox 749 4756 1147 4833; x_wconf 64' lang='lat' dir='ltr'>adllugonem,</span> <span class='ocrx_word' id='word_1_530' title='bbox 1182 4755 1648 4833; x_wconf 77' lang='lat' dir='ltr'>archiepiscOpum</span> <span class='ocrx_word' id='word_1_531' title='bbox 1677 4761 1894 4833; x_wconf 82' lang='lat' dir='ltr'>Lugdu-</span> 
     </span>
    </p>
   </div>
   <div class='ocr_carea' id='block_1_82' title="bbox 314 4828 1897 4899">
    <p class='ocr_par' dir='ltr' id='par_1_82' title="bbox 314 4828 1897 4899">
     <span class='ocr_line' id='line_1_82' title="bbox 314 4828 1897 4899; baseline 0.004 -17"><span class='ocrx_word' id='word_1_532' title='bbox 314 4843 555 4899; x_wconf 76' lang='lat' dir='ltr'>nensem.</span> <span class='ocrx_word' id='word_1_533' title='bbox 579 4858 647 4867; x_wconf 88' lang='lat'>——</span> <span class='ocrx_word' id='word_1_534' title='bbox 673 4829 902 4883; x_wconf 79' lang='lat' dir='ltr'>Nuntiat</span> <span class='ocrx_word' id='word_1_535' title='bbox 929 4828 1146 4883; x_wconf 83' lang='lat' dir='ltr'>tandem</span> <span class='ocrx_word' id='word_1_536' title='bbox 1170 4829 1478 4898; x_wconf 73' lang='lat' dir='ltr'>primatum</span> <span class='ocrx_word' id='word_1_537' title='bbox 1508 4831 1623 4899; x_wconf 74' lang='lat' dir='ltr'>eius</span> <span class='ocrx_word' id='word_1_538' title='bbox 1651 4849 1686 4887; x_wconf 88' lang='lat' dir='ltr'>a</span> <span class='ocrx_word' id='word_1_539' title='bbox 1713 4828 1897 4889; x_wconf 77' lang='lat' dir='ltr'>Daim-</span> 
     </span>
    </p>
   </div>
   <div class='ocr_carea' id='block_1_83' title="bbox 2015 3389 3668 3464">
    <p class='ocr_par' dir='ltr' id='par_1_83' title="bbox 2015 3389 3668 3464">
     <span class='ocr_line' id='line_1_83' title="bbox 2015 3389 3668 3464; baseline 0.004 -20"><span class='ocrx_word' id='word_1_540' title='bbox 2015 3392 2073 3444; x_wconf 88' lang='lat' dir='ltr'>ta</span> <span class='ocrx_word' id='word_1_541' title='bbox 2103 3390 2226 3445; x_wconf 91' lang='lat' dir='ltr'>dies</span> <span class='ocrx_word' id='word_1_542' title='bbox 2258 3389 2516 3462; x_wconf 90' lang='lat' dir='ltr'>idipsum</span> <span class='ocrx_word' id='word_1_543' title='bbox 2557 3391 2799 3464; x_wconf 88' lang='lat' dir='ltr'>implere</span> <span class='ocrx_word' id='word_1_544' title='bbox 2841 3393 3091 3448; x_wconf 88' lang='lat' dir='ltr'>curabit.</span> <span class='ocrx_word' id='word_1_545' title='bbox 3126 3391 3222 3450; x_wconf 87' lang='lat' dir='ltr'>Sic</span> <span class='ocrx_word' id='word_1_546' title='bbox 3247 3393 3405 3450; x_wconf 86' lang='lat' dir='ltr'>enim</span> <span class='ocrx_word' id='word_1_547' title='bbox 3436 3395 3668 3451; x_wconf 79' lang='lat' dir='ltr'>vinariis</span> 
     </span>
    </p>
   </div>
   <div class='ocr_carea' id='block_1_84' title="bbox 2011 3479 3667 3553">
    <p class='ocr_par' dir='ltr' id='par_1_84' title="bbox 2011 3479 3667 3553">
     <span class='ocr_line' id='line_1_84' title="bbox 2011 3479 3667 3553; baseline 0.005 -21"><span class='ocrx_word' id='word_1_548' title='bbox 2011 3479 2243 3544; x_wconf 89' lang='lat' dir='ltr'>vestris,</span> <span class='ocrx_word' id='word_1_549' title='bbox 2270 3496 2370 3551; x_wconf 86' lang='lat' dir='ltr'>per</span> <span class='ocrx_word' id='word_1_550' title='bbox 2393 3496 2492 3535; x_wconf 90' lang='lat' dir='ltr'>eos</span> <span class='ocrx_word' id='word_1_551' title='bbox 2518 3480 2625 3536; x_wconf 91' lang='lat' dir='ltr'>tibi</span> <span class='ocrx_word' id='word_1_552' title='bbox 2648 3497 2716 3536; x_wconf 89' lang='lat' dir='ltr'>ac</span> <span class='ocrx_word' id='word_1_553' title='bbox 2744 3481 3118 3553; x_wconf 88' lang='lat' dir='ltr'>Lugdunensi</span> <span class='ocrx_word' id='word_1_554' title='bbox 3155 3481 3419 3539; x_wconf 65' lang='lat' dir='ltr'>Ecclesia</span> <span class='ocrx_word' id='word_1_555' title='bbox 3450 3483 3511 3538; x_wconf 91' lang='lat' dir='ltr'>in</span> <span class='ocrx_word' id='word_1_556' title='bbox 3541 3499 3667 3540; x_wconf 82' lang='lat' dir='ltr'>ma-</span> 
     </span>
    </p>
   </div>
   <div class='ocr_carea' id='block_1_85' title="bbox 2013 3567 3663 3642">
    <p class='ocr_par' dir='ltr' id='par_1_85' title="bbox 2013 3567 3663 3642">
     <span class='ocr_line' id='line_1_85' title="bbox 2013 3567 3663 3642; baseline 0.003 -19"><span class='ocrx_word' id='word_1_557' title='bbox 2013 3584 2157 3624; x_wconf 90' lang='lat' dir='ltr'>num</span> <span class='ocrx_word' id='word_1_558' title='bbox 2189 3567 2641 3641; x_wconf 88' lang='lat' dir='ltr'>assignavimus,</span> <span class='ocrx_word' id='word_1_559' title='bbox 2677 3571 3066 3640; x_wconf 66' lang='lat' dir='ltr'>prementibus</span> <span class='ocrx_word' id='word_1_560' title='bbox 3116 3571 3394 3627; x_wconf 83' lang='lat' dir='ltr'>fratribus</span> <span class='ocrx_word' id='word_1_561' title='bbox 3425 3571 3663 3642; x_wconf 87' lang='lat' dir='ltr'>nostris,</span> 
     </span>
    </p>
   </div>
   <div class='ocr_carea' id='block_1_86' title="bbox 2013 3657 3670 3730">
    <p class='ocr_par' dir='ltr' id='par_1_86' title="bbox 2013 3657 3670 3730">
     <span class='ocr_line' id='line_1_86' title="bbox 2013 3657 3670 3730; baseline 0.004 -20"><span class='ocrx_word' id='word_1_562' title='bbox 2013 3671 2264 3726; x_wconf 90' lang='lat' dir='ltr'>quorum</span> <span class='ocrx_word' id='word_1_563' title='bbox 2298 3657 2451 3712; x_wconf 87' lang='lat' dir='ltr'>infra</span> <span class='ocrx_word' id='word_1_564' title='bbox 2480 3657 2699 3730; x_wconf 90' lang='lat' dir='ltr'>scripta</span> <span class='ocrx_word' id='word_1_565' title='bbox 2730 3662 2870 3714; x_wconf 90' lang='lat' dir='ltr'>sunt</span> <span class='ocrx_word' id='word_1_566' title='bbox 2901 3659 3177 3716; x_wconf 89' lang='lat' dir='ltr'>nomina:</span> <span class='ocrx_word' id='word_1_567' title='bbox 3209 3658 3670 3717; x_wconf 81' lang='lat' dir='ltr'>Anselmovide-</span> 
     </span>
    </p>
   </div>
   <div class='ocr_carea' id='block_1_87' title="bbox 2013 3743 3666 3819">
    <p class='ocr_par' dir='ltr' id='par_1_87' title="bbox 2013 3743 3666 3819">
     <span class='ocr_line' id='line_1_87' title="bbox 2013 3743 3666 3819; baseline 0.004 -21"><span class='ocrx_word' id='word_1_568' title='bbox 2013 3743 2148 3799; x_wconf 90' lang='lat' dir='ltr'>licet</span> <span class='ocrx_word' id='word_1_569' title='bbox 2195 3744 2622 3813; x_wconf 89' lang='lat' dir='ltr'>Cantuariensi,</span> <span class='ocrx_word' id='word_1_570' title='bbox 2650 3746 3000 3819; x_wconf 87' lang='lat' dir='ltr'>Leodegario</span> <span class='ocrx_word' id='word_1_571' title='bbox 3048 3747 3666 3816; x_wconf 20' lang='lat' dir='ltr'>Bituricensi,vAmato</span> 
     </span>
    </p>
   </div>
   <div class='ocr_carea' id='block_1_88' title="bbox 2013 3831 3662 3907">
    <p class='ocr_par' dir='ltr' id='par_1_88' title="bbox 2013 3831 3662 3907">
     <span class='ocr_line' id='line_1_88' title="bbox 2013 3831 3662 3907; baseline 0.003 -21"><span class='ocrx_word' id='word_1_572' title='bbox 2013 3831 2438 3904; x_wconf 87' lang='lat' dir='ltr'>Burdigalensi,</span> <span class='ocrx_word' id='word_1_573' title='bbox 2469 3833 2952 3907; x_wconf 90' lang='lat' dir='ltr'>archiepisc0pis;</span> <span class='ocrx_word' id='word_1_574' title='bbox 2985 3835 3280 3894; x_wconf 87' lang='lat' dir='ltr'>Gualterio</span> <span class='ocrx_word' id='word_1_575' title='bbox 3320 3835 3662 3903; x_wconf 76' lang='lat' dir='ltr'>Albanensi,</span> 
     </span>
    </p>
   </div>
   <div class='ocr_carea' id='block_1_89' title="bbox 2011 3917 3660 3988">
    <p class='ocr_par' dir='ltr' id='par_1_89' title="bbox 2011 3917 3660 3988">
     <span class='ocr_line' id='line_1_89' title="bbox 2011 3917 3660 3988; baseline 0.004 -14"><span class='ocrx_word' id='word_1_576' title='bbox 2011 3918 2210 3974; x_wconf 91' lang='lat' dir='ltr'>Odone</span> <span class='ocrx_word' id='word_1_577' title='bbox 2231 3917 2823 3988; x_wconf 89' lang='lat' dir='ltr'>Ostiensi,Guntardo</span> <span class='ocrx_word' id='word_1_578' title='bbox 2848 3924 3145 3988; x_wconf 87' lang='lat' dir='ltr'>Fundado,</span> <span class='ocrx_word' id='word_1_579' title='bbox 3173 3924 3448 3983; x_wconf 81' lang='lat' dir='ltr'>Leutaldo</span> <span class='ocrx_word' id='word_1_580' title='bbox 3479 3924 3660 3981; x_wconf 88' lang='lat' dir='ltr'>Silva-</span> 
     </span>
    </p>
   </div>
   <div class='ocr_carea' id='block_1_90' title="bbox 2011 4007 3663 4081">
    <p class='ocr_par' dir='ltr' id='par_1_90' title="bbox 2011 4007 3663 4081">
     <span class='ocr_line' id='line_1_90' title="bbox 2011 4007 3663 4081; baseline 0.005 -19"><span class='ocrx_word' id='word_1_581' title='bbox 2011 4007 2291 4075; x_wconf 88' lang='lat' dir='ltr'>nectensi,</span> <span class='ocrx_word' id='word_1_582' title='bbox 2325 4007 2640 4081; x_wconf 89' lang='lat' dir='ltr'>episcopis;</span> <span class='ocrx_word' id='word_1_583' title='bbox 2681 4011 2936 4068; x_wconf 89' lang='lat' dir='ltr'>Nunerio</span> <span class='ocrx_word' id='word_1_584' title='bbox 2985 4013 3056 4067; x_wconf 92' lang='lat' dir='ltr'>de</span> <span class='ocrx_word' id='word_1_585' title='bbox 3103 4012 3273 4070; x_wconf 89' lang='lat' dir='ltr'>titulo</span> <span class='ocrx_word' id='word_1_586' title='bbox 3302 4013 3502 4071; x_wconf 84' lang='lat' dir='ltr'>Sancti</span> <span class='ocrx_word' id='word_1_587' title='bbox 3531 4013 3663 4071; x_wconf 80' lang='lat' dir='ltr'>Gle-</span> 
     </span>
    </p>
   </div>
   <div class='ocr_carea' id='block_1_91' title="bbox 2011 4095 3663 4164">
    <p class='ocr_par' dir='ltr' id='par_1_91' title="bbox 2011 4095 3663 4164">
     <span class='ocr_line' id='line_1_91' title="bbox 2011 4095 3663 4164; baseline 0.004 -13"><span class='ocrx_word' id='word_1_588' title='bbox 2011 4095 2244 4163; x_wconf 89' lang='lat' dir='ltr'>mentis,</span> <span class='ocrx_word' id='word_1_589' title='bbox 2275 4097 2538 4155; x_wconf 90' lang='lat' dir='ltr'>Teuzone</span> <span class='ocrx_word' id='word_1_590' title='bbox 2579 4100 2651 4154; x_wconf 90' lang='lat' dir='ltr'>de</span> <span class='ocrx_word' id='word_1_591' title='bbox 2701 4100 2871 4157; x_wconf 91' lang='lat' dir='ltr'>titulo</span> <span class='ocrx_word' id='word_1_592' title='bbox 2920 4101 3266 4160; x_wconf 86' lang='lat' dir='ltr'>Sanctorum</span> <span class='ocrx_word' id='word_1_593' title='bbox 3312 4101 3560 4164; x_wconf 81' lang='lat' dir='ltr'>Joannis</span> <span class='ocrx_word' id='word_1_594' title='bbox 3605 4107 3663 4158; x_wconf 90' lang='lat' dir='ltr'>et</span> 
     </span>
    </p>
   </div>
   <div class='ocr_carea' id='block_1_92' title="bbox 2009 4183 3659 4261">
    <p class='ocr_par' dir='ltr' id='par_1_92' title="bbox 2009 4183 3659 4261">
     <span class='ocr_line' id='line_1_92' title="bbox 2009 4183 3659 4261; baseline 0.004 -22"><span class='ocrx_word' id='word_1_595' title='bbox 2009 4183 2194 4252; x_wconf 86' lang='lat' dir='ltr'>Pauli,</span> <span class='ocrx_word' id='word_1_596' title='bbox 2217 4185 2441 4241; x_wconf 88' lang='lat' dir='ltr'>Joanne</span> <span class='ocrx_word' id='word_1_597' title='bbox 2471 4187 2542 4242; x_wconf 90' lang='lat' dir='ltr'>de</span> <span class='ocrx_word' id='word_1_598' title='bbox 2585 4188 2758 4244; x_wconf 89' lang='lat' dir='ltr'>titulo</span> <span class='ocrx_word' id='word_1_599' title='bbox 2800 4189 3022 4245; x_wconf 65' lang='lat' dir='ltr'>Sanctae</span> <span class='ocrx_word' id='word_1_600' title='bbox 3069 4190 3412 4261; x_wconf 71' lang='lat' dir='ltr'>Anastasits,</span> <span class='ocrx_word' id='word_1_601' title='bbox 3446 4195 3659 4248; x_wconf 65' lang='lat' dir='ltr'>nostra</span> 
     </span>
    </p>
   </div>
   <div class='ocr_carea' id='block_1_93' title="bbox 2009 4273 3659 4349">
    <p class='ocr_par' dir='ltr' id='par_1_93' title="bbox 2009 4273 3659 4349">
     <span class='ocr_line' id='line_1_93' title="bbox 2009 4273 3659 4349; baseline 0.004 -21"><span class='ocrx_word' id='word_1_602' title='bbox 2009 4273 2166 4328; x_wconf 89' lang='lat' dir='ltr'>sedis</span> <span class='ocrx_word' id='word_1_603' title='bbox 2218 4273 2547 4346; x_wconf 74' lang='lat' dir='ltr'>apostolicae</span> <span class='ocrx_word' id='word_1_604' title='bbox 2605 4277 2958 4349; x_wconf 83' lang='lat' dir='ltr'>presbyteris</span> <span class='ocrx_word' id='word_1_605' title='bbox 3011 4277 3435 4346; x_wconf 80' lang='lat' dir='ltr'>cardinalibus;</span> <span class='ocrx_word' id='word_1_606' title='bbox 3489 4279 3659 4335; x_wconf 88' lang='lat' dir='ltr'>Petro</span> 
     </span>
    </p>
   </div>
   <div class='ocr_carea' id='block_1_94' title="bbox 2009 4361 3657 4440">
    <p class='ocr_par' dir='ltr' id='par_1_94' title="bbox 2009 4361 3657 4440">
     <span class='ocr_line' id='line_1_94' title="bbox 2009 4361 3657 4440; baseline 0.002 -22"><span class='ocrx_word' id='word_1_607' title='bbox 2009 4361 2234 4430; x_wconf 86' lang='lat' dir='ltr'>Leonis,</span> <span class='ocrx_word' id='word_1_608' title='bbox 2284 4363 2508 4419; x_wconf 87' lang='lat' dir='ltr'>Joanne</span> <span class='ocrx_word' id='word_1_609' title='bbox 2565 4365 2902 4437; x_wconf 86' lang='lat' dir='ltr'>Frejapane,</span> <span class='ocrx_word' id='word_1_610' title='bbox 2963 4367 3240 4424; x_wconf 76' lang='lat' dir='ltr'>Romanis</span> <span class='ocrx_word' id='word_1_611' title='bbox 3297 4367 3657 4440; x_wconf 81' lang='lat' dir='ltr'>proceribus.</span> 
     </span>
    </p>
   </div>
   <div class='ocr_carea' id='block_1_95' title="bbox 2006 4450 3662 4526">
    <p class='ocr_par' dir='ltr' id='par_1_95' title="bbox 2006 4450 3662 4526">
     <span class='ocr_line' id='line_1_95' title="bbox 2006 4450 3662 4526; baseline 0.003 -21"><span class='ocrx_word' id='word_1_612' title='bbox 2006 4450 2130 4506; x_wconf 88' lang='lat' dir='ltr'>Tua</span> <span class='ocrx_word' id='word_1_613' title='bbox 2158 4466 2294 4524; x_wconf 86' lang='lat' dir='ltr'>ergo</span> <span class='ocrx_word' id='word_1_614' title='bbox 2334 4451 2670 4508; x_wconf 77' lang='lat' dir='ltr'>fraternitas</span> <span class='ocrx_word' id='word_1_615' title='bbox 2713 4453 2854 4525; x_wconf 92' lang='lat' dir='ltr'>quid</span> <span class='ocrx_word' id='word_1_616' title='bbox 2904 4454 3234 4526; x_wconf 78' lang='lat' dir='ltr'>apostolicae</span> <span class='ocrx_word' id='word_1_617' title='bbox 3279 4456 3405 4514; x_wconf 86' lang='lat' dir='ltr'>sedi</span> <span class='ocrx_word' id='word_1_618' title='bbox 3456 4456 3662 4515; x_wconf 82' lang='lat' dir='ltr'>debeat</span> 
     </span>
    </p>
   </div>
   <div class='ocr_carea' id='block_1_96' title="bbox 2007 4539 3659 4616">
    <p class='ocr_par' dir='ltr' id='par_1_96' title="bbox 2007 4539 3659 4616">
     <span class='ocr_line' id='line_1_96' title="bbox 2007 4539 3659 4616; baseline 0.002 -22"><span class='ocrx_word' id='word_1_619' title='bbox 2007 4539 2369 4612; x_wconf 89' lang='lat' dir='ltr'>propensiori</span> <span class='ocrx_word' id='word_1_620' title='bbox 2397 4540 2670 4614; x_wconf 90' lang='lat' dir='ltr'>deinceps</span> <span class='ocrx_word' id='word_1_621' title='bbox 2701 4546 2758 4598; x_wconf 92' lang='lat' dir='ltr'>et</span> <span class='ocrx_word' id='word_1_622' title='bbox 2803 4543 3022 4599; x_wconf 85' lang='lat' dir='ltr'>amoris</span> <span class='ocrx_word' id='word_1_623' title='bbox 3052 4548 3111 4600; x_wconf 91' lang='lat' dir='ltr'>et</span> <span class='ocrx_word' id='word_1_624' title='bbox 3141 4543 3407 4616; x_wconf 81' lang='lat' dir='ltr'>obsequii</span> <span class='ocrx_word' id='word_1_625' title='bbox 3437 4544 3659 4604; x_wconf 79' lang='lat' dir='ltr'>exhibi-</span> 
     </span>
    </p>
   </div>
   <div class='ocr_carea' id='block_1_97' title="bbox 1927 4628 2538 4718">
    <p class='ocr_par' dir='ltr' id='par_1_97' title="bbox 1927 4628 2538 4718">
     <span class='ocr_line' id='line_1_97' title="bbox 1927 4628 2538 4718; baseline 0.002 -34"><span class='ocrx_word' id='word_1_626' title='bbox 1927 4654 1972 4718; x_wconf 82' lang='lat' dir='ltr'><strong>D</strong></span> <span class='ocrx_word' id='word_1_627' title='bbox 2007 4628 2165 4718; x_wconf 88' lang='lat' dir='ltr'>tione</span> <span class='ocrx_word' id='word_1_628' title='bbox 2197 4629 2538 4701; x_wconf 89' lang='lat' dir='ltr'>perpendat.</span> 
     </span>
    </p>
   </div>
   <div class='ocr_carea' id='block_1_98' title="bbox 2077 4717 3659 4794">
    <p class='ocr_par' dir='ltr' id='par_1_98' title="bbox 2077 4717 3659 4794">
     <span class='ocr_line' id='line_1_98' title="bbox 2077 4717 3659 4794; baseline 0.003 -21"><span class='ocrx_word' id='word_1_629' title='bbox 2077 4717 2288 4774; x_wconf 88' lang='lat' dir='ltr'>Datum</span> <span class='ocrx_word' id='word_1_630' title='bbox 2318 4722 2510 4774; x_wconf 81' lang='lat' dir='ltr'>Romae</span> <span class='ocrx_word' id='word_1_631' title='bbox 2542 4721 2697 4791; x_wconf 90' lang='lat' dir='ltr'>apud</span> <span class='ocrx_word' id='word_1_632' title='bbox 2731 4724 2973 4778; x_wconf 89' lang='lat' dir='ltr'>Beatum</span> <span class='ocrx_word' id='word_1_633' title='bbox 3005 4721 3262 4790; x_wconf 84' lang='lat' dir='ltr'>Petrum,</span> <span class='ocrx_word' id='word_1_634' title='bbox 3287 4738 3659 4794; x_wconf 81' lang='lat' dir='ltr'>permanum</span> 
     </span>
    </p>
   </div>
   <div class='ocr_carea' id='block_1_99' title="bbox 2002 4806 3662 4872">
    <p class='ocr_par' dir='ltr' id='par_1_99' title="bbox 2002 4806 3662 4872">
     <span class='ocr_line' id='line_1_99' title="bbox 2002 4806 3662 4872; baseline 0.002 -9"><span class='ocrx_word' id='word_1_635' title='bbox 2002 4806 2249 4864; x_wconf 87' lang='lat' dir='ltr'>Joannis</span> <span class='ocrx_word' id='word_1_636' title='bbox 2281 4810 2494 4864; x_wconf 83' lang='lat' dir='ltr'>sanctae</span> <span class='ocrx_word' id='word_1_637' title='bbox 2525 4808 2799 4866; x_wconf 60' lang='lat' dir='ltr'>Romanis</span> <span class='ocrx_word' id='word_1_638' title='bbox 2827 4809 3098 4867; x_wconf 73' lang='lat' dir='ltr'>Ecclesia:</span> <span class='ocrx_word' id='word_1_639' title='bbox 3129 4810 3662 4872; x_wconf 77' lang='lat' dir='ltr'>diaconicardina-</span> 
     </span>
    </p>
   </div>
   <div class='ocr_carea' id='block_1_100' title="bbox 316 4895 3658 4970">
    <p class='ocr_par' dir='ltr' id='par_1_100' title="bbox 316 4895 3658 4970">
     <span class='ocr_line' id='line_1_100' title="bbox 316 4895 3658 4970; baseline 0 -16"><span class='ocrx_word' id='word_1_640' title='bbox 316 4898 494 4966; x_wconf 82' lang='lat' dir='ltr'>berto,</span> <span class='ocrx_word' id='word_1_641' title='bbox 553 4899 954 4970; x_wconf 78' lang='lat' dir='ltr'>archiepiscopo</span> <span class='ocrx_word' id='word_1_642' title='bbox 1015 4895 1349 4964; x_wconf 78' lang='lat' dir='ltr'>Senonensi,</span> <span class='ocrx_word' id='word_1_643' title='bbox 1409 4895 1661 4968; x_wconf 78' lang='lat' dir='ltr'>agnitum</span> <span class='ocrx_word' id='word_1_644' title='bbox 1711 4907 1896 4965; x_wconf 70' lang='lat' dir='ltr'>[tam</span> <span class='ocrx_word' id='word_1_645' title='bbox 2003 4895 2096 4965; x_wconf 89' lang='lat' dir='ltr'>lis,</span> <span class='ocrx_word' id='word_1_646' title='bbox 2123 4895 2440 4952; x_wconf 87' lang='lat' dir='ltr'>indictione</span> <span class='ocrx_word' id='word_1_647' title='bbox 2488 4896 2760 4968; x_wconf 88' lang='lat' dir='ltr'>septima,</span> <span class='ocrx_word' id='word_1_648' title='bbox 2786 4914 2907 4966; x_wconf 81' lang='grc' dir='ltr'>νιιι,</span> <span class='ocrx_word' id='word_1_649' title='bbox 2964 4898 3248 4960; x_wconf 75' lang='lat' dir='ltr'>Kalendas</span> <span class='ocrx_word' id='word_1_650' title='bbox 3295 4899 3658 4965; x_wconf 58' lang='lat' dir='ltr'>Mam-anno</span> 
     </span>
    </p>
   </div>
   <div class='ocr_carea' id='block_1_101' title="bbox 314 4986 444 5025">
    <p class='ocr_par' dir='ltr' id='par_1_101' title="bbox 314 4986 444 5025">
     <span class='ocr_line' id='line_1_101' title="bbox 314 4986 444 5025; baseline 0 -1"><span class='ocrx_word' id='word_1_651' title='bbox 314 4986 444 5025; x_wconf 70' lang='grc'>6688.</span> 
     </span>
    </p>
   </div>
   <div class='ocr_carea' id='block_1_102' title="bbox 870 5039 1275 5112">
    <p class='ocr_par' dir='ltr' id='par_1_102' title="bbox 870 5039 1275 5112">
     <span class='ocr_line' id='line_1_102' title="bbox 870 5039 1275 5112; baseline 0.002 -19"><span class='ocrx_word' id='word_1_652' title='bbox 870 5041 1056 5110; x_wconf 85' lang='lat' dir='ltr'>(Anno</span> <span class='ocrx_word' id='word_1_653' title='bbox 1091 5039 1275 5112; x_wconf 85' lang='grc'>1099.)</span> 
     </span>
    </p>
   </div>
   <div class='ocr_carea' id='block_1_103' title="bbox 673 5127 1470 5202">
    <p class='ocr_par' dir='ltr' id='par_1_103' title="bbox 673 5127 1470 5202">
     <span class='ocr_line' id='line_1_103' title="bbox 673 5127 1470 5202; baseline 0.006 -22"><span class='ocrx_word' id='word_1_654' title='bbox 673 5127 908 5198; x_wconf 55' lang='grc' dir='ltr'>[ΜΑΝεμ</span> <span class='ocrx_word' id='word_1_655' title='bbox 939 5127 1142 5184; x_wconf 83' lang='lat' dir='ltr'>Concz&#39;l.</span> <span class='ocrx_word' id='word_1_656' title='bbox 1173 5128 1286 5198; x_wconf 88' lang='lat' dir='ltr'>XX,</span> <span class='ocrx_word' id='word_1_657' title='bbox 1321 5131 1470 5202; x_wconf 80' lang='lat'>877.]</span> 
     </span>
    </p>
   </div>
   <div class='ocr_carea' id='block_1_104' title="bbox 317 5243 1897 5317">
    <p class='ocr_par' dir='ltr' id='par_1_104' title="bbox 317 5243 1897 5317">
     <span class='ocr_line' id='line_1_104' title="bbox 317 5243 1897 5317; baseline 0.004 -17"><span class='ocrx_word' id='word_1_658' title='bbox 317 5243 596 5301; x_wconf 69' lang='lat' dir='ltr'>Uasmus</span> <span class='ocrx_word' id='word_1_659' title='bbox 617 5243 946 5314; x_wconf 89' lang='lat' dir='ltr'>episcopus,</span> <span class='ocrx_word' id='word_1_660' title='bbox 976 5259 1176 5298; x_wconf 87' lang='lat' dir='ltr'>servus</span> <span class='ocrx_word' id='word_1_661' title='bbox 1198 5261 1493 5303; x_wconf 89' lang='lat' dir='ltr'>servorum</span> <span class='ocrx_word' id='word_1_662' title='bbox 1518 5249 1640 5317; x_wconf 87' lang='lat' dir='ltr'>Dei,</span> <span class='ocrx_word' id='word_1_663' title='bbox 1663 5268 1897 5308; x_wconf 85' lang='lat' dir='ltr'>venera-</span> 
     </span>
    </p>
   </div>
   <div class='ocr_carea' id='block_1_105' title="bbox 247 5329 1895 5411">
    <p class='ocr_par' dir='ltr' id='par_1_105' title="bbox 247 5329 1895 5411">
     <span class='ocr_line' id='line_1_105' title="bbox 247 5329 1895 5411; baseline 0.004 -23"><span class='ocrx_word' id='word_1_664' title='bbox 247 5333 346 5388; x_wconf 90' lang='lat' dir='ltr'>bili</span> <span class='ocrx_word' id='word_1_665' title='bbox 381 5331 547 5389; x_wconf 86' lang='lat' dir='ltr'>fratri</span> <span class='ocrx_word' id='word_1_666' title='bbox 586 5334 643 5386; x_wconf 90' lang='lat' dir='ltr'>et</span> <span class='ocrx_word' id='word_1_667' title='bbox 690 5329 1032 5403; x_wconf 90' lang='lat' dir='ltr'>coepiscopo</span> <span class='ocrx_word' id='word_1_668' title='bbox 1078 5331 1322 5404; x_wconf 73' lang='lat' dir='ltr'>Hucom,</span> <span class='ocrx_word' id='word_1_669' title='bbox 1350 5336 1729 5409; x_wconf 88' lang='lat' dir='ltr'>Lugdunensi</span> <span class='ocrx_word' id='word_1_670' title='bbox 1779 5341 1895 5411; x_wconf 91' lang='lat' dir='ltr'>pri-</span> 
     </span>
    </p>
   </div>
   <div class='ocr_carea' id='block_1_106' title="bbox 246 5419 1716 5491">
    <p class='ocr_par' dir='ltr' id='par_1_106' title="bbox 246 5419 1716 5491">
     <span class='ocr_line' id='line_1_106' title="bbox 246 5419 1716 5491; baseline 0.003 -13"><span class='ocrx_word' id='word_1_671' title='bbox 246 5423 412 5490; x_wconf 88' lang='lat' dir='ltr'>mati,</span> <span class='ocrx_word' id='word_1_672' title='bbox 449 5419 700 5478; x_wconf 87' lang='lat' dir='ltr'>salutem</span> <span class='ocrx_word' id='word_1_673' title='bbox 732 5423 790 5474; x_wconf 93' lang='lat' dir='ltr'>ct</span> <span class='ocrx_word' id='word_1_674' title='bbox 819 5419 1197 5491; x_wconf 90' lang='lat' dir='ltr'>apostolicam</span> <span class='ocrx_word' id='word_1_675' title='bbox 1229 5423 1716 5483; x_wconf 88' lang='lat' dir='ltr'>benedictionem.</span> 
     </span>
    </p>
   </div>
   <div class='ocr_carea' id='block_1_107' title="bbox 316 5508 1896 5582">
    <p class='ocr_par' dir='ltr' id='par_1_107' title="bbox 316 5508 1896 5582">
     <span class='ocr_line' id='line_1_107' title="bbox 316 5508 1896 5582; baseline 0.004 -16"><span class='ocrx_word' id='word_1_676' title='bbox 316 5512 424 5566; x_wconf 87' lang='lat' dir='ltr'>Pro</span> <span class='ocrx_word' id='word_1_677' title='bbox 457 5508 692 5582; x_wconf 88' lang='lat' dir='ltr'>querela</span> <span class='ocrx_word' id='word_1_678' title='bbox 741 5525 917 5579; x_wconf 90' lang='lat' dir='ltr'>quam</span> <span class='ocrx_word' id='word_1_679' title='bbox 969 5509 1244 5567; x_wconf 89' lang='lat' dir='ltr'>adversus</span> <span class='ocrx_word' id='word_1_680' title='bbox 1276 5514 1673 5571; x_wconf 88' lang='lat' dir='ltr'>Senonensem</span> <span class='ocrx_word' id='word_1_681' title='bbox 1704 5517 1896 5573; x_wconf 90' lang='lat' dir='ltr'>Eccle-</span> 
     </span>
    </p>
   </div>
   <div class='ocr_carea' id='block_1_108' title="bbox 247 5600 1898 5669">
    <p class='ocr_par' dir='ltr' id='par_1_108' title="bbox 247 5600 1898 5669">
     <span class='ocr_line' id='line_1_108' title="bbox 247 5600 1898 5669; baseline 0.004 -14"><span class='ocrx_word' id='word_1_682' title='bbox 247 5601 396 5656; x_wconf 87' lang='lat' dir='ltr'>siam</span> <span class='ocrx_word' id='word_1_683' title='bbox 451 5605 508 5653; x_wconf 89' lang='lat' dir='ltr'>et</span> <span class='ocrx_word' id='word_1_684' title='bbox 557 5600 1048 5669; x_wconf 66' lang='lat' dir='ltr'>praedecessorum</span> <span class='ocrx_word' id='word_1_685' title='bbox 1091 5603 1324 5658; x_wconf 88' lang='lat' dir='ltr'>tuorum</span> <span class='ocrx_word' id='word_1_686' title='bbox 1372 5607 1428 5658; x_wconf 92' lang='lat' dir='ltr'>et</span> <span class='ocrx_word' id='word_1_687' title='bbox 1470 5608 1570 5658; x_wconf 86' lang='lat' dir='ltr'>tua</span> <span class='ocrx_word' id='word_1_688' title='bbox 1616 5603 1898 5663; x_wconf 86' lang='lat' dir='ltr'>hactenus</span> 
     </span>
    </p>
   </div>
   <div class='ocr_carea' id='block_1_109' title="bbox 249 5687 1902 5762">
    <p class='ocr_par' dir='ltr' id='par_1_109' title="bbox 249 5687 1902 5762">
     <span class='ocr_line' id='line_1_109' title="bbox 249 5687 1902 5762; baseline 0.004 -17"><span class='ocrx_word' id='word_1_689' title='bbox 249 5688 579 5746; x_wconf 78' lang='lat' dir='ltr'>fraternitas</span> <span class='ocrx_word' id='word_1_690' title='bbox 611 5687 976 5744; x_wconf 88' lang='lat' dir='ltr'>vehementer</span> <span class='ocrx_word' id='word_1_691' title='bbox 1007 5691 1283 5761; x_wconf 80' lang='lat' dir='ltr'>exercuit,</span> <span class='ocrx_word' id='word_1_692' title='bbox 1317 5692 1552 5762; x_wconf 87' lang='lat' dir='ltr'>quantis</span> <span class='ocrx_word' id='word_1_693' title='bbox 1585 5696 1902 5752; x_wconf 89' lang='lat' dir='ltr'>contentio-</span> 
     </span>
    </p>
   </div>
   <div class='ocr_carea' id='block_1_110' title="bbox 2005 4985 3658 5060">
    <p class='ocr_par' dir='ltr' id='par_1_110' title="bbox 2005 4985 3658 5060">
     <span class='ocr_line' id='line_1_110' title="bbox 2005 4985 3658 5060; baseline 0.001 -20"><span class='ocrx_word' id='word_1_694' title='bbox 2005 4985 2318 5040; x_wconf 68' lang='lat' dir='ltr'>Dominicaz</span> <span class='ocrx_word' id='word_1_695' title='bbox 2364 4985 2788 5043; x_wconf 86' lang='lat' dir='ltr'>Incarnationis</span> <span class='ocrx_word' id='word_1_696' title='bbox 2822 4988 2979 5054; x_wconf 80' lang='grc'>1099,</span> <span class='ocrx_word' id='word_1_697' title='bbox 3012 4987 3388 5060; x_wconf 76' lang='lat' dir='ltr'>pontiﬁcatus</span> <span class='ocrx_word' id='word_1_698' title='bbox 3435 4986 3658 5048; x_wconf 85' lang='lat' dir='ltr'>domini</span> 
     </span>
    </p>
   </div>
   <div class='ocr_carea' id='block_1_111' title="bbox 2007 5073 2552 5145">
    <p class='ocr_par' dir='ltr' id='par_1_111' title="bbox 2007 5073 2552 5145">
     <span class='ocr_line' id='line_1_111' title="bbox 2007 5073 2552 5145; baseline 0 -16"><span class='ocrx_word' id='word_1_699' title='bbox 2007 5073 2224 5129; x_wconf 91' lang='lat' dir='ltr'>Urbani</span> <span class='ocrx_word' id='word_1_700' title='bbox 2255 5089 2418 5145; x_wconf 64' lang='lat' dir='ltr'>papa:</span> <span class='ocrx_word' id='word_1_701' title='bbox 2450 5088 2552 5134; x_wconf 79' lang='lat' dir='ltr'>xu.</span> 
     </span>
    </p>
   </div>
   <div class='ocr_carea' id='block_1_112' title="bbox 2694 5164 2970 5221">
    <p class='ocr_par' dir='ltr' id='par_1_112' title="bbox 2694 5164 2970 5221">
     <span class='ocr_line' id='line_1_112' title="bbox 2694 5164 2970 5221; baseline 0.011 -3"><span class='ocrx_word' id='word_1_702' title='bbox 2694 5164 2970 5221; x_wconf 84' lang='lat' dir='ltr'>CCXCIII.</span> 
     </span>
    </p>
   </div>
   <div class='ocr_carea' id='block_1_113' title="bbox 2006 5251 3656 5317">
    <p class='ocr_par' dir='ltr' id='par_1_113' title="bbox 2006 5251 3656 5317">
     <span class='ocr_line' id='line_1_113' title="bbox 2006 5251 3656 5317; baseline 0.002 -9"><span class='ocrx_word' id='word_1_703' title='bbox 2006 5254 2023 5274; x_wconf 79' lang='lat'><strong><em>‘</em></strong></span> <span class='ocrx_word' id='word_1_704' title='bbox 2065 5251 2308 5308; x_wconf 74' lang='lat' dir='ltr'>Urbanus</span> <span class='ocrx_word' id='word_1_705' title='bbox 2340 5253 2400 5306; x_wconf 84' lang='lat' dir='ltr'>in</span> <span class='ocrx_word' id='word_1_706' title='bbox 2423 5255 2752 5309; x_wconf 72' lang='lat' dir='ltr'>monasterio</span> <span class='ocrx_word' id='word_1_707' title='bbox 2793 5254 3003 5310; x_wconf 68' lang='grc' dir='ltr'>σοιδαὶιέ</span> <span class='ocrx_word' id='word_1_708' title='bbox 3032 5255 3088 5310; x_wconf 91' lang='lat' dir='ltr'>S.</span> <span class='ocrx_word' id='word_1_709' title='bbox 3121 5256 3278 5312; x_wconf 75' lang='lat' dir='ltr'>Petri</span> <span class='ocrx_word' id='word_1_710' title='bbox 3315 5270 3493 5317; x_wconf 67' lang='lat' dir='ltr'>«eam</span> <span class='ocrx_word' id='word_1_711' title='bbox 3519 5269 3656 5312; x_wconf 64' lang='lat' dir='ltr'>sem-</span> 
     </span>
    </p>
   </div>
   <div class='ocr_carea' id='block_1_114' title="bbox 2072 5322 3658 5394">
    <p class='ocr_par' dir='ltr' id='par_1_114' title="bbox 2072 5322 3658 5394">
     <span class='ocr_line' id='line_1_114' title="bbox 2072 5322 3658 5394; baseline 0.001 -17"><span class='ocrx_word' id='word_1_712' title='bbox 2072 5337 2174 5394; x_wconf 77' lang='lat' dir='ltr'>per</span> <span class='ocrx_word' id='word_1_713' title='bbox 2214 5322 2527 5394; x_wconf 51' lang='lat' dir='ltr'>disciplina</span> <span class='ocrx_word' id='word_1_714' title='bbox 2574 5325 2847 5392; x_wconf 82' lang='lat' dir='ltr'>regularis</span> <span class='ocrx_word' id='word_1_715' title='bbox 2897 5328 3295 5383; x_wconf 77' lang='lat' dir='ltr'>institutionem</span> <span class='ocrx_word' id='word_1_716' title='bbox 3349 5325 3658 5383; x_wconf 76' lang='lat' dir='ltr'>conservari</span> 
     </span>
    </p>
   </div>
   <div class='ocr_carea' id='block_1_115' title="bbox 2068 5393 3653 5474">
    <p class='ocr_par' dir='ltr' id='par_1_115' title="bbox 2068 5393 3653 5474">
     <span class='ocr_line' id='line_1_115' title="bbox 2068 5393 3653 5474; baseline 0.002 -27"><span class='ocrx_word' id='word_1_717' title='bbox 2068 5393 2444 5474; x_wconf 32' lang='lat' dir='ltr'>jubethqu’am</span> <span class='ocrx_word' id='word_1_718' title='bbox 2462 5395 2630 5474; x_wconf 66' lang='lat' dir='ltr'>juxta</span> <span class='ocrx_word' id='word_1_719' title='bbox 2661 5396 3236 5474; x_wconf 69' lang='lat' dir='ltr'>Vallumbrosanorum</span> <span class='ocrx_word' id='word_1_720' title='bbox 3263 5400 3653 5474; x_wconf 67' lang='lat' dir='ltr'>fratrumcon-</span> 
     </span>
    </p>
   </div>
   <div class='ocr_carea' id='block_1_116' title="bbox 2077 5463 3654 5535">
    <p class='ocr_par' dir='ltr' id='par_1_116' title="bbox 2077 5463 3654 5535">
     <span class='ocr_line' id='line_1_116' title="bbox 2077 5463 3654 5535; baseline 0.003 -17"><span class='ocrx_word' id='word_1_721' title='bbox 2077 5463 2418 5519; x_wconf 72' lang='lat' dir='ltr'>suetudinem</span> <span class='ocrx_word' id='word_1_722' title='bbox 2463 5463 2737 5534; x_wconf 59' lang='lat' dir='ltr'>Andreas,</span> <span class='ocrx_word' id='word_1_723' title='bbox 2787 5470 3112 5524; x_wconf 79' lang='lat' dir='ltr'>monasterii</span> <span class='ocrx_word' id='word_1_724' title='bbox 3167 5463 3433 5535; x_wconf 84' lang='lat' dir='ltr'>conditor,</span> <span class='ocrx_word' id='word_1_725' title='bbox 3483 5465 3654 5522; x_wconf 75' lang='lat' dir='ltr'>stabi-</span> 
     </span>
    </p>
   </div>
   <div class='ocr_carea' id='block_1_117' title="bbox 2082 5536 2327 5590">
    <p class='ocr_par' dir='ltr' id='par_1_117' title="bbox 2082 5536 2327 5590">
     <span class='ocr_line' id='line_1_117' title="bbox 2082 5536 2327 5590; baseline -0.008 -1"><span class='ocrx_word' id='word_1_726' title='bbox 2082 5536 2264 5590; x_wconf 81' lang='lat' dir='ltr'>lierat.</span> <span class='ocrx_word' id='word_1_727' title='bbox 2298 5556 2327 5582; x_wconf 85' lang='lat'>»</span> 
     </span>
    </p>
   </div>
   <div class='ocr_carea' id='block_1_118' title="bbox 2632 5610 3039 5681">
    <p class='ocr_par' dir='ltr' id='par_1_118' title="bbox 2632 5610 3039 5681">
     <span class='ocr_line' id='line_1_118' title="bbox 2632 5610 3039 5681; baseline -0.002 -15"><span class='ocrx_word' id='word_1_728' title='bbox 2632 5610 2821 5677; x_wconf 86' lang='lat' dir='ltr'>(Anno</span> <span class='ocrx_word' id='word_1_729' title='bbox 2856 5611 3039 5681; x_wconf 84' lang='grc'>1099.)</span> 
     </span>
    </p>
   </div>
   <div class='ocr_carea' id='block_1_119' title="bbox 2239 5691 3445 5770">
    <p class='ocr_par' dir='ltr' id='par_1_119' title="bbox 2239 5691 3445 5770">
     <span class='ocr_line' id='line_1_119' title="bbox 2239 5691 3445 5770; baseline 0.015 -26"><span class='ocrx_word' id='word_1_730' title='bbox 2239 5691 2396 5759; x_wconf 81' lang='lat' dir='ltr'>[Vide</span> <span class='ocrx_word' id='word_1_731' title='bbox 2431 5693 2670 5753; x_wconf 81' lang='lat' dir='ltr'>MABILL.</span> <span class='ocrx_word' id='word_1_732' title='bbox 2706 5699 2906 5756; x_wconf 84' lang='lat' dir='ltr'>Annal.</span> <span class='ocrx_word' id='word_1_733' title='bbox 2942 5698 3161 5770; x_wconf 82' lang='lat' dir='ltr'>Bened.,</span> <span class='ocrx_word' id='word_1_734' title='bbox 3183 5698 3263 5768; x_wconf 86' lang='lat' dir='ltr'>.V,</span> <span class='ocrx_word' id='word_1_735' title='bbox 3297 5697 3445 5768; x_wconf 58' lang='lat'>496-]</span> 
     </span>
    </p>
   </div>
  </div>
