3928 6208
212 316 335 377 545

236 416 243 475 Ῡ
933 450 1206 508 ccxcw.

212 540 547 599 Nonasterii
610 541 671 597 S.
728 540 912 596 Crucis

465 611 885 685 archiepiscopo
914 611 1318 685 Bardz'galensi,
1353 611 1657 683 conﬁrmat.

872 702 1056 771 (Anno
1084 696 1268 773 1099.)

670 790 838 864 (Vide
871 788 1112 847 ΜΑΒῐιῑ..
1141 792 1239 847 ubi
1265 790 1477 863 supra.)

221 951 437 1046 Urbani
465 988 715 1059 epistola
738 986 809 1043 ad
848 897 1633 1058 Hugcfnigvbmlu'episcopum
1679 985 1893 1056 Lugdu-

1412 310 1823 380 EPIS'POLE
1862 311 1965 379 ΕΤ
2006 310 2485 380 PRIVILEGIA.

3528 316 3647 381 546

1921 455 1973 520 Α
2006 451 2157 522 quod
2186 450 2627 505 alternationem
2662 465 2842 521 quam
2874 448 3065 505 clerici
3097 447 3156 505 S.
3190 450 3449 506 Severini
3476 450 3663 507 vobis-

960 542 1337 612 possessiones,
1397 544 1624 612 rogante
1678 542 1889 609 Amata,
1998 556 2132 595 cum
2165 540 2264 595 diu
2297 539 2631 595 habuerunt
2673 539 2745 595 de
2807 538 3135 594 cmmeterio
3190 538 3399 594 matris
3459 544 3675 596 vestra).

1999 627 2254 684 ecclesiae
2284 644 2317 683 a
2346 627 2514 683 nobis
2545 644 2647 700 per
2676 627 2779 683 Dei
2809 626 3059 701 gratiam
3092 632 3461 697 consecrata,
3486 628 3644 698 adju

1999 719 2159 771 stum
2190 720 2247 771 et
2273 713 2605 787 legitimum
2636 715 3021 788 perduximus
3064 716 3262 770 ﬁnem.
3292 715 3356 769 In
3402 715 3666 772 concilio-

2003 803 2161 859 enim
2205 804 2484 871 Romano,
2538 804 2694 876 quod
2751 803 2851 860 Dei
2907 802 3207 859 voluntate
3263 806 3398 859 ante
3444 819 3660 875 corpus

2003 891 2333 949 beatissimi
2359 891 2509 948 Petri
2541 891 2942 965 apostolorum
2988 890 3269 964 principis
3322 890 3662 948 solemniter

2004 979 2451 1047 celebravimus,
2485 980 2810 1037 rationibus
2839 980 3051 1036 vestris
3084 997 3184 1053 per
3225 980 3458 1036 Petrum
3490 980 3662 1035 deca-

285 1058 655 1141 nensern.“—
684 1058 758 1115 De
779 1058 1001 1115 Roberto
1030 1058 1222 1114 abbate
1254 1058 1601 1114 Cistcrciensi
1631 1074 1699 1113 ea:
1718 1071 1896 1113 eremo

2101 1087 2148 1123 [τι
2174 1068 2482 1137 enarratis,
2514 1073 2571 1124 et
2596 1068 3060 1126 adversariorum
3087 1074 3413 1124 vestrorum
3436 1068 3663 1141 opposi-

275 1128 634 1186 revocando.

880 1201 1066 1269 (Anno
1097 1199 1280 1268 1099.)

655 1290 887 1360 (MANSI,
922 1288 1151 1357 ϐοηθῶ,
1187 1288 1303 1356 XX,
1336 1286 1487 1361 666.)

290 1378 605 1436 Uammxs
624 1378 957 1451 episcopus,
991 1394 1193 1433 servus
1222 1390 1524 1434 servorum
1569 1377 1687 1444 Dei,
1720 1391 1899 1431 vene-

220 1468 396 1526 rabili
432 1466 615 1524 fratri
643 1471 700 1523 et
730 1466 1004 1539 episcopo
1052 1466 1302 1533 HUGONI,
1355 1465 1686 1539 apostolicae
1743 1464 1901 1521 sedis

218 1557 468 1627 vicario,
504 1555 767 1613 salutem
798 1561 855 1612 et
884 1553 1262 1628 apostolicam
1297 1553 1781 1613 benedictionem.

293 1644 789 1703 Holismensium
816 1644 1063 1700 fratrum
1095 1658 1376 1716 magnum
1412 1644 1467 1698 in
1512 1643 1751 1699 consilio
1784 1643 1900 1699 cla-

224 1734 463 1792 morem
478 1732 1081 1807 accepimus,abbatis
1108 1733 1196 1789 sui
1225 1733 1478 1788 reditum
1502 1732 1902 1788 vehementius

224 1824 703 1899 postulantium.
736 1822 1021 1879 Dicebant
1050 1822 1207 1878 enim
1240 1821 1581 1894 religionem
1600 1837 1707 1877 suo
1729 1820 1904 1877 choro
1934 1829 1981 1894 Β

226 1928 532 1982 eversam,
547 1924 729 1985 seque
750 1927 853 1985 pro
875 1910 1102 1967 abbatis
1124 1909 1285 1965 illius
1309 1910 1576 1966 absentia
1591 1910 1723 1965 odio
1750 1909 1906 1981 apud

227 2002 549 2077 principes
575 2005 636 2059 et
663 2006 901 2057 cancros
928 1999 1151 2056 vicinos
1181 1998 1403 2055 haberi.
1436 1998 1629 2055 Coacti
1670 1998 1906 2054 tandem

231 2108 265 2146 a
295 2090 607 2148 fratribus
638 2089 877 2155 nostris,
938 2086 1231 2145 dilectioni
1264 2091 1378 2142 tum
1438 2104 1540 2159 per
1596 2086 1909 2158 przesentia

233 2176 471 2254 scripta
494 2179 873 2245 mandamus,
905 2175 1302 2249 signiﬁcantes
1331 2180 1563 2249 gratum
1591 2176 1758 2231 nobis
1789 2176 1906 2230 exi-

234 2273 395 2327 stere
425 2274 520 2337 ut,
552 2268 603 2326 si
638 2268 760 2324 fieri
790 2270 1007 2340 posset,
1041 2266 1222 2321 abbas
1243 2264 1341 2321 ille
1369 2265 1443 2321 ab
1475 2280 1667 2321 eremo
1688 2265 1760 2320 ad
1794 2281 1910 2320 mo-

237 2356 589 2415 nasterium
611 2352 945 2412 reducatur.
980 2354 1141 2419 Quod
1174 2355 1224 2410 si
1265 2353 1508 2427 implere
1556 2353 1907 2426 nequiveris,

238 2463 402 2503 curae
432 2446 547 2503 tibi
578 2446 655 2503 sit
682 2449 751 2501 ut
778 2450 835 2501 et
862 2443 962 2517 qui
995 2460 1255 2500 eremum
1306 2443 1560 2517 diligunt
1603 2444 1908 2516 conquies-

240 2541 407 2604 cant,
446 2540 510 2593 et
535 2535 715 2609 quiin
738 2534 1001 2591 ccenobio
1034 2538 1173 2589 sunt
1192 2532 1558 2606 regularibus
1579 2531 1910 2605 disciplinis

243 2622 599 2682 inserviant.

947 2712 1213 2767 CCXCVI.

249 2803 473 2861 Urbani
496 2800 550 2858 If
580 2802 806 2874 epistola
847 2818 945 2873 pro
992 2804 1201 2927 Jpamiie
1245 2800 1642 2856 archidiacomo
1690 2800 1912 2857 Atreba-

300 2908 303 2911 λ
1044 2888 1136 2927 ens
1167 2913 1179 2926 .

300 2908 303 2911 λ
1020 2888 1179 2927 ιεηδι.

904 2962 1093 3028 (Anno
1123 2961 1309 3031 1099.)

447 3048 616 3117 (Dom
648 3052 937 3112 Bouousr,
977 3049 1212 3115 Reeueil,
1243 3054 1285 3104 t.
1321 3049 1464 3116 XIV,
1498 3066 1554 3121 p.
1585 3050 1737 3120 239.)

332 3136 616 3193 Uaeanus
643 3135 971 3213 episcopus,
1005 3152 1207 3192 servus
1234 3154 1533 3193 servorum
1560 3138 1681 3204 Dei,
1708 3138 1917 3193 dilecto

255 3226 393 3283 filio
424 3242 534 3281 suo
557 3225 786 3290 Joanm,
819 3225 1185 3280 Atrebatensi
1208 3226 1639 3293 archidiacono,
1668 3227 1918 3282 salutem

257 3321 321 3373 et
350 3313 736 3388 apostolicam
766 3312 1248 3369 benedictionem.

341 3404 636 3470 Quoniam
668 3401 919 3458 relatum
945 3406 1035 3458 est
1067 3403 1125 3457 in
1157 3403 1400 3458 auribus
1424 3404 1640 3460 nostris
1670 3408 1727 3458 te
1755 3420 1917 3459 com-

261 3493 436 3550 muni
466 3490 1036 3565 votoreligiosoru‘m
1067 3491 1345 3560 virorum,
1369 3497 1487 3547 tam
1521 3492 1711 3548 clerici
1743 3509 1918 3564 quam

261 3580 491 3656 populi;
522 3580 586 3636 in
611 3579 867 3636 Ecclesia
899 3579 1216 3635 Morinensi
1246 3597 1375 3635 esse
1417 3579 1686 3649 electum,
1736 3580 1919 3653 pluri-

262 3686 438 3727 mum
478 3669 939 3741 congaudcmus,
971 3667 1317 3725 auctoritate
1365 3669 1546 3742 igitur
1588 3668 1919 3742 apostolica:

265 3759 427 3817 sedis
456 3757 799 3815 electionem
829 3756 990 3812 illam
1032 3759 1451 3814 confirmamus
1481 3763 1539 3813 et
1576 3758 1918 3814 corrobora-

263 3864 423 3917 mus,
470 3851 528 3903 et
583 3863 656 3902 ne
713 3845 913 3919 aliqua
968 3846 1270 3902 occasione
1326 3862 1454 3902 eam
1508 3847 1916 3920 subterfugiat,

261 3937 467 3993 eadem
500 3935 845 3992 auctoritate
873 3934 1113 3991 omnino
1145 3935 1622 3991 interdicimus...

946 4039 1239 4097 CCXCVII.

272 4130 529 4189 Urbanus
574 4131 901 4186 monasterii
954 4129 1379 4185 Psalmodiensis
1430 4130 1737 4185 libertam
1791 4147 1917 4188 con-

382 4210 529 4259 rmat
553 4222 582 4251 α
613 4218 685 4258 ne
718 4202 897 4258 ullam
948 4200 1378 4257 dominationem
1422 4202 1782 4258 Massilienses
1837 4204 1921 4259 ibi

381 4275 600 4330 abeant.
636 4296 666 4325 »

898 4343 1088 4415 (Anno
1124 4341 1307 4412 1099.)

272 4432 438 4507 (Vide
467 4432 809 4507 relationem
842 4432 996 4507 apnd
1011 4430 1335 4507 Athenaeis
1380 4436 1457 4507 et‘
1483 4432 1917 4507 Rumaar._0u7

308 4518 549 4578 ,vrages
594 4504 815 4578 posta,
861 4501 1095 4578 111395,
1128 4508 1185 4558 et
1248 4503 1394 4558 infra
1445 4503 1502 4559 in
1562 4505 1811 4576 append.
1844 4506 1916 4562 ad

343 4574 621 4648 epistolas
655 4574 922 4637 Urbani.)

937 4662 1175 4718 CCXCVII
1186 4663 1251 4717 ll.

278 4752 482 4811 Urbani
534 4754 588 4809 II
630 4768 784 4824 papae
832 4751 1059 4824 epistola
1112 4751 1183 4806 ad
1241 4754 1527 4808 canonicos
1572 4754 1628 4807 Si.
1688 4753 1924 4811 Andreae

343 4824 788 4895 Burdegatensis.
812 4853 880 4864 —-
910 4824 1104 4879 Notum
1132 4825 1269 4894 facit
1281 4838 1469 4895 eorum
1497 4826 1925 4881 controversiam

341 4913 465 4952 cum
506 4893 723 4952 clericis
768 4895 822 4951 S.
877 4893 1139 4967 Severini
1181 4895 1281 4967 ita
1313 4893 1596 4967 deﬁnitam
1640 4898 1811 4967 [uisse
1862 4898 1924 4951 in

343 4968 573 5039 concilio
605 4968 859 5032 Romano,
901 4972 960 5021 ut
996 4966 1224 5021 ecclesia
1257 4965 1310 5021 S.
1359 4966 1594 5025 Andrew
1633 4965 1924 5039 proprium

345 5037 543 5095 habeat
567 5039 935 5094 cwmeterium
965 5038 1023 5092 in
1052 5045 1395 5108 perpetuum.

896 5127 1081 5196 (Anno
1113 5125 1293 5195 1099.)

543 5215 711 5287 [Dom
742 5214 1034 5281 Bouous'r,
1066 5214 1303 5287 Recueil,
1335 5213 1482 5283 XIV,
1515 5215 1666 5286 736.]

350 5320 619 5379 Uaeanus
641 5321 970 5394 episcopus,
1004 5337 1206 5377 servus
1228 5336 1527 5376 servorum
1549 5321 1669 5391 Dei,
1695 5321 1925 5380 dilectis

279 5408 415 5466 ﬁliis
444 5408 742 5466 canonicis
771 5409 832 5465 S.
860 5408 1101 5466 Andreae
1162 5407 1407 5465 salutem
1441 5413 1496 5465 et
1543 5410 1923 5483 apostolicam

278 5497 764 5555 benedictionem.

349 5586 565 5648 Notum
600 5586 697 5661 sit,
730 5586 940 5647 fratres
969 5585 1324 5658 oharissimi,
1358 5586 1652 5655 dilectioni
1698 5592 1923 5665 vestrm,

1948 4548 2001 4611 D

2003 1156 2265 1213 tionibus
2323 1157 2632 1230 diligenter
2687 1156 3080 1229 pertractatis,
3139 1156 3391 1213 decrevit
3463 1162 3669 1212 sancta

2003 1246 2272 1318 Synodus
2299 1252 2546 1301 matrem
2582 1250 2858 1313 vestram,
2912 1244 3403 1317 Burdegalensem
3449 1244 3676 1302 scilicet

2008 1334 2343 1403 Ecclesium,
2368 1333 2549 1390 ﬁliam
2566 1352 2699 1390 vero
2721 1340 2980 1390 nostram
3006 1334 3176 1389 unico
3193 1334 3491 1407 privilegio
3513 1350 3674 1389 amo-

2008 1422 2090 1477 ris
2108 1422 2276 1478 nobis
2298 1439 2532 1495 semper
2551 1424 3288 1495 adjunctam,suum,quod
3311 1423 3663 1495 requirebat,

2012 1512 2223 1567 debere
2270 1511 2329 1566 in
2362 1517 2709 1584 perpetuum
2742 1511 2955 1567 habere
3009 1511 3427 1567 coemeterium.
3486 1510 3670 1583 Igitur

2013 1601 2309 1659 communi
2335 1602 2564 1656 decreto
2586 1600 2839 1670 concilii,
2862 1599 3281 1665 cmmeterium,
3307 1600 3459 1671 quod
3484 1599 3672 1672 requi-

2015 1689 2231 1747 rebatis
2261 1690 2333 1745 ad
2367 1689 2731 1761 sepulturam
2760 1688 3047 1755 ﬁdelium,
3074 1688 3330 1744 ecclesiaa
3354 1688 3553 1743 statim
3574 1703 3673 1743 ve-

2014 1784 2146 1833 strae
2180 1779 2578 1844 restituimus,
2609 1780 2818 1849 etjure
2850 1782 3128 1849 perpetuo
3161 1776 3508 1831 auctoritate
3538 1791 3674 1848 apo-

2014 1866 2223 1923 stolica
2244 1867 2667 1939 possidendum
2689 1866 3089 1922 concessimus
3118 1882 3132 1920 :
3157 1864 3409 1921 subinde
3437 1864 3669 1921 Petrum

2016 1956 2299 2011 decanum
2315 1961 2573 2012 vestrum
2594 1956 2653 2010 in
2674 1960 2989 2027 conspectu
3011 1954 3239 2011 concilii
3265 1971 3445 2010 manu
3471 1957 3675 2010 nostra

2018 2044 2440 2100 investivimus.
2501 2044 2699 2116 Neque
2752 2060 2887 2116 ergo
2946 2060 3195 2116 persona
3263 2046 3469 2099 contra
3525 2042 3678 2098 hanc

2017 2132 2246 2188 concilii
2280 2132 2677 2188 definitionem
2709 2138 2764 2188 et
2795 2136 3055 2187 nostram
3098 2132 3535 2189 concessionem
3569 2130 3675 2187 ali-

2018 2221 2254 2293 quando
2283 2222 2477 2277 venire
2511 2226 2846 2293 praesumat,
2880 2220 3227 2276 auctoritate
3266 2220 3365 2276 Dei
3408 2220 3678 2291 omnipo-

2017 2309 2214 2377 tentis,
2230 2316 2286 2365 et
2305 2309 2610 2365 beatorum
2632 2308 3032 2381 apostolorum
3055 2308 3205 2363 Petri
3229 2314 3287 2363 et
3309 2309 3473 2365 Pauli
3495 2313 3671 2381 atque

2016 2399 2279 2464 Andreas,
2310 2404 2367 2454 et
2397 2403 2615 2465 nostra,
2676 2397 2867 2453 modis
2896 2396 3172 2453 omnibus
3237 2396 3667 2453 interdicimus.

2096 2489 2306 2543 Datum
2347 2488 2542 2542 Romae
2603 2487 2758 2557 apud
2800 2486 2858 2542 S.
2920 2485 3179 2554 Petrum,
3209 2502 3243 2538 v
3273 2485 3469 2541 Nonas
3516 2484 3672 2553 Maii,

2018 2576 2223 2633 indict.
2256 2594 2355 2644 v11,
2387 2574 2816 2631 lncarnationis
2849 2574 3164 2630 Dominicaa
3185 2590 3337 2629 anno
3362 2574 3522 2642 1099,
3541 2590 3683 2646 pon~

2020 2665 2277 2721 tilicatus
2309 2670 2503 2720 autem
2537 2664 2736 2719 domni
2770 2663 2985 2718 Urbani
3017 2663 3066 2717 Il
3096 2679 3258 2735 papas
3288 2680 3384 2718 xu.

2710 2770 2909 2825 CCXCI
2919 2773 2989 2824 X.

2024 2863 2263 2935 Epistola
2296 2862 2500 2919 Urbani
2538 2862 2589 2935 ΙΙ
2629 2874 2795 2935 papae
2838 2858 2908 2935 ad
2956 2860 3191 2935 _Pet_rum
3224 2859 3586 2935 praepositum
3628 2862 3681 2914 et

2369 2930 2655 2987 canonicos
2685 2930 2921 2988 ecclesiae
2946 2930 3328 2986 Ruthencnsis.

2630 3020 2817 3091 (Anno
2851 3018 3035 3090 1099.)

2456 3110 2710 3176 [BALUZ.,
2754 3108 2973 3163 Miscell.
3008 3108 3105 3173 Ill,
3137 3108 3253 3177 91.)

2106 3198 2363 3255 Uamaus
2395 3197 2727 3268 episcopus,
2760 3212 2964 3251 servus
3005 3212 3305 3251 servorum
3343 3194 3461 3263 Dei,
3496 3195 3682 3251 Pmo

2031 3287 2341 3360 praeposito
2371 3291 2428 3340 et
2457 3286 2585 3355 ejus
2616 3283 2893 3339 fratribus
2918 3285 2979 3338 in
3010 3282 3258 3339 ecclesia
3315 3282 3677 3339 Ruthenensi

2028 3374 2371 3431 canonicam
2401 3372 2581 3427 vitam
2614 3371 2910 3443 professis,
2960 3387 3280 3442 eorumque
3329 3371 3682 3427 successori-

2029 3464 2143 3519 bus
2174 3463 2233 3518 in
2265 3462 2466 3517 eadem
2497 3460 2777 3531 religione
2796 3459 3200 3531 permansuris
3226 3459 3283 3513 in
3312 3464 3680 3531 perpetuum.

2102 3551 2197 3606 Pie
2210 3547 2527 3621 postulatio
2541 3546 2862 3603 voluntatis
2875 3547 3082 3603 effectu
3101 3546 3272 3602 debet
3292 3551 3685 3623 prosequente

2029 3637 2331 3710 compleri,
2364 3641 2656 3709 quatenus
2678 3640 2735 3691 et
2754 3635 3079 3691 devotionis
3097 3634 3401 3691 sinceritas
3425 3634 3684 3691 laudabi-

2030 3729 2162 3784 liter
2186 3727 2487 3795 enitescat,
2515 3729 2571 3781 et
2601 3724 2824 3780 utilitas
2855 3724 3150 3797 postulata
3176 3724 3326 3780 vires
3352 3724 3686 3781 indubitan-

2030 3821 2120 3873 ter
2149 3817 2433 3872 assumat.
2461 3813 2608 3881 Quia
2636 3812 2817 3885 igitur
2844 3830 2966 3884 vos,
2996 3830 3028 3868 ο
3057 3810 3161 3868 filii
3198 3812 3550 3880 charissimi,
3585 3829 3687 3885 per

2029 3905 2287 3961 divinam
2309 3903 2560 3976 gratiam
2582 3901 2844 3974 aspirati,
2860 3917 3050 3957 mores
3076 3905 3301 3957 vestros
3325 3901 3437 3957 sub
3458 3899 3686 3973 regula-

2029 3993 2112 4049 ris
2123 3993 2251 4047 vitae
2273 3989 2859 4063 disciplinacoercere
2870 3995 2928 4047 et
2946 3991 3339 4046 communiter
3359 3990 3685 4046 secundum

2028 4085 2366 4139 sanctorum
2401 4081 2635 4135 Patrum
2667 4079 3099 4136 institutionem
3126 4080 3512 4152 omnipotenti
3567 4079 3684 4135 Do-

2027 4171 2189 4228 mino
2220 4168 2506 4226 deservire
2536 4168 2948 4241 proposuistis,
2983 4185 3092 4224 nos
3120 4168 3270 4224 votis
3317 4167 3528 4224 vestris
3577 4183 3679 4240 pa-

2028 4265 2192 4317 terno
2224 4257 2704 4332 congratulamus
2735 4258 2964 4313 affectu.
2999 4258 3164 4313 Unde
3194 4256 3370 4313 etiam
3413 4255 3682 4327 petitioni

2026 4356 2229 4406 vestrm
2278 4347 2639 4420 benignitate
2681 4346 2880 4402 debita
2924 4345 3300 4418 impertimur
3347 4359 3680 4400 assensum.

2028 4438 2169 4493 Vita:
2217 4453 2473 4508 namque
2518 4434 2806 4491 canonicos
2865 4433 3151 4500 ordinem,
3204 4448 3380 4504 quem
3435 4430 3685 4502 professi

2028 4526 2192 4593 estis,
2227 4524 2532 4598 praesentis
2562 4522 2848 4596 privilegii
2880 4522 3225 4578 auctoritate
3255 4520 3563 4575 ﬁrmamus
3590 4539 3604 4588 ;
3629 4523 3689 4575 et

2031 4632 2102 4672 ne
2133 4614 2225 4670 cui
2261 4618 2393 4686 post
2413 4611 2835 4685 professionem
2859 4609 3176 4667 exhibitam
3210 4607 3515 4681 proprium
3543 4607 3684 4680 quid

2031 4704 2262 4770 habere,
2324 4717 2466 4758 neve
2523 4701 2649 4756 sine
2726 4698 3020 4771 praepositi
3069 4697 3157 4753 vel
3215 4695 3686 4768 congregationis

2031 4791 2266 4847 licentia
2318 4791 2388 4845 de
2417 4788 2674 4845 claustro
2705 4787 3001 4844 discedere
3029 4785 3219 4851 liceat,
3250 4783 3681 4841 interdicimus.

2032 4879 2194 4947 Quod
2227 4879 2276 4934 si
2309 4877 2667 4944 discesserit,
2700 4881 2758 4932 et
2787 4874 3183 4931 commonitus
3212 4872 3402 4929 redire
3432 4877 3687 4930 contem-

2032 4969 2235 5041 pserit,
2266 4968 2371 5023 tibi
2402 4967 2638 5037 tuisque
2669 4964 3106 5020 successoribus
3139 4961 3388 5018 facultas
3427 4961 3505 5018 sit
3527 4962 3686 5033 ejus-

2035 5057 2191 5113 modi
2212 5054 2456 5111 ubilibet
2476 5072 2510 5110 a
2531 5054 2655 5110 suis
2676 5053 2883 5109 officiis
2905 5052 3246 5108 interdicere
3271 5069 3283 5119 ;
3307 5050 3687 5107 interdictum

2031 5163 2166 5203 vero
2197 5143 2396 5201 nullus
2425 5143 2836 5214 episcoporum
2857 5142 3137 5198 abbatum
3184 5140 3489 5213 suscipiat,
3508 5155 3688 5211 quan-

2034 5236 2136 5292 diu
2167 5232 2389 5291 scilicet
2406 5230 2526 5288 illic
2555 5230 2820 5287 canonici
2848 5229 3071 5287 ordinis
3092 5232 3259 5284 tenor
3279 5225 3523 5284 Domino
3548 5244 3688 5297 pra:-

2033 5328 2225 5382 stante
2252 5320 2522 5396 viguerit.
2542 5319 2723 5376 Vobis
2752 5319 2951 5391 itaque
2970 5316 3299 5387 vestrisque
3329 5314 3685 5370 successori-

2034 5415 2147 5470 bus
2170 5413 2228 5468 in
2258 5411 2464 5468 eadem
2495 5408 2776 5481 religione
2803 5404 3204 5480 permansuris
3227 5420 3296 5459 ea
3327 5400 3525 5458 omnia
3556 5418 3685 5473 per-

2034 5507 2210 5577 petuo
2223 5498 2579 5575 possidenda
2592 5496 2892 5553 sancimus
2908 5511 3032 5567 quis
3050 5494 3105 5549 in
3122 5488 3562 5563 przesentiarum
3584 5507 3687 5563 pro

2034 5590 2367 5652 communis
2396 5588 2584 5649 victus
2614 5582 3039 5645 sustentatione
3064 5579 3364 5660 possidere
3382 5577 3682 5653 videmini,
