3894 6214
167 359 280 418 547

1448 347 1533 410 'B.
1583 343 1880 411 URBANI
1923 345 1977 406 II
2021 343 2272 406 ΡΑΡᾹΞ.

163 489 466 548 ecclesiam
495 486 764 543 videlicet
799 485 996 541 Sancti
1029 483 1346 541 Salvatoris
1385 484 1454 538 de
1479 482 1802 546 Veirieiras,
1835 487 1889 552 Α
1920 481 1977 533 S.
2038 476 2410 532 Salernitanze
2469 475 2736 532 Ecclesiae
2807 477 3263 552 archiepiscopo,
3329 479 3572 552 suisque

163 585 222 637 et
249 577 557 636 ecclesiam
607 575 804 632 Sancti
841 573 991 629 Petri
1024 573 1096 627 de
1124 571 1356 638 Celnae,
1405 575 1463 626 et
1502 567 1808 625 ecclesiam

163 667 361 726 Sancti
389 664 621 722 Geraldi
643 664 716 719 de
737 662 922 730 Salas,
949 662 1248 718 universas
1273 665 1547 733 praeterea
1577 661 1809 730 paratas

164 757 286 815 sive
315 754 632 830 symbolas,
665 769 814 824 quas
845 752 1098 824 synodos
1130 753 1355 814 vocant,
1387 752 1507 804 tam
1539 745 1808 802 ecclesia-

165 862 298 902 rum
321 846 448 917 jam
479 843 770 898 dictarum
803 857 981 912 quam
1012 855 1080 895 ex
1109 836 1332 894 caeteris
1371 833 1630 891 ecclesiis
1661 850 1808 906 quas

165 931 558 991 Rutbenensis
583 929 849 986 Ecclesiae
881 926 1224 993 anstistites,
1267 926 1468 981 Petrus
1511 923 1808 995 quondam

166 1021 519 1094 Berengarii,
538 1018 784 1074 Peneius
803 1015 1099 1088 Stephani,
1121 1013 1501 1087 Raymundus
1525 1009 1807 1077 Frotardi,

165 1119 221 1170 et
249 1112 594 1172 Ademarus,
637 1107 737 1178 qui
783 1103 1290 1177 inpraesentiarum
1345 1102 1534 1158 eidem
1588 1101 1808 1156 ltuthe-

166 1201 332 1258 nensi
366 1197 629 1255 Ecclesia:
655 1195 944 1267 praesidet,
977 1193 1140 1249 vobis
1170 1192 1229 1247 in
1253 1196 1529 1264 sumptus
1558 1189 1809 1246 vestium

164 1289 594 1346 concesserunt.
619 1283 1068 1358 Przeposituram
1091 1298 1323 1353 quoque
1349 1278 1674 1354 dignariam
1699 1279 1812 1333 Ru-

164 1375 466 1433 thenensis
511 1372 818 1445 parochia,
891 1370 1409 1435 archidiaconiam,
1487 1365 1810 1422 oblationes

161 1481 394 1539 quoque
415 1467 615 1520 vestra:
639 1461 900 1516 matricis
921 1458 1207 1525 Ecclesiae,
1241 1475 1387 1530 quas
1417 1457 1568 1512 dono
1591 1453 1812 1528 przefati

161 1553 432 1611 Ademari
465 1549 774 1608 confratris
806 1549 989 1604 nostri
1023 1551 1079 1603 et
1100 1547 1458 1620 coepiscopis
1477 1542 1809 1617 possidetis,

160 1649 364 1700 vestrae
395 1630 832 1696 communitatis
855 1637 1062 1692 usibus
1087 1637 1526 1700 confirmamus,
1551 1638 1606 1688 et
1627 1632 1811 1705 quod-

163 1747 417 1804 cumque
445 1729 717 1799 deinceps
737 1743 840 1782 vos
861 1731 963 1781 aut
991 1741 1360 1780 successores
1381 1722 1551 1778 vestri
1579 1738 1812 1776 conces-

163 1822 326 1878 sione
347 1818 689 1892 pontiﬁcum
714 1820 816 1871 aut
838 1813 1183 1912 liberalitate
1196 1812 1524 1918 principum
1547 1809 1638 1918 vel
1659 1808 1816 1910 obla’
1843 1853 1892 1918 B

163 1911 320 1966 tione
332 1906 766 1976 fideliumjuste
783 1907 958 1975 atque
977 1901 1252 1957 canonice
1267 1899 1532 1973 poteritis
1546 1897 1812 1970 adipisci.

165 1999 238 2056 Ut
267 2001 462 2054 autem
512 1993 899 2066 omnipotenti
931 1993 1047 2047 Deo
1104 1989 1362 2062 quietius
1415 1987 1703 2044 deservire
1761 1991 1818 2043 et

165 2085 428 2144 canonici
459 2083 674 2140 ordicis
703 2081 1075 2152 disciplinam
1134 2077 1460 2134 districtius
1509 2077 1815 2132 observare

166 2175 426 2248 possitis,
441 2171 839 2228 cmmeterium
861 2168 1021 2224 vobis
1043 2167 1196 2240 apud
1222 2171 1465 2221 matrem
1483 2163 1814 2230 ecclesiam,

165 2265 265 2320 ubi
297 2259 688 2318 communiter
709 2257 919 2324 vivitis,
946 2259 1114 2328 juxta
1145 2255 1368 2327 praefati
1401 2253 1596 2309 fratris
1626 2252 1810 2308 nostri

165 2351 436 2408 Ademari
471 2349 646 2404 vestri
679 2346 934 2419 episcopi
968 2344 1306 2418 petitionem
1359 2342 1572 2398 habere
1608 2357 1813 2398 conce-

165 2442 382 2508 dimus,
416 2439 476 2493 in
509 2453 625 2509 quo
658 2437 900 2491 fratrum
928 2438 1254 2489 vestrorum
1287 2431 1408 2488 sive
1438 2429 1814 2504 parochiano-

167 2547 316 2599 rum,
347 2527 563 2600 quibus
583 2524 909 2581 viventibus
929 2522 1206 2595 mysteria
1223 2521 1420 2576 divina
1442 2519 1810 2586 ministratis,

165 2616 560 2674 deficientium
578 2630 821 2686 corpora
849 2610 1233 2667 tumulentur.
1257 2607 1316 2663 Si
1339 2626 1456 2680 qua
1472 2625 1612 2664 sane
1640 2606 1816 2663 cccle-

163 2707 402 2762 siastica
431 2701 797 2760 smcularisve
826 2716 1094 2773 persona,
1130 2699 1280 2753 hanc
1339 2700 1547 2752 nostrae
1597 2695 1812 2752 consti-

161 2794 409 2851 tutionis
441 2791 715 2865 paginam
744 2790 955 2855 sciens,
987 2792 1190 2842 contra
1217 2802 1345 2841 eam
1379 2789 1594 2841 temere
1620 2783 1814 2840 venire

160 2879 754 2946 tentaverit,secundo
779 2878 1018 2934 tertiove
1035 2876 1410 2943 commonita,
1435 2875 1482 2930 si
1506 2892 1620 2930 non
1640 2875 1810 2930 satis-

161 2971 411 3028 factione
425 2984 685 3042 congrua
703 2963 1115 3031 emendaverit,
1132 2963 1436 3036 potestatis
1457 2962 1812 3034 honorisque

163 3059 256 3117 sui
288 3057 571 3132 dignitate
601 3059 812 3119 careat,
847 3069 1124 3125 reamque
1156 3069 1218 3108 se
1238 3052 1432 3108 divino
1454 3052 1680 3123 judicio
1701 3051 1814 3106 exi-

165 3155 317 3206 stere
347 3147 418 3202 de
447 3149 777 3219 perpetrata
809 3141 1117 3214 iniquitate
1139 3144 1450 3214 cognoscat
1481 3145 1538 3196 et
1564 3159 1598 3196 a
1627 3157 1814 3197 saera-

1919 565 2379 622 successoribus.

1988 655 2134 720 Quia
2163 655 2518 711 monasterio
2564 658 2620 710 S.
2682 654 3014 722 Trinitatis,
3064 657 3220 729 quod
3268 656 3329 714 in
3377 663 3572 717 vestra

1917 743 2192 816 parochia
2220 743 2401 799 situm
2433 748 2540 810 est,
2592 743 2866 816 precibus
2911 747 2970 800 P.
3023 745 3253 804 abbatis
3301 748 3571 820 ejusdem

1919 836 2169 888 monast.
2200 849 2304 906 pro
2335 833 2617 888 charitate
2647 834 2893 890 fratrum
2913 835 2972 890 in
2995 851 3062 892 eo
3092 835 3361 909 religiose
3384 836 3574 894 viven-

1917 921 2067 977 tium
2099 921 2424 977 libertatem
2457 923 2874 990 concessimus,
2907 929 2964 980 et
2992 923 3136 981 illud
3176 926 3286 982 sub
3325 925 3572 985 tuitione

1917 1015 1974 1066 et
2003 1011 2362 1082 subjectione
2391 1011 2576 1068 solius
2606 1013 2666 1068 S.
2701 1013 2767 1068 Η.
2821 1015 2883 1069 E.
2946 1015 3294 1088 recepimus,
3343 1021 3401 1073 et
3456 1017 3570 1091 ipsi

1917 1100 2114 1156 abbati
2129 1100 2368 1171 suisque
2385 1102 2824 1158 successoribus
2835 1105 3326 1174 concessimus,ut
3338 1107 3572 1164 abbatis

1917 1188 2380 1244 benedictionem
2400 1190 3200 1250 aRomanatantumEeelesia
3220 1195 3566 1268 reciperent,

1917 1281 1975 1334 et
2003 1277 2404 1343 ecclesiarum,
2437 1284 2493 1334 et
2513 1278 2808 1347 altarium,
2829 1286 2887 1336 et
2907 1280 3246 1338 clericorum
3269 1301 3573 1342 consecra-

1917 1366 2107 1422 tiones
2139 1365 2564 1424 aSalernitano
2622 1368 3059 1444 archiepiscOpo
3113 1373 3460 1445 acciperent,
3512 1374 3563 1429 si

1919 1455 2241 1511 catholicus
2262 1461 2499 1524 esset,et
2515 1461 2794 1525 nostram,
2812 1475 3150 1516 suceessoru
3159 1477 3332 1534 mque
3344 1466 3568 1519 nostro-

1921 1561 2052 1598 rum
2083 1545 2329 1616 gratiam
2354 1545 2609 1610 haberet,
2636 1545 2892 1618 alioquin
2918 1549 3152 1620 przefato
3173 1549 3381 1606 abbate
3411 1551 3567 1607 suis-

1921 1649 2034 1704 que
2066 1633 2505 1688 successoribus
2533 1633 2729 1689 liceret
2759 1653 2792 1692 a
2822 1652 3172 1709 quocunque
3202 1637 3414 1695 vellent
3444 1640 3567 1714 epi-

1921 1737 2096 1793 scopo
2153 1723 2428 1794 praedicta
2485 1723 2756 1795 recipere.
2809 1725 2978 1780 Modo
3037 1730 3240 1782 vestrae
3296 1727 3569 1784 Ecclesia:

1923 1809 2226 1882 privilegia
2255 1811 2535 1877 videntes,
2567 1829 2693 1883 quas
2727 1813 2892 1884 prius
2924 1814 3362 1886 ignorabamus,
3383 1816 3444 1872 in
3473 1835 3568 1874 ve-

1926 1899 2094 1954 ritate
2116 1898 2507 1970 comperimus
2524 1901 2678 1971 quod
2697 1906 3092 1960 antecessores
3109 1905 3293 1960 nostri
3306 1905 3571 1963 Ecclesia:

1922 1993 2126 2042 vestrae
2157 1987 2554 2044 concesserint
2573 2005 2777 2046 omnes
2805 1991 3102 2060 ecclesias,
3133 1997 3192 2050 et
3216 1977 3416 2050 omnia
3443 2012 3570 2051 mo-

1923 2077 2200 2142 nasteria,
2234 2081 2353 2132 tam
2395 2081 2730 2134 constructa
2777 2095 2953 2151 quam
3003 2085 3417 2151 construenda,
3449 2084 3572 2140 sive

1923 2166 2074 2221 infra
2095 2164 2532 2230 civitatem,sive
2551 2167 2999 2231 extra,uteidem
3015 2171 3290 2242 subjectae
3303 2171 3572 2229 Ecclesia

1922 2258 2144 2322 vestrae,
2164 2258 2222 2308 et
2251 2253 2542 2327 integrum
2557 2256 2660 2326 jus
2691 2255 2748 2310 in
2775 2256 2939 2328 ipsis.
2961 2259 3098 2314 etin
3121 2259 3346 2318 clericis
3365 2277 3568 2318 earum

1922 2342 2180 2408 haberet,
2215 2342 2367 2397 sicut
2392 2359 2643 2399 canones
2673 2345 2773 2400 SS.
2805 2350 3042 2402 Patrum
3066 2348 3428 2422 praecipiunt.
3460 2351 3570 2406 Ad-

1920 2429 2202 2486 vertimus
2234 2431 2471 2486 tandem
2515 2431 2682 2486 nobis
2743 2449 3091 2505 persuasum
3141 2437 3322 2494 fuisse
3365 2443 3570 2495 contra

1922 2535 2176 2574 canones
2207 2524 2542 2575 sanctorum
2570 2521 2830 2588 Patrum,
2855 2528 2912 2578 et
2941 2529 3144 2582 contra
3164 2527 3569 2584 auctoritatem

1923 2611 2358 2664 antecessorum
2389 2613 2722 2665 nostrorum
2754 2611 2824 2668 de
2845 2613 3120 2670 omnibus
3151 2615 3570 2690 suprascriptis

1923 2714 2050 2769 quae
2083 2697 2320 2769 praefato
2352 2697 2543 2752 abbati
2579 2699 2821 2772 suisque
2851 2702 3290 2760 successoribus
3333 2721 3570 2763 conces-

1923 2803 2209 2843 seramus.
2225 2787 2476 2858 Ideoque
2493 2789 2890 2860 suprascripta
2912 2791 3111 2848 omnia
3129 2809 3232 2864 per
3250 2794 3574 2868 subreptio-

1923 2893 2058 2932 nem
2108 2876 2278 2930 nobis
2335 2881 2613 2949 suggesta
2669 2878 3045 2947 advertimus,
3095 2886 3154 2936 et
3208 2883 3572 2942 advertentes

1922 2963 2433 3036 irrita...deinceps
2466 2966 2584 3020 fore
2603 2966 2994 3037 decernimus,
3019 2973 3074 3024 et
3090 2970 3348 3027 Ecclesia:
3369 2979 3571 3031 vestrae

1921 3071 1987 3111 ac
2013 3055 2178 3110 vobis
2205 3054 2530 3126 vestrisque
2555 3054 2997 3114 successoribus
3035 3059 3105 3115 de
3140 3062 3416 3132 pradicto
3447 3080 3572 3120 mo-

1926 3143 2200 3211 nasterio,
2229 3147 2286 3198 et
2315 3143 2386 3198 de
2417 3143 2549 3200 aliis
2572 3147 2965 3213 monasteriis,
2999 3152 3056 3203 et
3083 3149 3153 3205 de
3183 3151 3459 3209 omnibus
3481 3169 3572 3210 ec-

165 3237 394 3294 tissimo
425 3217 662 3306 corpore
691 3236 747 3287 et
778 3230 1064 3303 sanguine
1096 3231 1196 3286 Dei
1229 3235 1286 3285 et
1315 3229 1546 3284 Domini
1590 3231 1814 3285 redem-
1846 3217 1888 3284 C
1922 3231 2136 3300 clesiis,
2167 3231 2254 3288 vel
2287 3231 2515 3288 clericis
2545 3249 2749 3288 eorum
2788 3237 3112 3293 secundum
3147 3255 3400 3297 canones
3436 3258 3570 3299 san-

165 3325 348 3400 ptoris
370 3319 912 3380 nostriJesuChristi
937 3319 1132 3376 aliena
1155 3319 1457 3391 fiat.atque
1477 3319 1536 3372 in
1560 3324 1815 3374 extremo

165 3414 430 3471 examine
451 3412 725 3468 districta:
756 3409 963 3465 ultioni
997 3409 1319 3479 subjaceat.
1354 3407 1588 3462 Cunctis
1621 3411 1817 3463 autem

165 3502 353 3560 eidem
384 3501 510 3557 loco
542 3502 697 3571 iusta
727 3495 1094 3554 servantibus
1126 3497 1203 3553 sit
1233 3513 1345 3568 pax
1373 3495 1604 3551 Domini
1632 3495 1814 3552 nostri

164 3592 304 3648 Jesu
333 3590 549 3649 Christi
574 3607 588 3656 ;
613 3595 904 3661 quatenus
923 3590 980 3642 et
995 3585 1089 3640 hic
1113 3585 1368 3641 fructum
1391 3585 1554 3640 bonae
1577 3585 1819 3642 actionis

167 3680 509 3754 percipiant,
531 3684 590 3734 et
611 3677 766 3750 apud
786 3675 1119 3732 districtum
1125 3673 1388 3746 judicem
1402 3673 1641 3746 praemia
1661 3678 1820 3730 aeter-

167 3787 254 3826 nae
287 3768 448 3842 pacis
479 3766 800 3822 inveniant.

239 3859 534 3930 Scriptum
567 3871 670 3928 per
719 3868 962 3907 manum
1015 3850 1186 3918 Petri,
1247 3850 1457 3907 notarii
1505 3851 1816 3926 regionarii

167 3947 316 4004 sacri
351 3943 570 4018 palatii.
671 3945 676 3948 ’

238 4037 451 4092 Datum
482 4033 678 4087 Roma
699 4029 855 4102 apud
885 4034 1161 4086 Sanctum
1185 4031 1420 4086 Petrum
1444 4047 1548 4104 per
1572 4046 1816 4086 manum

163 4123 429 4189 Joannis,
463 4123 676 4176 sanetae
701 4119 974 4174 Romana:
997 4118 1264 4176 Ecclesiae
1289 4119 1514 4175 diaconi
1549 4117 1818 4174 cardina-

166 4211 240 4268 lis
271 4229 332 4277 II,
365 4210 502 4266 Idus
534 4208 692 4276 Maii,
715 4207 1028 4265 indictione
1049 4226 1145 4276 vn,
1173 4207 1596 4264 [ncarnationis
1627 4205 1822 4260 Domi-

167 4301 312 4357 nicaa
343 4315 495 4354 anno
527 4297 688 4366 1099,
716 4297 1088 4370 pontiﬁcatus
1109 4301 1303 4354 autem
1338 4296 1568 4352 Domini
1602 4294 1817 4350 Urbani

169 4407 333 4463 papae
365 4385 606 4444 secundi
638 4386 1005 4442 duodecimo.

931 4493 1076 4550 CCC.

1925 3326 2151 3377 ctorum
2181 3321 2437 3387 Patrum,
2480 3326 2537 3376 et
2591 3323 2912 3380 secundum
2963 3326 3263 3401 privilegia
3311 3333 3572 3388 anteces-

1926 3427 2126 3466 sorum
2157 3413 2490 3466 nostrorum
2518 3415 2722 3466 vestrae
2754 3411 3018 3470 Ecclesia:
3045 3416 3195 3473 facta
3224 3419 3573 3476 canonicum

1919 3501 2022 3572 jus
2053 3499 2354 3555 reddimus
2386 3499 2443 3554 in
2475 3499 2788 3574 integrum,
2822 3507 3097 3574 praeterea
3126 3505 3185 3561 in
3226 3507 3572 3579 praedictum

1927 3589 2346 3644 monasterium
2375 3587 2463 3643 vel
2495 3587 2608 3644 alia
2640 3592 2995 3649 monasteria
3025 3593 3256 3666 aliquas
3296 3596 3572 3654 ecclesias

1926 3677 2258 3732 habuerunt
2279 3677 2338 3730 in
2373 3677 2650 3748 parochia
2678 3684 2869 3736 vestra
2899 3685 3034 3738 ante
3073 3684 3304 3740 decreta
3332 3701 3576 3743 venera-

1927 3765 2065 3821 bilis
2095 3781 2268 3820 mem.
2302 3767 2563 3838 Gregorii
2594 3767 2697 3824 VII
2731 3785 2915 3842 papze,
2952 3773 3338 3830 antecesseris
3370 3764 3574 3843 nostri,

1926 3851 2060 3908 illas
2109 3852 2384 3908 habeant.
2433 3856 2596 3920 Quod
2657 3856 2706 3912 si
2766 3859 3106 3930 praedictum
3152 3864 3576 3920 monasterium

1927 3945 1984 3997 et
2015 3940 2212 4013 aliqua
2236 3943 2590 4000 monasteria
2619 3945 2848 4017 aliquas
2875 3947 3155 4005 ecclesias
3184 3956 3318 4022 post
3345 3952 3578 4010 decreta

1928 4030 2147 4103 praefati
2181 4047 2342 4104 papae
2376 4031 2436 4086 in
2469 4037 2663 4088 vestra
2692 4035 2971 4107 parochia
2991 4037 3112 4094 sive
3131 4043 3323 4096 vestra
3343 4057 3576 4098 conces-

1927 4119 2110 4186 sione,
2124 4119 2210 4175 vel
2235 4120 2724 4192 praadccessorum
2747 4129 2802 4180 et
2823 4142 3231 4183 successorum
3251 4133 3576 4188 vestrorum

1927 4207 3574 4288 quomodolibetacquisierunt,velacquisierint,Ecclesize
3630 4215 3632 4219 ’

1924 4301 2127 4352 vestrae
2185 4297 2318 4354 illas
2375 4299 2676 4357 reddimus
2731 4310 2788 4358 et
2830 4304 3186 4363 stabilimus.
3237 4307 3492 4364 Tantum
3524 4308 3573 4364 si

1926 4386 2200 4458 praedicto
2278 4390 2652 4457 monasterio,
2713 4396 2814 4447 aut
2888 4393 3130 4466 reliquis
3197 4398 3572 4454 monasteriis

1925 4474 2246 4546 quamlibet
2275 4475 2625 4548 injustitiam
2667 4479 2882 4552 aliquis
2936 4481 3153 4552 fecerit,
3185 4488 3242 4540 et
3299 4490 3574 4558 presteres

174 4584 384 4641 Urbani
429 4584 653 4656 epistola
687 4581 757 4638 ad
801 4541 1065 4654 Alfanmii
1108 4581 1523 4637 Salerm'tmm-m
1551 4579 1816 4652 archiepi-

1996 4563 2008 4618 Ι
2070 4563 2354 4620 auxilium
2387 4565 2656 4621 Romana:
2687 4568 2920 4625 Eclesia:
2965 4572 3350 4644 confugerint,
3406 4591 3442 4630 a
3465 4575 3579 4632 tui-

884 4669 1128 4725 scopum.

799 4743 988 4812 (Anno
1021 4738 1203 4808 1099.)

451 4831 749 4903 (UGHELLI,
783 4829 946 4884 Italia
993 4843 1171 4894 sacra,
1203 4824 1356 4894 Vill,
1387 4826 1537 4894 393.)

239 4919 1075 4993 Unsmusepiscopus,servus
1099 4929 1400 4969 servorum
1424 4911 1545 4984 Dei,
1573 4919 1817 4987 ALFANO,

1931 4656 2088 4708 tione
2119 4658 2340 4722 nostra,
2381 4660 2438 4710 et
2467 4671 2873 4714 successorum
2931 4666 3264 4717 nostrorum
3322 4662 3421 4720 illa
3464 4681 3580 4720 non

1931 4740 2290 4814 repellimus.

2005 4831 2214 4886 Datum
2239 4830 2432 4886 Romae
2459 4849 2610 4888 anno
2633 4832 2946 4890 Dominicae
2972 4837 3394 4894 Incarnationis
3417 4839 3576 4910 1098,

1931 4935 2119 4975 mens.
2154 4918 2310 4986 Maii,
2346 4920 2466 4976 ind.
2499 4935 2599 4978 vn.

3445 345 3574 406 ’548
3619 359 3628 368 ’
3653 343 3668 349 ’
