3894 6214
154 284 269 351 549

1322 297 1727 362 EPISTOL/E
1766 294 1870 361 ΕΤ
1911 296 2035 362 PR]
2050 296 2383 363 VlLEGlA.

3438 300 3559 364 550

1592 512 2123 606 DUBIA.

888 685 1058 742 CCCI.

158 770 314 828 Bulla
346 770 561 846 Urbani
588 774 642 828 II
690 789 853 845 papa
910 791 1015 846 qua
1066 776 1366 831 beatissimi
1382 778 1727 845 tlegislatoris
1756 785 1806 832 et

218 842 619 920 nwyzachorum
664 842 1006 920 patriarchae
1048 848 1327 920 Benedicti
1372 842 1564 920 corpus
1619 850 1806 904 Casini

216 914 512 988 quiescere,
536 930 612 988 ea?
639 914 879 988 ejusdem
895 918 951 973 S.
982 919 1167 975 Patris
1187 914 1533 988 reuelatione,
1566 921 1616 974 et
1653 921 1804 988 signo

215 985 475 1041 restitutae
505 985 733 1055 salutis,
760 987 1022 1044 declarat.

641 1094 823 1161 (Intra
844 1111 940 1150 an.
972 1096 1312 1167 1088-1099.)

429 1197 821 1269 (Maeonium,
844 1201 1056 1257 Bullar.
1089 1202 1300 1271 Casin.,
1328 1204 1372 1269 Ι,
1409 1204 1519 1271 12.]
1545 1259 1590 1270 κ,

215 1303 497 1360 Unaanus
518 1306 1064 1378 episcopus,servus
1086 1324 1386 1364 servorum
1401 1308 1621 1375 Dei,om
1632 1309 1804 1367 nibus

149 1393 406 1449 Ecclesia
420 1393 730 1449 catholicaa
750 1394 884 1451 ﬁliis
900 1396 1304 1470 Redemptoris
1324 1398 1503 1454 nostri
1518 1399 1804 1471 sanguine

146 1480 393 1553 pretioso
415 1482 768 1555 redemptis,
794 1483 1042 1539 salutem
1074 1489 1130 1539 et
1162 1484 1540 1556 apostolicam
1568 1486 1802 1541 benedi-

146 1570 411 1626 ctionem.

210 1658 511 1731 Scriptum
541 1664 657 1729 est,
673 1659 798 1717 sine
813 1661 1155 1733 paenitentia
1175 1666 1315 1718 sunt
1328 1663 1481 1719 dona
1509 1667 1567 1718 et
1579 1663 1803 1719 vocatio

147 1746 419 1804 DeiJllud
442 1765 585 1805 vero
612 1749 833 1804 donum
857 1751 1010 1822 quod
1037 1751 1406 1824 omnipotens
1428 1751 1581 1807 Deus
1598 1751 1806 1808 beatis-

147 1835 289 1891 simo
316 1836 478 1895 Patri
505 1840 710 1894 nostro
761 1837 1092 1905 Benedicto,
1124 1843 1181 1895 et
1213 1854 1317 1912 per
1337 1854 1473 1895 eum
1504 1856 1610 1896 suo
1642 1840 1803 1895 Casi-

150 1923 308 1981 nensi
338 1925 644 1982 concessit
673 1926 955 1994 coenobio,
989 1926 1153 1982 nulla
1193 1932 1383 2001 potest
1414 1928 1635 1985 ratione
1667 1945 1802 1983 con-

148 2011 295 2081 velli,
324 2013 496 2071 nulla
516 2013 795 2070 violentia
824 2016 1166 2087 permutari,
1203 2016 1343 2087 quin
1379 2016 1503 2087 ipse
1534 2016 1796 2072 omnium
1829 2055 1876 2119 B

148 2101 574 2159 monachorum
608 2103 798 2168 Pater,
829 2108 887 2158 et
918 2104 1047 2175 ejus
1070 2104 1197 2174 jam
1230 2103 1451 2159 dictum
1485 2104 1801 2161 Casinense

151 2191 599 2259 monasterium,
615 2195 789 2264 caput
804 2191 1068 2248 omnium
1087 2192 1577 2249 monasteriorum
1600 2210 1803 2267 perpe-

147 2283 242 2335 tuo
296 2279 629 2348 habeatur;
686 2285 742 2337 et
789 2280 1038 2337 merito:
1072 2298 1207 2337 nam
1240 2298 1309 2337 cx
1348 2282 1552 2338 eodem
1584 2281 1709 2338 loco
1737 2283 1808 2339 de

149 2367 443 2425 Benedicti
485 2374 717 2441 pectore
756 2369 1063 2426 monastici
1095 2370 1321 2426 ordinis
1352 2371 1686 2427 veneranda
1717 2389 1805 2427 re-

147 2453 303 2528 ligio,
335 2458 514 2529 quasi
546 2458 616 2513 de
635 2458 889 2530 paradisi
916 2458 1073 2515 fonte
1098 2458 1386 2528 manavit;
1421 2476 1596 2531 quem
1628 2460 1805 2516 etiam

149 2543 300 2600 idem
331 2546 695 2602 venerabilis
725 2545 895 2601 Pater
924 2547 1245 2602 virtutibus
1298 2552 1354 2603 et
1384 2565 1491 2603 sua
1518 2547 1805 2621 corporali

152 2633 348 2704 requie
396 2633 840 2690 memorabilem
884 2640 1005 2690 toto
1055 2635 1177 2691 orbi
1212 2635 1419 2692 effecit.
1453 2636 1634 2707 Cujus
1664 2637 1805 2691 dum

151 2721 557 2778 sacratissima
602 2721 828 2789 limina,
876 2740 1036 2779 more
1056 2724 1549 2795 praedecessorum
1578 2731 1805 2781 nostro-

150 2823 304 2875 rum,
339 2808 476 2880 ipso
530 2809 622 2864 die
651 2809 982 2880 vigiliarum
1006 2811 1270 2881 ejusdem
1297 2812 1483 2868 Patris
1508 2812 1805 2868 visitasse-

148 2911 305 2964 mus,
339 2896 863 2951 consuetudinario
907 2897 1107 2954 lateris
1129 2899 1326 2955 dolore
1349 2900 1543 2955 attacti
1577 2901 1808 2956 deveni-

147 3000 286 3038 mus
308 3000 323 3051 ;
343 2985 735 3054 cumquejam
759 2984 967 3041 salutis
989 3003 1121 3057 spes
1151 2988 1414 3043 funditus
1438 2988 1605 3044 nobis
1628 2989 1806 3044 adimi

144 3070 476 3138 videretur,
509 3086 576 3125 ac
603 3071 674 3126 de
693 3072 978 3144 corporali
1000 3074 1263 3145 ejusdem
1304 3076 1491 3132 Patris
1512 3077 1809 3133 Benedicti

150 3158 209 3215 in
232 3160 449 3216 eodem
471 3158 598 3215 loco
621 3160 947 3232 praesentia,
979 3161 1039 3216 in
1071 3169 1266 3218 nostro
1315 3165 1511 3220 animo
1541 3166 1809 3221 dubietas

153 3250 511 3315 versaretur,
547 3252 719 3303 nocte
756 3264 873 3320 qua
904 3250 1169 3320 ejusdem
1189 3251 1377 3308 Patris
1406 3253 1689 3325 agebatur
1717 3269 1809 3308 so-

154 3334 450 3401 lemnitas,
468 3335 626 3391 idem
650 3336 1063 3393 sanctissimus
1088 3340 1431 3396 Benedictus
1448 3344 1657 3395 nostra;
1688 3340 1806 3396 exi-

1827 690 1882 757 Α
1912 687 2213 761 principis,
2241 688 2465 745 cuiDeo
2487 688 2884 756 auctore,licet
2905 687 3153 760 indigni,
3185 688 3559 745 administra-

1916 794 2069 844 mus,
2089 777 2269 833 totius
2286 777 2571 834 Dominici
2591 777 2997 850 grcgiscuram
3028 793 3245 849 gerere,
3281 777 3559 849 pastorali

1918 865 2308 922 sollicitudine
2338 866 2765 939 compellimur,
2798 866 3098 921 Casinensi
3129 867 3560 939 congregationi

1913 953 2108 1009 divino
2140 953 2323 1009 cultui
2354 959 2635 1027 perpetuo
2685 954 2809 1025 juri
2859 954 3227 1025 mancipataa,
3260 958 3425 1009 tanto
3455 971 3562 1010 nos

1912 1040 2045 1114 plus
2066 1043 2277 1098 debere
2306 1043 2508 1115 gratiae
2537 1042 2783 1106 scimus,
2817 1047 3035 1114 quanto
3066 1059 3168 1114 per
3196 1043 3425 1099 Patrem
3458 1043 3563 1098 Be-

1912 1131 2207 1187 nedictum
2244 1148 2349 1187 nos
2397 1130 2634 1187 sanitati
2685 1131 2944 1203 pristina
2978 1130 3186 1186 redditi
3244 1148 3477 1198 sumus,
3508 1135 3566 1187 et

1910 1218 2044 1274 illos
2076 1220 2148 1274 ab
2180 1220 2337 1275 omni
2392 1219 2655 1275 saeculari
2698 1219 3110 1291 inquietudine
3141 1220 3410 1275 convenit
3435 1236 3564 1275 esse

1912 1313 2184 1376 remotos,
2235 1312 2527 1379 quatenus
2568 1308 2760 1363 ﬁdelis
2792 1324 2981 1372 mens,
3013 1308 3283 1381 expedita
3312 1307 3565 1380 impedi-

1913 1397 2127 1452 mentis
2159 1396 2577 1456 mundialibus.
2612 1403 2669 1451 et
2717 1396 2890 1451 etiam
2954 1396 3243 1452 intensius
3282 1397 3562 1452 creatoris

1912 1485 2003 1540 sui
2023 1484 2297 1540 laudibus
2321 1485 2621 1558 [insistat].
2656 1490 2712 1540 et
2732 1502 2839 1540 nos
2863 1490 3199 1540 sanctarum
3233 1486 3565 1541 orationum

1912 1573 2210 1646 suffragiis
2241 1577 2610 1645 peccatorum
2643 1589 2816 1627 onere
2847 1573 3243 1629 sublevemur.
3285 1574 3567 1638 Quocirca

1912 1665 2225 1733 sequentes
2237 1667 2455 1717 statuta
2472 1667 2809 1717 sanctorum
2830 1662 3325 1733 praedecessorum
3346 1666 3569 1718 nostro-

1913 1767 2065 1819 rum,
2099 1751 2517 1807 conﬁrmamus
2564 1750 2619 1804 in
2652 1756 2999 1822 perpetuum
3033 1753 3234 1805 sancto
3265 1750 3567 1807 Casinensi

1913 1838 2174 1894 cmnobio
2192 1837 2474 1910 quidquid
2501 1855 2534 1893 ιι
2550 1838 2916 1908 temporibus
2936 1838 3156 1893 Justini
3181 1838 3566 1895 etJustiniani

1915 1927 2334 1999 imperatorum
2354 1943 2539 1997 usque
2558 1927 2629 1981 ad
2648 1926 2805 1981 hunc
2819 1926 2973 1982 diem
3000 1926 3189 1982 eidem
3214 1925 3339 1983 loco
3358 1942 3462 2000 per
3480 1931 3566 1983 to-

1912 2020 2038 2069 tum
2062 2016 2259 2070 orbem
2274 2019 2563 2070 terrarum
2578 2014 2837 2070 oblatum
2850 2056 2862 2079 ,
2879 2031 3244 2083 concessum,
3257 2016 3560 2071 venditum

1913 2102 2001 2158 vel
2020 2108 2445 2157 commutatum
2468 2107 2574 2171 est,
2597 2103 2715 2158 sive
2738 2104 2892 2175 quod
2915 2104 3124 2159 amodo
3144 2107 3200 2159 et
3221 2104 3279 2159 in
3304 2105 3566 2160 futurum

1913 2196 2148 2263 tempus
2187 2192 2349 2261 juste
2393 2195 2449 2246 et
2492 2192 2768 2246 canonice
2803 2192 3014 2262 poterit
3047 2191 3314 2264 adipisci.
3344 2192 3565 2248 Confir-

1916 2284 2144 2335 mantes
2174 2279 2417 2351 insuper
2441 2278 2639 2334 omnia
2668 2278 2971 2351 privilegia
2996 2280 3390 2335 Romanorum
3424 2296 3566 2352 pon-

1914 2368 2161 2433 tificum,
2196 2371 2482 2440 praecepta
2511 2367 2949 2439 imperatorum,
2994 2383 3225 2439 regum,
3278 2368 3568 2423 marchio-

1914 2472 2081 2522 num,
2116 2457 2335 2510 ducum
2368 2461 2424 2510 et
2454 2455 2808 2528 principum,
2845 2460 2901 2510 et
2929 2454 3252 2511 oblationes
3285 2472 3568 2528 quorum-

1914 2561 2145 2616 cunque
2166 2544 2448 2613 fidelium,
2481 2560 2607 2615 quae
2633 2544 2694 2598 Β.
2747 2544 3055 2599 Benedicto
3085 2548 3143 2599 et
3163 2561 3265 2616 per
3295 2560 3429 2599 eum
3460 2548 3570 2599 Ca-

1916 2633 2135 2690 sinensi
2160 2632 2422 2688 coenobio
2453 2648 2731 2688 concessa
2763 2635 2919 2687 sunt.
2951 2631 3011 2687 Si
3046 2648 3173 2704 qua
3206 2648 3344 2687 sane
3376 2631 3435 2688 in
3468 2649 3569 2704 po-

1918 2728 2157 2789 sterum,
2189 2720 2601 2792 ecclesiastica,
2650 2719 3066 2792 saecularisque
3110 2736 3380 2793 persona,
3420 2720 3571 2776 hanc

1917 2816 2126 2867 nostrae
2158 2809 2592 2865 constitutionis
2639 2809 2833 2864 sciens
2864 2809 3163 2881 paginam,
3207 2812 3408 2864 contra
3437 2824 3568 2864 eam

1918 2904 2134 2955 temere
2174 2898 2367 2955 venire
2402 2897 2728 2965 tentaverit,
2762 2897 3018 2953 secundo
3040 2897 3277 2952 tertiove
3309 2913 3570 2953 commo-

1917 2987 2392 3054 nita,secundum
2422 2986 2881 3042 satisfactionem
2905 3003 3223 3058 congruam
3245 3003 3360 3042 non
3376 3002 3572 3042 emen-

1919 3076 2164 3142 daverit,
2211 3075 2522 3147 potestatis
2553 3075 2862 3130 honorisve
2893 3076 2984 3130 sui
3033 3075 3318 3147 dignitate
3357 3079 3569 3141 careat,

1919 3179 2197 3234 reamque
2219 3179 2282 3217 se
2313 3163 2507 3217 divino
2546 3163 2770 3233 judicio
2792 3164 2863 3218 de
2896 3167 3227 3235 perpetrata
3263 3163 3572 3234 iniquitate

1919 3254 2315 3323 cognoscat,et
2337 3267 2370 3304 a
2392 3251 2768 3305 sanctissimo
2794 3255 2851 3304 et
2866 3250 3267 3306 sacratissimo
3286 3252 3572 3323 sanguine

1920 3339 2020 3394 Dei
2038 3338 2339 3394 etDomini
2356 3339 2758 3409 Redemptoris
2783 3338 2965 3394 nostri
2988 3338 3125 3393 Jesu
3145 3338 3360 3393 Christi
3384 3338 3575 3395 aliena

156 3424 366 3496 guitati
398 3422 709 3480 visibiliter
739 3441 1029 3497 apparens
1062 3427 1208 3481 dixit
1240 3444 1252 3482 :
1290 3450 1317 3475 ‹‹
1367 3431 1480 3482 Cur
1509 3429 1581 3484 de
1610 3434 1809 3484 nostra
1838 3405 1881 3472 c
1919 3427 2039 3496 fiat,
2069 3426 2328 3497 atquein
2347 3405 3172 3482 extremoexaminedistrictze
3194 3425 3403 3482 ultioni
3427 3428 3570 3483 sub-

159 3510 442 3585 corporali
474 3513 787 3584 presentia
843 3515 1078 3568 dubitas
1122 3514 1151 3569 ‘I
1181 3536 1209 3566 ››
1246 3517 1428 3581 Quem
1483 3517 1624 3571 dum
1676 3516 1810 3588 quis
1910 3513 3575 3587 jaceat.Cunctisautemeidemlocojustaservantibussit

160 3604 311 3656 esset
338 3601 890 3674 interrogassemus,
925 3609 1165 3660 sanctus
1206 3603 1436 3659 Domini
1468 3606 1806 3677 respondit:

163 3708 189 3737 «
221 3688 335 3760 Ego
366 3706 501 3745 sum
525 3689 702 3745 frater
722 3690 1090 3758 Benedictus,
1124 3692 1301 3763 hujus
1332 3692 1666 3750 Casinensis
1695 3712 1808 3751 cce-

164 3777 317 3832 nobii
337 3782 539 3834 custos
560 3783 615 3834 et
632 3778 925 3835 habitator
946 3780 1004 3834 in
1028 3780 1453 3853 sempiternum
1475 3782 1503 3837 ?
1532 3782 1679 3847 Quia
1712 3800 1810 3840 au-

162 3867 274 3920 tem
295 3871 361 3921 tu
393 3884 487 3922 me
512 3866 608 3923 hic
628 3866 913 3923 dubitasti
936 3868 1319 3940 quiescere,id
1342 3884 1414 3925 ne
1431 3870 1687 3945 amplius
1705 3873 1809 3928 du-

162 3952 325 4023 bites,
358 3972 674 4028 meumque
691 3955 785 4011 hic
806 3956 1104 4029 quiescere
1133 3959 1548 4032 corpusculum
1580 3962 1804 4030 credas,

163 4039 266 4098 hoc
311 4044 419 4100 tibi
470 4045 708 4117 signum
756 4044 884 4100 erit.
918 4045 1063 4101 Cum
1095 4047 1352 4119 primum
1386 4049 1457 4104 ad
1508 4050 1808 4106 nocturale

165 4130 417 4189 ofﬁcium
448 4132 747 4206 pulsatum
786 4133 982 4201 fuerit,
1044 4135 1290 4192 ulterius
1320 4137 1518 4193 dolore
1546 4138 1657 4194 isto
1690 4157 1803 4195 non

164 4216 489 4291 laborabis;
518 4245 544 4272 »
567 4227 623 4277 et
652 4221 743 4277 his
774 4222 946 4277 dictis
977 4224 1283 4295 disparuit.
1317 4226 1672 4282 Adveniente
1702 4244 1805 4283 au-

163 4310 272 4364 tem
293 4310 440 4366 hora
465 4311 650 4382 (juxta
673 4311 826 4382 quod
849 4317 1088 4367 sanctus
1110 4313 1340 4368 Domini
1371 4314 1615 4385 dixerat)
1648 4316 1807 4371 sani-

163 4396 262 4451 tati
281 4399 539 4469 pristina:
562 4398 795 4467 redditi,
831 4416 965 4455 cum
997 4400 1288 4473 episcopis
1309 4407 1366 4458 et
1386 4403 1804 4476 cardinalibus,

165 4482 273 4541 Deo
292 4491 350 4543 et
365 4487 739 4545 sanctissimo
769 4490 1087 4545 confessori
1120 4490 1426 4547 Benedicto
1456 4497 1650 4565 grates
1676 4509 1807 4565 per-

166 4574 442 4631 maximus
492 4576 809 4633 referentes
859 4577 989 4648 ejus
1040 4577 1411 4635 festivitatem
1455 4579 1633 4654 digna
1672 4599 1806 4638 cum

164 4663 525 4720 veneratione
556 4665 914 4738 peregimus.

227 4749 307 4807 0b
328 4768 504 4824 quam
540 4769 662 4808 rem
684 4770 960 4826 rogamus
981 4758 1038 4810 et
1059 4755 1436 4813 obsecramus
1466 4756 1524 4812 in
1557 4759 1803 4815 Domino
1836 4770 1881 4836 ι)

158 4834 289 4894 'Jesu
301 4840 400 4913 qui
420 4857 526 4913 pro
540 4845 739 4897 nostra
751 4841 937 4899 salute
960 4842 1249 4900 incarnari
1273 4851 1330 4901 et
1355 4847 1501 4901 mori
1525 4847 1799 4919 dignatus

163 4928 261 4992 est,
290 4932 348 4983 et
367 4944 436 4985 ex
455 4930 801 4986 auctoritate
820 4931 880 4985 Β.
903 4931 1053 4986 Petri
1070 4932 1466 5003 apostolorum
1492 4936 1798 5009 principis,

163 5015 322 5086 cujus
339 5016 464 5074 vice
485 5017 758 5075 Romanis
778 5019 1047 5077 Ecclesize
1071 5022 1475 5093 praesidemus,
1508 5029 1564 5081 et
1592 5023 1652 5080 in
1682 5025 1799 5080 vir-

163 5102 276 5159 tute
325 5105 579 5176 Spiritus
620 5107 809 5163 sancti
838 5124 1107 5181 expresse
1136 5110 1529 5184 praecipimus,
1563 5127 1634 5168 ne
1666 5111 1799 5185 quis

164 5189 399 5249 ulterius
428 5193 636 5252 falsam
654 5195 838 5253 Patris
860 5197 1151 5254 Benedicti
1175 5198 1617 5257 translationem
1651 5200 1798 5257 cele-

164 5276 323 5337 brare
346 5289 681 5353 presumat,
696 5286 1221 5343 contradictoribus
1244 5287 1425 5361 hujus
1442 5290 1627 5347 nostri
1660 5307 1798 5363 apo-

164 5368 359 5425 stoloci
411 5369 667 5428 instituti
717 5374 981 5430 divinum
1012 5375 1306 5446 judicium
1337 5377 1711 5450 intentantes,
1744 5383 1803 5436 et

165 5457 544 5517 anathematis
569 5461 799 5519 vinculo
828 5464 1275 5521 innodantes.Et
1305 5467 1444 5542 quia
1468 5484 1537 5524 ex
1565 5468 1799 5543 dispen-

163 5544 381 5623 satione
403 5550 809 5615 sacratissima
841 5552 998 5619 sedis
1036 5552 1191 5614 beati
1223 5553 1372 5617 Petri
1402 5556 1800 5637 apostolorum

1917 3621 2028 3676 pax
2075 3603 2308 3659 Domini
2357 3604 2497 3660 Jesu
2540 3602 2777 3673 Christi,
2813 3608 3102 3675 quatenus
3124 3608 3181 3659 et
3210 3603 3270 3658 in
3304 3604 3571 3659 futurum

1916 3694 2080 3748 bonae
2113 3693 2357 3749 actionis
2388 3693 2717 3748 mercedem
2742 3692 3090 3764 percipiant,
3110 3696 3166 3747 et
3187 3692 3340 3765 apud
3370 3691 3571 3749 distri-

1916 3787 2076 3837 ctum
2100 3767 2364 3853 judicem
2396 3781 2635 3853 praemia
2666 3786 2892 3837 aeternae
2919 3780 3080 3853 pacis
3101 3779 3420 3836 inveniant.

1989 3875 2223 3938 Datum,
2242 3874 2351 3925 etc.

2627 3976 2828 4032 CCCII.

1923 4084 2170 4142 Urbanus
2199 4084 2357 4139 Petro
2418 4085 2806 4154 Hispaniarum
2854 4085 2975 4152 regi
3025 4085 3248 4154 ejusque
3303 4099 3571 4140 successo-

1990 4156 2144 4210 ribus
2175 4157 2282 4211 rite
2301 4154 2694 4210 substituendis
2718 4154 2960 4210 concedit
2988 4176 3015 4203 «
3042 4162 3101 4209 ut
3129 4156 3380 4210 ecclesias
3408 4156 3571 4210 villa-

1987 4235 2252 4294 rum,tam
2274 4242 2466 4282 earum
2486 4242 2620 4297 quas
2643 4228 2699 4281 in
2742 4226 3141 4281 Saracenorum
3189 4227 3575 4297 terrisicapere

1982 4299 2242 4369 potuerit,
2275 4314 2439 4369 quam
2479 4296 2670 4352 earum
2698 4313 2833 4368 quas
2868 4299 2976 4367 ipsi
3004 4299 3061 4350 in
3092 4311 3263 4369 regno
3292 4296 3574 4369 (adiﬁcare

1986 4367 2251 4440 Iecerunt,
2283 4367 2409 4440 ‘pcr
2456 4385 2575 4440 qua:
2610 4367 2893 4440 uoluerint
2940 4367 3293 4440 monasteria,
3354 4367 3573 4440 sedibus

1986 4436 2257 4494 duntaxat
2306 4436 2699 4512 episcopalibus
2720 4440 2976 4512 exceptis,
3009 4436 3347 4512 distribuant
3364 4457 3384 4512 ,-
3413 4438 3575 4512 regni

1984 4512 2302 4580 proceribus
2334 4507 2591 4566 eamdem
2638 4507 2923 4564 licentiam
2966 4507 3294 4580 concedens,
3312 4511 3373 4562 ut
3401 4510 3569 4563 eccle-

1988 4579 2100 4636 sias
2124 4597 2258 4653 quas
2306 4582 2368 4636 in
2397 4582 2796 4653 Saracenorum
2839 4581 3002 4653 terris
3031 4580 3161 4653 jure
3192 4579 3329 4653 belli
3377 4581 3568 4653 acqui-

1986 4648 2207 4724 sierint,
2240 4653 2321 4707 vel
2354 4655 2420 4724 in,
2475 4653 2719 4724 propriis
2750 4648 3163 4724 Itsereditatibus
3180 4648 3569 4724 fundayerint,

1985 4723 2095 4778 sibi
2123 4725 2342 4796 suisque
2399 4720 2707 4796 Igairedibus
2729 4738 2929 4796 _cum__
2939 4722 3213 4796 primitiis
3258 4728 3314 4796 et
3347 4720 3572 4796 decimis

1985 4790 2335 4864 propriarum
2396 4794 2664 4849 duntaxat
2722 4790 3107 4864 hereditatum
3154 4792 3454 4864 retineant,
3486 4793 3571 4847 vel

1983 4861 2355 4936 quarumlibet
2401 4866 2737 4936 capellarum
2763 4863 2844 4918 vel
2860 4863 3320 4918 monasteriorum
3340 4861 3573 4919 dictioni

1980 4935 2233 4990 subdant.
2270 4956 2299 4985 »

2388 5041 2571 5113 (Intra
2600 5058 2695 5097 an.
2732 5039 2918 5096 1088-4
2930 5039 3082 5109 099.)

1909 5146 2232 5222 [Aanueco,
2268 5147 2502 5222 Catedra
2516 5148 2807 5222 episcopal.
2830 5146 3225 5222 deAZAaragoza.
3257 5145 3566 5218 Zaragoza,

2443 5217 2603 5288 1653,
2627 5217 2845 5288 in‘fol.,
2877 5218 3002 5275 659.
3012 5218 3030 5296 J
