3894 6214
359 305 472 365 551

995 436 1191 492 eccm
1234 440 1365 510 (se).

361 526 610 600 Urbanus
648 527 807 600 _c_lero
839 534 912 600 Δει
962 528 1159 600 populo
1219 529 1587 582 Lemom’censi
1641 531 1894 600 prgin-Epit
1950 531 2004 580 ut

427 597 727 672 Humbaldo
757 597 998 672 episwpo
1021 597 1086 672 de
1115 597 1361 672 Si'jmonia
1386 597 1652 672 purgato,
1673 617 1708 654 a
1755 597 1915 669 seque
1945 600 2008 653 in

428 669 703 740 integrum
732 671 998 735 restituto,
1029 669 1301 724 obedz’unt.

975 775 1161 845 (Anno
1204 775 1386 844 1094.)

745 866 1002 935 [BALUZ.,
1033 864 1294 932 Μάκαι,
1341 863 1412 932 ΙΙ,
1458 863 1609 934 482.]

425 969 703 1028 Una/mus
725 970 1050 1042 episcopus,
1067 984 1271 1024 servus
1293 984 1594 1025 servorum
1618 968 1741 1036 Dei,
1761 968 1914 1026 clero
1945 973 2002 1024 et

354 1057 568 1130 populo
600 1058 871 1113 universo
902 1055 1402 1113 Lemovicensium
1427 1056 1680 1114 salutem
1709 1061 2001 1131 etaposto-

352 1144 524 1204 licam
555 1147 1035 1202 benedictionem.

427 1233 732 1290 Universos
743 1250 846 1289 vos
861 1233 941 1288 sci
951 1249 1010 1289 re
1023 1233 1320 1289 credimus
1331 1235 1832 1306 quemadmodum
1846 1252 1998 1291 anno

350 1321 636 1392 praeterito
663 1325 852 1376 vester
871 1321 1343 1393 episcopus,cum
1365 1339 1426 1378 se
1441 1327 1639 1378 nostro
1661 1324 1996 1396 conspectui

347 1411 756 1480 praesentasset
786 1423 964 1479 super
993 1408 1350 1479 quibusdam
1381 1408 1654 1480 capitulis
1689 1415 1998 1465 accusatus

346 1512 473 1568 qua:
503 1498 828 1552 secundum
861 1503 1199 1553 sanctorum
1239 1515 1532 1554 canonum
1577 1499 1840 1572 regulam
1875 1505 1995 1555 tam

345 1583 686 1640 electionem
709 1587 837 1656 ejus
851 1602 1027 1658 quam
1047 1587 1541 1642 consecrationem
1557 1587 1994 1659 eius,pra2sente

345 1673 522 1729 etiam
550 1674 896 1729 Bituricensi
921 1673 1492 1746 archiepiscopo,qui
1521 1691 1654 1731 eum
1691 1692 1992 1732 consecra-

344 1766 528 1830 verat,
557 1762 959 1830 inﬁrmabant,
990 1779 1168 1834 super
1213 1764 1428 1835 quibus
1461 1765 1736 1820 omnibus
1765 1781 1900 1821 cum
1931 1782 1994 1821 se

343 1849 620 1906 canonice
647 1867 970 1923 expurgare
1021 1851 1361 1923 nequiverit,
1393 1851 1722 1923 imparatus
1777 1853 1994 1927 quippe

345 1939 473 1996 sine
498 1939 904 1995 defensoribus
933 1944 1185 2006 venerat,
1217 1939 1332 2006 ille,
1360 1940 1722 2013 episcopatu,
1755 1942 1864 1998 sub
1893 1959 1994 2014 spe

345 2026 481 2083 licet
511 2027 946 2094 misericordiae,
993 2029 1281 2100 abdicato,
1326 2028 1748 2102 Jerosolymam
1805 2031 1991 2102 petiit,

345 2116 580 2172 rediens
599 2115 1060 2172 misericordiam
1078 2116 1539 2189 imploravit,nos
1560 2117 1762 2174 multis
1779 2118 1994 2174 multo-

345 2219 476 2260 rum
498 2202 755 2261 ﬁliorum
786 2209 1118 2260 nostrorum
1150 2205 1424 2278 precibus
1447 2205 1992 2264 inclinatiramdem

345 2310 580 2348 causam
615 2292 1080 2349 reverentissimo
1111 2293 1387 2350 confratri
1417 2299 1620 2350 nostro
1651 2295 1718 2350 H.
1761 2297 1992 2368 Lugdu-

344 2380 510 2437 nensi
523 2380 957 2453 archiepiscopo
980 2382 1357 2454 permisimus
1369 2383 1525 2440 intra
1539 2383 1894 2455 provinciam
1909 2385 1993 2440 di-

343 2467 634 2542 ligentiori
657 2469 920 2525 examine
950 2470 1342 2542 querendum,
1363 2473 1464 2528 ubi
1495 2477 1552 2528 et
1581 2477 1989 2529 accusatorum

342 2573 604 2630 personaz
621 2561 772 2613 notae
793 2562 1016 2623 sunt,et
1036 2559 1347 2631 episcopus
1367 2561 1438 2616 de
1463 2560 1698 2617 testium
1723 2561 1990 2618 absentia

341 2645 619 2718 conqueri
652 2644 811 2700 nullo
844 2646 1016 2701 modo
1046 2646 1278 2702 valeret.
1312 2648 1500 2705 Causa
1531 2649 1710 2722 igitur
1738 2648 1988 2722 diligen-

340 2735 462 2789 tius
492 2733 800 2805 requisita,
832 2750 962 2788 cum
997 2734 1397 2792 Simoniacum
1455 2754 1591 2792 eum
1619 2742 1988 2794 accusatores

343 2822 592 2896 probare
629 2822 1016 2892 nequiverint,
1051 2823 1463 2880 misericordia:
1495 2830 1553 2880 et
1582 2826 1986 2882 ecclesiasticae

343 2911 502 2983 pacis
533 2909 745 2965 intuitu
780 2909 1025 2967 facultas
1057 2912 1108 2968 ei
1139 2929 1418 2970 concessa
1447 2918 1537 2970 est
1587 2919 1653 2970 ut
1681 2931 1743 2970 sc
1773 2915 1844 2970 ab
1877 2915 1985 2970 hoc

343 3015 464 3055 una
491 3015 626 3054 cum
658 2999 882 3056 idoneis
903 3001 1150 3057 testibus
1173 3003 1982 3076 expurgaret.lgiturcaeteris,

341 3087 474 3144 licet
503 3086 924 3160 depositionem
949 3089 1134 3144 solam
1160 3091 1784 3163 asserant,apostolicaa
1817 3109 1981 3148 man-

1658 303 1727 366 B.
1775 302 2070 370 URBANI
2115 303 2169 366 Il
2211 305 2464 368 PAPE.

2035 441 2100 504 Α
2121 440 2426 509 praesentia
2457 436 3100 510 convocari,Stirpensis
3133 439 3190 493 F.
3225 437 3347 494 etJ.
3383 437 3785 495 Floriacensis

3651 306 3784 402 ⁵⁵³

2115 527 2356 582 abbates
2405 528 2638 600 pariter,
2681 525 2786 582 viri
2844 526 3124 582 nimirum
3184 525 3466 599 religiosa:
3523 525 3659 582 vitae
3725 531 3786 582 et

2114 617 2284 671 famae
2304 615 2564 689 integrae,
2601 632 2733 670 cum
2754 614 2886 671 aliis
2916 615 3106 670 tribus
3138 613 3362 672 clericis
3394 615 3540 684 suis,
3575 632 3786 672 sacra-

2113 704 2329 760 mentis
2352 705 2904 761 asseruerunt.Eum
2933 703 3132 776 itaque
3152 703 3225 759 ad
3255 717 3358 760 vos
3389 719 3526 760 cum
3557 708 3787 761 nostra:

2111 792 2310 865 gratia:
2325 791 2742 866 etepiscopalis
2764 791 2937 848 ofﬁcii
2955 791 3315 864 plenitudine
3327 792 3783 862 remandantes,

2110 885 2173 936 ut
2197 881 2308 953 ipsi
2338 889 2621 954 tanquam
2638 881 2856 953 pastori
2876 880 3112 954 proprio
3143 879 3430 938 obediatis
3462 880 3782 954 presenti-

2111 970 2224 1025 bus
2254 969 2523 1042 apicibus
2569 970 2978 1025 admonemus.
3013 967 3360 1026 Obedientes
3389 984 3493 1025 vos
3524 967 3770 1026 miseri-

2109 1057 2307 1114 cordia
2330 1058 2528 1114 divina
2552 1055 2864 1114 custoniat.

2815 1161 3040 1217 CCCIV.

2110 1251 2264 1308 Clare
2287 1255 2338 1308 et
2365 1252 2562 1324 populo
2598 1251 2967 1307 Lemovicensi
3021 1249 3390 1324 Humbawum
3443 1251 3775 1324 episcopum

2629 1324 2832 1377 iterum
2869 1321 3224 1378 commendat.

2712 1411 2898 1481 (Anno
2931 1411 3182 1482 eodem.)

2531 1499 2756 1568 [BALUZ,
2790 1500 3042 1567 Μίδωιιη
3071 1500 3141 1566 ΙΙ,
3174 1501 3322 1571 182.]

2176 1587 2442 1643 υηΒΑΝυς
2472 1589 2802 1660 episcopus,
2839 1604 3041 1643 servus
3083 1604 3382 1644 servorum
3428 1588 3551 1656 Dei,
3606 1587 3768 1646 clero

2104 1681 2160 1730 et
2173 1675 2386 1748 populo
2401 1677 2670 1731 universo
2687 1675 3076 1732 Lemovicensi
3085 1693 3184 1732 um
3197 1676 3448 1734 salutem
3461 1681 3517 1733 et
3529 1683 3772 1751 aposto-

2101 1763 2276 1821 licam
2307 1763 2796 1820 benedictionem.

2175 1853 2427 1908 Veniens
2459 1854 2530 1909 ad
2564 1869 2669 1908 nos
2703 1853 2994 1909 confrater
3024 1857 3220 1908 noster
3250 1851 3623 1910 Humbaldus
3662 1869 3762 1909 ve-

2104 1945 2234 1998 strae
2265 1941 2517 1998 civitatis
2545 1942 2855 2014 episcOpus
2905 1940 3124 1997 multas
3187 1939 3360 1998 matri
3414 1937 3693 1998 Ecclesia:
3725 1958 3760 1998 a

2103 2029 2239 2084 ﬁliis
2264 2030 2648 2102 suisquestus
2661 2033 2751 2085 est
2771 2027 3019 2100 injurias
3039 2029 3303 2100 irrogari.
3322 2027 3570 2094 Quidam
3595 2029 3758 2090 enim

2104 2116 2360 2173 militum
2391 2122 2447 2173 et
2475 2116 2868 2173 Ecclesiarum
2901 2117 3069 2172 bonis
3099 2116 3380 2173 violenter
3426 2117 3762 2174 abutuntur

2101 2210 2158 2262 et
2188 2206 2439 2262 honores
2494 2209 2778 2277 tanquam
2838 2205 3268 2278 possessionem
3319 2204 3757 2264 hereditariam

2101 2295 2422 2366 exigunt,et
2442 2311 2557 2349 non
2580 2293 2966 2349 consentienti
2993 2294 3264 2366 episcopo
3289 2297 3575 2366 tanquam
3595 2292 3756 2351 hosti

2101 2383 2400 2439 molestias
2432 2383 2722 2456 ingerunt.
2760 2381 2921 2438 Unde
2961 2399 3067 2437 nos
3099 2381 3473 2439 dilectionem
3496 2387 3757 2442 vestram

2099 2488 2234 2528 cum
2255 2471 2464 2528 litteris
2505 2471 2892 2544 praasentibus
2935 2470 3312 2527 exhortamur
3340 2473 3517 2544 atque
3547 2471 3754 2544 praeci-

2101 2561 2298 2633 pimus
2329 2565 2394 2617 ut
2423 2577 2458 2616 a
2511 2561 2966 2632 praesumptione
3007 2559 3117 2616 hac
3145 2559 3440 2616 abstinere
3469 2560 3749 2634 deinceps

2097 2649 2334 2705 omnino
2357 2648 2654 2720 satagatis.
2680 2648 2839 2713 Quod
2875 2647 2924 2706 si
2955 2647 3226 2720 posthaec
3253 2649 3750 2722 contempseritis,

2096 2753 2508 2810 quamcunque
2554 2735 2902 2792 sententiam
2932 2735 2992 2791 in
3040 2753 3143 2791 vos
3197 2736 3510 2809 episcopus
3557 2742 3752 2794 vester

2094 2826 2372 2882 canonica
2421 2825 2762 2880 auctoritate
2827 2824 3152 2890 dictaverit,
3228 2840 3506 2882 assensus
3559 2825 3749 2882 nostri

2094 2914 2434 2969 auctoritate
2466 2913 2904 2969 confirmamus.
2937 2913 3053 2968 Nos
3083 2913 3241 2968 enim
3271 2912 3576 2970 universas
3602 2913 3744 2970 dias-

2092 3003 2243 3058 cesis
2265 3001 2540 3058 ecclesias
2555 3001 2826 3074 episcopo
2849 3001 3144 3072 subjectas
3174 3017 3302 3058 esse
3322 3006 3378 3057 et
3399 3001 3743 3058 canonicam

2089 3091 2365 3146 volumus
2387 3090 2765 3146 reverentiam
2785 3089 3076 3162 exhibere,
3109 3088 3306 3158 salvis,
3350 3089 3399 3146 si
3433 3107 3554 3163 qua
3583 3094 3741 3158 sunt,

338 3175 668 3232 suetudinis
689 3176 901 3248 pietate
924 3185 1158 3249 propter
1180 3195 1378 3250 pacem
1410 3184 1465 3234 et
1494 3179 1979 3252 tranquillitatem
2012 3165 2055 3232 C
2095 3180 2368 3236 Romane
2404 3177 2670 3234 Ecclesia:
2702 3177 3042 3250 privilegiis.
3105 3177 3404 3234 Universis
3447 3195 3592 3236 sane
3623 3183 3743 3234 tam

338 3270 539 3321 vestras
572 3263 838 3321 Ecclesiae
869 3265 1134 3334 indultis,
1187 3266 1516 3323 Simoniaco
1551 3268 1764 3324 scelere
1787 3270 1983 3341 jusju-

337 3354 590 3409 randum
623 3353 892 3426 praestitit
925 3353 1080 3426 quod
1115 3371 1216 3426 pro
1246 3356 1619 3428 adipiscendo
1649 3358 1984 3430 episcopatu

335 3443 643 3515 pecuniam
675 3459 783 3499 nec
814 3442 940 3514 ipse
969 3443 1196 3500 dederit
1241 3449 1346 3500 aut
1375 3446 1712 3516 promiserit
1750 3451 1852 3502 aut
1884 3463 1986 3518 pro

335 3531 462 3604 ipso
492 3529 644 3588 alius
675 3549 736 3588 se
764 3531 1005 3588 sciente.
1038 3533 1200 3598 Quod
1223 3532 1489 3590 videlicet
1529 3539 1982 3602 sacramentum,

336 3619 476 3694 quia
504 3637 608 3694 per
635 3624 828 3676 tantas
877 3620 1057 3693 hujus
1076 3622 1354 3694 temporis
1385 3612 1688 3696 angustias
1718 3639 1988 3696 compro-

335 3709 611 3767 vinciales
643 3709 902 3782 episcopi
929 3726 1125 3766 coram
1159 3717 1357 3768 nostra
1388 3711 1731 3783 neutiquam
1749 3716 1990 3783 possent

2095 3267 2322 3324 clericis
2353 3282 2531 3338 quam
2561 3265 2728 3322 laicis
2757 3282 2889 3322 eum
2940 3267 3415 3323 commendatum
3445 3268 3742 3332 volumus,

2094 3361 2377 3429 tanquam
2407 3355 2480 3411 ad
2533 3371 2636 3409 vos
2695 3370 2834 3410 cum
2889 3353 3271 3426 benignitatis
3312 3359 3526 3410 nostris
3557 3355 3747 3428 gratia

2096 3448 2496 3502 revertentem.
2531 3443 2880 3500 Obedientes
2910 3460 3012 3499 vos
3044 3442 3283 3500 monitis
3311 3443 3533 3500 nostris
3562 3443 3743 3502 mise-

2095 3534 2346 3590 ricordia
2373 3533 2571 3590 divina
2597 3532 2904 3589 custodiat.

2167 3623 2312 3680 Data
2339 3621 2488 3678 Pisis
2517 3639 2572 3679 v1
2603 3620 2740 3677 Idus
2769 3620 3055 3678 Octobris.

408 3839 520 3909 (56)
538 3838 872 3912 Supposita,
899 3839 963 3893 ut
985 3841 1044 3892 et
1067 3853 1339 3909 sequens,
1373 3836 1446 3892 ab
1473 3835 1798 3892 Humbaldo
1833 3835 2250 3892 Lemovicensi.

844 4143 1431 4228 EPISTOLIE
1488 4097 2262 4229 DlVERSORUM
2319 4142 2460 4228 AD
2518 4141 3090 4230 UBBANUM
3147 4142 3224 4226 II

1139 4423 1181 4478 Ι.

333 4511 575 4584 Epistola
623 4512 934 4584 Boamumli
989 4511 1276 4584 principis
1316 4508 1638 4584 Antiochiae,
1671 4513 1982 4584 Raymundz

404 4585 617 4638 comitis
639 4583 825 4638 Sancti
845 4579 1073 4652 :Egidii,
1108 4579 1386 4650 Gods/ridi
1404 4579 1558 4634 ducis
1586 4579 1981 4654 Lotha'ringiee,

407 4655 626 4708 Roberti
651 4655 862 4710 comitis
891 4651 1321 4710 Northmanm’w.
1358 4651 1574 4706 Roberii
1600 4655 1812 4709 comitis
1825 4657 1981 4710 Fian-

407 4664 623 4708 ltODertz'
651 4664 862 4710 comitis
891 4664 1321 4716 Normmamnaa,
1358 4664 1570 4706 Isonem
1600 4664 1812 4709 comitis
1825 4664 1984 4711 Fian-

404 4722 636 4788 ἀναιδές,
669 4734 720 4780 et
749 4722 1032 4779 Eustachii
1059 4723 1272 4777 comitis
1303 4722 1562 4787 Βοιωτία»,
1593 4725 1664 4779 ad
1709 4725 1985 4782 Urbanum

403 4795 452 4851 ΙΙ
469 4809 674 4868 papam
707 4796 904 4867 (57-9).

546 4883 774 4955 (BALuz.
809 4877 1052 4937 Miscell.
1097 4877 1228 4932 edit.
1266 4880 1390 4934 Luc.
1438 4881 1534 4948 IIl,
1569 4901 1624 4956 p.
1653 4885 1768 4957 60.)

405 4971 650 5026 Domino
681 4975 736 5026 et
767 4965 1081 5024 venerabili
1108 4983 1268 5038 papae
1293 4969 1525 5026 Uusaxo
1549 4973 1904 5030 Bonwxnus
1925 4981 1982 5031 et

337 5058 704 5115 Ravuunnus
735 5071 930 5112 comes
957 5053 1152 5108 Sancti
1197 5055 1426 5129 zEgidii,
1476 5077 1542 5116 ac
1599 5061 1979 5119 Gonerasnus

335 5146 472 5214 dux,
499 5147 806 5202 Rosan'rus
829 5159 943 5215 que
963 5157 1159 5198 comes
1180 5143 1628 5219 Northmannize,
1663 5155 1837 5224 atque
1866 5152 1978 5208 Ro~

335 5249 556 5292 nemus
580 5247 777 5290 comes
800 5229 1247 5288 Flandrensium
1267 5238 1325 5290 et
1345 5253 1538 5295 comes
1581 5238 1851 5308 Bolonize,
1885 5257 1978 5296 sa-

333 5320 518 5378 lutem
549 5326 606 5378 et
638 5318 832 5374 ﬁdelia
883 5316 1141 5384 servitia,
1175 5325 1233 5376 et
1262 5324 1443 5380 utfilii
1477 5343 1583 5383 suo
1614 5327 1766 5383 Patri
1801 5327 1979 5400 spiri-

333 5409 479 5467 tuali
508 5424 707 5465 veram
738 5407 798 5461 in
829 5403 1060 5461 Christo
1092 5407 1530 5481 subjectionem.

2012 4428 2060 4493 D
2162 4425 2446 4482 Volumus
2458 4441 2661 4481 omnes
2692 4428 2748 4480 et
2769 4423 3172 4480 desideramus
3203 4425 3408 4479 notum
3428 4418 3596 4476 vobis
3617 4417 3737 4475 fieri

2093 4531 2269 4588 quam
2303 4531 2518 4587 magna
2547 4513 2644 4569 Dei
2677 4511 3076 4568 misericordia
3107 4525 3402 4584 quamque
3432 4507 3738 4564 evidentie

2093 4603 2242 4660 simo
2264 4602 2451 4675 ipsius
2475 4601 2573 4658 Dei
2591 4599 2950 4657 adminiculo
2973 4617 3008 4655 a
3037 4599 3204 4656 nobis
3235 4602 3404 4670 capta
3424 4601 3516 4654 est
3542 4594 3734 4652 Antio-

2093 4691 2244 4756 chia,
2277 4696 2335 4746 et
2351 4690 2546 4758 Turci,
2570 4688 2670 4761 qui
2689 4689 2874 4744 multa
2887 4689 3130 4744 Domino
3147 4690 3346 4743 nostro
3358 4685 3502 4741 Jesu
3513 4683 3734 4740 Christo

2092 4779 2411 4835 intulerant
2427 4777 2762 4850 opprobria,
2791 4776 2944 4850 capti
2972 4775 3329 4832 etinteriecti
3352 4777 3512 4842 sunt,
3545 4778 3605 4828 et
3635 4787 3735 4828 nos

2091 4865 2596 4940 Hierosolymitani
2638 4865 2777 4922 Jesu
2812 4865 3028 4922 Christi
3060 4863 3332 4936 injurias,
3363 4859 3585 4918 summi
3619 4859 3733 4926 Dei,

2089 4955 2538 5025 vindicavimus,
2569 4958 2626 5010 et
2678 4971 2807 5022 nos,
2841 4954 2940 5026 qui
2971 4954 3190 5009 Turcos
3220 4949 3385 5023 prius
3416 4948 3734 5031 obsidendo

2088 5044 2510 5111 deviceramus,
2543 5041 2794 5114 qualiter
2814 5046 3016 5114 postea
3043 5059 3078 5098 a
3106 5039 3314 5098 Turcis
3344 5039 3416 5094 de
3444 5033 3733 5094 Chorasan

2088 5137 2146 5188 et
2176 5130 2538 5188 Hierusalem
2595 5135 2652 5186 et
2707 5131 2989 5188 Damasco
3041 5128 3360 5199 multisque
3387 5123 3528 5182 aliis
3569 5124 3732 5182 terris

2086 5220 2454 5278 venientibus
2507 5219 2732 5276 obsessi
2785 5219 3026 5288 fuimus,
3084 5223 3143 5275 et
3171 5215 3466 5288 quomodo
3499 5214 3729 5272 tandem

2091 5307 2491 5366 misericordia
2516 5307 2659 5362 Jesu
2688 5308 2904 5364 Christi
2935 5305 3162 5364 liberati
3192 5319 3423 5361 sumus.

2159 5416 2306 5473 Cum
2335 5412 2519 5486 igitur
2546 5415 2714 5486 capta
2733 5413 3112 5486 Nicaea,illam
3137 5409 3462 5470 maximam
3475 5406 3732 5470 multituv-

406 5550 578 5630 (57-9)
609 5548 780 5607 Extat
816 5545 974 5622 apud
1017 5546 1378 5616 Fulcherium
1415 5558 1851 5636 Carnotensem,
1882 5576 2012 5640 cap.
2042 5559 2131 5621 45.
