3894 6214
112 321 214 380 553

1251 317 1654 379 EPISTOL/E
1698 316 1796 378 ET
1839 315 2281 380 PRIVILEGIA
2296 361 2313 378 .

3359 323 3482 383 554

112 455 283 508 dinem
311 452 647 520 Turcorum,
674 450 826 507 sicut
857 451 1128 516 audistis,
1157 451 1214 505 in
1251 451 1521 507 Kalendis
1556 450 1715 506 Junii
1751 453 1802 517 Α
1834 453 2086 507 exercitu
2122 458 2318 508 nostro
2352 450 2578 518 bellico,
2608 453 2678 508 ad
2713 457 2909 524 portas
2940 451 3244 523 exivimus;
3268 471 3333 510 ac
3355 458 3476 511 tam

111 541 256 597 nobis
285 538 504 596 obviam
551 538 608 594 in
653 539 801 596 valle
849 539 1134 596 Doretilla:
1185 539 1623 605 devicissemus,
1667 544 1724 595 et

109 627 250 686 illum
268 644 536 702 magnum
563 627 999 686 Sullimannum
1023 627 1722 702 fugavissemus,suisque

105 717 412 785 hominibus
441 721 496 774 et
525 721 680 774 terra
701 735 766 774 ac
789 719 964 775 rebus
989 717 1502 790 exspoliassemus;
1531 717 1724 790 acqui-

107 808 202 863 sita
240 809 294 862 et
337 805 638 878 pacificate
685 810 807 863 tota
852 806 1156 872 Romania,
1217 806 1288 862 ad
1338 806 1720 862 obsidendam

104 894 437 951 Antiochiam
465 895 754 952 venimus.
781 898 903 962 Qua
924 895 1186 966 obsessa,
1211 894 1396 950 multa
1421 894 1574 951 mala
1597 912 1721 966 per-

104 984 236 1058 pessi
257 1001 476 1052 sumus,
496 989 624 1040 tum
647 985 718 1040 de
737 983 908 1040 bellis
929 1001 1296 1041 summorum
1321 985 1644 1040 Turcorum
1664 989 1721 1039 et

103 1089 432 1146 paganorum
464 1073 635 1129 nobis
664 1077 784 1129 tam
819 1074 1152 1146 frequenter
1172 1077 1228 1128 et
1247 1073 1480 1146 copiose
1503 1073 1723 1128 irruen-

103 1161 226 1217 tium
251 1165 311 1216 ut
339 1161 528 1217 verius
559 1162 888 1217 diceremur
904 1162 1126 1218 obsessi
1153 1178 1329 1233 quam
1354 1179 1503 1233 quos
1525 1161 1582 1215 in
1609 1167 1721 1216 An-

102 1250 338 1306 tiochena
369 1250 600 1306 civitate
648 1251 1085 1307 obsederamus.
1138 1251 1395 1306 Tandem
1441 1249 1720 1305 omnibus

101 1337 246 1394 bellis
275 1339 584 1412 superatis,
619 1356 938 1411 eorumque
987 1343 1194 1396 eventu
1237 1338 1567 1395 Christiana
1607 1339 1720 1393 fide

99 1427 339 1495 exaltata,
386 1444 489 1500 ego
539 1427 920 1483 Boamundus
968 1427 1344 1484 conventione
1388 1427 1538 1482 facta
1583 1443 1718 1482 cum

99 1515 324 1587 quadam
355 1519 542 1571 Turco
574 1516 674 1588 qui
705 1515 852 1571 mihi
895 1517 1082 1588 ipsam
1116 1516 1357 1572 tradidit
1405 1514 1717 1583 civitatem,

96 1603 259 1661 scalas
274 1622 477 1676 parum
499 1608 635 1660 ante
653 1603 804 1660 diem
827 1621 961 1660 cum
984 1604 1185 1661 multis
1207 1604 1435 1660 Christo
1462 1604 1718 1660 militan-

97 1693 233 1749 tibus
262 1711 425 1750 muro
453 1693 736 1765 applicui,
769 1699 824 1747 et
854 1695 935 1748 ita
965 1693 1258 1749 civitatem
1293 1697 1463 1748 antea
1490 1694 1718 1748 Christo

95 1781 430 1838 resistentem
465 1799 529 1837 ιιι
556 1779 752 1838 Nonas
799 1782 961 1837 Junii
1015 1781 1367 1853 accepimus,
1417 1786 1473 1836 et
1524 1781 1716 1853 ipsum

93 1871 405 1926 Cassianum
440 1870 631 1943 ipsius
666 1871 918 1926 civitatis
967 1875 1282 1948 tyrannum
1333 1887 1466 1926 cum
1517 1870 1719 1926 multis

91 1975 306 2015 suorum
334 1957 600 2016 millibus
633 1959 1054 2026 interfecimus,
1086 1974 1407 2030 eorumque
1438 1976 1646 2014 uxores
1667 1963 1724 2014 et

91 2045 221 2104 ﬁlios
250 2066 312 2104 ac
343 2047 598 2105 familias
627 2065 763 2104 cum
796 2065 937 2104 auro
971 2053 1026 2103 et
1058 2053 1295 2120 argento
1341 2053 1398 2102 et
1447 2048 1722 2104 omnibus

90 2154 266 2193 eorum
298 2137 775 2211 possessionibus
815 2136 1189 2192 retinuimus.
1236 2135 1475 2208 Asylum
1524 2140 1719 2192 autem

88 2226 492 2283 Antiochenum
525 2244 559 2282 a
579 2225 786 2282 Turcis
812 2225 1227 2298 praemunitum
1252 2224 1466 2280 habere
1489 2241 1600 2280 non
1628 2242 1722 2296 po-

89 2314 309 2370 tuimus.
341 2315 457 2373 Sed
491 2331 624 2370 cum
656 2315 714 2369 in
740 2315 994 2371 crastino
1017 2315 1211 2386 ipsum
1236 2313 1462 2387 asylum
1483 2313 1721 2386 aggredi

88 2403 479 2473 voluissemus,
528 2403 818 2459 infinitam
883 2403 1323 2459 multitudinem
1371 2402 1715 2468 Turcorum,

88 2508 244 2562 quam
276 2493 482 2549 multis
508 2492 712 2548 diebus
746 2492 815 2548 ad
867 2509 974 2548 nos
1025 2491 1362 2547 bellandum
1412 2495 1716 2546 venturam

85 2579 525 2636 cxt'racivitatem
539 2583 1104 2651 exspectaveramus,
1129 2595 1233 2652 per
1253 2595 1458 2635 omnes
1480 2595 1718 2650 campos

83 2668 491 2724 discurrentem
507 2669 783 2724 vidimus.
799 2666 904 2732 Qui
920 2668 1090 2724 tertia
1109 2668 1203 2724 die
1219 2685 1330 2724 non
1357 2685 1464 2724 nos
1476 2667 1716 2723 obsede-

80 2759 220 2829 runt,
244 2761 302 2812 et
323 2756 554 2830 asylum
577 2756 918 2829 praedictum
943 2755 1258 2829 plusquam
1277 2761 1510 2813 centum
1533 2755 1718 2812 millia

78 2859 259 2900 eorum
295 2846 683 2912 intraverunt,
717 2862 783 2900 ac
807 2861 910 2917 per
938 2849 1163 2916 portam
1187 2845 1451 2916 ejusdem
1475 2845 1618 2917 asyli
1642 2846 1713 2900 ad

75 2932 355 2988 civitatem
391 2935 504 2986 sub
527 2932 688 3004 asylo
713 2933 1089 2988 constitutam
1114 2934 1284 2988 nobis
1306 2933 1541 3005 illisque
1558 2950 1714 2989 com-

77 3038 304 3077 munem
325 3019 656 3092 irrumpere
686 3020 1013 3077 voluerunt.
1039 3022 1149 3076 Sed
1173 3039 1278 3077 nos
1299 3021 1357 3076 in
1383 3021 1497 3076 alio
1519 3026 1716 3077 monte

75 3109 458 3167 consistentes
490 3107 602 3181 ipsi
628 3107 789 3181 asylo
824 3109 1110 3180 opposito,
1137 3109 1289 3165 viam
1321 3109 1472 3165 inter
1494 3113 1717 3165 utrum-

1833 541 2002 610 pauci
2023 558 2256 597 eramus
2281 542 2434 613 quod
2457 558 2563 597 nos
2585 541 2700 614 ipsi
2724 557 2838 596 non
2865 557 2970 596 nos
2985 547 3254 613 pugnare
3275 548 3478 598 contra

1832 644 1931 685 eos
1962 631 2061 686 sed
2085 630 2284 703 fugere
2306 631 2622 686 afﬁrmant.
2644 629 2761 685 Nos
2783 633 2978 685 autem
3011 628 3287 686 omnibus
3308 646 3477 702 para-

1832 719 1926 784 tis,
1963 722 2018 774 et
2040 719 2468 791 tampeditibus
2483 735 2660 791 quam
2675 717 2960 774 militibus
2977 717 3153 775 certis
3164 717 3478 775 ordinibus

1833 808 2152 880 dispositis,
2186 808 2285 863 ubi
2319 809 2508 879 major
2535 807 2722 863 virtus
2752 810 2810 862 et
2832 806 3109 862 fortitudo
3131 810 3481 864 eorumerat

1831 899 2108 953 audacter
2132 896 2546 969 requisivimus
2578 911 2714 952 cum
2743 895 3050 952 Dominica
3094 894 3319 963 lancea,
3353 897 3418 952 et
3447 911 3482 951 a

1831 987 2020 1058 prima
2049 985 2183 1041 belli
2218 985 2465 1041 statione
2495 985 2695 1058 fugere
2727 984 3047 1058 coegimus.
3093 984 3210 1058 Ip‘si
3259 987 3479 1052 autem,

1830 1079 1896 1129 ut
1925 1090 2051 1129 mos
2081 1091 2281 1129 eorum
2309 1077 2419 1138 est,
2439 1088 2501 1129 se
2523 1073 2784 1145 undique
2810 1072 3143 1146 dispergere
3159 1076 3480 1146 coeperunt,

1829 1168 1888 1218 et
1936 1162 2110 1219 colles
2159 1162 2497 1234 occupando
2547 1167 2601 1218 et
2649 1162 2769 1218 vias
2817 1161 3152 1234 ubicunque
3207 1164 3484 1236 poterant

1829 1251 2176 1322 appetendo,
2210 1267 2316 1306 nos
2349 1267 2554 1322 gyrare
2582 1250 2912 1318 voluerunt,
2943 1251 3082 1323 quia
3109 1250 3196 1307 sic
3227 1267 3334 1308 nos
3355 1266 3482 1307 om-

1830 1356 1932 1395 nes
1965 1340 2287 1394 interficere
2319 1343 2688 1410 putaverunt.
2721 1339 2833 1394 Sed
2867 1339 3036 1394 nobis
3075 1338 3281 1395 multis
3313 1329 3482 1396 bellis

1829 1433 2032 1484 contra
2045 1444 2243 1483 eorum
2261 1426 2610 1483 calliditates
2622 1431 2678 1483 et
2695 1427 2929 1500 ingenia
2950 1427 3171 1484 edoctis
3191 1428 3276 1484 ita
3293 1428 3484 1500 gratia

1829 1518 1927 1574 Dei
1960 1521 2019 1574 et
2049 1515 2449 1573 misericordia
2477 1517 2769 1584 subvenit,
2801 1520 2867 1572 ut
2896 1517 2994 1588 qui
3027 1515 3372 1588 paucissimi
3406 1516 3478 1572 ad

1827 1623 2028 1662 eorum
2049 1606 2543 1679 comparationem
2563 1621 2821 1671 eramus,
2835 1620 3040 1661 omnes
3057 1603 3189 1660 illos
3209 1604 3270 1660 in
3293 1619 3478 1660 unum

1828 1696 2150 1767 coegimus,
2183 1699 2239 1750 et
2269 1701 2519 1762 coactos,
2552 1696 2788 1750 dextera
2827 1693 2926 1750 Dei
2965 1693 3273 1749 nobiscum
3303 1693 3480 1749 dimi-

1829 1789 2016 1853 cante,
2052 1785 2248 1858 fugere
2279 1790 2337 1840 et
2368 1788 2559 1840 castra
2579 1800 2714 1840 cum
2737 1782 3012 1838 omnibus
3035 1788 3162 1854 quas
3185 1782 3245 1837 in
3266 1781 3479 1839 castris

1830 1878 1994 1929 erant
2018 1873 2344 1944 relinquere
2363 1871 2780 1944 compulimus.
2801 1871 3028 1936 Quibus
3048 1870 3218 1928 victis
3239 1875 3478 1943 totaque

1830 1963 1924 2016 die
1954 1962 2254 2028 insecutis,
2290 1967 2347 2016 et
2377 1962 2580 2016 multis
2611 1961 2872 2016 millibus
2900 1976 3104 2017 eorum
3137 1959 3476 2025 interfectis,

1831 2051 1900 2104 ad
1935 2049 2224 2105 civitatem
2257 2049 2371 2104 lazti
2405 2053 2461 2105 et
2511 2049 2725 2105 hilares
2775 2049 3186 2105 remeavimus.
3233 2045 3479 2122 Asylum

1828 2142 2026 2194 autem
2050 2138 2517 2211 suprascriptum
2542 2137 2916 2194 Admirabilis
2939 2137 3183 2209 quidam
3206 2137 3307 2209 qui
3329 2137 3477 2193 in-eo

1830 2231 1952 2282 erat
1981 2243 2115 2281 cum
2147 2226 2307 2281 mille
2337 2225 2699 2291 hominibus,
2735 2226 3073 2282 Boamundo
3104 2224 3376 2282 reddidit.
3412 2224 3479 2279 Et

1829 2315 1910 2370 ita
1941 2315 2228 2371 Dominus
2259 2318 2457 2370 noster
2484 2313 2657 2369 Jesus
2686 2313 2952 2370 Christus
2982 2317 3163 2369 totam
3184 2312 3478 2369 civitatem

1828 2403 2248 2459 Antiochenam
2278 2403 2551 2458 Romanae
2583 2401 2845 2474 religioni
2889 2406 2945 2458 et
2993 2401 3128 2458 fidei
3176 2400 3477 2472 mancipa-

1824 2493 1904 2548 vit
1937 2493 2069 2564 (62).
2097 2492 2204 2547 Sed
2257 2491 2398 2563 quia
2445 2507 2678 2563 semper
2725 2490 2874 2547 solet
2921 2489 3140 2563 aliquid
3196 2480 3476 2546 moestum

1826 2580 1972 2637 laetis
2013 2580 2365 2636 intervenire
2407 2581 2605 2647 rebus,
2658 2579 2754 2636 ille
2801 2580 3102 2636 Podiensis
3143 2578 3475 2652 episcopus,

1827 2687 2000 2742 quem
2057 2673 2228 2724 tuum
2290 2669 2569 2724 vicarium
2629 2668 2798 2724 nobis
2865 2667 3271 2736 commiseras,
3325 2666 3476 2723 bello

1823 2763 2077 2831 peracto,
2109 2759 2168 2813 in
2201 2775 2317 2830 quo
2348 2758 2590 2813 honeste
2618 2757 2748 2825 fuit,
2773 2762 2840 2813 et
2864 2757 3182 2828 paciﬁcate
3221 2755 3473 2824 civitate,

1824 2848 2102 2904 Kalendis
2131 2846 2380 2919 Augusti
2412 2849 2681 2902 mortuus
2711 2849 2821 2902 est.

1895 2937 2060 2992 Nunc
2090 2936 2272 3008 igitur
2302 2935 2403 2990 ﬁlii
2434 2935 2520 2990 tui
2546 2935 2717 2992 Patre
2745 2933 3061 2991 commisso
3109 2933 3321 3003 orbati,
3366 2932 3474 2989 tibi

1823 3024 2114 3097 spirituali
2148 3025 2302 3080 Patri
2334 3030 2532 3080 nostro
2555 3025 2908 3081 mandamus
2933 3027 3001 3078 ut
3019 3021 3119 3095 qui
3137 3021 3294 3078 hanc
3313 3020 3472 3078 viam

1823 3113 2134 3185 incmpisti,
2179 3117 2238 3168 et
2285 3104 2659 3168 sermonibus
2707 3113 2830 3169 tuis
2876 3127 2985 3167 nos
3033 3124 3240 3168 omnes
3281 3113 3473 3166 terras

77 3215 176 3270 que
206 3193 530 3254 exercitum
563 3198 632 3252 ad
667 3195 956 3252 civitatem
989 3197 1456 3264 descendentem,
1493 3215 1565 3252 ne
1602 3197 1712 3270 ipsi
1733 3185 1788 3250 Ε
1827 3205 2058 3257 nostras
2087 3206 2144 3257 et
2173 3201 2460 3272 quidquid
2483 3201 2543 3255 in
2569 3201 2740 3256 terris
2761 3199 3234 3270 erat-relinquere
3254 3197 3469 3266 fecisti,

80 3288 235 3344 nobis
266 3285 456 3342 multo
491 3285 688 3359 plures
736 3285 1146 3357 irrumperent,
1198 3286 1612 3353 custodientes,
1661 3289 1718 3342 et

81 3374 227 3432 intus
257 3380 315 3432 et
342 3379 505 3431 extra
556 3377 723 3430 nocte
766 3376 824 3428 et
868 3373 960 3430 die
1007 3372 1361 3428 debellantes
1399 3378 1596 3445 portas
1644 3375 1712 3429 ad

81 3464 356 3520 civitatem
391 3462 534 3536 asyli
567 3462 782 3518 intrare
813 3465 868 3518 et
904 3463 974 3518 ad
995 3467 1186 3518 castra
1206 3478 1460 3517 remeare
1482 3477 1718 3533 compu-

79 3552 264 3609 limus.
297 3554 442 3609 Cum
475 3568 610 3625 ergo
632 3551 922 3607 vidissent
942 3551 1097 3624 quod
1121 3567 1188 3606 ex
1210 3549 1310 3605 illa
1329 3555 1491 3622 parte
1512 3565 1716 3606 nocere

81 3642 234 3698 nobis
251 3641 397 3698 nihil
416 3641 768 3714 potuissent,
794 3641 876 3696 ita
893 3657 998 3696 nos
1022 3656 1090 3694 ex
1110 3639 1268 3696 omni
1293 3644 1454 3712 parte
1475 3639 1720 3696 circum-

78 3729 255 3786 ierunt
283 3734 350 3787 ut
382 3727 528 3785 nulli
561 3747 628 3785 ex
661 3730 876 3786 nostris
908 3730 1063 3784 exire
1110 3729 1197 3784 vel
1244 3730 1314 3785 ad
1364 3746 1472 3785 nos
1517 3729 1713 3784 venire

77 3819 374 3888 potuerint.
409 3820 597 3886 Quare
627 3819 706 3873 ita
732 3817 976 3874 desolati
1007 3823 1065 3874 et
1086 3816 1287 3873 afﬂicti
1312 3816 1533 3872 fuimus
1556 3817 1710 3888 quod

76 3905 214 3963 fame
241 3912 296 3964 et
322 3907 455 3964 aliis
486 3906 690 3963 multis
722 3907 1011 3979 angustiis
1051 3905 1390 3974 morientes,
1442 3922 1625 3976 equos
1657 3909 1715 3961 et

75 3995 254 4052 asinos
284 3999 521 4053 nostros
555 3994 855 4051 famelicos
887 3994 1302 4052 interficientes
1330 3993 1501 4050 multi
1527 3995 1711 4050 nostri

76 4085 461 4142 comederunt.

139 4172 242 4228 Sed
274 4173 510 4229 interim
543 4172 1001 4228 clementissima
1030 4171 1432 4227 misericordia
1452 4172 1712 4244 omnipo-

78 4259 236 4316 tentis
266 4260 366 4316 Dei
401 4261 570 4317 nobis
599 4261 979 4317 subveniente
1010 4264 1067 4315 et
1089 4277 1194 4332 pro
1219 4260 1388 4316 nobis
1411 4260 1708 4333 vigilante,

77 4342 421 4404 Dominicam
446 4348 729 4418 lanceam,
755 4366 871 4420 qua
892 4348 1046 4403 latus
1066 4348 1205 4403 Jesu
1228 4347 1442 4404 Christi
1467 4350 1709 4423 Longini

71 4436 332 4493 manibus
357 4437 728 4510 perforatum
762 4437 890 4505 fuit,
925 4441 1125 4493 sancto
1166 4437 1400 4492 Andrea
1449 4437 1711 4509 apostolo

1823 3295 1882 3346 et
1910 3305 2138 3346 crucem
2173 3288 2490 3359 bajulando
2520 3287 2820 3344 Christum
2852 3286 3017 3359 sequi
3047 3284 3474 3359 pwoapieti,et

1824 3377 2219 3433 Christianum
2261 3392 2472 3432 nomen
2523 3375 2776 3431 exaltare
2823 3374 3260 3441 commonuisti,
3297 3387 3471 3430 eom-

1824 3467 2177 3539 plendoquse
2196 3465 2464 3520 hortatus
2481 3479 2544 3519 es
2557 3465 2627 3520 ad
2651 3479 2756 3520 nos
2773 3463 2993 3533 venias,
3013 3467 3070 3520 et
3088 3477 3475 3535 quoscunque

1825 3555 2042 3628 poteris
2074 3559 2138 3610 ut
2177 3557 2372 3609 tecum
2419 3553 2656 3610 veniant
2699 3552 3077 3609 submeneas.
3111 3551 3268 3608 «Hinc
3305 3549 3473 3608 enim

1813 3643 2220 3700 Christianum
2252 3659 2470 3698 nomen}
2494 3641 2754 3714 sumpsit
2790 3641 3114 3699 exordium.
3155 3640 3474 3712 Postquam

1820 3733 1980 3789 enim
2029 3733 2238 3788 beatus
2287 3735 2495 3788 Petrus
2541 3731 2602 3786 in
2651 3730 2931 3787 cathedra
2975 3741 3160 3802 quam
3207 3727 3474 3801 quotidie

1822 3819 2120 3877 cernimus
2149 3819 2578 3876 inthronizatus
2607 3818 2738 3887 fuit,
2763 3818 2855 3874 illi
2882 3817 3166 3891 qui-prius
3183 3817 3472 3874 venaban-

1821 3913 1918 3965 tur
1947 3907 2189 3975 Galilaei,
2224 3909 2319 3964 hic
2347 3909 2606 3981 primum
2623 3912 2684 3963 et
2701 3905 3104 3980 principaliter
3123 3905 3311 3963 vocati
3333 3907 3474 3962 sunt

1819 3998 2156 4054 Christiani.
2190 3997 2338 4064 Quid
2371 3997 2553 4070 igitur
2578 3995 2639 4052 in
2668 3997 2809 4053 orbe
2838 3996 3054 4052 rectius
3074 4010 3216 4054 esse
3240 3994 3473 4051 videtur

1819 4101 1999 4160 quam
2021 4093 2089 4143 ut
2110 4092 2196 4151 tu,
2220 4087 2322 4159 qui
2346 4087 2515 4142 Pater
2533 4090 2591 4142 et
2609 4089 2788 4158 caput
2805 4084 3145 4142 Christianas
3168 4082 3468 4156 religionis

1819 4176 2040 4246 existis,
2075 4177 2146 4231 ad
2195 4176 2399 4231 urbem
2443 4174 2825 4248 principalem
2847 4178 2914 4230 et
2941 4173 3253 4246 capitalem
3300 4171 3472 4227 Chri-

1818 4265 1993 4322 stiani
2038 4265 2296 4321 nominis
2326 4265 2546 4332 venias,
2585 4268 2644 4321 et
2693 4262 2914 4320 bellum
2961 4263 3118 4334 quod
3159 4265 3336 4317 tuum
3373 4263 3472 4316 est

1819 4354 2118 4426 proprium
2151 4370 2220 4410 ex
2249 4357 2351 4409 tua
2383 4358 2544 4425 parte
2574 4352 2868 4408 conficias.
2903 4351 3019 4406 Nos
3047 4350 3204 4405 enim
3248 4349 3472 4404 Turoos

1819 4444 1877 4495 et
1895 4455 2154 4512 paganos
2171 4439 2655 4512 expugnavimus.
2676 4437 2981 4494 Haeretin
2995 4435 3472 4503 autem'Gtmcos,

76 4525 292 4615 cuidam
327 4525 550 4615 famulo
601 4526 701 4583 Dei
752 4531 840 4583 ter
889 4526 1179 4582 revelante
1228 4527 1359 4597 (60),
1409 4530 1466 4582 et
1515 4527 1708 4615 ipsum
1743 4549 1788 4615 D
1821 4532 1878 4584 et
1904 4533 2212 4592 Armenes,
2245 4534 2422 4599 atque
2452 4527 2671 4600 Syrios,
2702 4527 3118 4598 Jacobitasque
3137 4538 3472 4615 expugnare

77 4609 252 4670 locum
286 4617 386 4671 ubi
421 4613 624 4672 lancea
644 4617 883 4688 jacebat
903 4616 1366 4683 demonstrante,
1388 4615 1444 4671 in
1469 4613 1716 4671 ecclesia

78 4698 217 4758 Beati
251 4705 399 4762 Petri
432 4704 827 4777 apostolorum
853 4704 1134 4777 principis
1157 4703 1507 4760 invenimus.
1534 4704 1716 4776 Cujus

80 4787 394 4850 inventione
423 4798 480 4848 et
509 4793 712 4849 multis
744 4792 877 4847 aliis
915 4792 1128 4848 divinis
1160 4792 1613 4848 revelationibus
1635 4793 1716 4848 ita

77 4881 370 4938 confortati
401 4887 458 4938 et
490 4880 844 4938 corroborati
878 4881 1100 4936 fuimus
1130 4886 1194 4936 ut
1225 4881 1326 4953 qui
1359 4887 1492 4936 ante
1513 4881 1714 4936 afﬂicti

77 4974 128 5023 et
144 4970 328 5026 timidi
347 4973 665 5037 fueramus,
687 4976 829 5025 tunc
847 4971 918 5025 ad
941 4969 1159 5026 bellum
1185 4970 1513 5025 faciendum
1542 4971 1717 5025 auda-

77 5057 284 5114 cissimi
338 5059 906 5132 promptissimique,
959 5057 1056 5113 alii
1115 5057 1263 5114 alios
1311 5059 1710 5114 hortabamur.

76 5143 248 5215 igitur
279 5149 469 5203 tribus
499 5147 969 5203 hebdomadibus
1001 5150 1058 5201 et
1087 5150 1340 5219 quatuor
1369 5147 1576 5204 diebus
1614 5149 1714 5203 ob-

81 5235 234 5302 sessi,
266 5235 324 5289 in
363 5236 559 5309 vigilia
612 5234 1011 5310 apostolorum
1063 5235 1216 5291 Petri
1266 5241 1322 5291 et
1367 5235 1528 5291 Pauli
1578 5237 1712 5309 (61),

75 5317 131 5374 'in
159 5321 271 5378 Deo
317 5324 696 5392 conﬁdentes,
751 5327 808 5381 et
850 5324 921 5380 de
969 5325 1246 5380 omnibus
1294 5325 1716 5397 iniquitatibus

77 5411 278 5469 nostris
308 5415 578 5484 confessi,
610 5418 874 5487 petentes
895 5417 1094 5485 portas
1119 5413 1373 5469 civitatis
1392 5430 1528 5471 cum
1552 5414 1716 5472 omni

277 5515 421 5596 Yide
451 5519 814 5596 Wilelﬁ._Tyr.
846 5520 948 5578 lib.
979 5535 1055 5592 Vl,
1088 5535 1139 5576 c.
1174 5519 1261 5578 44.

148 5589 455 5670 (6t)1bid.,
489 5610 539 5651 ο.
572 5593 699 5652 220.

386 5720 650 5791 ΡΑτιιοι.
693 5717 840 5789 GLI.

1823 4617 2216 4688 nequivimus.
2252 4617 2602 4672 Mandamus
2631 4616 2810 4688 igitur
2835 4619 2896 4670 et
2925 4614 3343 4670 remandamus
3361 4610 3471 4673 tibi

1824 4705 2174 4760 charissimo
2192 4705 2347 4761 Patri
2379 4709 2577 4761 nostro
2609 4709 2674 4760 ut
2694 4703 2974 4770 tu,Pater,
2997 4702 3069 4758 ad
3089 4705 3202 4757 tua:
3217 4699 3477 4773 paterni-

1823 4793 1959 4848 tatis
1991 4792 2186 4848 locum
2215 4795 2434 4860 venias,
2467 4798 2524 4848 et
2553 4793 2654 4865 qui
2687 4793 2873 4848 sancti
2905 4791 3054 4847 Petri
3084 4806 3149 4846 es
3196 4789 3472 4856 vicarius,

1824 4882 1882 4937 in
1917 4882 2192 4938 cathedra
2223 4883 2408 4938 sancti
2440 4882 2592 4938 Petri
2623 4882 2827 4938 sedeas
2851 4885 2914 4937 et
2940 4897 3050 4936 nos
3074 4878 3228 4936 filios
3255 4882 3391 4936 tuos
3408 4878 3474 4936 in

1825 4971 2102 5026 omnibus
2135 4975 2286 5025 recte
2309 4969 2550 5043 agendis
2573 4969 2910 5026 obedientes
2930 4968 3170 5037 habeas;
3189 4972 3252 5024 et
3265 4983 3476 5024 omnes

1823 5060 2095 5126 haereses,
2129 5060 2536 5131 cujuscunque
2565 5058 2756 5132 gentis
2788 5058 2928 5126 sint,
2978 5062 3082 5116 tua
3127 5057 3475 5116 auctoritate

1823 5154 1883 5206 et
1942 5153 2145 5205 nostra
2197 5148 2413 5204 virtute
2469 5149 2729 5204 eradicas
2786 5152 2844 5203 et
2895 5148 3220 5216 destruas;
3279 5149 3335 5202 et
3389 5144 3475 5200 sic

1826 5238 2136 5293 nobiscum
2165 5237 2319 5293 viam
2349 5236 2488 5292 Jesu
2518 5235 2732 5291 Christi
2758 5253 2794 5290 a
2812 5235 2984 5291 nobis
3013 5234 3305 5306 inceptam
3355 5234 3413 5286 et
3439 5244 3478 5284 ιι

1823 5330 1880 5382 te
1905 5325 2278 5398 praedicatam
2310 5324 2597 5396 perﬁcies,
2631 5328 2689 5380 et
2719 5324 2894 5380 etiam
2928 5327 3125 5395 portas
3168 5319 3478 5390 utriusque

1827 5413 2188 5471 Hierusalem
2231 5412 2400 5468 nobis
2449 5412 2697 5486 aperias,
2749 5417 2808 5470 et
2855 5408 3192 5483 sepulcrum
3242 5399 3479 5466 Domini

1897 5519 2009 5603 (62)
2041 5520 2221 5591 Idem,
2250 5519 2354 5591 lib,
2387 5535 2466 5591 v1,
2499 5535 2550 5579 ο.
2582 5519 2633 5579 4.

3081 5711 3162 5785 ιο
