3894 6214
1653 404 1722 469 Β.
1769 399 2060 468 URBANI
2107 395 2159 458 ll
2202 387 2452 456 ΡΑΡᾸΞ.

2258 387 2452 455 ΑΡᾸΞ.
3638 375 3777 439 358
3793 430 3796 433 .

364 869 464 979 “Si.
964 869 1257 966 ἐξ·ἑέώῇ
1280 899 1645 958 smculomm.
1671 895 1853 950 Amen
1875 889 2006 960 (63).
2118 879 2349 956 publice
2365 872 2946 950 quasiinobedientes
2960 869 3070 926 sibi
3091 870 3782 940 nosexcommunicaret,

364 942 401 997 q
1653 983 1668 997 ι
1772 979 1786 997 ι
1811 979 1857 997 ι-
1901 977 2005 997 ιι--
2122 975 2172 997 ..ι
2207 967 2392 997 ιΑΛι-ιηιΛ
2425 964 2640 997 διειιῖηἶη
2670 961 3058 997 ηιιηνηιτηὴοπι
3093 959 3370 997 nhhnfnm
3405 961 3458 997 nl
3483 959 3782 997 nmhiﬂin-

324 1033 328 1036 ,
364 959 1244 1079 TIJin-evgiur-ela—tu—mvest
1267 1005 1476 1053 unum,
1517 983 1670 1058 quod
1702 979 1866 1036 valde
1901 977 2010 1031 Deo
2119 975 2177 1026 et
2207 967 2394 1024 locato
2417 964 2640 1038 judicio
2670 959 3371 1079 qugumdamkabbatum
3404 961 3464 1016 et
3483 959 3791 1018 archidia-

437 1055 454 1068 ⁸
1435 1076 1444 1079 _
1658 1074 1666 1079 .
1863 1066 1878 1079 ι
1969 1063 1979 1074 ο
2132 1073 2398 1079 μ-Α--μ---.
2437 1067 2673 1079 ----...-...
2725 1068 2754 1079 Α
2827 1049 2976 1079 AL...“
3031 1065 3057 1079 η
3107 1049 3256 1079 ι-ιηιῖο
3307 1048 3546 1079 ΛΜἏζἈΛ
3599 1050 3787 1079 ..Διεξε-

369 1048 782 1165 omniin-usique
805 1083 1166 1146 Christicolis
1196 1048 1552 1136 contrarium
1587 1074 1694 1136 est,
1727 1066 1879 1141 quod
1935 1063 2012 1117 si-
2123 1073 2401 1165 conor‘um
2436 1067 2677 1165 suorum
2713 1049 2981 1152 'officium
3029 1049 3258 1165 abbatis
3307 1048 3546 1165 otmi‘iino
3595 1050 3791 1151 nobis

373 1139 785 1262 gnat-iussam
831 1191 1000 1234 cruce
1039 1191 1072 1228 a
1121 1176 1177 1227 te
1221 1165 1520 1224 licentiam
1568 1139 1826 1216 habeant
1867 1153 2019 1209 inter
2125 1146 2515 1204 interdiceret.
2549 1141 2973 1262 Indejuvenem
2998 1139 3314 1262 qu'emdam
3332 1139 3650 1262 ‘Lobie‘n‘sis
3674 1157 3791 1196 ca:-

1189 1258 1203 1262 -
1346 1255 1381 1262 -_
1593 1250 1604 1260 .
1761 1243 1897 1262 n1-
1953 1245 2013 1262 ι--
2127 1236 2282 1262 ..-ιιεε
2318 1235 2443 1262 ,ηεηη
2475 1248 2610 1262 mm...
2644 1232 2724 1262 ...ης
2759 1247 2788 1262 η
2816 1247 2876 1262 nn
2909 1229 3036 1262 :nno
3090 1245 3190 1262 mm
3224 1244 3326 1262 ηηα
3359 1245 3421 1262 πη
3443 1247 3508 1262 ω.
3560 1229 3764 1262 ειη-εει

373 1227 1014 1332 Ehristicbias-mbr—ari.
1046 1258 1206 1326 Quod
1243 1255 1494 1312 multum
1527 1250 1726 1306 miror.
1759 1243 1908 1309 Quia
1953 1245 2016 1296 tu
2127 1236 2286 1293 nobii
2318 1235 2444 1290 sine
2475 1230 2727 1305 regulari
2758 1229 3038 1286 electione
3067 1227 3190 1284 loco
3222 1232 3422 1286 nostro
3443 1229 3789 1297 substituit,

376 1315 847 1436 inceptovrvsancti
868 1315 1094 1408 itineris
1117 1364 1248 1404 cum
1273 1346 1378 1412 sis,
1401 1340 1730 1398 differentes
1753 1335 2018 1390 sanctum
2131 1341 2382 1396 eumque
2408 1319 2943 1436 contradlipentibus
2967 1316 3248 1372 fratribus
3267 1315 3554 1376 violenter
3580 1316 3792 1392 inges-

1226 1434 1256 1436 α
1353 1433 1362 1436 -
1388 1432 1403 1436 -
1457 1431 1470 1436 _
1579 1427 1590 1436 .
1643 1425 1658 1436 .
1723 1424 1736 1436 .
1959 1435 1969 1436 γ
2004 1435 2009 1436 ,
2135 1415 2204 1436 ,ει
2249 1409 2624 1436 μ,,ε--..ε....,.-.;
2656 1409 2668 1436 ε
2695 1407 3044 1436 ...υ-ἓᾹΛΑη-υι
3065 1407 3468 1436 ἶηηηηηληζιε..
3488 1407 3768 1436 m-_:l‘.--

380 1407 640 1508 iis
1045 1437 1135 1494 vel
1187 1407 1405 1506 aliquid
1457 1427 1592 1484 boni
1643 1424 1857 1480 habere
1906 1435 2022 1474 non
2133 1407 3790 1508 sit.Cujusjuveuililiusideoqueincompositismoribus,

337 1528 340 1531 ’
381 1495 1047 1604 Ηξῇθῖήῖηῖέὶηξίέρῐηω
1091 1528 1204 1580 iter
1233 1495 1612 1592 adimpleant.
1657 1515 1728 1570 Et
1775 1527 1890 1566 non
1939 1512 2028 1604 est
2134 1503 2472 1604 quibuspcr
2491 1495 2934 1604 bi‘enniumpfere
2955 1513 3071 1568 quo
3093 1495 3686 1604 przefuit,.dissipatis‘
3704 1514 3795 1553 re-

385 1596 554 1686 nobis
583 1596 732 1698 opus
762 1626 830 1677 ut
857 1596 1077 1676 bonum
1109 1613 1264 1687 quod
1296 1607 1522 1682 ccepisti
1567 1602 1882 1698 disturbcs,
1927 1596 2024 1652 sed

341 1731 346 1740 '
387 1719 559 1775 etiam
590 1689 692 1770 tuo
723 1711 973 1767 adventu
1002 1711 1058 1763 et
1101 1702 1368 1760 omnium
1415 1698 1699 1753 bonorum
1751 1689 2028 1758 virorum,

389 1821 612 1880 quoscu
624 1818 774 1874 nque
792 1796 1007 1872 poteris
1025 1794 1312 1852 adducere
1325 1793 1538 1853 tecum,
1555 1799 1662 1838 nos
1674 1778 2030 1877 corrobores.

391 1867 566 1954 ﬁecet
592 1867 749 1948 enim
781 1867 848 1944 ut
876 1903 982 1942 nos
1011 1882 1112 1940 Dei
1145 1879 1358 1937 auxilio
1388 1875 1625 1946 tuisque
1651 1867 1868 1926 sanctis
1905 1881 2034 1938 pre-

395 1985 564 2041 cibus
595 1977 977 2052 acquisitores
1010 1971 1193 2028 totius
1223 1965 1538 2032 Romaniae,
1587 1959 1820 2020 Ciliciae,
1853 1954 2034 2052 ‘Asiaa,

396 2071 597 2146 Syriae,
626 2041 1032 2124 te‘habeamus
1061 2062 1194 2134 post
1223 2057 1403 2146 Deum
1438 2047 1872 2146 adiutoremmet
1902 2041 2040 2146 sub-

399 2131 752 2218 venientem.
783 2155 869 2210 Tu
899 2167 1031 2208 vero
1061 2131 1168 2205 nos
1201 2145 1352 2201 filios
1382 2158 1486 2215 per
1513 2137 1711 2196 omnia
1758 2133 1860 2190 tibi
1907 2131 2042 2187 obe-

404 2251 648 2313 dientes,
679 2246 848 2300 Pater
876 2239 1160 2314 piissime,
1187 2231 1364 2290 debes
1393 2241 1662 2302 separare
1707 2224 1796 2314 ab-
1824 2221 2046 2314 injuste

404 2307 772 2410 imperatore,
809 2307 904 2403 qui
951 2326 1137 2383 multa
1187 2324 1338 2378 bona
1389 2315 1660 2410 promisit
1705 2309 1894 2410 nobis,
1946 2307 2046 2410 sed

406 2399 648 2484 minime
677 2399 843 2478 fecit:
861 2415 1070 2474 Omnia
1117 2412 1274 2468 enim
1323 2407 1480 2465 mala
1529 2408 1585 2460 et
1632 2399 2052 2472 impedimenta

408 2525 769 2589 quaecunque
800 2508 984 2562 facere
1018 2501 1226 2576 potuit,
1253 2495 1432 2589 nobis
1461 2493 1616 2589 fecit.

480 2603 608 2658 Haec
625 2571 828 2656 charta
845 2594 952 2650 fuit
969 2571 1186 2663 scripta
1207 2587 1300 2642 die
1315 2602 1367 2640 xu
1390 2583 1644 2637 intrante
1665 2571 2050 2648 Septembrio,

407 2689 728 2748 indictione
758 2703 813 2741 IV
844 2685 942 2755 [v11
956 2685 984 2753 ξ.

412 2865 722 2926 Theoderici
767 2861 978 2918 abbatis
1021 2861 1073 2913 et
1125 2855 1369 2926 ﬁliorum
1423 2847 1676 2926 Ecclesiae
1722 2844 1784 2898 Β.
1835 2839 2060 2896 Huberti

487 2917 884 3006 ﬁdae—ineast
914 2917 1134 3006 libellus
1158 2924 1389 2996 supplex
1418 2919 1488 2975 ad
1529 2917 1808 2976 Urbanum
1855 2927 2061 2984 papam

485 3001 674 3068 contra
709 3003 959 3064 Viredum
988 3001 1283 3056 intr-usum.

701 3093 987 3167 (MARTEN.
1021 3087 1190 3159 ampl.
1225 3083 1446 3141 Collect.
1479 3077 1572 3147 IV,
1593 3076 1776 3144 1010.)

493 3203 738 3262 Domino
767 3205 826 3256 et
855 3192 1164 3254 universali
1196 3206 1357 3264 papa:
1391 3187 1627 3243 Unsmo
1657 3180 1762 3236 filii
1797 3176 2062 3235 Ecclesia:

2139 1593 2247 1646 bus
2265 1587 2694 1650 ecclesiasticis,
2723 1585 2924 1657 religio
2947 1601 3179 1657 quoque
3199 1601 3328 1658 quae
3346 1585 3404 1640 in
3427 1584 3554 1642 loco
3575 1587 3792 1643 eodem

2141 1680 2388 1754 gloriose
2419 1677 2647 1747 vigebat
2667 1674 2934 1747 deperiit.
2965 1674 3125 1730 Unde
3146 1673 3488 1748 compulsus
3507 1673 3796 1732 Otbertus

2141 1789 2171 1826 a
2217 1769 2363 1823 duce
2409 1764 2718 1821 Godefrido
2766 1763 3013 1836 aliisque
3061 1762 3368 1836 provinciae
3422 1764 3797 1838 principibus

2144 1875 2290 1931 quos
2321 1857 2597 1925 gravabat
2626 1855 2888 1925 ejusdem
2923 1853 3030 1908 loci
3059 1853 3366 1924 dispersio,
3399 1853 3566 1910 illum
3607 1871 3790 1910 suum

2147 1947 2316 2019 ejecit
2342 1962 2410 1999 ex
2442 1962 2527 1998 eo.
2561 1943 2651 1996 Sic
2682 1942 2848 1998 nobis
2879 1946 3110 2015 patente
3141 1940 3266 1999 loco
3288 1942 3633 2011 revertendi,
3659 1960 3799 1999 eum

2148 2035 2474 2092 rediremus
2491 2033 2562 2088 ad
2581 2033 2786 2088 fratres
2807 2035 3058 2096 nostros,
3089 2030 3498 2087 revocantibus
3519 2031 3629 2103 eis,
3651 2031 3808 2087 indi-

2151 2129 2364 2198 gnatus
2394 2123 2702 2178 adversum
2730 2137 2835 2176 nos
2867 2120 3161 2190 Otbertus,
3195 2135 3330 2176 cum
3379 2120 3648 2177 audisset
3696 2137 3806 2178 nos

2155 2214 2300 2268 forte
2329 2210 2640 2276 infirmari,
2673 2206 3032 2280 sepulturam
3083 2223 3458 2265 communem
3509 2209 3706 2277 nobis,
3757 2207 3808 2265 si

2157 2316 2538 2363 moreremur,
2571 2297 2890 2363 interdixit,
2925 2296 3213 2353 ministris
3244 2297 3488 2354 abbatis:
3528 2314 3602 2354 ne
3634 2298 3808 2354 nobis

2159 2390 2462 2447 obedirent
2491 2386 2805 2460 prohibuit,
2847 2385 3166 2442 monachos
3213 2386 3421 2458 ejicere
3467 2390 3525 2446 et
3573 2403 3688 2460 pro.
3728 2391 3814 2444 eis

2161 2480 2400 2538 clericos
2431 2493 2728 2550 reponere,
2759 2486 2814 2530 et
2837 2474 3239 2547 possessiones
3259 2475 3689 2532 ecclesiasticas
3715 2474 3816 2531 mi-

2163 2571 2367 2628 litibus
2399 2570 2524 2624 suis
2547 2566 2821 2632 dividere,
2847 2565 2961 2621 nisi
2987 2565 3414 2632 recederemus,
3435 2565 3677 2637 juravit.
3702 2565 3818 2621 Nos

2159 2677 2294 2716 vero
2334 2659 2542 2713 dantes
2589 2655 2781 2710 locum
2834 2653 2953 2721 iras,
3010 2669 3144 2709 cum
3191 2653 3510 2710 imminens
3558 2653 3814 2711 ecclesia

2165 2752 2376 2804 nostra:
2393 2743 2712 2818 periculum
2736 2743 3034 2798 Lamberto
3053 2741 3420 2800 Atrebatensi
3437 2741 3734 2816 episcopo,
3759 2747 3814 2800 et

2166 2839 2381 2894 domno
2406 2831 2648 2890 Rodulfo
2673 2830 3025 2887 Virdunensi
3053 2831 3272 2898 abbati,
3308 2831 3630 2903 multisque
3684 2831 3812 2888 aliis

2169 2925 2295 2982 sani
2328 2919 2556 2978 consilii
2583 2919 2725 2974 viris
2757 2918 3219 2991 deploraremus,
3264 2919 3338 2974 ad
3369 2919 3529 2974 hunc
3578 2918 3810 2974 tandem

2170 3016 2346 3070 finem
2373 3009 2734 3077 devenimus,
2765 3013 2829 3062 ut
2859 3011 3064 3080 sponte
3087 3012 3286 3063 nostra
3308 3007 3517 3080 privati
3542 3006 3812 3062 baculum

2170 3099 2520 3176 pastoralem
2542 3098 2668 3154 loco
2695 3101 2893 3153 nostro
2925 3096 3318 3168 fratribusque
3357 3095 3810 3161 remitteremus,

2172 3208 2244 3248 ne
2268 3193 2502 3264 propter
2531 3204 2637 3244 nos
2668 3186 2752 3242 eis
2783 3186 3037 3242 eveniret
3067 3185 3224 3258 quod
3254 3184 3630 3242 timebamus.
3676 3184 3815 3241 Huic

423 3299 487 3352 Β.
512 3291 750 3351 Huberti
771 3305 872 3362 pro
883 3286 1050 3342 deten
1059 3283 1220 3340 sione
1235 3295 1381 3334 vera:
1399 3273 1532 3330 fidei
1551 3273 1800 3362 ejusque
1817 3266 1958 3362 legit

2275 3297 2371 3336 ien
2405 3282 2615 3335 nostrae
2647 3275 2954 3348 privationi
3003 3290 3072 3330 ex
3117 3273 3360 3330 consilio
3410 3273 3813 3347 praedictorum

425 3355 788 3458 apostolatus
815 3375 973 3451 passi
1005 3371 1428 3444 dispersionem
1459 3365 1516 3418 in
1550 3359 1738 3416 oculis
1766 3357 1866 3415 Dei
1913 3355 2067 3428 quod

427 3473 644 3530 dicitur
670 3481 819 3526 esse.

495 3559 829 3618 Dormiente
842 3551 1126 3611 ι)οωὶηοῦ
1133 3565 1259 3614 esu,
1279 3543 1442 3602 navis
1464 3537 1782 3613 apostolica
1799 3534 1860 3591 in
1879 3532 2070 3590 medio

425 3650 607 3708 maris
629 3646 964 3720 jactabatur
987 3639 1292 3696 ﬂuctibus:
1318 3635 1445 3706 ipso
1467 3643 1701 3720 quoque
1721 3640 1876 3720 nunc
1898 3621 2072 3720 dissi-

427 3709 712 3802 mulante,
727 3731 980 3806 peccatis
999 3723 1394 3800 exigentibus:
1419 3721 1638 3775 sanctae
1662 3712 1928 3806 Ecclesia:
1949 3709 2076 3766 uni-

423 3835 518 3885 tas
547 3843 582 3882 a
609 3800 1005 3880 Schismaticis
1035 3812 1431 3887 perturbatur,
1464 3810 1521 3861 et
1541 3800 1930 3860 amarissimis
1951 3815 2076 3871 per-

426 3913 796 3972 secutionum
818 3901 1268 3977 tempestatibus
1297 3895 1521 3969 passim
1539 3893 1751 3950 veritas
1769 3895 1829 3948 et
1840 3887 2076 3962 justitia

426 3999 824 4060 confunditur.
845 3994 1034 4064 Hujus
1051 3985 1470 4064 persecutionis
1491 3979 1804 4056 procellam
1823 3979 1950 4050 jam
1973 3991 2076 4064 per
2095 4009 2098 4012 ~

427 4095 650 4163 septem
683 4099 868 4143 annos
911 4063 1038 4138 sine
1069 4073 1450 4150 refragatione
1484 4069 1666 4145 passi,
1715 4065 1954 4163 tandem
2000 4063 2074 4162 ad

428 4151 740 4237 consilium
771 4173 1043 4228 Romanis
1065 4165 1331 4223 Ecclesiae
1355 4160 1750 4234 confugimus;
1776 4153 1929 4226 quod
1951 4151 2078 4224 qui-

430 4271 564 4326 dem
588 4266 712 4336 jam
745 4261 847 4318 diu
895 4259 1024 4316 ideo
1071 4253 1434 4316 distulimus,
1481 4266 1556 4305 ne
1599 4243 1765 4301 vobis
1811 4257 2077 4336 essemus

429 4329 613 4420 oneri“,
647 4368 780 4410 cum
797 4349 931 4408 usui
947 4365 1063 4405 non
1077 4337 1853 4402 fuerimus.Postdecessum
1877 4329 2078 4420 domui

428 4418 662 4504 Henrici
695 4437 1032 4499 Leodiensis
1054 4433 1299 4509 legitimi
1324 4425 1606 4502 episcopi,
1635 4422 1913 4509 Otbertus
1942 4418 2078 4509 qui-

429 4539 565 4595 dam
578 4527 969 4590 donoHenrici
985 4507 1136 4583 dicti
1154 4521 1472 4596 regis,cum
1491 4529 1607 4586 quo
1628 4513 1687 4566 in
1713 4507 2079 4582 expeditione

428 4629 632 4684 contra
644 4611 1291 4678 RomanamEcclesiam
1303 4603 1661 4668 morabatur,
1675 4599 2077 4672 episcopatum

425 4712 663 4780 invasit,
688 4714 745 4766 et
765 4709 860 4764 hic
881 4707 1006 4763 sine
1028 4698 1308 4759 canonica
1323 4691 1601 4750 electione
1617 4685 1756 4745 cleri
1775 4691 1834 4742 et
1855 4683 2074 4780 populi.

405 4803 538 4869 Qui
568 4774 704 4857 cum
735 4815 797 4855 se
829 4798 1116 4852 fautorem
1145 4792 1204 4842 et
1232 4783 1595 4840 defensorem
1613 4775 1880 4869 Quiberti
1904 4774 2079 4830 haere-

411 4867 670 4949 siarchas
720 4885 952 4960 publice
989 4879 1261 4950 jactaret,
1284 4874 1342 4928 et
1387 4867 1740 4942 quamplura
1787 4881 1913 4937 quas
1961 4880 2078 4960 non

429 4987 569 5039 sunt
597 4954 808 5034 nostrai
841 4963 1232 5027 accusationis
1263 4965 1467 5018 contra
1497 4973 1694 5012 sacros
1725 4969 1974 5008 canones
2005 4954 2074 5008 ad

429 5067 834 5127 confusionem
889 5052 1344 5114 ecclesiasticam
1402 5052 1618 5104 temere
1672 5043 2074 5109 exordiuaret,

409 5175 608 5215 causa
635 5147 864 5210 timoris
891 5145 985 5201 Dei
1023 5147 1080 5198 et
1128 5137 1489 5214 apostolatus
1529 5133 1704 5190 vestri
1749 5131 1941 5187 visum
1987 5135 2079 5186 est

411 5247 598 5304 Inobis
629 5233 976 5309 subjectioni
1001 5232 1128 5301 ejus
1159 5247 1267 5286 nos
1287 5224 1652 5288 subtrahere,
1675 5221 1847 5292 cujus
1865 5217 2079 5276 violen-

409 5338 524 5392 -'tize
537 5348 652 5388 non
667 5332 1005 5400 poteramus
1019 5311 1554 5376 resistere.Eductis
1568 5309 1950 5366 nobiscumau
1959 5312 2073 5365 tem

429 5397 788 5496 quibusdam
831 5413 1078 5468 fratrum
1111 5409 1466 5496 nostrorum,
1490 5416 1593 5496 per
1635 5397 1809 5496 cellas
1843 5403 2076 5496 nostras

412 5486 948 5575 adivertimus,quas
959 5497 1018 5552 in
1033 5491 1304 5552 Remensi
1317 5497 1374 5548 et
1386 5489 1546 5548 Laud
1555 5488 1761 5545 unensi
1776 5486 2072 5561 episcopio

423 5574 928 5659 habebamusrlbi
968 5582 1200 5640 interim
1231 5597 1334 5656 per
1363 5581 1646 5638 domuum
1679 5574 2074 5652 Raginoldum

495 5705 606 5796 (63)
639 5703 767 5762 Haec
799 5708 919 5756 non
951 5695 1176 5752 exstant
1199 5689 1351 5771 apud
1391 5684 1788 5752 Fulcherium.

2175 3370 2433 3425 virorum
2464 3383 2532 3422 ea
2559 3364 2811 3420 conditio
2837 3367 2927 3420 est
2955 3361 3300 3435 interposita
3327 3368 3386 3418 et
3404 3361 3654 3435 signatis
3673 3360 3817 3418 litte-

2179 3458 2259 3514 ris
2290 3457 2540 3512 firmata.
2576 3453 2666 3510 Me
2695 3469 2762 3509 eo
2793 3455 2962 3526 pacto
2991 3451 3203 3525 privari
3236 3451 3528 3517 consensi,
3560 3450 3610 3506 si
3665 3466 3817 3508 com-

2180 3547 2378 3604 munis
2406 3560 2722 3601 consensus
2746 3541 3130 3598 fratrumloco
3162 3557 3290 3597 meo
3321 3539 3557 3614 eligeret
3577 3555 3818 3613 praeesse

2181 3637 2294 3692 sibi
2324 3634 2636 3707 quemdam
2669 3630 3049 3704 Bcringerum
3079 3630 3348 3686 abbatem
3396 3629 3455 3686 S.
3510 3626 3815 3693 Laurentii,

2181 3725 2278 3798 qui
2298 3725 2462 3796 prius
2477 3721 2800 3778 monachus
2822 3719 3003 3776 nostri
3027 3718 3271 3775 emnobii
3281 3764 3295 3792 ,
3318 3717 3584 3774 eamdem
3599 3733 3699 3774 seu
3709 3721 3818 3772 ten-

2181 3814 2320 3870 tiam
2353 3828 2532 3884 quam
2563 3809 2894 3878 tuebamur,
2926 3808 3232 3864 videbatur
3277 3806 3450 3864 tueri.
3505 3805 3620 3863 Hoc
3666 3805 3815 3865 idem

2182 3903 2304 3959 fieri
2319 3901 2516 3957 censui
2526 3915 2680 3970 mus,
2694 3903 2758 3954 ut
2769 3899 2924 3954 idem
2939 3897 3285 3971 Beringerus
3305 3897 3566 3953 adomno
3579 3895 3817 3952 Henrico

2180 3987 2494 4048 venerabili
2529 3987 2800 4060 pontiﬁce
2821 3989 3192 4042 consecratus
3218 3985 3278 4041 in
3299 3985 3589 4050 abbatem,
3613 3983 3821 4042 iterano

2182 4081 2270 4136 dae
2299 4076 2750 4134 consecrationis
2781 4075 2854 4132 ab
2885 4075 3122 4131 Otberto
3150 4075 3359 4130 vitaret
3390 4071 3815 4131 necessitatem.

2184 4168 2346 4234 Quod
2379 4182 2513 4222 cum
2543 4164 2783 4221 omnino
2835 4164 3025 4222 facere
3074 4161 3272 4232 nollet,
3320 4167 3379 4220 et
3425 4161 3598 4220 taedio
3644 4161 3818 4234 hujus

2185 4254 2480 4313 dilationis
2526 4253 2801 4310 Otbertus
2841 4251 3174 4326 eligendum
3227 4251 3498 4310 abbatem
3549 4251 3820 4308 fratribus

2185 4345 2486 4412 indiceret,
2518 4347 2576 4400 et
2604 4343 2688 4399 illi
2719 4343 3033 4416 quemdam
3055 4357 3296 4399 suorum
3319 4340 3710 4398 communiter
3727 4338 3824 4396 eli-

2185 4439 2407 4509 gerent,
2433 4435 2610 4489 frater
2627 4432 2902 4488 Wiredus
2924 4430 3228 4491 nobiscum
3249 4430 3389 4488 olim
3407 4446 3586 4486 causa
3603 4429 3824 4486 tuendae

2187 4524 2320 4580 fidei
2346 4538 2620 4594 egressus
2649 4522 2721 4578 de
2752 4519 3127 4587 monasterio,
3158 4523 3217 4576 et
3245 4519 3466 4576 Otberti
3497 4523 3638 4576 tunc
3667 4534 3824 4576 acer-

2110 4633 2156 4698 D
2187 4612 2373 4669 rimus
2386 4613 2780 4686 impugnator,
2798 4610 3082 4682 praedictae
3097 4623 3332 4682 quoque
3343 4607 3644 4666 electionis
3653 4623 3823 4680 spon-

2187 4705 2398 4757 taneus
2427 4704 2702 4768 assertor,
2734 4699 2921 4755 eidem
2950 4697 3133 4755 electo
3166 4695 3482 4771 persuasit,
3504 4699 3570 4753 ut
3599 4695 3822 4752 interim

2187 4789 2344 4847 domi
2373 4793 2650 4858 cessaret,
2684 4805 2756 4844 ne
2785 4787 3035 4862 gratiam
3065 4785 3364 4844 electionis
3394 4801 3512 4843 suae
3537 4785 3685 4842 dono
3729 4800 3823 4841 ex-

2186 4879 2599 4936 communicati
2629 4876 2909 4942 inficeret,
2933 4875 3176 4949 ipseque
3198 4875 3268 4930 ad
3291 4873 3595 4930 Otbertum
3615 4889 3674 4932 se
3696 4889 3820 4929 con-

2185 4967 2341 5028 tulit,
2373 4972 2430 5022 et
2462 4971 2669 5040 praeter
2705 4964 3122 5021 conscientiam
3169 4967 3430 5020 nostram
3479 4968 3539 5019 et
3584 4962 3816 5018 fratrum

2185 5056 2526 5112 electionem
2555 5057 2627 5111 de
2649 5071 2829 5111 manu
2850 5053 3072 5110 Otberti
3093 5052 3389 5110 abbatiam
3411 5050 3644 5106 invasit.
3665 5049 3821 5122 Cogi-

2185 5143 2508 5202 tationibus
2530 5149 2726 5201 autem
2749 5143 2876 5214 ejus
2899 5142 3220 5200 seinvicem
3239 5139 3670 5207 accusantibus,
3691 5155 3818 5196 eum

2185 5250 2250 5290 se
2281 5231 2619 5304 aliquandiu
2651 5249 2687 5289 a
2725 5230 3104 5304 suscipienda
3148 5229 3582 5287 consecratione
3611 5226 3821 5284 Otberti

2185 5320 2577 5390 subtraheret,
2609 5325 2666 5376 et
2695 5319 2967 5376 Otbertus
2997 5319 3107 5376 hoc
3127 5319 3320 5392 ipsum
3345 5315 3675 5390 intelligens
3693 5331 3820 5372 cum
3866 5381 3875 5405 J

2185 5411 2260 5466 ad
2293 5409 2752 5464 consecrandum
2781 5407 2996 5480 saepius
3019 5410 3302 5470 evocaret.
3338 5407 3549 5462 fratres
3579 5421 3823 5462 commu-

2185 5496 2422 5554 nionem
2453 5500 2512 5552 et
2541 5495 2962 5571 subjectionem
2995 5513 3164 5554 suam
3187 5494 3662 5558 contradixerunt
3679 5498 3750 5568 et,
3770 5493 3826 5553 si
