  <div class='ocr_page' id='page_1' title='image "/cluster/home/n/w/nwhite01/storage/ocr_20150623/151/uva.x000829795/302.png"; bbox 0 0 3894 6214; ppageno 0'>
   <div class='ocr_carea' id='block_1_1' title="bbox 66 395 3413 467">
    <p class='ocr_par' dir='ltr' id='par_1_1' title="bbox 66 395 3413 467">
     <span class='ocr_line' id='line_1_1' title="bbox 66 395 3413 467; baseline -0.001 -2"><span class='ocrx_word' id='word_1_1' title='bbox 66 403 162 467; x_wconf 75' lang='lat'><strong>557</strong></span> <span class='ocrx_word' id='word_1_2' title='bbox 1187 395 1591 460; x_wconf 66' lang='lat' dir='ltr'><strong>EPISTOLzE</strong></span> <span class='ocrx_word' id='word_1_3' title='bbox 1635 398 1733 459; x_wconf 85' lang='lat' dir='ltr'><strong>ET</strong></span> <span class='ocrx_word' id='word_1_4' title='bbox 1779 398 2242 460; x_wconf 83' lang='lat' dir='ltr'><strong>PRIVILEGIA.</strong></span> <span class='ocrx_word' id='word_1_5' title='bbox 3291 401 3413 465; x_wconf 80' lang='lat'><strong>558</strong></span> 
     </span>
    </p>
   </div>
   <div class='ocr_carea' id='block_1_2' title="bbox 67 530 3405 606">
    <p class='ocr_par' dir='ltr' id='par_1_2' title="bbox 67 530 3405 606">
     <span class='ocr_line' id='line_1_2' title="bbox 67 530 3405 606; baseline -0 -14"><span class='ocrx_word' id='word_1_6' title='bbox 67 539 123 592; x_wconf 90' lang='lat' dir='ltr'><strong>ab</strong></span> <span class='ocrx_word' id='word_1_7' title='bbox 146 537 359 591; x_wconf 88' lang='lat' dir='ltr'><strong>Otberto</strong></span> <span class='ocrx_word' id='word_1_8' title='bbox 389 537 682 606; x_wconf 89' lang='lat' dir='ltr'><strong>pateretur</strong></span> <span class='ocrx_word' id='word_1_9' title='bbox 712 532 1069 587; x_wconf 90' lang='lat' dir='ltr'><strong>consecrari.</strong></span> <span class='ocrx_word' id='word_1_10' title='bbox 1106 531 1316 586; x_wconf 66' lang='lat' dir='ltr'><strong>Prmter</strong></span> <span class='ocrx_word' id='word_1_11' title='bbox 1345 530 1544 586; x_wconf 89' lang='lat' dir='ltr'><strong>omnia</strong></span> <span class='ocrx_word' id='word_1_12' title='bbox 1560 546 1659 586; x_wconf 88' lang='lat' dir='ltr'><strong>au-</strong></span> <span class='ocrx_word' id='word_1_13' title='bbox 1690 532 1747 597; x_wconf 77' lang='grc' dir='ltr'><strong>Α</strong></span> <span class='ocrx_word' id='word_1_14' title='bbox 1775 531 1943 598; x_wconf 90' lang='lat' dir='ltr'><strong>tissa,</strong></span> <span class='ocrx_word' id='word_1_15' title='bbox 1973 549 2115 588; x_wconf 91' lang='lat' dir='ltr'><strong>uxor</strong></span> <span class='ocrx_word' id='word_1_16' title='bbox 2128 532 2403 587; x_wconf 89' lang='lat' dir='ltr'><strong>Bernardi</strong></span> <span class='ocrx_word' id='word_1_17' title='bbox 2424 532 2659 588; x_wconf 89' lang='lat' dir='ltr'><strong>comitis</strong></span> <span class='ocrx_word' id='word_1_18' title='bbox 2682 531 3066 598; x_wconf 87' lang='lat' dir='ltr'><strong>Pictavorum,</strong></span> <span class='ocrx_word' id='word_1_19' title='bbox 3085 549 3189 605; x_wconf 91' lang='lat' dir='ltr'><strong>pro</strong></span> <span class='ocrx_word' id='word_1_20' title='bbox 3215 533 3405 592; x_wconf 85' lang='lat' dir='ltr'><strong>salute</strong></span> 
     </span>
    </p>
   </div>
   <div class='ocr_carea' id='block_1_3' title="bbox 66 618 1663 697">
    <p class='ocr_par' dir='ltr' id='par_1_3' title="bbox 66 618 1663 697">
     <span class='ocr_line' id='line_1_3' title="bbox 66 618 1663 697; baseline -0.005 -16"><span class='ocrx_word' id='word_1_21' title='bbox 66 630 160 682; x_wconf 86' lang='lat' dir='ltr'><strong>tem</strong></span> <span class='ocrx_word' id='word_1_22' title='bbox 180 640 293 697; x_wconf 62' lang='lat' dir='ltr'><strong>quae</strong></span> <span class='ocrx_word' id='word_1_23' title='bbox 313 640 485 696; x_wconf 85' lang='lat' dir='ltr'><strong>supra</strong></span> <span class='ocrx_word' id='word_1_24' title='bbox 504 621 781 690; x_wconf 83' lang='lat' dir='ltr'><strong>diximus,</strong></span> <span class='ocrx_word' id='word_1_25' title='bbox 797 622 1076 693; x_wconf 81' lang='lat' dir='ltr'><strong>gravabat</strong></span> <span class='ocrx_word' id='word_1_26' title='bbox 1087 618 1387 675; x_wconf 79' lang='lat' dir='ltr'><strong>ecclesiam</strong></span> <span class='ocrx_word' id='word_1_27' title='bbox 1404 623 1663 675; x_wconf 88' lang='lat' dir='ltr'><strong>castrum</strong></span> 
     </span>
    </p>
   </div>
   <div class='ocr_carea' id='block_1_4' title="bbox 68 708 1663 786">
    <p class='ocr_par' dir='ltr' id='par_1_4' title="bbox 68 708 1663 786">
     <span class='ocr_line' id='line_1_4' title="bbox 68 708 1663 786; baseline -0.003 -18"><span class='ocrx_word' id='word_1_28' title='bbox 68 713 320 786; x_wconf 78' lang='lat' dir='ltr'><strong>quoddam</strong></span> <span class='ocrx_word' id='word_1_29' title='bbox 379 728 490 767; x_wconf 90' lang='lat' dir='ltr'><strong>non</strong></span> <span class='ocrx_word' id='word_1_30' title='bbox 549 710 718 783; x_wconf 90' lang='lat' dir='ltr'><strong>longe</strong></span> <span class='ocrx_word' id='word_1_31' title='bbox 747 709 818 766; x_wconf 90' lang='lat' dir='ltr'><strong>ab</strong></span> <span class='ocrx_word' id='word_1_32' title='bbox 848 726 917 765; x_wconf 88' lang='lat' dir='ltr'><strong>ea</strong></span> <span class='ocrx_word' id='word_1_33' title='bbox 946 709 1148 777; x_wconf 89' lang='lat' dir='ltr'><strong>situm,</strong></span> <span class='ocrx_word' id='word_1_34' title='bbox 1181 709 1336 781; x_wconf 91' lang='lat' dir='ltr'><strong>quod</strong></span> <span class='ocrx_word' id='word_1_35' title='bbox 1382 708 1663 765; x_wconf 85' lang='lat' dir='ltr'><strong>Henricus</strong></span> 
     </span>
    </p>
   </div>
   <div class='ocr_carea' id='block_1_5' title="bbox 67 797 1660 874">
    <p class='ocr_par' dir='ltr' id='par_1_5' title="bbox 67 797 1660 874">
     <span class='ocr_line' id='line_1_5' title="bbox 67 797 1660 874; baseline -0.004 -17"><span class='ocrx_word' id='word_1_36' title='bbox 67 802 331 874; x_wconf 87' lang='lat' dir='ltr'><strong>episcopus</strong></span> <span class='ocrx_word' id='word_1_37' title='bbox 347 801 729 868; x_wconf 88' lang='lat' dir='ltr'><strong>destruxerat,</strong></span> <span class='ocrx_word' id='word_1_38' title='bbox 766 803 822 854; x_wconf 90' lang='lat' dir='ltr'><strong>et</strong></span> <span class='ocrx_word' id='word_1_39' title='bbox 854 815 925 854; x_wconf 92' lang='lat' dir='ltr'><strong>ne</strong></span> <span class='ocrx_word' id='word_1_40' title='bbox 958 797 1089 870; x_wconf 85' lang='lat' dir='ltr'><strong>quis</strong></span> <span class='ocrx_word' id='word_1_41' title='bbox 1136 797 1280 853; x_wconf 89' lang='lat' dir='ltr'><strong>illud</strong></span> <span class='ocrx_word' id='word_1_42' title='bbox 1326 800 1660 865; x_wconf 89' lang='lat' dir='ltr'><strong>restrueret,</strong></span> 
     </span>
    </p>
   </div>
   <div class='ocr_carea' id='block_1_6' title="bbox 66 885 1664 963">
    <p class='ocr_par' dir='ltr' id='par_1_6' title="bbox 66 885 1664 963">
     <span class='ocr_line' id='line_1_6' title="bbox 66 885 1664 963; baseline -0.003 -18"><span class='ocrx_word' id='word_1_43' title='bbox 66 897 304 963; x_wconf 87' lang='lat' dir='ltr'><strong>perpetuo</strong></span> <span class='ocrx_word' id='word_1_44' title='bbox 320 888 686 944; x_wconf 79' lang='lat' dir='ltr'><strong>anathemate</strong></span> <span class='ocrx_word' id='word_1_45' title='bbox 717 888 1113 943; x_wconf 84' lang='lat' dir='ltr'><strong>damnaverat.</strong></span> <span class='ocrx_word' id='word_1_46' title='bbox 1149 886 1265 941; x_wconf 84' lang='lat' dir='ltr'><strong>Hoc</strong></span> <span class='ocrx_word' id='word_1_47' title='bbox 1295 885 1664 941; x_wconf 84' lang='lat' dir='ltr'><strong>anathemate</strong></span> 
     </span>
    </p>
   </div>
   <div class='ocr_carea' id='block_1_7' title="bbox 66 972 1662 1051">
    <p class='ocr_par' dir='ltr' id='par_1_7' title="bbox 66 972 1662 1051">
     <span class='ocr_line' id='line_1_7' title="bbox 66 972 1662 1051; baseline -0.004 -17"><span class='ocrx_word' id='word_1_48' title='bbox 66 977 449 1051; x_wconf 86' lang='lat' dir='ltr'><strong>postposito,ad</strong></span> <span class='ocrx_word' id='word_1_49' title='bbox 476 977 917 1049; x_wconf 86' lang='lat' dir='ltr'><strong>oppressionem</strong></span> <span class='ocrx_word' id='word_1_50' title='bbox 937 973 1273 1031; x_wconf 79' lang='lat' dir='ltr'><strong>monasterii</strong></span> <span class='ocrx_word' id='word_1_51' title='bbox 1307 972 1450 1029; x_wconf 90' lang='lat' dir='ltr'><strong>illud</strong></span> <span class='ocrx_word' id='word_1_52' title='bbox 1485 974 1662 1029; x_wconf 86' lang='lat' dir='ltr'><strong>refor-</strong></span> 
     </span>
    </p>
   </div>
   <div class='ocr_carea' id='block_1_8' title="bbox 66 1063 1661 1137">
    <p class='ocr_par' dir='ltr' id='par_1_8' title="bbox 66 1063 1661 1137">
     <span class='ocr_line' id='line_1_8' title="bbox 66 1063 1661 1137; baseline -0.003 -16"><span class='ocrx_word' id='word_1_53' title='bbox 66 1070 385 1131; x_wconf 87' lang='lat' dir='ltr'><strong>maverat,et</strong></span> <span class='ocrx_word' id='word_1_54' title='bbox 439 1065 645 1121; x_wconf 80' lang='lat' dir='ltr'><strong>fratres</strong></span> <span class='ocrx_word' id='word_1_55' title='bbox 703 1081 915 1137; x_wconf 89' lang='lat' dir='ltr'><strong>corpus</strong></span> <span class='ocrx_word' id='word_1_56' title='bbox 970 1065 1026 1119; x_wconf 88' lang='grc' dir='ltr'><strong>Β.</strong></span> <span class='ocrx_word' id='word_1_57' title='bbox 1064 1063 1329 1132; x_wconf 83' lang='lat' dir='ltr'><strong>Huberti,</strong></span> <span class='ocrx_word' id='word_1_58' title='bbox 1362 1063 1532 1135; x_wconf 89' lang='lat' dir='ltr'><strong>quasi</strong></span> <span class='ocrx_word' id='word_1_59' title='bbox 1590 1063 1661 1118; x_wconf 88' lang='lat' dir='ltr'><strong>ad</strong></span> 
     </span>
    </p>
   </div>
   <div class='ocr_carea' id='block_1_9' title="bbox 64 1151 1661 1223">
    <p class='ocr_par' dir='ltr' id='par_1_9' title="bbox 64 1151 1661 1223">
     <span class='ocr_line' id='line_1_9' title="bbox 64 1151 1661 1223; baseline -0.002 -14"><span class='ocrx_word' id='word_1_60' title='bbox 64 1154 395 1210; x_wconf 83' lang='lat' dir='ltr'><strong>obtinendam</strong></span> <span class='ocrx_word' id='word_1_61' title='bbox 419 1153 879 1210; x_wconf 78' lang='lat' dir='ltr'><strong>misericordiam</strong></span> <span class='ocrx_word' id='word_1_62' title='bbox 898 1152 998 1207; x_wconf 91' lang='lat' dir='ltr'><strong>illo</strong></span> <span class='ocrx_word' id='word_1_63' title='bbox 1021 1153 1363 1221; x_wconf 90' lang='lat' dir='ltr'><strong>deferentes,</strong></span> <span class='ocrx_word' id='word_1_64' title='bbox 1378 1169 1566 1223; x_wconf 88' lang='lat' dir='ltr'><strong>usque</strong></span> <span class='ocrx_word' id='word_1_65' title='bbox 1589 1151 1661 1206; x_wconf 92' lang='lat' dir='ltr'><strong>ad</strong></span> 
     </span>
    </p>
   </div>
   <div class='ocr_carea' id='block_1_10' title="bbox 64 1241 1661 1316">
    <p class='ocr_par' dir='ltr' id='par_1_10' title="bbox 64 1241 1661 1316">
     <span class='ocr_line' id='line_1_10' title="bbox 64 1241 1661 1316; baseline -0.003 -18"><span class='ocrx_word' id='word_1_66' title='bbox 64 1243 678 1316; x_wconf 83' lang='lat' dir='ltr'><strong>sanguiniseii‘usionem</strong></span> <span class='ocrx_word' id='word_1_67' title='bbox 703 1242 1129 1316; x_wconf 89' lang='lat' dir='ltr'><strong>propriamanu</strong></span> <span class='ocrx_word' id='word_1_68' title='bbox 1154 1241 1661 1298; x_wconf 59' lang='lat' dir='ltr'><strong>mactaveratlirec</strong></span> 
     </span>
    </p>
   </div>
   <div class='ocr_carea' id='block_1_11' title="bbox 63 1331 1660 1404">
    <p class='ocr_par' dir='ltr' id='par_1_11' title="bbox 63 1331 1660 1404">
     <span class='ocr_line' id='line_1_11' title="bbox 63 1331 1660 1404; baseline -0.003 -16"><span class='ocrx_word' id='word_1_69' title='bbox 63 1333 226 1388; x_wconf 83' lang='lat' dir='ltr'><strong>omnia</strong></span> <span class='ocrx_word' id='word_1_70' title='bbox 244 1349 370 1389; x_wconf 92' lang='lat' dir='ltr'><strong>cum</strong></span> <span class='ocrx_word' id='word_1_71' title='bbox 393 1334 462 1389; x_wconf 90' lang='lat' dir='ltr'><strong>de</strong></span> <span class='ocrx_word' id='word_1_72' title='bbox 480 1332 718 1388; x_wconf 88' lang='lat' dir='ltr'><strong>Otberto</strong></span> <span class='ocrx_word' id='word_1_73' title='bbox 735 1331 1014 1388; x_wconf 86' lang='lat' dir='ltr'><strong>Wiredus</strong></span> <span class='ocrx_word' id='word_1_74' title='bbox 1037 1336 1256 1398; x_wconf 85' lang='lat' dir='ltr'><strong>nosset,</strong></span> <span class='ocrx_word' id='word_1_75' title='bbox 1276 1336 1441 1404; x_wconf 90' lang='lat' dir='ltr'><strong>rapto</strong></span> <span class='ocrx_word' id='word_1_76' title='bbox 1464 1334 1660 1386; x_wconf 90' lang='lat' dir='ltr'><strong>tamen</strong></span> 
     </span>
    </p>
   </div>
   <div class='ocr_carea' id='block_1_12' title="bbox 63 1418 1659 1495">
    <p class='ocr_par' dir='ltr' id='par_1_12' title="bbox 63 1418 1659 1495">
     <span class='ocr_line' id='line_1_12' title="bbox 63 1418 1659 1495; baseline -0.001 -19"><span class='ocrx_word' id='word_1_77' title='bbox 63 1420 207 1477; x_wconf 86' lang='lat' dir='ltr'><strong>semel</strong></span> <span class='ocrx_word' id='word_1_78' title='bbox 237 1421 444 1479; x_wconf 88' lang='lat' dir='ltr'><strong>honore</strong></span> <span class='ocrx_word' id='word_1_79' title='bbox 494 1418 710 1495; x_wconf 82' lang='lat' dir='ltr'><strong>privari</strong></span> <span class='ocrx_word' id='word_1_80' title='bbox 764 1419 978 1488; x_wconf 82' lang='lat' dir='ltr'><strong>timuit,</strong></span> <span class='ocrx_word' id='word_1_81' title='bbox 1014 1425 1070 1475; x_wconf 90' lang='lat' dir='ltr'><strong>et</strong></span> <span class='ocrx_word' id='word_1_82' title='bbox 1101 1424 1324 1478; x_wconf 87' lang='lat' dir='ltr'><strong>mutata</strong></span> <span class='ocrx_word' id='word_1_83' title='bbox 1351 1420 1659 1487; x_wconf 89' lang='lat' dir='ltr'><strong>sententia,</strong></span> 
     </span>
    </p>
   </div>
   <div class='ocr_carea' id='block_1_13' title="bbox 63 1508 1659 1582">
    <p class='ocr_par' dir='ltr' id='par_1_13' title="bbox 63 1508 1659 1582">
     <span class='ocr_line' id='line_1_13' title="bbox 63 1508 1659 1582; baseline -0.001 -17"><span class='ocrx_word' id='word_1_84' title='bbox 63 1526 208 1581; x_wconf 87' lang='lat' dir='ltr'><strong>quam</strong></span> <span class='ocrx_word' id='word_1_85' title='bbox 230 1511 532 1566; x_wconf 89' lang='lat' dir='ltr'><strong>nobiscum</strong></span> <span class='ocrx_word' id='word_1_86' title='bbox 564 1514 851 1579; x_wconf 87' lang='lat' dir='ltr'><strong>tenuerat,</strong></span> <span class='ocrx_word' id='word_1_87' title='bbox 889 1510 984 1566; x_wconf 87' lang='lat' dir='ltr'><strong>Dei</strong></span> <span class='ocrx_word' id='word_1_88' title='bbox 1008 1508 1254 1582; x_wconf 83' lang='lat' dir='ltr'><strong>gloriam</strong></span> <span class='ocrx_word' id='word_1_89' title='bbox 1286 1508 1659 1581; x_wconf 84' lang='lat' dir='ltr'><strong>contempsit,</strong></span> 
     </span>
    </p>
   </div>
   <div class='ocr_carea' id='block_1_14' title="bbox 59 1598 1659 1672">
    <p class='ocr_par' dir='ltr' id='par_1_14' title="bbox 59 1598 1659 1672">
     <span class='ocr_line' id='line_1_14' title="bbox 59 1598 1659 1672; baseline 0 -20"><span class='ocrx_word' id='word_1_90' title='bbox 59 1602 102 1652; x_wconf 88' lang='lat' dir='ltr'><strong>et</strong></span> <span class='ocrx_word' id='word_1_91' title='bbox 125 1616 273 1654; x_wconf 85' lang='lat' dir='ltr'><strong>suam</strong></span> <span class='ocrx_word' id='word_1_92' title='bbox 330 1599 613 1672; x_wconf 65' lang='lat' dir='ltr'><strong>quaesivit,</strong></span> <span class='ocrx_word' id='word_1_93' title='bbox 647 1599 849 1672; x_wconf 85' lang='lat' dir='ltr'><strong>sicque</strong></span> <span class='ocrx_word' id='word_1_94' title='bbox 879 1603 1254 1655; x_wconf 85' lang='lat' dir='ltr'><strong>consecratus</strong></span> <span class='ocrx_word' id='word_1_95' title='bbox 1283 1598 1354 1653; x_wconf 86' lang='lat' dir='ltr'><strong>ab</strong></span> <span class='ocrx_word' id='word_1_96' title='bbox 1403 1599 1659 1666; x_wconf 85' lang='lat' dir='ltr'><strong>Otberto,</strong></span> 
     </span>
    </p>
   </div>
   <div class='ocr_carea' id='block_1_15' title="bbox 59 1686 1657 1761">
    <p class='ocr_par' dir='ltr' id='par_1_15' title="bbox 59 1686 1657 1761">
     <span class='ocr_line' id='line_1_15' title="bbox 59 1686 1657 1761; baseline -0.001 -21"><span class='ocrx_word' id='word_1_97' title='bbox 59 1686 221 1742; x_wconf 82' lang='lat' dir='ltr'><strong>invitis</strong></span> <span class='ocrx_word' id='word_1_98' title='bbox 275 1688 575 1756; x_wconf 85' lang='lat' dir='ltr'><strong>fratribus,</strong></span> <span class='ocrx_word' id='word_1_99' title='bbox 608 1705 711 1761; x_wconf 93' lang='lat' dir='ltr'><strong>pro</strong></span> <span class='ocrx_word' id='word_1_100' title='bbox 772 1692 933 1761; x_wconf 86' lang='lat' dir='ltr'><strong>patre</strong></span> <span class='ocrx_word' id='word_1_101' title='bbox 964 1705 1026 1743; x_wconf 92' lang='lat' dir='ltr'><strong>se</strong></span> <span class='ocrx_word' id='word_1_102' title='bbox 1056 1686 1338 1743; x_wconf 88' lang='lat' dir='ltr'><strong>violenter</strong></span> <span class='ocrx_word' id='word_1_103' title='bbox 1394 1686 1657 1759; x_wconf 82' lang='lat' dir='ltr'><strong>ingessit.</strong></span> 
     </span>
    </p>
   </div>
   <div class='ocr_carea' id='block_1_16' title="bbox 57 1774 1660 1850">
    <p class='ocr_par' dir='ltr' id='par_1_16' title="bbox 57 1774 1660 1850">
     <span class='ocr_line' id='line_1_16' title="bbox 57 1774 1660 1850; baseline 0 -21"><span class='ocrx_word' id='word_1_104' title='bbox 57 1774 151 1830; x_wconf 88' lang='lat' dir='ltr'><strong>Hac</strong></span> <span class='ocrx_word' id='word_1_105' title='bbox 170 1774 555 1850; x_wconf 81' lang='lat' dir='ltr'><strong>indignatione</strong></span> <span class='ocrx_word' id='word_1_106' title='bbox 583 1778 790 1833; x_wconf 80' lang='lat' dir='ltr'><strong>fratres</strong></span> <span class='ocrx_word' id='word_1_107' title='bbox 813 1775 1083 1849; x_wconf 88' lang='lat' dir='ltr'><strong>dispersi,</strong></span> <span class='ocrx_word' id='word_1_108' title='bbox 1117 1793 1251 1833; x_wconf 91' lang='lat' dir='ltr'><strong>cum</strong></span> <span class='ocrx_word' id='word_1_109' title='bbox 1282 1776 1660 1849; x_wconf 87' lang='lat' dir='ltr'><strong>insequeren-</strong></span> 
     </span>
    </p>
   </div>
   <div class='ocr_carea' id='block_1_17' title="bbox 50 1864 1736 1964">
    <p class='ocr_par' dir='ltr' id='par_1_17' title="bbox 50 1864 1736 1964">
     <span class='ocr_line' id='line_1_17' title="bbox 50 1864 1736 1964; baseline 0.001 -47"><span class='ocrx_word' id='word_1_110' title='bbox 50 1869 130 1919; x_wconf 89' lang='lat' dir='ltr'><strong>tur</strong></span> <span class='ocrx_word' id='word_1_111' title='bbox 152 1864 217 1920; x_wconf 87' lang='lat' dir='ltr'><strong>ab</strong></span> <span class='ocrx_word' id='word_1_112' title='bbox 236 1882 318 1934; x_wconf 91' lang='lat' dir='ltr'><strong>eo,</strong></span> <span class='ocrx_word' id='word_1_113' title='bbox 340 1865 699 1938; x_wconf 87' lang='lat' dir='ltr'><strong>quibusdam</strong></span> <span class='ocrx_word' id='word_1_114' title='bbox 724 1865 1104 1921; x_wconf 79' lang='lat' dir='ltr'><strong>saecularibus</strong></span> <span class='ocrx_word' id='word_1_115' title='bbox 1132 1864 1438 1921; x_wconf 91' lang='lat' dir='ltr'><strong>conductis</strong></span> <span class='ocrx_word' id='word_1_116' title='bbox 1463 1864 1660 1920; x_wconf 88' lang='lat' dir='ltr'><strong>eonfu-</strong></span> <span class='ocrx_word' id='word_1_117' title='bbox 1690 1899 1736 1964; x_wconf 76' lang='grc' dir='ltr'><strong>Β</strong></span> 
     </span>
    </p>
   </div>
   <div class='ocr_carea' id='block_1_18' title="bbox 45 1953 1657 2024">
    <p class='ocr_par' dir='ltr' id='par_1_18' title="bbox 45 1953 1657 2024">
     <span class='ocr_line' id='line_1_18' title="bbox 45 1953 1657 2024; baseline 0 -17"><span class='ocrx_word' id='word_1_118' title='bbox 45 1957 226 2024; x_wconf 86' lang='lat' dir='ltr'><strong>gerunt</strong></span> <span class='ocrx_word' id='word_1_119' title='bbox 242 1953 529 2011; x_wconf 82' lang='lat' dir='ltr'><strong>auxilium</strong></span> <span class='ocrx_word' id='word_1_120' title='bbox 549 1954 818 2012; x_wconf 65' lang='lat' dir='ltr'><strong>Ecclesia:</strong></span> <span class='ocrx_word' id='word_1_121' title='bbox 840 1953 1147 2010; x_wconf 85' lang='lat' dir='ltr'><strong>Remensis</strong></span> <span class='ocrx_word' id='word_1_122' title='bbox 1160 1959 1217 2010; x_wconf 90' lang='lat' dir='ltr'><strong>et</strong></span> <span class='ocrx_word' id='word_1_123' title='bbox 1229 1955 1386 2009; x_wconf 86' lang='lat' dir='ltr'><strong>Laud</strong></span> <span class='ocrx_word' id='word_1_124' title='bbox 1397 1953 1657 2009; x_wconf 89' lang='lat' dir='ltr'><strong>unensis.</strong></span> 
     </span>
    </p>
   </div>
   <div class='ocr_carea' id='block_1_19' title="bbox 48 2042 1664 2117">
    <p class='ocr_par' dir='ltr' id='par_1_19' title="bbox 48 2042 1664 2117">
     <span class='ocr_line' id='line_1_19' title="bbox 48 2042 1664 2117; baseline 0 -20"><span class='ocrx_word' id='word_1_125' title='bbox 48 2043 111 2098; x_wconf 85' lang='lat' dir='ltr'><strong>Eo</strong></span> <span class='ocrx_word' id='word_1_126' title='bbox 153 2059 368 2116; x_wconf 83' lang='lat' dir='ltr'><strong>quoque</strong></span> <span class='ocrx_word' id='word_1_127' title='bbox 418 2044 560 2101; x_wconf 86' lang='lat' dir='ltr'><strong>illos</strong></span> <span class='ocrx_word' id='word_1_128' title='bbox 607 2047 1016 2117; x_wconf 81' lang='lat' dir='ltr'><strong>prosequente,</strong></span> <span class='ocrx_word' id='word_1_129' title='bbox 1064 2060 1198 2099; x_wconf 90' lang='lat' dir='ltr'><strong>cum</strong></span> <span class='ocrx_word' id='word_1_130' title='bbox 1248 2044 1306 2098; x_wconf 92' lang='lat' dir='ltr'><strong>in</strong></span> <span class='ocrx_word' id='word_1_131' title='bbox 1355 2042 1664 2116; x_wconf 80' lang='lat' dir='ltr'><strong>praesentia</strong></span> 
     </span>
    </p>
   </div>
   <div class='ocr_carea' id='block_1_20' title="bbox 52 2130 1663 2207">
    <p class='ocr_par' dir='ltr' id='par_1_20' title="bbox 52 2130 1663 2207">
     <span class='ocr_line' id='line_1_20' title="bbox 52 2130 1663 2207; baseline -0.001 -21"><span class='ocrx_word' id='word_1_132' title='bbox 52 2130 220 2187; x_wconf 88' lang='lat' dir='ltr'><strong>domni</strong></span> <span class='ocrx_word' id='word_1_133' title='bbox 250 2133 516 2192; x_wconf 86' lang='lat' dir='ltr'><strong>Manasse</strong></span> <span class='ocrx_word' id='word_1_134' title='bbox 552 2138 869 2190; x_wconf 87' lang='lat' dir='ltr'><strong>Remorum</strong></span> <span class='ocrx_word' id='word_1_135' title='bbox 904 2133 1159 2207; x_wconf 88' lang='lat' dir='ltr'><strong>episcopi</strong></span> <span class='ocrx_word' id='word_1_136' title='bbox 1188 2137 1244 2189; x_wconf 87' lang='lat' dir='ltr'><strong>et</strong></span> <span class='ocrx_word' id='word_1_137' title='bbox 1294 2131 1663 2206; x_wconf 87' lang='lat' dir='ltr'><strong>Engelramni</strong></span> 
     </span>
    </p>
   </div>
   <div class='ocr_carea' id='block_1_21' title="bbox 52 2220 1665 2296">
    <p class='ocr_par' dir='ltr' id='par_1_21' title="bbox 52 2220 1665 2296">
     <span class='ocr_line' id='line_1_21' title="bbox 52 2220 1665 2296; baseline 0.002 -22"><span class='ocrx_word' id='word_1_138' title='bbox 52 2220 425 2281; x_wconf 89' lang='lat' dir='ltr'><strong>Laudunensis</strong></span> <span class='ocrx_word' id='word_1_139' title='bbox 482 2223 739 2296; x_wconf 85' lang='lat' dir='ltr'><strong>episcopi</strong></span> <span class='ocrx_word' id='word_1_140' title='bbox 797 2239 993 2279; x_wconf 90' lang='lat' dir='ltr'><strong>rerum</strong></span> <span class='ocrx_word' id='word_1_141' title='bbox 1030 2227 1324 2296; x_wconf 86' lang='lat' dir='ltr'><strong>gestarum</strong></span> <span class='ocrx_word' id='word_1_142' title='bbox 1362 2223 1513 2277; x_wconf 91' lang='lat' dir='ltr'><strong>inter</strong></span> <span class='ocrx_word' id='word_1_143' title='bbox 1558 2238 1665 2277; x_wconf 85' lang='lat' dir='ltr'><strong>nos</strong></span> 
     </span>
    </p>
   </div>
   <div class='ocr_carea' id='block_1_22' title="bbox 51 2309 1665 2386">
    <p class='ocr_par' dir='ltr' id='par_1_22' title="bbox 51 2309 1665 2386">
     <span class='ocr_line' id='line_1_22' title="bbox 51 2309 1665 2386; baseline 0.002 -24"><span class='ocrx_word' id='word_1_144' title='bbox 51 2309 175 2364; x_wconf 86' lang='lat' dir='ltr'><strong>ratio</strong></span> <span class='ocrx_word' id='word_1_145' title='bbox 194 2311 366 2384; x_wconf 76' lang='lat' dir='ltr'><strong>fieret,</strong></span> <span class='ocrx_word' id='word_1_146' title='bbox 394 2329 465 2367; x_wconf 89' lang='lat' dir='ltr'><strong>ex</strong></span> <span class='ocrx_word' id='word_1_147' title='bbox 494 2313 723 2368; x_wconf 89' lang='lat' dir='ltr'><strong>decreto</strong></span> <span class='ocrx_word' id='word_1_148' title='bbox 752 2312 1063 2386; x_wconf 88' lang='lat' dir='ltr'><strong>utriusque</strong></span> <span class='ocrx_word' id='word_1_149' title='bbox 1096 2311 1329 2367; x_wconf 82' lang='lat' dir='ltr'><strong>firmata</strong></span> <span class='ocrx_word' id='word_1_150' title='bbox 1373 2314 1462 2366; x_wconf 91' lang='lat' dir='ltr'><strong>est</strong></span> <span class='ocrx_word' id='word_1_151' title='bbox 1494 2309 1665 2366; x_wconf 91' lang='lat' dir='ltr'><strong>nobis</strong></span> 
     </span>
    </p>
   </div>
   <div class='ocr_carea' id='block_1_23' title="bbox 51 2400 1667 2470">
    <p class='ocr_par' dir='ltr' id='par_1_23' title="bbox 51 2400 1667 2470">
     <span class='ocr_line' id='line_1_23' title="bbox 51 2400 1667 2470; baseline 0.001 -18"><span class='ocrx_word' id='word_1_152' title='bbox 51 2400 329 2470; x_wconf 81' lang='lat' dir='ltr'><strong>sententia,</strong></span> <span class='ocrx_word' id='word_1_153' title='bbox 355 2402 517 2456; x_wconf 90' lang='lat' dir='ltr'><strong>adire</strong></span> <span class='ocrx_word' id='word_1_154' title='bbox 547 2417 653 2457; x_wconf 92' lang='lat' dir='ltr'><strong>nos</strong></span> <span class='ocrx_word' id='word_1_155' title='bbox 684 2400 958 2457; x_wconf 70' lang='lat' dir='ltr'><strong>Romana:</strong></span> <span class='ocrx_word' id='word_1_156' title='bbox 1004 2400 1160 2455; x_wconf 87' lang='lat' dir='ltr'><strong>sedis</strong></span> <span class='ocrx_word' id='word_1_157' title='bbox 1202 2400 1583 2468; x_wconf 88' lang='lat' dir='ltr'><strong>audientiam,</strong></span> <span class='ocrx_word' id='word_1_158' title='bbox 1611 2401 1667 2454; x_wconf 91' lang='lat' dir='ltr'><strong>et</strong></span> 
     </span>
    </p>
   </div>
   <div class='ocr_carea' id='block_1_24' title="bbox 51 2486 1661 2562">
    <p class='ocr_par' dir='ltr' id='par_1_24' title="bbox 51 2486 1661 2562">
     <span class='ocr_line' id='line_1_24' title="bbox 51 2486 1661 2562; baseline 0.001 -22"><span class='ocrx_word' id='word_1_159' title='bbox 51 2502 203 2559; x_wconf 88' lang='lat' dir='ltr'><strong>super</strong></span> <span class='ocrx_word' id='word_1_160' title='bbox 219 2488 306 2544; x_wconf 88' lang='lat' dir='ltr'><strong>his</strong></span> <span class='ocrx_word' id='word_1_161' title='bbox 324 2493 583 2546; x_wconf 88' lang='lat' dir='ltr'><strong>vestrum</strong></span> <span class='ocrx_word' id='word_1_162' title='bbox 605 2495 935 2562; x_wconf 83' lang='lat' dir='ltr'><strong>exspectare</strong></span> <span class='ocrx_word' id='word_1_163' title='bbox 950 2486 1240 2560; x_wconf 88' lang='lat' dir='ltr'><strong>judicium</strong></span> <span class='ocrx_word' id='word_1_164' title='bbox 1274 2494 1330 2543; x_wconf 89' lang='lat' dir='ltr'><strong>et</strong></span> <span class='ocrx_word' id='word_1_165' title='bbox 1346 2488 1661 2561; x_wconf 86' lang='lat' dir='ltr'><strong>justitiam.</strong></span> 
     </span>
    </p>
   </div>
   <div class='ocr_carea' id='block_1_25' title="bbox 49 2573 1665 2653">
    <p class='ocr_par' dir='ltr' id='par_1_25' title="bbox 49 2573 1665 2653">
     <span class='ocr_line' id='line_1_25' title="bbox 49 2573 1665 2653; baseline 0.003 -26"><span class='ocrx_word' id='word_1_166' title='bbox 49 2573 302 2635; x_wconf 85' lang='lat' dir='ltr'><strong>Venimus</strong></span> <span class='ocrx_word' id='word_1_167' title='bbox 329 2596 467 2653; x_wconf 90' lang='lat' dir='ltr'><strong>ergo</strong></span> <span class='ocrx_word' id='word_1_168' title='bbox 498 2578 611 2634; x_wconf 92' lang='lat' dir='ltr'><strong>huc</strong></span> <span class='ocrx_word' id='word_1_169' title='bbox 646 2577 964 2634; x_wconf 85' lang='lat' dir='ltr'><strong>multorum</strong></span> <span class='ocrx_word' id='word_1_170' title='bbox 987 2577 1392 2650; x_wconf 85' lang='lat' dir='ltr'><strong>religiosorum</strong></span> <span class='ocrx_word' id='word_1_171' title='bbox 1423 2576 1665 2650; x_wconf 87' lang='lat' dir='ltr'><strong>impulsi</strong></span> 
     </span>
    </p>
   </div>
   <div class='ocr_carea' id='block_1_26' title="bbox 48 2664 1668 2741">
    <p class='ocr_par' dir='ltr' id='par_1_26' title="bbox 48 2664 1668 2741">
     <span class='ocr_line' id='line_1_26' title="bbox 48 2664 1668 2741; baseline 0.002 -23"><span class='ocrx_word' id='word_1_172' title='bbox 48 2664 551 2741; x_wconf 88' lang='lat' dir='ltr'><strong>consilio,quorum</strong></span> <span class='ocrx_word' id='word_1_173' title='bbox 574 2669 828 2725; x_wconf 89' lang='lat' dir='ltr'><strong>maxima</strong></span> <span class='ocrx_word' id='word_1_174' title='bbox 841 2668 1194 2741; x_wconf 88' lang='lat' dir='ltr'><strong>exspectatio</strong></span> <span class='ocrx_word' id='word_1_175' title='bbox 1226 2685 1294 2723; x_wconf 87' lang='lat' dir='ltr'><strong>ex</strong></span> <span class='ocrx_word' id='word_1_176' title='bbox 1318 2672 1518 2724; x_wconf 91' lang='lat' dir='ltr'><strong>nostro</strong></span> <span class='ocrx_word' id='word_1_177' title='bbox 1530 2684 1668 2740; x_wconf 89' lang='lat' dir='ltr'><strong>pen-</strong></span> 
     </span>
    </p>
   </div>
   <div class='ocr_carea' id='block_1_27' title="bbox 47 2752 1665 2828">
    <p class='ocr_par' dir='ltr' id='par_1_27' title="bbox 47 2752 1665 2828">
     <span class='ocr_line' id='line_1_27' title="bbox 47 2752 1665 2828; baseline 0.003 -21"><span class='ocrx_word' id='word_1_178' title='bbox 47 2752 129 2808; x_wconf 90' lang='lat' dir='ltr'><strong>det</strong></span> <span class='ocrx_word' id='word_1_179' title='bbox 177 2758 526 2828; x_wconf 87' lang='lat' dir='ltr'><strong>spectaeulo,</strong></span> <span class='ocrx_word' id='word_1_180' title='bbox 560 2762 625 2813; x_wconf 91' lang='lat' dir='ltr'><strong>ut</strong></span> <span class='ocrx_word' id='word_1_181' title='bbox 672 2757 760 2813; x_wconf 89' lang='lat' dir='ltr'><strong>vel</strong></span> <span class='ocrx_word' id='word_1_182' title='bbox 815 2775 885 2814; x_wconf 90' lang='lat' dir='ltr'><strong>ex</strong></span> <span class='ocrx_word' id='word_1_183' title='bbox 918 2762 1118 2814; x_wconf 89' lang='lat' dir='ltr'><strong>nostra</strong></span> <span class='ocrx_word' id='word_1_184' title='bbox 1167 2756 1562 2813; x_wconf 88' lang='lat' dir='ltr'><strong>consolatione</strong></span> <span class='ocrx_word' id='word_1_185' title='bbox 1594 2757 1665 2812; x_wconf 91' lang='lat' dir='ltr'><strong>ad</strong></span> 
     </span>
    </p>
   </div>
   <div class='ocr_carea' id='block_1_28' title="bbox 47 2841 1664 2918">
    <p class='ocr_par' dir='ltr' id='par_1_28' title="bbox 47 2841 1664 2918">
     <span class='ocr_line' id='line_1_28' title="bbox 47 2841 1664 2918; baseline 0.003 -22"><span class='ocrx_word' id='word_1_186' title='bbox 47 2841 417 2902; x_wconf 79' lang='lat' dir='ltr'><strong>defensionem</strong></span> <span class='ocrx_word' id='word_1_187' title='bbox 433 2863 577 2903; x_wconf 72' lang='lat' dir='ltr'><strong>verae</strong></span> <span class='ocrx_word' id='word_1_188' title='bbox 592 2845 721 2901; x_wconf 77' lang='lat' dir='ltr'><strong>fidei</strong></span> <span class='ocrx_word' id='word_1_189' title='bbox 736 2850 793 2901; x_wconf 90' lang='lat' dir='ltr'><strong>et</strong></span> <span class='ocrx_word' id='word_1_190' title='bbox 805 2850 1009 2903; x_wconf 68' lang='lat' dir='ltr'><strong>vestrae</strong></span> <span class='ocrx_word' id='word_1_191' title='bbox 1028 2844 1321 2901; x_wconf 85' lang='lat' dir='ltr'><strong>fidelitatis</strong></span> <span class='ocrx_word' id='word_1_192' title='bbox 1334 2845 1664 2918; x_wconf 83' lang='lat' dir='ltr'><strong>proﬁciant,</strong></span> 
     </span>
    </p>
   </div>
   <div class='ocr_carea' id='block_1_29' title="bbox 44 2931 1668 3006">
    <p class='ocr_par' dir='ltr' id='par_1_29' title="bbox 44 2931 1668 3006">
     <span class='ocr_line' id='line_1_29' title="bbox 44 2931 1668 3006; baseline 0.004 -22"><span class='ocrx_word' id='word_1_193' title='bbox 44 2931 132 3001; x_wconf 92' lang='lat' dir='ltr'><strong>vel,</strong></span> <span class='ocrx_word' id='word_1_194' title='bbox 155 2936 309 3006; x_wconf 87' lang='lat' dir='ltr'><strong>quod</strong></span> <span class='ocrx_word' id='word_1_195' title='bbox 334 2935 510 3001; x_wconf 90' lang='lat' dir='ltr'><strong>absit,</strong></span> <span class='ocrx_word' id='word_1_196' title='bbox 541 2952 608 2989; x_wconf 86' lang='lat' dir='ltr'><strong>ex</strong></span> <span class='ocrx_word' id='word_1_197' title='bbox 639 2939 838 2991; x_wconf 81' lang='lat' dir='ltr'><strong>nostra</strong></span> <span class='ocrx_word' id='word_1_198' title='bbox 869 2934 1224 2991; x_wconf 90' lang='lat' dir='ltr'><strong>desolatione</strong></span> <span class='ocrx_word' id='word_1_199' title='bbox 1257 2938 1312 2990; x_wconf 92' lang='lat' dir='ltr'><strong>et</strong></span> <span class='ocrx_word' id='word_1_200' title='bbox 1351 2934 1668 2990; x_wconf 81' lang='lat' dir='ltr'><strong>defectione</strong></span> 
     </span>
    </p>
   </div>
   <div class='ocr_carea' id='block_1_30' title="bbox 45 3021 1665 3095">
    <p class='ocr_par' dir='ltr' id='par_1_30' title="bbox 45 3021 1665 3095">
     <span class='ocr_line' id='line_1_30' title="bbox 45 3021 1665 3095; baseline 0.002 -21"><span class='ocrx_word' id='word_1_201' title='bbox 45 3023 91 3074; x_wconf 90' lang='lat' dir='ltr'><strong>et</strong></span> <span class='ocrx_word' id='word_1_202' title='bbox 114 3022 219 3095; x_wconf 89' lang='lat' dir='ltr'><strong>ipsi</strong></span> <span class='ocrx_word' id='word_1_203' title='bbox 276 3023 571 3079; x_wconf 81' lang='lat' dir='ltr'><strong>deﬁciant.</strong></span> <span class='ocrx_word' id='word_1_204' title='bbox 609 3021 903 3078; x_wconf 87' lang='lat' dir='ltr'><strong>Consulite</strong></span> <span class='ocrx_word' id='word_1_205' title='bbox 960 3024 1142 3094; x_wconf 85' lang='lat' dir='ltr'><strong>igitur</strong></span> <span class='ocrx_word' id='word_1_206' title='bbox 1170 3027 1373 3078; x_wconf 63' lang='lat' dir='ltr'><strong>vestrae</strong></span> <span class='ocrx_word' id='word_1_207' title='bbox 1397 3023 1665 3095; x_wconf 74' lang='lat' dir='ltr'><strong>justitize,</strong></span> 
     </span>
    </p>
   </div>
   <div class='ocr_carea' id='block_1_31' title="bbox 42 3111 1667 3182">
    <p class='ocr_par' dir='ltr' id='par_1_31' title="bbox 42 3111 1667 3182">
     <span class='ocr_line' id='line_1_31' title="bbox 42 3111 1667 3182; baseline 0.002 -19"><span class='ocrx_word' id='word_1_208' title='bbox 42 3115 220 3166; x_wconf 69' lang='lat' dir='ltr'><strong>vestrae</strong></span> <span class='ocrx_word' id='word_1_209' title='bbox 244 3112 438 3179; x_wconf 58' lang='lat' dir='ltr'><strong>fama),</strong></span> <span class='ocrx_word' id='word_1_210' title='bbox 464 3115 785 3182; x_wconf 69' lang='lat' dir='ltr'><strong>vestraeque</strong></span> <span class='ocrx_word' id='word_1_211' title='bbox 832 3111 1182 3178; x_wconf 83' lang='lat' dir='ltr'><strong>auctoritati,</strong></span> <span class='ocrx_word' id='word_1_212' title='bbox 1218 3129 1289 3168; x_wconf 90' lang='lat' dir='ltr'><strong>ne</strong></span> <span class='ocrx_word' id='word_1_213' title='bbox 1344 3111 1667 3167; x_wconf 85' lang='lat' dir='ltr'><strong>inﬁdelium</strong></span> 
     </span>
    </p>
   </div>
   <div class='ocr_carea' id='block_1_32' title="bbox 1772 619 3414 694">
    <p class='ocr_par' dir='ltr' id='par_1_32' title="bbox 1772 619 3414 694">
     <span class='ocr_line' id='line_1_32' title="bbox 1772 619 3414 694; baseline 0.002 -18"><span class='ocrx_word' id='word_1_214' title='bbox 1772 638 1880 678; x_wconf 89' lang='lat' dir='ltr'><strong>sua</strong></span> <span class='ocrx_word' id='word_1_215' title='bbox 1901 622 2207 694; x_wconf 87' lang='lat' dir='ltr'><strong>utriusque</strong></span> <span class='ocrx_word' id='word_1_216' title='bbox 2225 622 2315 677; x_wconf 89' lang='lat' dir='ltr'><strong>sui</strong></span> <span class='ocrx_word' id='word_1_217' title='bbox 2345 625 2401 677; x_wconf 90' lang='lat' dir='ltr'><strong>et</strong></span> <span class='ocrx_word' id='word_1_218' title='bbox 2431 638 2534 694; x_wconf 91' lang='lat' dir='ltr'><strong>pro</strong></span> <span class='ocrx_word' id='word_1_219' title='bbox 2560 621 2873 678; x_wconf 83' lang='lat' dir='ltr'><strong>animabus</strong></span> <span class='ocrx_word' id='word_1_220' title='bbox 2895 619 3150 678; x_wconf 85' lang='lat' dir='ltr'><strong>ﬁliorum</strong></span> <span class='ocrx_word' id='word_1_221' title='bbox 3169 638 3414 679; x_wconf 89' lang='lat' dir='ltr'><strong>suorum</strong></span> 
     </span>
    </p>
   </div>
   <div class='ocr_carea' id='block_1_33' title="bbox 1773 708 3417 780">
    <p class='ocr_par' dir='ltr' id='par_1_33' title="bbox 1773 708 3417 780">
     <span class='ocr_line' id='line_1_33' title="bbox 1773 708 3417 780; baseline 0.001 -15"><span class='ocrx_word' id='word_1_222' title='bbox 1773 710 2441 779; x_wconf 87' lang='lat' dir='ltr'><strong>defunctorum,Warini</strong></span> <span class='ocrx_word' id='word_1_223' title='bbox 2466 710 2688 767; x_wconf 86' lang='lat' dir='ltr'><strong>scilicet</strong></span> <span class='ocrx_word' id='word_1_224' title='bbox 2708 714 2765 766; x_wconf 91' lang='lat' dir='ltr'><strong>et</strong></span> <span class='ocrx_word' id='word_1_225' title='bbox 2792 708 3098 780; x_wconf 89' lang='lat' dir='ltr'><strong>Willelmi,</strong></span> <span class='ocrx_word' id='word_1_226' title='bbox 3117 714 3417 767; x_wconf 76' lang='lat' dir='ltr'><strong>monaste-</strong></span> 
     </span>
    </p>
   </div>
   <div class='ocr_carea' id='block_1_34' title="bbox 1774 798 3415 873">
    <p class='ocr_par' dir='ltr' id='par_1_34' title="bbox 1774 798 3415 873">
     <span class='ocr_line' id='line_1_34' title="bbox 1774 798 3415 873; baseline 0 -17"><span class='ocrx_word' id='word_1_227' title='bbox 1774 801 1927 856; x_wconf 89' lang='lat' dir='ltr'><strong>rium</strong></span> <span class='ocrx_word' id='word_1_228' title='bbox 1946 799 2189 857; x_wconf 81' lang='lat' dir='ltr'><strong>Blasiliae</strong></span> <span class='ocrx_word' id='word_1_229' title='bbox 2211 800 2268 856; x_wconf 94' lang='lat' dir='ltr'><strong>in</strong></span> <span class='ocrx_word' id='word_1_230' title='bbox 2291 800 2525 873; x_wconf 75' lang='lat' dir='ltr'><strong>praediis</strong></span> <span class='ocrx_word' id='word_1_231' title='bbox 2556 800 2681 857; x_wconf 86' lang='lat' dir='ltr'><strong>suis</strong></span> <span class='ocrx_word' id='word_1_232' title='bbox 2721 799 3026 856; x_wconf 92' lang='lat' dir='ltr'><strong>constituit</strong></span> <span class='ocrx_word' id='word_1_233' title='bbox 3055 803 3231 872; x_wconf 90' lang='lat' dir='ltr'><strong>atque</strong></span> <span class='ocrx_word' id='word_1_234' title='bbox 3259 798 3415 856; x_wconf 86' lang='lat' dir='ltr'><strong>circa</strong></span> 
     </span>
    </p>
   </div>
   <div class='ocr_carea' id='block_1_35' title="bbox 1773 887 3413 962">
    <p class='ocr_par' dir='ltr' id='par_1_35' title="bbox 1773 887 3413 962">
     <span class='ocr_line' id='line_1_35' title="bbox 1773 887 3413 962; baseline 0 -17"><span class='ocrx_word' id='word_1_235' title='bbox 1773 889 1842 945; x_wconf 91' lang='lat' dir='ltr'><strong>ad</strong></span> <span class='ocrx_word' id='word_1_236' title='bbox 1842 889 2177 961; x_wconf 85' lang='lat' dir='ltr'><strong>jacentibus</strong></span> <span class='ocrx_word' id='word_1_237' title='bbox 2198 888 2421 962; x_wconf 89' lang='lat' dir='ltr'><strong>campis</strong></span> <span class='ocrx_word' id='word_1_238' title='bbox 2446 893 2503 945; x_wconf 92' lang='lat' dir='ltr'><strong>et</strong></span> <span class='ocrx_word' id='word_1_239' title='bbox 2530 888 2687 945; x_wconf 93' lang='lat' dir='ltr'><strong>villis</strong></span> <span class='ocrx_word' id='word_1_240' title='bbox 2716 892 2774 944; x_wconf 91' lang='lat' dir='ltr'><strong>et</strong></span> <span class='ocrx_word' id='word_1_241' title='bbox 2802 887 3066 945; x_wconf 90' lang='lat' dir='ltr'><strong>ecclesiis</strong></span> <span class='ocrx_word' id='word_1_242' title='bbox 3097 888 3413 945; x_wconf 88' lang='lat' dir='ltr'><strong>sanctimo-</strong></span> 
     </span>
    </p>
   </div>
   <div class='ocr_carea' id='block_1_36' title="bbox 1772 977 3411 1036">
    <p class='ocr_par' dir='ltr' id='par_1_36' title="bbox 1772 977 3411 1036">
     <span class='ocr_line' id='line_1_36' title="bbox 1772 977 3411 1036; baseline 0.001 -2"><span class='ocrx_word' id='word_1_243' title='bbox 1772 978 1957 1035; x_wconf 89' lang='lat' dir='ltr'><strong>niales</strong></span> <span class='ocrx_word' id='word_1_244' title='bbox 1974 978 2089 1034; x_wconf 92' lang='lat' dir='ltr'><strong>Deo</strong></span> <span class='ocrx_word' id='word_1_245' title='bbox 2107 979 2422 1035; x_wconf 89' lang='lat' dir='ltr'><strong>servientes</strong></span> <span class='ocrx_word' id='word_1_246' title='bbox 2439 978 2520 1033; x_wconf 90' lang='lat' dir='ltr'><strong>ibi</strong></span> <span class='ocrx_word' id='word_1_247' title='bbox 2545 978 2697 1035; x_wconf 90' lang='lat' dir='ltr'><strong>unde</strong></span> <span class='ocrx_word' id='word_1_248' title='bbox 2734 978 2993 1035; x_wconf 89' lang='lat' dir='ltr'><strong>viverent</strong></span> <span class='ocrx_word' id='word_1_249' title='bbox 3030 977 3411 1036; x_wconf 73' lang='lat' dir='ltr'><strong>haereditavit.</strong></span> 
     </span>
    </p>
   </div>
   <div class='ocr_carea' id='block_1_37' title="bbox 1772 1067 3413 1141">
    <p class='ocr_par' dir='ltr' id='par_1_37' title="bbox 1772 1067 3413 1141">
     <span class='ocr_line' id='line_1_37' title="bbox 1772 1067 3413 1141; baseline 0.001 -18"><span class='ocrx_word' id='word_1_250' title='bbox 1772 1067 1987 1124; x_wconf 87' lang='lat' dir='ltr'><strong>Deinde</strong></span> <span class='ocrx_word' id='word_1_251' title='bbox 2019 1067 2329 1139; x_wconf 87' lang='lat' dir='ltr'><strong>diligenter</strong></span> <span class='ocrx_word' id='word_1_252' title='bbox 2359 1068 2602 1125; x_wconf 84' lang='lat' dir='ltr'><strong>Romam</strong></span> <span class='ocrx_word' id='word_1_253' title='bbox 2625 1068 2847 1141; x_wconf 90' lang='lat' dir='ltr'><strong>petivit,</strong></span> <span class='ocrx_word' id='word_1_254' title='bbox 2875 1067 3193 1141; x_wconf 88' lang='lat' dir='ltr'><strong>ipsumque</strong></span> <span class='ocrx_word' id='word_1_255' title='bbox 3223 1084 3413 1126; x_wconf 72' lang='lat' dir='ltr'><strong>emno-</strong></span> 
     </span>
    </p>
   </div>
   <div class='ocr_carea' id='block_1_38' title="bbox 1772 1156 3416 1231">
    <p class='ocr_par' dir='ltr' id='par_1_38' title="bbox 1772 1156 3416 1231">
     <span class='ocr_line' id='line_1_38' title="bbox 1772 1156 3416 1231; baseline 0.001 -20"><span class='ocrx_word' id='word_1_256' title='bbox 1772 1156 1932 1211; x_wconf 83' lang='lat' dir='ltr'><strong>bium</strong></span> <span class='ocrx_word' id='word_1_257' title='bbox 1958 1156 2122 1212; x_wconf 86' lang='lat' dir='ltr'><strong>beato</strong></span> <span class='ocrx_word' id='word_1_258' title='bbox 2145 1157 2310 1212; x_wconf 89' lang='lat' dir='ltr'><strong>Petro</strong></span> <span class='ocrx_word' id='word_1_259' title='bbox 2334 1156 2594 1228; x_wconf 87' lang='lat' dir='ltr'><strong>apostolo</strong></span> <span class='ocrx_word' id='word_1_260' title='bbox 2634 1160 2810 1229; x_wconf 89' lang='lat' dir='ltr'><strong>atque</strong></span> <span class='ocrx_word' id='word_1_261' title='bbox 2841 1157 3114 1231; x_wconf 88' lang='lat' dir='ltr'><strong>episcopo</strong></span> <span class='ocrx_word' id='word_1_262' title='bbox 3145 1156 3244 1230; x_wconf 90' lang='lat' dir='ltr'><strong>qui</strong></span> <span class='ocrx_word' id='word_1_263' title='bbox 3274 1161 3416 1216; x_wconf 88' lang='lat' dir='ltr'><strong>tunc</strong></span> 
     </span>
    </p>
   </div>
   <div class='ocr_carea' id='block_1_39' title="bbox 1774 1244 3415 1319">
    <p class='ocr_par' dir='ltr' id='par_1_39' title="bbox 1774 1244 3415 1319">
     <span class='ocr_line' id='line_1_39' title="bbox 1774 1244 3415 1319; baseline 0.001 -19"><span class='ocrx_word' id='word_1_264' title='bbox 1774 1245 2049 1317; x_wconf 87' lang='lat' dir='ltr'><strong>temporis</strong></span> <span class='ocrx_word' id='word_1_265' title='bbox 2076 1244 2404 1316; x_wconf 78' lang='lat' dir='ltr'><strong>apostolicae</strong></span> <span class='ocrx_word' id='word_1_266' title='bbox 2431 1246 2553 1301; x_wconf 90' lang='lat' dir='ltr'><strong>sedi</strong></span> <span class='ocrx_word' id='word_1_267' title='bbox 2586 1246 2935 1318; x_wconf 76' lang='lat' dir='ltr'><strong>praesidebat</strong></span> <span class='ocrx_word' id='word_1_268' title='bbox 2954 1246 3013 1301; x_wconf 92' lang='lat' dir='ltr'><strong>in</strong></span> <span class='ocrx_word' id='word_1_269' title='bbox 3034 1244 3415 1319; x_wconf 88' lang='lat' dir='ltr'><strong>propriojure</strong></span> 
     </span>
    </p>
   </div>
   <div class='ocr_carea' id='block_1_40' title="bbox 1772 1333 3417 1407">
    <p class='ocr_par' dir='ltr' id='par_1_40' title="bbox 1772 1333 3417 1407">
     <span class='ocr_line' id='line_1_40' title="bbox 1772 1333 3417 1407; baseline 0.001 -18"><span class='ocrx_word' id='word_1_270' title='bbox 1772 1334 2077 1389; x_wconf 90' lang='lat' dir='ltr'><strong>concessit.</strong></span> <span class='ocrx_word' id='word_1_271' title='bbox 2094 1333 2221 1406; x_wconf 89' lang='lat' dir='ltr'><strong>Ipse</strong></span> <span class='ocrx_word' id='word_1_272' title='bbox 2235 1338 2425 1389; x_wconf 88' lang='lat' dir='ltr'><strong>autem</strong></span> <span class='ocrx_word' id='word_1_273' title='bbox 2449 1351 2600 1406; x_wconf 90' lang='lat' dir='ltr'><strong>papa</strong></span> <span class='ocrx_word' id='word_1_274' title='bbox 2614 1334 2751 1390; x_wconf 90' lang='lat' dir='ltr'><strong>huic</strong></span> <span class='ocrx_word' id='word_1_275' title='bbox 2769 1335 2920 1391; x_wconf 93' lang='lat' dir='ltr'><strong>dono</strong></span> <span class='ocrx_word' id='word_1_276' title='bbox 2935 1334 3184 1407; x_wconf 88' lang='lat' dir='ltr'><strong>benigne</strong></span> <span class='ocrx_word' id='word_1_277' title='bbox 3216 1333 3417 1390; x_wconf 86' lang='lat' dir='ltr'><strong>favens</strong></span> 
     </span>
    </p>
   </div>
   <div class='ocr_carea' id='block_1_41' title="bbox 1773 1422 3415 1497">
    <p class='ocr_par' dir='ltr' id='par_1_41' title="bbox 1773 1422 3415 1497">
     <span class='ocr_line' id='line_1_41' title="bbox 1773 1422 3415 1497; baseline 0.001 -19"><span class='ocrx_word' id='word_1_278' title='bbox 1773 1424 2034 1497; x_wconf 88' lang='lat' dir='ltr'><strong>quinque</strong></span> <span class='ocrx_word' id='word_1_279' title='bbox 2063 1422 2281 1479; x_wconf 88' lang='lat' dir='ltr'><strong>solidos</strong></span> <span class='ocrx_word' id='word_1_280' title='bbox 2310 1428 2556 1479; x_wconf 65' lang='lat' dir='ltr'><strong>monetae</strong></span> <span class='ocrx_word' id='word_1_281' title='bbox 2585 1423 2964 1480; x_wconf 88' lang='lat' dir='ltr'><strong>Pictaviensis</strong></span> <span class='ocrx_word' id='word_1_282' title='bbox 3009 1427 3211 1481; x_wconf 87' lang='lat' dir='ltr'><strong>sancto</strong></span> <span class='ocrx_word' id='word_1_283' title='bbox 3246 1424 3415 1480; x_wconf 90' lang='lat' dir='ltr'><strong>Petro</strong></span> 
     </span>
    </p>
   </div>
   <div class='ocr_carea' id='block_1_42' title="bbox 1772 1510 3415 1585">
    <p class='ocr_par' dir='ltr' id='par_1_42' title="bbox 1772 1510 3415 1585">
     <span class='ocr_line' id='line_1_42' title="bbox 1772 1510 3415 1585; baseline -0.002 -16"><span class='ocrx_word' id='word_1_284' title='bbox 1772 1513 1948 1569; x_wconf 90' lang='lat' dir='ltr'><strong>semel</strong></span> <span class='ocrx_word' id='word_1_285' title='bbox 1982 1512 2040 1567; x_wconf 90' lang='lat' dir='ltr'><strong>in</strong></span> <span class='ocrx_word' id='word_1_286' title='bbox 2063 1529 2215 1567; x_wconf 89' lang='lat' dir='ltr'><strong>anno</strong></span> <span class='ocrx_word' id='word_1_287' title='bbox 2248 1510 2419 1585; x_wconf 89' lang='lat' dir='ltr'><strong>[dari]</strong></span> <span class='ocrx_word' id='word_1_288' title='bbox 2453 1511 2730 1581; x_wconf 89' lang='lat' dir='ltr'><strong>decrevit,</strong></span> <span class='ocrx_word' id='word_1_289' title='bbox 2764 1511 3005 1583; x_wconf 88' lang='lat' dir='ltr'><strong>insuper</strong></span> <span class='ocrx_word' id='word_1_290' title='bbox 3061 1511 3239 1568; x_wconf 89' lang='lat' dir='ltr'><strong>etiam</strong></span> <span class='ocrx_word' id='word_1_291' title='bbox 3271 1528 3415 1583; x_wconf 91' lang='lat' dir='ltr'><strong>apo-</strong></span> 
     </span>
    </p>
   </div>
   <div class='ocr_carea' id='block_1_43' title="bbox 1772 1599 3412 1674">
    <p class='ocr_par' dir='ltr' id='par_1_43' title="bbox 1772 1599 3412 1674">
     <span class='ocr_line' id='line_1_43' title="bbox 1772 1599 3412 1674; baseline -0.002 -16"><span class='ocrx_word' id='word_1_292' title='bbox 1772 1602 1960 1658; x_wconf 92' lang='lat' dir='ltr'><strong>stolici</strong></span> <span class='ocrx_word' id='word_1_293' title='bbox 1990 1600 2277 1674; x_wconf 90' lang='lat' dir='ltr'><strong>privilegii</strong></span> <span class='ocrx_word' id='word_1_294' title='bbox 2304 1599 2648 1656; x_wconf 87' lang='lat' dir='ltr'><strong>auctoritate</strong></span> <span class='ocrx_word' id='word_1_295' title='bbox 2680 1599 2835 1655; x_wconf 90' lang='lat' dir='ltr'><strong>idem</strong></span> <span class='ocrx_word' id='word_1_296' title='bbox 2866 1599 3200 1656; x_wconf 88' lang='lat' dir='ltr'><strong>coenobium</strong></span> <span class='ocrx_word' id='word_1_297' title='bbox 3232 1600 3412 1657; x_wconf 85' lang='lat' dir='ltr'><strong>abba-</strong></span> 
     </span>
    </p>
   </div>
   <div class='ocr_carea' id='block_1_44' title="bbox 1770 1687 3416 1762">
    <p class='ocr_par' dir='ltr' id='par_1_44' title="bbox 1770 1687 3416 1762">
     <span class='ocr_line' id='line_1_44' title="bbox 1770 1687 3416 1762; baseline -0.002 -15"><span class='ocrx_word' id='word_1_298' title='bbox 1770 1692 1911 1747; x_wconf 86' lang='lat' dir='ltr'><strong>tiam</strong></span> <span class='ocrx_word' id='word_1_299' title='bbox 1946 1689 2366 1746; x_wconf 83' lang='lat' dir='ltr'><strong>monachorum</strong></span> <span class='ocrx_word' id='word_1_300' title='bbox 2399 1688 2455 1744; x_wconf 90' lang='lat' dir='ltr'><strong>in</strong></span> <span class='ocrx_word' id='word_1_301' title='bbox 2488 1692 2837 1762; x_wconf 89' lang='lat' dir='ltr'><strong>perpetuum</strong></span> <span class='ocrx_word' id='word_1_302' title='bbox 2868 1687 3196 1756; x_wconf 87' lang='lat' dir='ltr'><strong>constituit,</strong></span> <span class='ocrx_word' id='word_1_303' title='bbox 3233 1687 3416 1745; x_wconf 89' lang='lat' dir='ltr'><strong>altare</strong></span> 
     </span>
    </p>
   </div>
   <div class='ocr_carea' id='block_1_45' title="bbox 1770 1777 3417 1852">
    <p class='ocr_par' dir='ltr' id='par_1_45' title="bbox 1770 1777 3417 1852">
     <span class='ocr_line' id='line_1_45' title="bbox 1770 1777 3417 1852; baseline -0.002 -15"><span class='ocrx_word' id='word_1_304' title='bbox 1770 1781 1944 1837; x_wconf 87' lang='lat' dir='ltr'><strong>etiam</strong></span> <span class='ocrx_word' id='word_1_305' title='bbox 1964 1780 2117 1852; x_wconf 89' lang='lat' dir='ltr'><strong>quod</strong></span> <span class='ocrx_word' id='word_1_306' title='bbox 2145 1779 2333 1834; x_wconf 88' lang='lat' dir='ltr'><strong>adhuc</strong></span> <span class='ocrx_word' id='word_1_307' title='bbox 2351 1777 2637 1835; x_wconf 87' lang='lat' dir='ltr'><strong>habemus</strong></span> <span class='ocrx_word' id='word_1_308' title='bbox 2667 1795 2777 1835; x_wconf 89' lang='lat' dir='ltr'><strong>sua</strong></span> <span class='ocrx_word' id='word_1_309' title='bbox 2803 1778 3041 1851; x_wconf 90' lang='lat' dir='ltr'><strong>propria</strong></span> <span class='ocrx_word' id='word_1_310' title='bbox 3070 1794 3249 1834; x_wconf 88' lang='lat' dir='ltr'><strong>manu</strong></span> <span class='ocrx_word' id='word_1_311' title='bbox 3280 1794 3417 1834; x_wconf 88' lang='lat' dir='ltr'><strong>eon-</strong></span> 
     </span>
    </p>
   </div>
   <div class='ocr_carea' id='block_1_46' title="bbox 1773 1866 3414 1940">
    <p class='ocr_par' dir='ltr' id='par_1_46' title="bbox 1773 1866 3414 1940">
     <span class='ocr_line' id='line_1_46' title="bbox 1773 1866 3414 1940; baseline -0.002 -14"><span class='ocrx_word' id='word_1_312' title='bbox 1773 1874 2063 1926; x_wconf 89' lang='lat' dir='ltr'><strong>secratum</strong></span> <span class='ocrx_word' id='word_1_313' title='bbox 2121 1885 2223 1939; x_wconf 90' lang='lat' dir='ltr'><strong>per</strong></span> <span class='ocrx_word' id='word_1_314' title='bbox 2276 1868 2466 1940; x_wconf 87' lang='lat' dir='ltr'><strong>ipsam</strong></span> <span class='ocrx_word' id='word_1_315' title='bbox 2498 1871 2831 1924; x_wconf 88' lang='lat' dir='ltr'><strong>matronam</strong></span> <span class='ocrx_word' id='word_1_316' title='bbox 2862 1868 3030 1925; x_wconf 92' lang='lat' dir='ltr'><strong>nobis</strong></span> <span class='ocrx_word' id='word_1_317' title='bbox 3059 1866 3414 1924; x_wconf 86' lang='lat' dir='ltr'><strong>transmisit.</strong></span> 
     </span>
    </p>
   </div>
   <div class='ocr_carea' id='block_1_47' title="bbox 1769 1955 3417 2029">
    <p class='ocr_par' dir='ltr' id='par_1_47' title="bbox 1769 1955 3417 2029">
     <span class='ocr_line' id='line_1_47' title="bbox 1769 1955 3417 2029; baseline -0.001 -16"><span class='ocrx_word' id='word_1_318' title='bbox 1769 1956 2161 2029; x_wconf 83' lang='lat' dir='ltr'><strong>Apostolicam</strong></span> <span class='ocrx_word' id='word_1_319' title='bbox 2178 1955 2413 2027; x_wconf 86' lang='lat' dir='ltr'><strong>quidem</strong></span> <span class='ocrx_word' id='word_1_320' title='bbox 2436 1955 2862 2013; x_wconf 90' lang='lat' dir='ltr'><strong>absolutionem</strong></span> <span class='ocrx_word' id='word_1_321' title='bbox 2882 1961 2940 2013; x_wconf 91' lang='lat' dir='ltr'><strong>et</strong></span> <span class='ocrx_word' id='word_1_322' title='bbox 2952 1955 3417 2014; x_wconf 87' lang='lat' dir='ltr'><strong>benedictionem</strong></span> 
     </span>
    </p>
   </div>
   <div class='ocr_carea' id='block_1_48' title="bbox 1771 2043 3418 2118">
    <p class='ocr_par' dir='ltr' id='par_1_48' title="bbox 1771 2043 3418 2118">
     <span class='ocr_line' id='line_1_48' title="bbox 1771 2043 3418 2118; baseline 0.001 -17"><span class='ocrx_word' id='word_1_323' title='bbox 1771 2046 1989 2101; x_wconf 87' lang='lat' dir='ltr'><strong>nostris</strong></span> <span class='ocrx_word' id='word_1_324' title='bbox 2018 2043 2485 2100; x_wconf 85' lang='lat' dir='ltr'><strong>benefactoribus</strong></span> <span class='ocrx_word' id='word_1_325' title='bbox 2510 2063 2524 2113; x_wconf 90' lang='lat'><strong>;</strong></span> <span class='ocrx_word' id='word_1_326' title='bbox 2549 2044 3209 2103; x_wconf 88' lang='lat' dir='ltr'><strong>excommunicationem</strong></span> <span class='ocrx_word' id='word_1_327' title='bbox 3242 2049 3418 2118; x_wconf 89' lang='lat' dir='ltr'><strong>atque</strong></span> 
     </span>
    </p>
   </div>
   <div class='ocr_carea' id='block_1_49' title="bbox 1774 2132 3419 2207">
    <p class='ocr_par' dir='ltr' id='par_1_49' title="bbox 1774 2132 3419 2207">
     <span class='ocr_line' id='line_1_49' title="bbox 1774 2132 3419 2207; baseline -0.001 -16"><span class='ocrx_word' id='word_1_328' title='bbox 1774 2132 2446 2202; x_wconf 88' lang='lat' dir='ltr'><strong>anathematizationem,</strong></span> <span class='ocrx_word' id='word_1_329' title='bbox 2467 2132 2822 2190; x_wconf 88' lang='lat' dir='ltr'><strong>calumniam</strong></span> <span class='ocrx_word' id='word_1_330' title='bbox 2855 2138 3031 2207; x_wconf 87' lang='lat' dir='ltr'><strong>atque</strong></span> <span class='ocrx_word' id='word_1_331' title='bbox 3057 2133 3419 2207; x_wconf 89' lang='lat' dir='ltr'><strong>inquietudi-</strong></span> 
     </span>
    </p>
   </div>
   <div class='ocr_carea' id='block_1_50' title="bbox 1776 2221 3418 2295">
    <p class='ocr_par' dir='ltr' id='par_1_50' title="bbox 1776 2221 3418 2295">
     <span class='ocr_line' id='line_1_50' title="bbox 1776 2221 3418 2295; baseline 0 -15"><span class='ocrx_word' id='word_1_332' title='bbox 1776 2241 1909 2280; x_wconf 90' lang='lat' dir='ltr'><strong>nem</strong></span> <span class='ocrx_word' id='word_1_333' title='bbox 1924 2222 2094 2279; x_wconf 90' lang='lat' dir='ltr'><strong>nobis</strong></span> <span class='ocrx_word' id='word_1_334' title='bbox 2107 2222 2121 2277; x_wconf 93' lang='lat' dir='ltr'><strong>i</strong></span> <span class='ocrx_word' id='word_1_335' title='bbox 2132 2221 2495 2277; x_wconf 85' lang='lat' dir='ltr'><strong>nferentibus</strong></span> <span class='ocrx_word' id='word_1_336' title='bbox 2509 2221 2980 2294; x_wconf 89' lang='lat' dir='ltr'><strong>propriislitteris</strong></span> <span class='ocrx_word' id='word_1_337' title='bbox 2998 2239 3232 2295; x_wconf 86' lang='lat' dir='ltr'><strong>semper</strong></span> <span class='ocrx_word' id='word_1_338' title='bbox 3247 2223 3418 2280; x_wconf 87' lang='lat' dir='ltr'><strong>nobis</strong></span> 
     </span>
    </p>
   </div>
   <div class='ocr_carea' id='block_1_51' title="bbox 1775 2309 3415 2382">
    <p class='ocr_par' dir='ltr' id='par_1_51' title="bbox 1775 2309 3415 2382">
     <span class='ocr_line' id='line_1_51' title="bbox 1775 2309 3415 2382; baseline -0.001 -13"><span class='ocrx_word' id='word_1_339' title='bbox 1775 2311 2013 2369; x_wconf 88' lang='lat' dir='ltr'><strong>notavit.</strong></span> <span class='ocrx_word' id='word_1_340' title='bbox 2044 2312 2145 2366; x_wconf 85' lang='lat' dir='ltr'><strong>His</strong></span> <span class='ocrx_word' id='word_1_341' title='bbox 2174 2309 2353 2382; x_wconf 84' lang='lat' dir='ltr'><strong>igitur</strong></span> <span class='ocrx_word' id='word_1_342' title='bbox 2384 2309 2740 2366; x_wconf 82' lang='lat' dir='ltr'><strong>ﬁrmissimis</strong></span> <span class='ocrx_word' id='word_1_343' title='bbox 2766 2310 3015 2366; x_wconf 90' lang='lat' dir='ltr'><strong>decretis</strong></span> <span class='ocrx_word' id='word_1_344' title='bbox 3046 2315 3104 2366; x_wconf 91' lang='lat' dir='ltr'><strong>et</strong></span> <span class='ocrx_word' id='word_1_345' title='bbox 3132 2310 3415 2367; x_wconf 83' lang='lat' dir='ltr'><strong>constitu-</strong></span> 
     </span>
    </p>
   </div>
   <div class='ocr_carea' id='block_1_52' title="bbox 1773 2398 3418 2458">
    <p class='ocr_par' dir='ltr' id='par_1_52' title="bbox 1773 2398 3418 2458">
     <span class='ocr_line' id='line_1_52' title="bbox 1773 2398 3418 2458; baseline -0.002 -1"><span class='ocrx_word' id='word_1_346' title='bbox 1773 2401 2035 2458; x_wconf 86' lang='lat' dir='ltr'><strong>tionibus</strong></span> <span class='ocrx_word' id='word_1_347' title='bbox 2050 2403 2315 2454; x_wconf 90' lang='lat' dir='ltr'><strong>nostrum</strong></span> <span class='ocrx_word' id='word_1_348' title='bbox 2339 2398 2759 2455; x_wconf 89' lang='lat' dir='ltr'><strong>monasterium</strong></span> <span class='ocrx_word' id='word_1_349' title='bbox 2779 2398 3128 2455; x_wconf 71' lang='lat' dir='ltr'><strong>azdiiieatum</strong></span> <span class='ocrx_word' id='word_1_350' title='bbox 3140 2415 3274 2454; x_wconf 90' lang='lat' dir='ltr'><strong>cum</strong></span> <span class='ocrx_word' id='word_1_351' title='bbox 3292 2415 3418 2456; x_wconf 90' lang='lat' dir='ltr'><strong>om-</strong></span> 
     </span>
    </p>
   </div>
   <div class='ocr_carea' id='block_1_53' title="bbox 1776 2486 3417 2561">
    <p class='ocr_par' dir='ltr' id='par_1_53' title="bbox 1776 2486 3417 2561">
     <span class='ocr_line' id='line_1_53' title="bbox 1776 2486 3417 2561; baseline -0.003 -14"><span class='ocrx_word' id='word_1_352' title='bbox 1776 2492 1951 2547; x_wconf 90' lang='lat' dir='ltr'><strong>nibus</strong></span> <span class='ocrx_word' id='word_1_353' title='bbox 2004 2489 2174 2546; x_wconf 89' lang='lat' dir='ltr'><strong>nobis</strong></span> <span class='ocrx_word' id='word_1_354' title='bbox 2220 2486 2583 2560; x_wconf 90' lang='lat' dir='ltr'><strong>appendiciis</strong></span> <span class='ocrx_word' id='word_1_355' title='bbox 2614 2487 2714 2542; x_wconf 91' lang='lat' dir='ltr'><strong>diu</strong></span> <span class='ocrx_word' id='word_1_356' title='bbox 2744 2486 2804 2542; x_wconf 87' lang='lat' dir='ltr'><strong>in</strong></span> <span class='ocrx_word' id='word_1_357' title='bbox 2837 2503 2977 2560; x_wconf 87' lang='lat' dir='ltr'><strong>pace</strong></span> <span class='ocrx_word' id='word_1_358' title='bbox 3001 2491 3058 2544; x_wconf 91' lang='lat' dir='ltr'><strong>et</strong></span> <span class='ocrx_word' id='word_1_359' title='bbox 3086 2503 3302 2561; x_wconf 87' lang='lat' dir='ltr'><strong>magna</strong></span> <span class='ocrx_word' id='word_1_360' title='bbox 3355 2487 3417 2543; x_wconf 90' lang='lat' dir='ltr'><strong>in</strong></span> 
     </span>
    </p>
   </div>
   <div class='ocr_carea' id='block_1_54' title="bbox 1776 2576 3419 2655">
    <p class='ocr_par' dir='ltr' id='par_1_54' title="bbox 1776 2576 3419 2655">
     <span class='ocr_line' id='line_1_54' title="bbox 1776 2576 3419 2655; baseline -0.004 -17"><span class='ocrx_word' id='word_1_361' title='bbox 1776 2579 2157 2655; x_wconf 88' lang='lat' dir='ltr'><strong>prosperitate</strong></span> <span class='ocrx_word' id='word_1_362' title='bbox 2180 2576 2521 2650; x_wconf 85' lang='lat' dir='ltr'><strong>permansit.</strong></span> <span class='ocrx_word' id='word_1_363' title='bbox 2556 2576 2765 2632; x_wconf 88' lang='lat' dir='ltr'><strong>Statim</strong></span> <span class='ocrx_word' id='word_1_364' title='bbox 2797 2581 2865 2633; x_wconf 90' lang='lat' dir='ltr'><strong>ut</strong></span> <span class='ocrx_word' id='word_1_365' title='bbox 2894 2576 3079 2634; x_wconf 83' lang='lat' dir='ltr'><strong>Roma</strong></span> <span class='ocrx_word' id='word_1_366' title='bbox 3108 2581 3286 2649; x_wconf 87' lang='lat' dir='ltr'><strong>caput</strong></span> <span class='ocrx_word' id='word_1_367' title='bbox 3314 2593 3419 2633; x_wconf 90' lang='lat' dir='ltr'><strong>no-</strong></span> 
     </span>
    </p>
   </div>
   <div class='ocr_carea' id='block_1_55' title="bbox 1773 2665 3417 2739">
    <p class='ocr_par' dir='ltr' id='par_1_55' title="bbox 1773 2665 3417 2739">
     <span class='ocr_line' id='line_1_55' title="bbox 1773 2665 3417 2739; baseline -0.004 -11"><span class='ocrx_word' id='word_1_368' title='bbox 1773 2676 1962 2728; x_wconf 89' lang='lat' dir='ltr'><strong>strum</strong></span> <span class='ocrx_word' id='word_1_369' title='bbox 1992 2672 2050 2723; x_wconf 86' lang='lat' dir='ltr'><strong>et</strong></span> <span class='ocrx_word' id='word_1_370' title='bbox 2073 2665 2335 2724; x_wconf 78' lang='lat' dir='ltr'><strong>defensio</strong></span> <span class='ocrx_word' id='word_1_371' title='bbox 2368 2669 2569 2721; x_wconf 89' lang='lat' dir='ltr'><strong>nostra</strong></span> <span class='ocrx_word' id='word_1_372' title='bbox 2597 2665 2915 2737; x_wconf 88' lang='lat' dir='ltr'><strong>inquietari</strong></span> <span class='ocrx_word' id='word_1_373' title='bbox 2969 2669 3028 2722; x_wconf 92' lang='lat' dir='ltr'><strong>et</strong></span> <span class='ocrx_word' id='word_1_374' title='bbox 3085 2665 3417 2739; x_wconf 88' lang='lat' dir='ltr'><strong>perturbari</strong></span> 
     </span>
    </p>
   </div>
   <div class='ocr_carea' id='block_1_56' title="bbox 1774 2753 3423 2832">
    <p class='ocr_par' dir='ltr' id='par_1_56' title="bbox 1774 2753 3423 2832">
     <span class='ocr_line' id='line_1_56' title="bbox 1774 2753 3423 2832; baseline -0.004 -15"><span class='ocrx_word' id='word_1_375' title='bbox 1774 2760 1967 2832; x_wconf 87' lang='lat' dir='ltr'><strong>coepit,</strong></span> <span class='ocrx_word' id='word_1_376' title='bbox 1982 2758 2424 2813; x_wconf 81' lang='lat' dir='ltr'><strong>insurrexerunt</strong></span> <span class='ocrx_word' id='word_1_377' title='bbox 2439 2754 2709 2811; x_wconf 88' lang='lat' dir='ltr'><strong>monachi</strong></span> <span class='ocrx_word' id='word_1_378' title='bbox 2722 2758 2877 2811; x_wconf 77' lang='lat' dir='ltr'><strong>Casae</strong></span> <span class='ocrx_word' id='word_1_379' title='bbox 2898 2753 3021 2823; x_wconf 90' lang='lat' dir='ltr'><strong>Dei,</strong></span> <span class='ocrx_word' id='word_1_380' title='bbox 3041 2758 3097 2812; x_wconf 90' lang='lat' dir='ltr'><strong>et</strong></span> <span class='ocrx_word' id='word_1_381' title='bbox 3116 2754 3423 2812; x_wconf 88' lang='lat' dir='ltr'><strong>ecclesiam</strong></span> 
     </span>
    </p>
   </div>
   <div class='ocr_carea' id='block_1_57' title="bbox 1775 2843 3422 2918">
    <p class='ocr_par' dir='ltr' id='par_1_57' title="bbox 1775 2843 3422 2918">
     <span class='ocr_line' id='line_1_57' title="bbox 1775 2843 3422 2918; baseline -0.002 -12"><span class='ocrx_word' id='word_1_382' title='bbox 1775 2847 1971 2906; x_wconf 87' lang='lat' dir='ltr'><strong>Sancti</strong></span> <span class='ocrx_word' id='word_1_383' title='bbox 2021 2844 2301 2918; x_wconf 84' lang='lat' dir='ltr'><strong>Stephani</strong></span> <span class='ocrx_word' id='word_1_384' title='bbox 2359 2843 2805 2918; x_wconf 78' lang='lat' dir='ltr'><strong>protomartyris</strong></span> <span class='ocrx_word' id='word_1_385' title='bbox 2852 2848 2910 2901; x_wconf 85' lang='lat' dir='ltr'><strong>et</strong></span> <span class='ocrx_word' id='word_1_386' title='bbox 2966 2844 3164 2902; x_wconf 90' lang='lat' dir='ltr'><strong>Sancti</strong></span> <span class='ocrx_word' id='word_1_387' title='bbox 3213 2843 3422 2903; x_wconf 89' lang='lat' dir='ltr'><strong>Leonis</strong></span> 
     </span>
    </p>
   </div>
   <div class='ocr_carea' id='block_1_58' title="bbox 1776 2932 3419 3012">
    <p class='ocr_par' dir='ltr' id='par_1_58' title="bbox 1776 2932 3419 3012">
     <span class='ocr_line' id='line_1_58' title="bbox 1776 2932 3419 3012; baseline -0.001 -20"><span class='ocrx_word' id='word_1_388' title='bbox 1776 2955 1940 3012; x_wconf 86' lang='lat' dir='ltr'><strong>papae</strong></span> <span class='ocrx_word' id='word_1_389' title='bbox 1982 2935 2147 2990; x_wconf 86' lang='lat' dir='ltr'><strong>urbis</strong></span> <span class='ocrx_word' id='word_1_390' title='bbox 2207 2935 2424 3000; x_wconf 81' lang='lat' dir='ltr'><strong>Romae,</strong></span> <span class='ocrx_word' id='word_1_391' title='bbox 2457 2949 2632 3005; x_wconf 92' lang='lat' dir='ltr'><strong>quem</strong></span> <span class='ocrx_word' id='word_1_392' title='bbox 2682 2932 2950 3001; x_wconf 84' lang='lat' dir='ltr'><strong>Romani,</strong></span> <span class='ocrx_word' id='word_1_393' title='bbox 2983 2933 3123 3006; x_wconf 89' lang='lat' dir='ltr'><strong>quia</strong></span> <span class='ocrx_word' id='word_1_394' title='bbox 3177 2932 3419 2991; x_wconf 80' lang='lat' dir='ltr'><strong>Carolus</strong></span> 
     </span>
    </p>
   </div>
   <div class='ocr_carea' id='block_1_59' title="bbox 1778 3022 3418 3101">
    <p class='ocr_par' dir='ltr' id='par_1_59' title="bbox 1778 3022 3418 3101">
     <span class='ocr_line' id='line_1_59' title="bbox 1778 3022 3418 3101; baseline -0.001 -20"><span class='ocrx_word' id='word_1_395' title='bbox 1778 3029 2095 3099; x_wconf 90' lang='lat' dir='ltr'><strong>imperator</strong></span> <span class='ocrx_word' id='word_1_396' title='bbox 2114 3022 2287 3093; x_wconf 84' lang='lat' dir='ltr'><strong>elegit</strong></span> <span class='ocrx_word' id='word_1_397' title='bbox 2305 3039 2462 3091; x_wconf 91' lang='lat' dir='ltr'><strong>eum,</strong></span> <span class='ocrx_word' id='word_1_398' title='bbox 2485 3027 2935 3091; x_wconf 83' lang='lat' dir='ltr'><strong>excaecaverunt,</strong></span> <span class='ocrx_word' id='word_1_399' title='bbox 2968 3039 3195 3101; x_wconf 81' lang='lat' dir='ltr'><strong>corpus</strong></span> <span class='ocrx_word' id='word_1_400' title='bbox 3225 3023 3418 3095; x_wconf 89' lang='lat' dir='ltr'><strong>cujus,</strong></span> 
     </span>
    </p>
   </div>
   <div class='ocr_carea' id='block_1_60' title="bbox 1780 3109 3418 3182">
    <p class='ocr_par' dir='ltr' id='par_1_60' title="bbox 1780 3109 3418 3182">
     <span class='ocr_line' id='line_1_60' title="bbox 1780 3109 3418 3182; baseline -0.001 -12"><span class='ocrx_word' id='word_1_401' title='bbox 1780 3120 1845 3170; x_wconf 92' lang='lat' dir='ltr'><strong>ut</strong></span> <span class='ocrx_word' id='word_1_402' title='bbox 1868 3113 2182 3177; x_wconf 89' lang='lat' dir='ltr'><strong>credimus,</strong></span> <span class='ocrx_word' id='word_1_403' title='bbox 2210 3111 2288 3165; x_wconf 91' lang='lat' dir='ltr'><strong>ibi</strong></span> <span class='ocrx_word' id='word_1_404' title='bbox 2322 3110 2651 3182; x_wconf 90' lang='lat' dir='ltr'><strong>requiescit,</strong></span> <span class='ocrx_word' id='word_1_405' title='bbox 2685 3127 2865 3167; x_wconf 91' lang='lat' dir='ltr'><strong>manu</strong></span> <span class='ocrx_word' id='word_1_406' title='bbox 2898 3126 2965 3166; x_wconf 90' lang='lat' dir='ltr'><strong>ac</strong></span> <span class='ocrx_word' id='word_1_407' title='bbox 2994 3109 3269 3168; x_wconf 87' lang='lat' dir='ltr'><strong>violentia</strong></span> <span class='ocrx_word' id='word_1_408' title='bbox 3317 3128 3418 3168; x_wconf 90' lang='lat' dir='ltr'><strong>cu-</strong></span> 
     </span>
    </p>
   </div>
   <div class='ocr_carea' id='block_1_61' title="bbox 42 3197 3423 3276">
    <p class='ocr_par' dir='ltr' id='par_1_61' title="bbox 42 3197 3423 3276">
     <span class='ocr_line' id='line_1_61' title="bbox 42 3197 3423 3276; baseline 0.001 -25"><span class='ocrx_word' id='word_1_409' title='bbox 42 3203 127 3253; x_wconf 87' lang='lat' dir='ltr'><strong>aut</strong></span> <span class='ocrx_word' id='word_1_410' title='bbox 156 3199 466 3257; x_wconf 88' lang='lat' dir='ltr'><strong>rebellium</strong></span> <span class='ocrx_word' id='word_1_411' title='bbox 487 3197 825 3255; x_wconf 86' lang='lat' dir='ltr'><strong>violentiam</strong></span> <span class='ocrx_word' id='word_1_412' title='bbox 848 3216 952 3271; x_wconf 91' lang='lat' dir='ltr'><strong>per</strong></span> <span class='ocrx_word' id='word_1_413' title='bbox 982 3200 1395 3271; x_wconf 88' lang='lat' dir='ltr'><strong>impunitatem</strong></span> <span class='ocrx_word' id='word_1_414' title='bbox 1411 3216 1670 3258; x_wconf 89' lang='lat' dir='ltr'><strong>crescere</strong></span> <span class='ocrx_word' id='word_1_415' title='bbox 1711 3267 1745 3276; x_wconf 39' lang='grc'><strong>-</strong></span> <span class='ocrx_word' id='word_1_416' title='bbox 1773 3202 2014 3276; x_wconf 87' lang='lat' dir='ltr'><strong>jusdam</strong></span> <span class='ocrx_word' id='word_1_417' title='bbox 2048 3200 2301 3273; x_wconf 88' lang='lat' dir='ltr'><strong>potentis</strong></span> <span class='ocrx_word' id='word_1_418' title='bbox 2330 3198 2608 3271; x_wconf 88' lang='lat' dir='ltr'><strong>Stephani</strong></span> <span class='ocrx_word' id='word_1_419' title='bbox 2638 3199 3045 3256; x_wconf 89' lang='lat' dir='ltr'><strong>Mereoriensis</strong></span> <span class='ocrx_word' id='word_1_420' title='bbox 3075 3200 3245 3256; x_wconf 90' lang='lat' dir='ltr'><strong>nobis</strong></span> <span class='ocrx_word' id='word_1_421' title='bbox 3285 3216 3423 3257; x_wconf 89' lang='lat' dir='ltr'><strong>con-</strong></span> 
     </span>
    </p>
   </div>
   <div class='ocr_carea' id='block_1_62' title="bbox 42 3286 390 3362">
    <p class='ocr_par' dir='ltr' id='par_1_62' title="bbox 42 3286 390 3362">
     <span class='ocr_line' id='line_1_62' title="bbox 42 3286 390 3362; baseline 0.009 -21"><span class='ocrx_word' id='word_1_422' title='bbox 42 3286 232 3345; x_wconf 87' lang='lat' dir='ltr'><strong>sinatis</strong></span> <span class='ocrx_word' id='word_1_423' title='bbox 252 3289 390 3362; x_wconf 80' lang='grc'><strong>(64).</strong></span> 
     </span>
    </p>
   </div>
   <div class='ocr_carea' id='block_1_63' title="bbox 794 3376 891 3433">
    <p class='ocr_par' dir='ltr' id='par_1_63' title="bbox 794 3376 891 3433">
     <span class='ocr_line' id='line_1_63' title="bbox 794 3376 891 3433; baseline 0.01 -1"><span class='ocrx_word' id='word_1_424' title='bbox 794 3376 891 3433; x_wconf 79' lang='grc' dir='ltr'><strong>ΙΙΙ.</strong></span> 
     </span>
    </p>
   </div>
   <div class='ocr_carea' id='block_1_64' title="bbox 42 3462 1674 3535">
    <p class='ocr_par' dir='ltr' id='par_1_64' title="bbox 42 3462 1674 3535">
     <span class='ocr_line' id='line_1_64' title="bbox 42 3462 1674 3535; baseline -0.001 -14"><span class='ocrx_word' id='word_1_425' title='bbox 42 3462 265 3535; x_wconf 72' lang='lat' dir='ltr'><strong>Epistola</strong></span> <span class='ocrx_word' id='word_1_426' title='bbox 290 3467 626 3525; x_wconf 81' lang='lat' dir='ltr'><strong>monialium</strong></span> <span class='ocrx_word' id='word_1_427' title='bbox 656 3466 909 3522; x_wconf 74' lang='lat' dir='ltr'><strong>Blasilz‘ae</strong></span> <span class='ocrx_word' id='word_1_428' title='bbox 940 3467 999 3520; x_wconf 79' lang='lat' dir='ltr'><strong>in</strong></span> <span class='ocrx_word' id='word_1_429' title='bbox 1031 3465 1247 3520; x_wconf 80' lang='lat' dir='ltr'><strong>Arverz‘s</strong></span> <span class='ocrx_word' id='word_1_430' title='bbox 1276 3466 1345 3521; x_wconf 87' lang='lat' dir='ltr'><strong>ad</strong></span> <span class='ocrx_word' id='word_1_431' title='bbox 1396 3467 1674 3522; x_wconf 83' lang='lat' dir='ltr'><strong>Urbanum</strong></span> 
     </span>
    </p>
   </div>
   <div class='ocr_carea' id='block_1_65' title="bbox 628 3536 1068 3611">
    <p class='ocr_par' dir='ltr' id='par_1_65' title="bbox 628 3536 1068 3611">
     <span class='ocr_line' id='line_1_65' title="bbox 628 3536 1068 3611; baseline -0.007 -18"><span class='ocrx_word' id='word_1_432' title='bbox 628 3555 832 3611; x_wconf 85' lang='lat' dir='ltr'><strong>papam</strong></span> <span class='ocrx_word' id='word_1_433' title='bbox 854 3539 906 3593; x_wconf 90' lang='lat' dir='ltr'><strong>II</strong></span> <span class='ocrx_word' id='word_1_434' title='bbox 933 3536 1068 3609; x_wconf 87' lang='lat'><strong>(65).</strong></span> 
     </span>
    </p>
   </div>
   <div class='ocr_carea' id='block_1_66' title="bbox 250 3625 1425 3699">
    <p class='ocr_par' dir='ltr' id='par_1_66' title="bbox 250 3625 1425 3699">
     <span class='ocr_line' id='line_1_66' title="bbox 250 3625 1425 3699; baseline -0.003 -18"><span class='ocrx_word' id='word_1_435' title='bbox 250 3631 509 3699; x_wconf 78' lang='lat' dir='ltr'><strong>(BALUZ.,</strong></span> <span class='ocrx_word' id='word_1_436' title='bbox 543 3628 767 3683; x_wconf 70' lang='lat' dir='ltr'><strong>Misce”.</strong></span> <span class='ocrx_word' id='word_1_437' title='bbox 803 3626 941 3683; x_wconf 84' lang='lat' dir='ltr'><strong>edit.</strong></span> <span class='ocrx_word' id='word_1_438' title='bbox 978 3626 1143 3695; x_wconf 91' lang='lat' dir='ltr'><strong>Luc.,</strong></span> <span class='ocrx_word' id='word_1_439' title='bbox 1170 3625 1244 3693; x_wconf 85' lang='lat' dir='ltr'><strong>II,</strong></span> <span class='ocrx_word' id='word_1_440' title='bbox 1276 3626 1425 3698; x_wconf 74' lang='grc'><strong>481.)</strong></span> 
     </span>
    </p>
   </div>
   <div class='ocr_carea' id='block_1_67' title="bbox 100 3730 1673 3806">
    <p class='ocr_par' dir='ltr' id='par_1_67' title="bbox 100 3730 1673 3806">
     <span class='ocr_line' id='line_1_67' title="bbox 100 3730 1673 3806; baseline 0 -19"><span class='ocrx_word' id='word_1_441' title='bbox 100 3730 339 3790; x_wconf 88' lang='lat' dir='ltr'><strong>Summo</strong></span> <span class='ocrx_word' id='word_1_442' title='bbox 378 3733 617 3791; x_wconf 90' lang='lat' dir='ltr'><strong>domino</strong></span> <span class='ocrx_word' id='word_1_443' title='bbox 639 3750 800 3806; x_wconf 67' lang='lat' dir='ltr'><strong>papa:</strong></span> <span class='ocrx_word' id='word_1_444' title='bbox 823 3733 1097 3789; x_wconf 78' lang='lat' dir='ltr'><strong>Romanae</strong></span> <span class='ocrx_word' id='word_1_445' title='bbox 1126 3730 1396 3788; x_wconf 66' lang='lat' dir='ltr'><strong>Ecclesia:</strong></span> <span class='ocrx_word' id='word_1_446' title='bbox 1430 3730 1673 3787; x_wconf 64' lang='lat' dir='ltr'><strong>Unsmo</strong></span> 
     </span>
    </p>
   </div>
   <div class='ocr_carea' id='block_1_68' title="bbox 38 3815 1673 3895">
    <p class='ocr_par' dir='ltr' id='par_1_68' title="bbox 38 3815 1673 3895">
     <span class='ocr_line' id='line_1_68' title="bbox 38 3815 1673 3895; baseline 0.004 -24"><span class='ocrx_word' id='word_1_447' title='bbox 38 3815 263 3877; x_wconf 89' lang='lat' dir='ltr'><strong>humilis</strong></span> <span class='ocrx_word' id='word_1_448' title='bbox 286 3839 424 3895; x_wconf 80' lang='lat' dir='ltr'><strong>grex</strong></span> <span class='ocrx_word' id='word_1_449' title='bbox 451 3821 794 3879; x_wconf 88' lang='lat' dir='ltr'><strong>monialium</strong></span> <span class='ocrx_word' id='word_1_450' title='bbox 827 3838 931 3878; x_wconf 90' lang='lat' dir='ltr'><strong>seu</strong></span> <span class='ocrx_word' id='word_1_451' title='bbox 963 3821 1307 3877; x_wconf 88' lang='lat' dir='ltr'><strong>clericorum</strong></span> <span class='ocrx_word' id='word_1_452' title='bbox 1332 3822 1673 3877; x_wconf 90' lang='lat' dir='ltr'><strong>monasterii</strong></span> 
     </span>
    </p>
   </div>
   <div class='ocr_carea' id='block_1_69' title="bbox 38 3905 1673 3984">
    <p class='ocr_par' dir='ltr' id='par_1_69' title="bbox 38 3905 1673 3984">
     <span class='ocr_line' id='line_1_69' title="bbox 38 3905 1673 3984; baseline 0.006 -25"><span class='ocrx_word' id='word_1_453' title='bbox 38 3905 263 3966; x_wconf 66' lang='lat' dir='ltr'><strong>Blasilim</strong></span> <span class='ocrx_word' id='word_1_454' title='bbox 314 3912 373 3968; x_wconf 91' lang='lat' dir='ltr'><strong>in</strong></span> <span class='ocrx_word' id='word_1_455' title='bbox 440 3910 686 3968; x_wconf 90' lang='lat' dir='ltr'><strong>Domino</strong></span> <span class='ocrx_word' id='word_1_456' title='bbox 730 3910 1012 3984; x_wconf 88' lang='lat' dir='ltr'><strong>optimam</strong></span> <span class='ocrx_word' id='word_1_457' title='bbox 1046 3909 1294 3983; x_wconf 88' lang='lat' dir='ltr'><strong>gratiam</strong></span> <span class='ocrx_word' id='word_1_458' title='bbox 1334 3914 1391 3967; x_wconf 91' lang='lat' dir='ltr'><strong>et</strong></span> <span class='ocrx_word' id='word_1_459' title='bbox 1421 3909 1673 3968; x_wconf 91' lang='lat' dir='ltr'><strong>salutem</strong></span> 
     </span>
    </p>
   </div>
   <div class='ocr_carea' id='block_1_70' title="bbox 39 3998 1491 4067">
    <p class='ocr_par' dir='ltr' id='par_1_70' title="bbox 39 3998 1491 4067">
     <span class='ocr_line' id='line_1_70' title="bbox 39 3998 1491 4067; baseline 0.004 -18"><span class='ocrx_word' id='word_1_460' title='bbox 39 3999 276 4067; x_wconf 86' lang='lat' dir='ltr'><strong>atquein</strong></span> <span class='ocrx_word' id='word_1_461' title='bbox 306 4000 588 4057; x_wconf 90' lang='lat' dir='ltr'><strong>omnibus</strong></span> <span class='ocrx_word' id='word_1_462' title='bbox 619 4000 957 4056; x_wconf 69' lang='lat' dir='ltr'><strong>obedientiae</strong></span> <span class='ocrx_word' id='word_1_463' title='bbox 985 3998 1097 4054; x_wconf 90' lang='lat' dir='ltr'><strong>sibi</strong></span> <span class='ocrx_word' id='word_1_464' title='bbox 1129 3999 1491 4056; x_wconf 88' lang='lat' dir='ltr'><strong>servitutem.</strong></span> 
     </span>
    </p>
   </div>
   <div class='ocr_carea' id='block_1_71' title="bbox 95 4086 1673 4161">
    <p class='ocr_par' dir='ltr' id='par_1_71' title="bbox 95 4086 1673 4161">
     <span class='ocr_line' id='line_1_71' title="bbox 95 4086 1673 4161; baseline 0.005 -22"><span class='ocrx_word' id='word_1_465' title='bbox 95 4087 423 4157; x_wconf 86' lang='lat' dir='ltr'><strong>Apostoliea</strong></span> <span class='ocrx_word' id='word_1_466' title='bbox 470 4092 527 4144; x_wconf 90' lang='lat' dir='ltr'><strong>et</strong></span> <span class='ocrx_word' id='word_1_467' title='bbox 570 4086 923 4145; x_wconf 87' lang='lat' dir='ltr'><strong>venerabilis</strong></span> <span class='ocrx_word' id='word_1_468' title='bbox 962 4092 1067 4143; x_wconf 90' lang='lat' dir='ltr'><strong>tua</strong></span> <span class='ocrx_word' id='word_1_469' title='bbox 1121 4088 1402 4161; x_wconf 85' lang='lat' dir='ltr'><strong>dignitas,</strong></span> <span class='ocrx_word' id='word_1_470' title='bbox 1435 4088 1673 4147; x_wconf 88' lang='lat' dir='ltr'><strong>domine</strong></span> 
     </span>
    </p>
   </div>
   <div class='ocr_carea' id='block_1_72' title="bbox 38 4174 1675 4247">
    <p class='ocr_par' dir='ltr' id='par_1_72' title="bbox 38 4174 1675 4247">
     <span class='ocr_line' id='line_1_72' title="bbox 38 4174 1675 4247; baseline 0.004 -20"><span class='ocrx_word' id='word_1_471' title='bbox 38 4174 211 4243; x_wconf 79' lang='lat' dir='ltr'><strong>Pater,</strong></span> <span class='ocrx_word' id='word_1_472' title='bbox 230 4178 547 4234; x_wconf 84' lang='lat' dir='ltr'><strong>manifeste</strong></span> <span class='ocrx_word' id='word_1_473' title='bbox 585 4176 732 4231; x_wconf 88' lang='lat' dir='ltr'><strong>sciat</strong></span> <span class='ocrx_word' id='word_1_474' title='bbox 762 4181 818 4231; x_wconf 91' lang='lat' dir='ltr'><strong>et</strong></span> <span class='ocrx_word' id='word_1_475' title='bbox 848 4176 1044 4231; x_wconf 89' lang='lat' dir='ltr'><strong>credat</strong></span> <span class='ocrx_word' id='word_1_476' title='bbox 1073 4192 1180 4231; x_wconf 90' lang='lat' dir='ltr'><strong>nos</strong></span> <span class='ocrx_word' id='word_1_477' title='bbox 1210 4177 1471 4247; x_wconf 88' lang='lat' dir='ltr'><strong>quotidie</strong></span> <span class='ocrx_word' id='word_1_478' title='bbox 1512 4178 1675 4235; x_wconf 86' lang='lat' dir='ltr'><strong>ﬂexis</strong></span> 
     </span>
    </p>
   </div>
   <div class='ocr_carea' id='block_1_73' title="bbox 39 4262 1673 4335">
    <p class='ocr_par' dir='ltr' id='par_1_73' title="bbox 39 4262 1673 4335">
     <span class='ocr_line' id='line_1_73' title="bbox 39 4262 1673 4335; baseline 0.005 -21"><span class='ocrx_word' id='word_1_479' title='bbox 39 4262 271 4330; x_wconf 85' lang='lat' dir='ltr'><strong>genibus</strong></span> <span class='ocrx_word' id='word_1_480' title='bbox 300 4265 490 4322; x_wconf 91' lang='lat' dir='ltr'><strong>Deum</strong></span> <span class='ocrx_word' id='word_1_481' title='bbox 510 4280 674 4320; x_wconf 90' lang='lat' dir='ltr'><strong>orare</strong></span> <span class='ocrx_word' id='word_1_482' title='bbox 697 4268 760 4318; x_wconf 89' lang='lat' dir='ltr'><strong>ut</strong></span> <span class='ocrx_word' id='word_1_483' title='bbox 780 4268 837 4319; x_wconf 91' lang='lat' dir='ltr'><strong>te</strong></span> <span class='ocrx_word' id='word_1_484' title='bbox 857 4268 1110 4335; x_wconf 90' lang='lat' dir='ltr'><strong>tuosque</strong></span> <span class='ocrx_word' id='word_1_485' title='bbox 1140 4262 1331 4319; x_wconf 89' lang='lat' dir='ltr'><strong>salvos</strong></span> <span class='ocrx_word' id='word_1_486' title='bbox 1362 4269 1420 4321; x_wconf 91' lang='lat' dir='ltr'><strong>et</strong></span> <span class='ocrx_word' id='word_1_487' title='bbox 1451 4265 1673 4322; x_wconf 90' lang='lat' dir='ltr'><strong>incolu-</strong></span> 
     </span>
    </p>
   </div>
   <div class='ocr_carea' id='block_1_74' title="bbox 41 4351 1675 4427">
    <p class='ocr_par' dir='ltr' id='par_1_74' title="bbox 41 4351 1675 4427">
     <span class='ocr_line' id='line_1_74' title="bbox 41 4351 1675 4427; baseline 0.006 -24"><span class='ocrx_word' id='word_1_488' title='bbox 41 4364 152 4407; x_wconf 87' lang='lat' dir='ltr'><strong>mes</strong></span> <span class='ocrx_word' id='word_1_489' title='bbox 180 4353 721 4411; x_wconf 89' lang='lat' dir='ltr'><strong>eustodiatnecnon</strong></span> <span class='ocrx_word' id='word_1_490' title='bbox 737 4352 912 4425; x_wconf 90' lang='lat' dir='ltr'><strong>digne</strong></span> <span class='ocrx_word' id='word_1_491' title='bbox 940 4355 996 4407; x_wconf 92' lang='lat' dir='ltr'><strong>et</strong></span> <span class='ocrx_word' id='word_1_492' title='bbox 1014 4351 1388 4409; x_wconf 88' lang='lat' dir='ltr'><strong>laudabiliter</strong></span> <span class='ocrx_word' id='word_1_493' title='bbox 1418 4356 1675 4427; x_wconf 87' lang='lat' dir='ltr'><strong>regimen</strong></span> 
     </span>
    </p>
   </div>
   <div class='ocr_carea' id='block_1_75' title="bbox 39 4440 1673 4514">
    <p class='ocr_par' dir='ltr' id='par_1_75' title="bbox 39 4440 1673 4514">
     <span class='ocr_line' id='line_1_75' title="bbox 39 4440 1673 4514; baseline 0.005 -21"><span class='ocrx_word' id='word_1_494' title='bbox 39 4443 282 4500; x_wconf 86' lang='lat' dir='ltr'><strong>vestrum</strong></span> <span class='ocrx_word' id='word_1_495' title='bbox 324 4442 490 4501; x_wconf 89' lang='lat' dir='ltr'><strong>omni</strong></span> <span class='ocrx_word' id='word_1_496' title='bbox 520 4440 785 4499; x_wconf 69' lang='lat' dir='ltr'><strong>Ecclesiae</strong></span> <span class='ocrx_word' id='word_1_497' title='bbox 814 4441 1009 4514; x_wconf 85' lang='lat' dir='ltr'><strong>vigere</strong></span> <span class='ocrx_word' id='word_1_498' title='bbox 1038 4444 1094 4496; x_wconf 92' lang='lat' dir='ltr'><strong>et</strong></span> <span class='ocrx_word' id='word_1_499' title='bbox 1124 4441 1435 4513; x_wconf 68' lang='lat' dir='ltr'><strong>praesidere</strong></span> <span class='ocrx_word' id='word_1_500' title='bbox 1468 4459 1673 4501; x_wconf 93' lang='lat' dir='ltr'><strong>conce-</strong></span> 
     </span>
    </p>
   </div>
   <div class='ocr_carea' id='block_1_76' title="bbox 37 4526 1672 4603">
    <p class='ocr_par' dir='ltr' id='par_1_76' title="bbox 37 4526 1672 4603">
     <span class='ocr_line' id='line_1_76' title="bbox 37 4526 1672 4603; baseline 0.004 -22"><span class='ocrx_word' id='word_1_501' title='bbox 37 4526 146 4584; x_wconf 89' lang='lat' dir='ltr'><strong>dat.</strong></span> <span class='ocrx_word' id='word_1_502' title='bbox 169 4535 376 4589; x_wconf 88' lang='lat' dir='ltr'><strong>Vestra</strong></span> <span class='ocrx_word' id='word_1_503' title='bbox 390 4531 549 4588; x_wconf 90' lang='lat' dir='ltr'><strong>enim</strong></span> <span class='ocrx_word' id='word_1_504' title='bbox 572 4534 737 4603; x_wconf 88' lang='lat' dir='ltr'><strong>targa</strong></span> <span class='ocrx_word' id='word_1_505' title='bbox 758 4529 927 4586; x_wconf 91' lang='lat' dir='ltr'><strong>nobis</strong></span> <span class='ocrx_word' id='word_1_506' title='bbox 949 4545 1114 4586; x_wconf 88' lang='lat' dir='ltr'><strong>arma</strong></span> <span class='ocrx_word' id='word_1_507' title='bbox 1134 4534 1191 4586; x_wconf 90' lang='lat' dir='ltr'><strong>st</strong></span> <span class='ocrx_word' id='word_1_508' title='bbox 1237 4533 1475 4586; x_wconf 88' lang='lat' dir='ltr'><strong>scutum</strong></span> <span class='ocrx_word' id='word_1_509' title='bbox 1513 4531 1672 4588; x_wconf 86' lang='lat' dir='ltr'><strong>inex-</strong></span> 
     </span>
    </p>
   </div>
   <div class='ocr_carea' id='block_1_77' title="bbox 1703 3267 3428 3354">
    <p class='ocr_par' dir='ltr' id='par_1_77' title="bbox 1703 3267 3428 3354">
     <span class='ocr_line' id='line_1_77' title="bbox 1703 3267 3428 3354; baseline -0.002 -8"><span class='ocrx_word' id='word_1_510' title='bbox 1703 3267 1746 3334; x_wconf 63' lang='grc' dir='ltr'><strong>(ἶ</strong></span> <span class='ocrx_word' id='word_1_511' title='bbox 1773 3267 2207 3347; x_wconf 73' lang='lat' dir='ltr'><strong>tradicentibus</strong></span> <span class='ocrx_word' id='word_1_512' title='bbox 2228 3267 2614 3354; x_wconf 79' lang='lat' dir='ltr'><strong>abstulerunt,</strong></span> <span class='ocrx_word' id='word_1_513' title='bbox 2628 3290 2687 3342; x_wconf 91' lang='lat' dir='ltr'><strong>et</strong></span> <span class='ocrx_word' id='word_1_514' title='bbox 2700 3286 2917 3343; x_wconf 84' lang='lat' dir='ltr'><strong>auxilio</strong></span> <span class='ocrx_word' id='word_1_515' title='bbox 2929 3287 3151 3343; x_wconf 87' lang='lat' dir='ltr'><strong>domini</strong></span> <span class='ocrx_word' id='word_1_516' title='bbox 3165 3288 3428 3346; x_wconf 86' lang='lat' dir='ltr'><strong>Durandi</strong></span> 
     </span>
    </p>
   </div>
   <div class='ocr_carea' id='block_1_78' title="bbox 1781 3373 3425 3450">
    <p class='ocr_par' dir='ltr' id='par_1_78' title="bbox 1781 3373 3425 3450">
     <span class='ocr_line' id='line_1_78' title="bbox 1781 3373 3425 3450; baseline -0.001 -16"><span class='ocrx_word' id='word_1_517' title='bbox 1781 3376 2276 3434; x_wconf 79' lang='lat' dir='ltr'><strong>Ciaromontensis</strong></span> <span class='ocrx_word' id='word_1_518' title='bbox 2303 3373 2559 3448; x_wconf 90' lang='lat' dir='ltr'><strong>episcopi</strong></span> <span class='ocrx_word' id='word_1_519' title='bbox 2590 3375 2788 3447; x_wconf 89' lang='lat' dir='ltr'><strong>ipsum</strong></span> <span class='ocrx_word' id='word_1_520' title='bbox 2821 3380 3139 3432; x_wconf 90' lang='lat' dir='ltr'><strong>tenuerunt</strong></span> <span class='ocrx_word' id='word_1_521' title='bbox 3162 3376 3425 3450; x_wconf 86' lang='lat' dir='ltr'><strong>quandiu</strong></span> 
     </span>
    </p>
   </div>
   <div class='ocr_carea' id='block_1_79' title="bbox 1780 3462 3423 3538">
    <p class='ocr_par' dir='ltr' id='par_1_79' title="bbox 1780 3462 3423 3538">
     <span class='ocr_line' id='line_1_79' title="bbox 1780 3462 3423 3538; baseline 0 -16"><span class='ocrx_word' id='word_1_522' title='bbox 1780 3466 1923 3523; x_wconf 80' lang='lat' dir='ltr'><strong>vixit</strong></span> <span class='ocrx_word' id='word_1_523' title='bbox 1939 3464 2311 3538; x_wconf 89' lang='lat' dir='ltr'><strong>supradictus</strong></span> <span class='ocrx_word' id='word_1_524' title='bbox 2323 3462 2675 3536; x_wconf 87' lang='lat' dir='ltr'><strong>Stephanus.</strong></span> <span class='ocrx_word' id='word_1_525' title='bbox 2693 3463 2828 3519; x_wconf 91' lang='lat' dir='ltr'><strong>Post</strong></span> <span class='ocrx_word' id='word_1_526' title='bbox 2844 3467 3092 3520; x_wconf 87' lang='lat' dir='ltr'><strong>mortem</strong></span> <span class='ocrx_word' id='word_1_527' title='bbox 3108 3479 3242 3522; x_wconf 89' lang='lat' dir='ltr'><strong>vero</strong></span> <span class='ocrx_word' id='word_1_528' title='bbox 3273 3466 3423 3537; x_wconf 84' lang='lat' dir='ltr'><strong>ejus,</strong></span> 
     </span>
    </p>
   </div>
   <div class='ocr_carea' id='block_1_80' title="bbox 1776 3551 3426 3629">
    <p class='ocr_par' dir='ltr' id='par_1_80' title="bbox 1776 3551 3426 3629">
     <span class='ocr_line' id='line_1_80' title="bbox 1776 3551 3426 3629; baseline 0 -18"><span class='ocrx_word' id='word_1_529' title='bbox 1776 3555 1998 3629; x_wconf 89' lang='lat' dir='ltr'><strong>judicio</strong></span> <span class='ocrx_word' id='word_1_530' title='bbox 2020 3551 2313 3628; x_wconf 65' lang='lat' dir='ltr'><strong>praepositi</strong></span> <span class='ocrx_word' id='word_1_531' title='bbox 2342 3555 2400 3608; x_wconf 92' lang='lat' dir='ltr'><strong>et</strong></span> <span class='ocrx_word' id='word_1_532' title='bbox 2429 3552 2657 3608; x_wconf 83' lang='lat' dir='ltr'><strong>abbatis</strong></span> <span class='ocrx_word' id='word_1_533' title='bbox 2678 3551 3175 3611; x_wconf 88' lang='lat' dir='ltr'><strong>Claromontensis</strong></span> <span class='ocrx_word' id='word_1_534' title='bbox 3201 3557 3426 3627; x_wconf 88' lang='lat' dir='ltr'><strong>septem</strong></span> 
     </span>
    </p>
   </div>
   <div class='ocr_carea' id='block_1_81' title="bbox 1783 3641 3416 3718">
    <p class='ocr_par' dir='ltr' id='par_1_81' title="bbox 1783 3641 3416 3718">
     <span class='ocr_line' id='line_1_81' title="bbox 1783 3641 3416 3718; baseline -0.001 -17"><span class='ocrx_word' id='word_1_535' title='bbox 1783 3644 2101 3718; x_wconf 79' lang='lat' dir='ltr'><strong>presbyteri</strong></span> <span class='ocrx_word' id='word_1_536' title='bbox 2155 3642 2344 3697; x_wconf 88' lang='lat' dir='ltr'><strong>nostri</strong></span> <span class='ocrx_word' id='word_1_537' title='bbox 2366 3642 2716 3712; x_wconf 89' lang='lat' dir='ltr'><strong>juraverunt</strong></span> <span class='ocrx_word' id='word_1_538' title='bbox 2769 3641 3032 3699; x_wconf 90' lang='lat' dir='ltr'><strong>alodium</strong></span> <span class='ocrx_word' id='word_1_539' title='bbox 3062 3659 3192 3699; x_wconf 89' lang='lat' dir='ltr'><strong>esse</strong></span> <span class='ocrx_word' id='word_1_540' title='bbox 3222 3642 3416 3701; x_wconf 89' lang='lat' dir='ltr'><strong>sancti</strong></span> 
     </span>
    </p>
   </div>
   <div class='ocr_carea' id='block_1_82' title="bbox 1782 3728 3425 3805">
    <p class='ocr_par' dir='ltr' id='par_1_82' title="bbox 1782 3728 3425 3805">
     <span class='ocr_line' id='line_1_82' title="bbox 1782 3728 3425 3805; baseline -0.001 -15"><span class='ocrx_word' id='word_1_541' title='bbox 1782 3733 1956 3799; x_wconf 89' lang='lat' dir='ltr'><strong>Petri,</strong></span> <span class='ocrx_word' id='word_1_542' title='bbox 1984 3736 2050 3787; x_wconf 89' lang='lat' dir='ltr'><strong>ut</strong></span> <span class='ocrx_word' id='word_1_543' title='bbox 2096 3730 2298 3787; x_wconf 89' lang='lat' dir='ltr'><strong>altaris</strong></span> <span class='ocrx_word' id='word_1_544' title='bbox 2355 3728 2625 3799; x_wconf 71' lang='lat' dir='ltr'><strong>Blasilite,</strong></span> <span class='ocrx_word' id='word_1_545' title='bbox 2658 3730 2973 3804; x_wconf 90' lang='lat' dir='ltr'><strong>recipiente</strong></span> <span class='ocrx_word' id='word_1_546' title='bbox 3012 3730 3284 3805; x_wconf 88' lang='lat' dir='ltr'><strong>episcopo</strong></span> <span class='ocrx_word' id='word_1_547' title='bbox 3314 3730 3425 3789; x_wconf 89' lang='lat' dir='ltr'><strong>hoc</strong></span> 
     </span>
    </p>
   </div>
   <div class='ocr_carea' id='block_1_83' title="bbox 1782 3818 3428 3893">
    <p class='ocr_par' dir='ltr' id='par_1_83' title="bbox 1782 3818 3428 3893">
     <span class='ocr_line' id='line_1_83' title="bbox 1782 3818 3428 3893; baseline -0.001 -13"><span class='ocrx_word' id='word_1_548' title='bbox 1782 3825 2239 3880; x_wconf 80' lang='lat' dir='ltr'><strong>sacramentum.</strong></span> <span class='ocrx_word' id='word_1_549' title='bbox 2256 3819 2375 3893; x_wconf 88' lang='lat' dir='ltr'><strong>Ipsi</strong></span> <span class='ocrx_word' id='word_1_550' title='bbox 2405 3822 2602 3874; x_wconf 87' lang='lat' dir='ltr'><strong>tamen</strong></span> <span class='ocrx_word' id='word_1_551' title='bbox 2624 3818 2913 3887; x_wconf 88' lang='lat' dir='ltr'><strong>monachi,</strong></span> <span class='ocrx_word' id='word_1_552' title='bbox 2938 3819 3130 3878; x_wconf 87' lang='lat' dir='ltr'><strong>adhuc</strong></span> <span class='ocrx_word' id='word_1_553' title='bbox 3160 3820 3428 3892; x_wconf 85' lang='lat' dir='ltr'><strong>rebelles,</strong></span> 
     </span>
    </p>
   </div>
   <div class='ocr_carea' id='block_1_84' title="bbox 1782 3907 3427 3985">
    <p class='ocr_par' dir='ltr' id='par_1_84' title="bbox 1782 3907 3427 3985">
     <span class='ocr_line' id='line_1_84' title="bbox 1782 3907 3427 3985; baseline -0.001 -16"><span class='ocrx_word' id='word_1_554' title='bbox 1782 3916 2003 3969; x_wconf 90' lang='lat' dir='ltr'><strong>rectum</strong></span> <span class='ocrx_word' id='word_1_555' title='bbox 2025 3910 2178 3983; x_wconf 91' lang='lat' dir='ltr'><strong>quod</strong></span> <span class='ocrx_word' id='word_1_556' title='bbox 2200 3909 2694 3981; x_wconf 82' lang='lat' dir='ltr'><strong>ﬁrmaveruntper</strong></span> <span class='ocrx_word' id='word_1_557' title='bbox 2714 3913 2938 3981; x_wconf 88' lang='lat' dir='ltr'><strong>septem</strong></span> <span class='ocrx_word' id='word_1_558' title='bbox 2963 3907 3183 3969; x_wconf 86' lang='lat' dir='ltr'><strong>milites</strong></span> <span class='ocrx_word' id='word_1_559' title='bbox 3203 3914 3427 3985; x_wconf 89' lang='lat' dir='ltr'><strong>tenent,</strong></span> 
     </span>
    </p>
   </div>
   <div class='ocr_carea' id='block_1_85' title="bbox 1781 3996 3427 4070">
    <p class='ocr_par' dir='ltr' id='par_1_85' title="bbox 1781 3996 3427 4070">
     <span class='ocr_line' id='line_1_85' title="bbox 1781 3996 3427 4070; baseline -0.001 -12"><span class='ocrx_word' id='word_1_560' title='bbox 1781 4006 1839 4058; x_wconf 88' lang='lat' dir='ltr'><strong>et</strong></span> <span class='ocrx_word' id='word_1_561' title='bbox 1850 3996 2715 4070; x_wconf 83' lang='lat' dir='ltr'><strong>excommunicationeepiscOpi</strong></span> <span class='ocrx_word' id='word_1_562' title='bbox 2735 3996 2898 4053; x_wconf 90' lang='lat' dir='ltr'><strong>illam</strong></span> <span class='ocrx_word' id='word_1_563' title='bbox 2915 3996 3221 4056; x_wconf 87' lang='lat' dir='ltr'><strong>ecclesiam</strong></span> <span class='ocrx_word' id='word_1_564' title='bbox 3246 3999 3427 4057; x_wconf 87' lang='lat' dir='ltr'><strong>desti-</strong></span> 
     </span>
    </p>
   </div>
   <div class='ocr_carea' id='block_1_86' title="bbox 1780 4084 3426 4160">
    <p class='ocr_par' dir='ltr' id='par_1_86' title="bbox 1780 4084 3426 4160">
     <span class='ocr_line' id='line_1_86' title="bbox 1780 4084 3426 4160; baseline 0 -14"><span class='ocrx_word' id='word_1_565' title='bbox 1780 4094 1970 4147; x_wconf 90' lang='lat' dir='ltr'><strong>tutam</strong></span> <span class='ocrx_word' id='word_1_566' title='bbox 2001 4092 2058 4145; x_wconf 90' lang='lat' dir='ltr'><strong>et</strong></span> <span class='ocrx_word' id='word_1_567' title='bbox 2078 4089 2299 4160; x_wconf 91' lang='lat' dir='ltr'><strong>absque</strong></span> <span class='ocrx_word' id='word_1_568' title='bbox 2317 4084 2641 4142; x_wconf 91' lang='lat' dir='ltr'><strong>ministerio</strong></span> <span class='ocrx_word' id='word_1_569' title='bbox 2665 4084 2890 4142; x_wconf 82' lang='lat' dir='ltr'><strong>faciunt</strong></span> <span class='ocrx_word' id='word_1_570' title='bbox 2918 4087 3426 4157; x_wconf 88' lang='lat' dir='ltr'><strong>esse,ministrum</strong></span> 
     </span>
    </p>
   </div>
   <div class='ocr_carea' id='block_1_87' title="bbox 1783 4173 3486 4248">
    <p class='ocr_par' dir='ltr' id='par_1_87' title="bbox 1783 4173 3486 4248">
     <span class='ocr_line' id='line_1_87' title="bbox 1783 4173 3486 4248; baseline -0.001 -13"><span class='ocrx_word' id='word_1_571' title='bbox 1783 4179 1958 4235; x_wconf 88' lang='lat' dir='ltr'><strong>etiam</strong></span> <span class='ocrx_word' id='word_1_572' title='bbox 1989 4178 2118 4248; x_wconf 91' lang='lat' dir='ltr'><strong>ejus</strong></span> <span class='ocrx_word' id='word_1_573' title='bbox 2166 4177 2226 4231; x_wconf 93' lang='lat' dir='ltr'><strong>in</strong></span> <span class='ocrx_word' id='word_1_574' title='bbox 2276 4174 2518 4231; x_wconf 89' lang='lat' dir='ltr'><strong>modum</strong></span> <span class='ocrx_word' id='word_1_575' title='bbox 2563 4173 2832 4248; x_wconf 89' lang='lat' dir='ltr'><strong>sacrilegi</strong></span> <span class='ocrx_word' id='word_1_576' title='bbox 2882 4179 3046 4232; x_wconf 85' lang='lat' dir='ltr'><strong>extra</strong></span> <span class='ocrx_word' id='word_1_577' title='bbox 3096 4176 3425 4234; x_wconf 88' lang='lat' dir='ltr'><strong>ecclesiam.</strong></span> <span class='ocrx_word' id='word_1_578' title='bbox 3480 4188 3486 4192; x_wconf 86' lang='lat'><em>‘</em></span> 
     </span>
    </p>
   </div>
   <div class='ocr_carea' id='block_1_88' title="bbox 1782 4263 3431 4340">
    <p class='ocr_par' dir='ltr' id='par_1_88' title="bbox 1782 4263 3431 4340">
     <span class='ocr_line' id='line_1_88' title="bbox 1782 4263 3431 4340; baseline -0.002 -16"><span class='ocrx_word' id='word_1_579' title='bbox 1782 4268 2033 4340; x_wconf 90' lang='lat' dir='ltr'><strong>Ideoque</strong></span> <span class='ocrx_word' id='word_1_580' title='bbox 2064 4284 2129 4322; x_wconf 92' lang='lat' dir='ltr'><strong>su</strong></span> <span class='ocrx_word' id='word_1_581' title='bbox 2138 4264 2406 4338; x_wconf 89' lang='lat' dir='ltr'><strong>pplieiter</strong></span> <span class='ocrx_word' id='word_1_582' title='bbox 2426 4268 2484 4320; x_wconf 92' lang='lat' dir='ltr'><strong>et</strong></span> <span class='ocrx_word' id='word_1_583' title='bbox 2502 4263 2753 4336; x_wconf 88' lang='lat' dir='ltr'><strong>benigne</strong></span> <span class='ocrx_word' id='word_1_584' title='bbox 2773 4280 3049 4338; x_wconf 90' lang='lat' dir='ltr'><strong>rogamus</strong></span> <span class='ocrx_word' id='word_1_585' title='bbox 3080 4268 3138 4321; x_wconf 87' lang='lat' dir='ltr'><strong>et</strong></span> <span class='ocrx_word' id='word_1_586' title='bbox 3164 4265 3431 4322; x_wconf 88' lang='lat' dir='ltr'><strong>obsecra-</strong></span> 
     </span>
    </p>
   </div>
   <div class='ocr_carea' id='block_1_89' title="bbox 1785 4352 3431 4425">
    <p class='ocr_par' dir='ltr' id='par_1_89' title="bbox 1785 4352 3431 4425">
     <span class='ocr_line' id='line_1_89' title="bbox 1785 4352 3431 4425; baseline -0.001 -13"><span class='ocrx_word' id='word_1_587' title='bbox 1785 4373 1920 4413; x_wconf 88' lang='lat' dir='ltr'><strong>mus</strong></span> <span class='ocrx_word' id='word_1_588' title='bbox 1940 4359 2005 4411; x_wconf 86' lang='lat' dir='ltr'><strong>ut</strong></span> <span class='ocrx_word' id='word_1_589' title='bbox 2031 4353 2516 4412; x_wconf 89' lang='lat' dir='ltr'><strong>consuetudinem</strong></span> <span class='ocrx_word' id='word_1_590' title='bbox 2538 4368 2719 4425; x_wconf 90' lang='lat' dir='ltr'><strong>quam</strong></span> <span class='ocrx_word' id='word_1_591' title='bbox 2741 4352 2829 4409; x_wconf 91' lang='lat' dir='ltr'><strong>tui</strong></span> <span class='ocrx_word' id='word_1_592' title='bbox 2858 4357 3253 4410; x_wconf 88' lang='lat' dir='ltr'><strong>antecessores</strong></span> <span class='ocrx_word' id='word_1_593' title='bbox 3282 4354 3431 4410; x_wconf 83' lang='lat' dir='ltr'><strong>fece-</strong></span> 
     </span>
    </p>
   </div>
   <div class='ocr_carea' id='block_1_90' title="bbox 1785 4441 3431 4516">
    <p class='ocr_par' dir='ltr' id='par_1_90' title="bbox 1785 4441 3431 4516">
     <span class='ocr_line' id='line_1_90' title="bbox 1785 4441 3431 4516; baseline 0 -16"><span class='ocrx_word' id='word_1_594' title='bbox 1785 4448 1941 4513; x_wconf 87' lang='lat' dir='ltr'><strong>runt,</strong></span> <span class='ocrx_word' id='word_1_595' title='bbox 1985 4443 2181 4511; x_wconf 88' lang='lat' dir='ltr'><strong>facies,</strong></span> <span class='ocrx_word' id='word_1_596' title='bbox 2208 4446 2265 4498; x_wconf 84' lang='lat' dir='ltr'><strong>et</strong></span> <span class='ocrx_word' id='word_1_597' title='bbox 2293 4441 2600 4498; x_wconf 88' lang='lat' dir='ltr'><strong>ecclesiam</strong></span> <span class='ocrx_word' id='word_1_598' title='bbox 2641 4458 2819 4515; x_wconf 90' lang='lat' dir='ltr'><strong>quam</strong></span> <span class='ocrx_word' id='word_1_599' title='bbox 2870 4447 3217 4501; x_wconf 90' lang='lat' dir='ltr'><strong>amaverunt</strong></span> <span class='ocrx_word' id='word_1_600' title='bbox 3253 4447 3431 4516; x_wconf 90' lang='lat' dir='ltr'><strong>atque</strong></span> 
     </span>
    </p>
   </div>
   <div class='ocr_carea' id='block_1_91' title="bbox 1787 4532 3429 4590">
    <p class='ocr_par' dir='ltr' id='par_1_91' title="bbox 1787 4532 3429 4590">
     <span class='ocr_line' id='line_1_91' title="bbox 1787 4532 3429 4590; baseline 0 0"><span class='ocrx_word' id='word_1_601' title='bbox 1787 4533 2209 4590; x_wconf 89' lang='lat' dir='ltr'><strong>monasterium</strong></span> <span class='ocrx_word' id='word_1_602' title='bbox 2234 4536 2502 4588; x_wconf 90' lang='lat' dir='ltr'><strong>nostrum</strong></span> <span class='ocrx_word' id='word_1_603' title='bbox 2536 4548 2669 4587; x_wconf 92' lang='lat' dir='ltr'><strong>cum</strong></span> <span class='ocrx_word' id='word_1_604' title='bbox 2689 4532 2965 4588; x_wconf 90' lang='lat' dir='ltr'><strong>omnibus</strong></span> <span class='ocrx_word' id='word_1_605' title='bbox 2992 4533 3167 4589; x_wconf 88' lang='lat' dir='ltr'><strong>rebus</strong></span> <span class='ocrx_word' id='word_1_606' title='bbox 3197 4532 3324 4589; x_wconf 89' lang='lat' dir='ltr'><strong>suis</strong></span> <span class='ocrx_word' id='word_1_607' title='bbox 3355 4534 3429 4590; x_wconf 89' lang='lat' dir='ltr'><strong>ab</strong></span> 
     </span>
    </p>
   </div>
   <div class='ocr_carea' id='block_1_92' title="bbox 37 4618 3429 4701">
    <p class='ocr_par' dir='ltr' id='par_1_92' title="bbox 37 4618 3429 4701">
     <span class='ocr_line' id='line_1_92' title="bbox 37 4618 3429 4701; baseline 0.002 -30"><span class='ocrx_word' id='word_1_608' title='bbox 37 4621 528 4691; x_wconf 86' lang='lat' dir='ltr'><strong>pugnabiledebet</strong></span> <span class='ocrx_word' id='word_1_609' title='bbox 540 4619 892 4677; x_wconf 88' lang='lat' dir='ltr'><strong>esse.Vestri</strong></span> <span class='ocrx_word' id='word_1_610' title='bbox 915 4622 1109 4675; x_wconf 89' lang='lat' dir='ltr'><strong>autem</strong></span> <span class='ocrx_word' id='word_1_611' title='bbox 1135 4618 1679 4692; x_wconf 90' lang='lat' dir='ltr'><strong>privilegiiauctori-</strong></span> <span class='ocrx_word' id='word_1_612' title='bbox 1708 4635 1755 4701; x_wconf 83' lang='lat' dir='ltr'><strong>D</strong></span> <span class='ocrx_word' id='word_1_613' title='bbox 1784 4622 2083 4679; x_wconf 89' lang='lat' dir='ltr'><strong>invasione</strong></span> <span class='ocrx_word' id='word_1_614' title='bbox 2105 4625 2161 4677; x_wconf 90' lang='lat' dir='ltr'><strong>et</strong></span> <span class='ocrx_word' id='word_1_615' title='bbox 2190 4621 2484 4694; x_wconf 90' lang='lat' dir='ltr'><strong>ereptione</strong></span> <span class='ocrx_word' id='word_1_616' title='bbox 2517 4621 2988 4693; x_wconf 86' lang='lat' dir='ltr'><strong>supradictorum</strong></span> <span class='ocrx_word' id='word_1_617' title='bbox 3004 4620 3429 4679; x_wconf 89' lang='lat' dir='ltr'><strong>monachorum</strong></span> 
     </span>
    </p>
   </div>
   <div class='ocr_carea' id='block_1_93' title="bbox 34 4708 1678 4767">
    <p class='ocr_par' dir='ltr' id='par_1_93' title="bbox 34 4708 1678 4767">
     <span class='ocr_line' id='line_1_93' title="bbox 34 4708 1678 4767; baseline 0.005 -9"><span class='ocrx_word' id='word_1_618' title='bbox 34 4708 117 4761; x_wconf 89' lang='lat' dir='ltr'><strong>tas</strong></span> <span class='ocrx_word' id='word_1_619' title='bbox 151 4724 259 4765; x_wconf 90' lang='lat' dir='ltr'><strong>nos</strong></span> <span class='ocrx_word' id='word_1_620' title='bbox 291 4714 453 4767; x_wconf 90' lang='lat' dir='ltr'><strong>tutos</strong></span> <span class='ocrx_word' id='word_1_621' title='bbox 485 4727 550 4766; x_wconf 91' lang='lat' dir='ltr'><strong>ac</strong></span> <span class='ocrx_word' id='word_1_622' title='bbox 581 4710 795 4766; x_wconf 89' lang='lat' dir='ltr'><strong>liberos</strong></span> <span class='ocrx_word' id='word_1_623' title='bbox 825 4710 899 4764; x_wconf 89' lang='lat' dir='ltr'><strong>ab</strong></span> <span class='ocrx_word' id='word_1_624' title='bbox 930 4709 1091 4764; x_wconf 91' lang='lat' dir='ltr'><strong>omni</strong></span> <span class='ocrx_word' id='word_1_625' title='bbox 1117 4708 1369 4765; x_wconf 89' lang='lat' dir='ltr'><strong>aliorum</strong></span> <span class='ocrx_word' id='word_1_626' title='bbox 1401 4709 1678 4767; x_wconf 89' lang='lat' dir='ltr'><strong>servitute</strong></span> 
     </span>
    </p>
   </div>
   <div class='ocr_carea' id='block_1_94' title="bbox 35 4793 1682 4872">
    <p class='ocr_par' dir='ltr' id='par_1_94' title="bbox 35 4793 1682 4872">
     <span class='ocr_line' id='line_1_94' title="bbox 35 4793 1682 4872; baseline 0.005 -24"><span class='ocrx_word' id='word_1_627' title='bbox 35 4793 141 4855; x_wconf 76' lang='lat' dir='ltr'><strong>sibi</strong></span> <span class='ocrx_word' id='word_1_628' title='bbox 164 4798 222 4853; x_wconf 92' lang='lat' dir='ltr'><strong>in</strong></span> <span class='ocrx_word' id='word_1_629' title='bbox 250 4803 602 4872; x_wconf 88' lang='lat' dir='ltr'><strong>perpetuum</strong></span> <span class='ocrx_word' id='word_1_630' title='bbox 625 4799 799 4855; x_wconf 91' lang='lat' dir='ltr'><strong>debet</strong></span> <span class='ocrx_word' id='word_1_631' title='bbox 833 4797 1470 4870; x_wconf 88' lang='lat' dir='ltr'><strong>habere.Temporibus</strong></span> <span class='ocrx_word' id='word_1_632' title='bbox 1501 4799 1682 4872; x_wconf 89' lang='lat' dir='ltr'><strong>igitur</strong></span> 
     </span>
    </p>
   </div>
   <div class='ocr_carea' id='block_1_95' title="bbox 31 4880 1680 4959">
    <p class='ocr_par' dir='ltr' id='par_1_95' title="bbox 31 4880 1680 4959">
     <span class='ocr_line' id='line_1_95' title="bbox 31 4880 1680 4959; baseline 0.006 -24"><span class='ocrx_word' id='word_1_633' title='bbox 31 4880 231 4951; x_wconf 88' lang='lat' dir='ltr'><strong>priscis</strong></span> <span class='ocrx_word' id='word_1_634' title='bbox 242 4890 515 4942; x_wconf 86' lang='lat' dir='ltr'><strong>matrona</strong></span> <span class='ocrx_word' id='word_1_635' title='bbox 534 4887 801 4959; x_wconf 66' lang='lat' dir='ltr'><strong>quaedam</strong></span> <span class='ocrx_word' id='word_1_636' title='bbox 817 4885 1053 4943; x_wconf 89' lang='lat' dir='ltr'><strong>nomine</strong></span> <span class='ocrx_word' id='word_1_637' title='bbox 1072 4885 1475 4959; x_wconf 88' lang='lat' dir='ltr'><strong>Ermengarda</strong></span> <span class='ocrx_word' id='word_1_638' title='bbox 1493 4888 1680 4945; x_wconf 90' lang='lat' dir='ltr'><strong>comi-</strong></span> 
     </span>
    </p>
   </div>
   <div class='ocr_carea' id='block_1_96' title="bbox 1787 4709 3435 4786">
    <p class='ocr_par' dir='ltr' id='par_1_96' title="bbox 1787 4709 3435 4786">
     <span class='ocr_line' id='line_1_96' title="bbox 1787 4709 3435 4786; baseline 0.001 -19"><span class='ocrx_word' id='word_1_639' title='bbox 1787 4711 1866 4767; x_wconf 87' lang='lat' dir='ltr'><strong>eri</strong></span> <span class='ocrx_word' id='word_1_640' title='bbox 1874 4711 2000 4784; x_wconf 91' lang='lat' dir='ltr'><strong>pias</strong></span> <span class='ocrx_word' id='word_1_641' title='bbox 2029 4715 2086 4767; x_wconf 91' lang='lat' dir='ltr'><strong>et</strong></span> <span class='ocrx_word' id='word_1_642' title='bbox 2109 4727 2214 4767; x_wconf 92' lang='lat' dir='ltr'><strong>nos</strong></span> <span class='ocrx_word' id='word_1_643' title='bbox 2232 4710 2561 4767; x_wconf 84' lang='lat' dir='ltr'><strong>aservitute</strong></span> <span class='ocrx_word' id='word_1_644' title='bbox 2590 4710 2856 4767; x_wconf 90' lang='lat' dir='ltr'><strong>omnium</strong></span> <span class='ocrx_word' id='word_1_645' title='bbox 2874 4709 3123 4767; x_wconf 91' lang='lat' dir='ltr'><strong>aliorum</strong></span> <span class='ocrx_word' id='word_1_646' title='bbox 3146 4710 3206 4766; x_wconf 87' lang='lat' dir='ltr'><strong>in</strong></span> <span class='ocrx_word' id='word_1_647' title='bbox 3236 4727 3435 4786; x_wconf 83' lang='lat' dir='ltr'><strong>perpe-</strong></span> 
     </span>
    </p>
   </div>
   <div class='ocr_carea' id='block_1_97' title="bbox 1788 4798 2863 4872">
    <p class='ocr_par' dir='ltr' id='par_1_97' title="bbox 1788 4798 2863 4872">
     <span class='ocr_line' id='line_1_97' title="bbox 1788 4798 2863 4872; baseline -0.002 -16"><span class='ocrx_word' id='word_1_648' title='bbox 1788 4806 1958 4856; x_wconf 89' lang='lat' dir='ltr'><strong>tuum</strong></span> <span class='ocrx_word' id='word_1_649' title='bbox 1991 4803 2261 4872; x_wconf 90' lang='lat' dir='ltr'><strong>protegas</strong></span> <span class='ocrx_word' id='word_1_650' title='bbox 2290 4803 2346 4855; x_wconf 89' lang='lat' dir='ltr'><strong>et</strong></span> <span class='ocrx_word' id='word_1_651' title='bbox 2374 4799 2672 4857; x_wconf 85' lang='lat' dir='ltr'><strong>defendas.</strong></span> <span class='ocrx_word' id='word_1_652' title='bbox 2704 4798 2863 4855; x_wconf 89' lang='lat' dir='ltr'><strong>Vale.</strong></span> 
     </span>
    </p>
   </div>
   <div class='ocr_carea' id='block_1_98' title="bbox 33 5000 3433 5112">
    <p class='ocr_par' dir='ltr' id='par_1_98' title="bbox 33 5000 3433 5112">
     <span class='ocr_line' id='line_1_98' title="bbox 33 5000 3433 5112; baseline 0.003 -26"><span class='ocrx_word' id='word_1_653' title='bbox 33 5032 315 5112; x_wconf 59' lang='lat' dir='ltr'><strong>(Epictetus</strong></span> <span class='ocrx_word' id='word_1_654' title='bbox 347 5035 403 5090; x_wconf 92' lang='lat' dir='ltr'><strong>S.</strong></span> <span class='ocrx_word' id='word_1_655' title='bbox 437 5036 679 5112; x_wconf 64' lang='lat' dir='ltr'><strong>Anselmi</strong></span> <span class='ocrx_word' id='word_1_656' title='bbox 720 5036 1148 5112; x_wconf 68' lang='lat' dir='ltr'><strong>cantuarz&#39;ensis.</strong></span> <span class='ocrx_word' id='word_1_657' title='bbox 1175 5037 1741 5112; x_wconf 65' lang='lat' dir='ltr'><strong>Ivem&#39;sCamotensis,</strong></span> <span class='ocrx_word' id='word_1_658' title='bbox 1795 5039 2039 5110; x_wconf 81' lang='lat' dir='ltr'><strong>Hugonis</strong></span> <span class='ocrx_word' id='word_1_659' title='bbox 2086 5034 2480 5112; x_wconf 57' lang='lat' dir='ltr'><strong>Lygdunenszs.</strong></span> <span class='ocrx_word' id='word_1_660' title='bbox 2538 5036 2795 5112; x_wconf 60' lang='lat' dir='ltr'><strong>[lagonis</strong></span> <span class='ocrx_word' id='word_1_661' title='bbox 2831 5034 3231 5112; x_wconf 66' lang='lat' dir='ltr'><strong>Cluniacensis,</strong></span> <span class='ocrx_word' id='word_1_662' title='bbox 3285 5038 3433 5112; x_wconf 84' lang='lat' dir='ltr'><strong>Ray-</strong></span> 
     </span>
    </p>
   </div>
   <div class='ocr_carea' id='block_1_99' title="bbox 96 5105 3440 5184">
    <p class='ocr_par' dir='ltr' id='par_1_99' title="bbox 96 5105 3440 5184">
     <span class='ocr_line' id='line_1_99' title="bbox 96 5105 3440 5184; baseline 0.003 -26"><span class='ocrx_word' id='word_1_663' title='bbox 96 5105 252 5160; x_wconf 77' lang='lat' dir='ltr'><strong>naldi</strong></span> <span class='ocrx_word' id='word_1_664' title='bbox 282 5108 582 5184; x_wconf 54' lang='lat' dir='ltr'><strong>Reme-nais,</strong></span> <span class='ocrx_word' id='word_1_665' title='bbox 615 5108 892 5164; x_wconf 82' lang='lat' dir='ltr'><strong>Lamberti</strong></span> <span class='ocrx_word' id='word_1_666' title='bbox 911 5108 1299 5178; x_wconf 77' lang='lat' dir='ltr'><strong>Atrebatensz‘s,</strong></span> <span class='ocrx_word' id='word_1_667' title='bbox 1334 5110 1569 5183; x_wconf 72' lang='grc' dir='ltr'><strong><em>ϐοῇνίάί</em></strong></span> <span class='ocrx_word' id='word_1_668' title='bbox 1602 5105 2037 5176; x_wconf 74' lang='grc' dir='ltr'><strong>νίηάοείηὲηείε,</strong></span> <span class='ocrx_word' id='word_1_669' title='bbox 2069 5108 2140 5163; x_wconf 74' lang='grc' dir='ltr'><strong>(ιιι</strong></span> <span class='ocrx_word' id='word_1_670' title='bbox 2161 5105 2446 5163; x_wconf 79' lang='lat' dir='ltr'><strong>URBANUM</strong></span> <span class='ocrx_word' id='word_1_671' title='bbox 2464 5105 2689 5179; x_wconf 72' lang='lat' dir='ltr'><strong>papain,</strong></span> <span class='ocrx_word' id='word_1_672' title='bbox 2703 5107 2825 5163; x_wconf 80' lang='lat' dir='ltr'><strong>vide</strong></span> <span class='ocrx_word' id='word_1_673' title='bbox 2854 5108 2998 5162; x_wconf 78' lang='lat' dir='ltr'><strong>inter</strong></span> <span class='ocrx_word' id='word_1_674' title='bbox 3023 5121 3212 5164; x_wconf 79' lang='lat' dir='ltr'><strong>eorum</strong></span> <span class='ocrx_word' id='word_1_675' title='bbox 3230 5105 3440 5184; x_wconf 55' lang='lat' dir='ltr'><strong>scripta</strong></span> 
     </span>
    </p>
   </div>
   <div class='ocr_carea' id='block_1_100' title="bbox 100 5176 513 5251">
    <p class='ocr_par' dir='ltr' id='par_1_100' title="bbox 100 5176 513 5251">
     <span class='ocr_line' id='line_1_100' title="bbox 100 5176 513 5251; baseline 0.007 -22"><span class='ocrx_word' id='word_1_676' title='bbox 100 5192 228 5232; x_wconf 70' lang='lat' dir='ltr'><strong>mox</strong></span> <span class='ocrx_word' id='word_1_677' title='bbox 256 5176 513 5251; x_wconf 74' lang='lat' dir='ltr'><strong>edenda.)</strong></span> 
     </span>
    </p>
   </div>
   <div class='ocr_carea' id='block_1_101' title="bbox 103 5300 1679 5380">
    <p class='ocr_par' dir='ltr' id='par_1_101' title="bbox 103 5300 1679 5380">
     <span class='ocr_line' id='line_1_101' title="bbox 103 5300 1679 5380; baseline 0.008 -26"><span class='ocrx_word' id='word_1_678' title='bbox 103 5300 211 5373; x_wconf 83' lang='grc'><strong>(64)</strong></span> <span class='ocrx_word' id='word_1_679' title='bbox 257 5302 525 5380; x_wconf 67' lang='lat' dir='ltr'><strong>Becitata</strong></span> <span class='ocrx_word' id='word_1_680' title='bbox 576 5303 638 5380; x_wconf 88' lang='lat' dir='ltr'><strong>in</strong></span> <span class='ocrx_word' id='word_1_681' title='bbox 694 5302 1004 5380; x_wconf 64' lang='lat' dir='ltr'><strong>praesentia</strong></span> <span class='ocrx_word' id='word_1_682' title='bbox 1032 5302 1251 5380; x_wconf 84' lang='lat' dir='ltr'><strong>Urbani</strong></span> <span class='ocrx_word' id='word_1_683' title='bbox 1305 5322 1467 5380; x_wconf 68' lang='lat' dir='ltr'><strong>papae</strong></span> <span class='ocrx_word' id='word_1_684' title='bbox 1498 5308 1679 5380; x_wconf 90' lang='lat' dir='ltr'><strong>hujus</strong></span> 
     </span>
    </p>
   </div>
   <div class='ocr_carea' id='block_1_102' title="bbox 4 5366 1682 5453">
    <p class='ocr_par' dir='ltr' id='par_1_102' title="bbox 4 5366 1682 5453">
     <span class='ocr_line' id='line_1_102' title="bbox 4 5366 1682 5453; baseline 0.01 -32"><span class='ocrx_word' id='word_1_685' title='bbox 4 5366 307 5453; x_wconf 54' lang='lat' dir='ltr'><strong>,clamoris</strong></span> <span class='ocrx_word' id='word_1_686' title='bbox 337 5374 572 5453; x_wconf 79' lang='lat' dir='ltr'><strong>pagina,</strong></span> <span class='ocrx_word' id='word_1_687' title='bbox 590 5378 647 5429; x_wconf 91' lang='lat' dir='ltr'><strong>et</strong></span> <span class='ocrx_word' id='word_1_688' title='bbox 670 5366 715 5453; x_wconf 36' lang='lat' dir='ltr'><strong>at</strong></span> <span class='ocrx_word' id='word_1_689' title='bbox 733 5374 1010 5453; x_wconf 74' lang='lat' dir='ltr'><strong>Romanis</strong></span> <span class='ocrx_word' id='word_1_690' title='bbox 1036 5377 1256 5453; x_wconf 74' lang='lat' dir='ltr'><strong>sazpius</strong></span> <span class='ocrx_word' id='word_1_691' title='bbox 1286 5366 1682 5453; x_wconf 58' lang='lat' dir='ltr'><strong>€t_diligen&#39;ter</strong></span> 
     </span>
    </p>
   </div>
   <div class='ocr_carea' id='block_1_103' title="bbox 37 5442 1679 5513">
    <p class='ocr_par' dir='ltr' id='par_1_103' title="bbox 37 5442 1679 5513">
     <span class='ocr_line' id='line_1_103' title="bbox 37 5442 1679 5513; baseline 0.009 -20"><span class='ocrx_word' id='word_1_692' title='bbox 37 5442 638 5513; x_wconf 50' lang='lat' dir='ltr'><strong>ventilatafabbatem</strong></span> <span class='ocrx_word' id='word_1_693' title='bbox 671 5446 753 5501; x_wconf 88' lang='lat' dir='ltr'><strong>sic</strong></span> <span class='ocrx_word' id='word_1_694' title='bbox 810 5442 1154 5501; x_wconf 80' lang='lat' dir='ltr'><strong>destitutum</strong></span> <span class='ocrx_word' id='word_1_695' title='bbox 1202 5449 1275 5503; x_wconf 91' lang='lat' dir='ltr'><strong>ob</strong></span> <span class='ocrx_word' id='word_1_696' title='bbox 1336 5442 1679 5508; x_wconf 80' lang='lat' dir='ltr'><strong>fidelitatem</strong></span> 
     </span>
    </p>
   </div>
   <div class='ocr_carea' id='block_1_104' title="bbox 36 5513 1680 5593">
    <p class='ocr_par' dir='ltr' id='par_1_104' title="bbox 36 5513 1680 5593">
     <span class='ocr_line' id='line_1_104' title="bbox 36 5513 1680 5593; baseline 0.009 -28"><span class='ocrx_word' id='word_1_697' title='bbox 36 5513 285 5593; x_wconf 67' lang='lat' dir='ltr'><strong>ecclesia;</strong></span> <span class='ocrx_word' id='word_1_698' title='bbox 346 5519 620 5593; x_wconf 59' lang='lat' dir='ltr'><strong>Romanis</strong></span> <span class='ocrx_word' id='word_1_699' title='bbox 670 5515 1117 5593; x_wconf 77' lang='lat' dir='ltr'><strong>condoluerunt,</strong></span> <span class='ocrx_word' id='word_1_700' title='bbox 1151 5522 1208 5573; x_wconf 90' lang='lat' dir='ltr'><strong>et</strong></span> <span class='ocrx_word' id='word_1_701' title='bbox 1229 5518 1333 5593; x_wconf 26' lang='lat' dir='ltr'><strong>‘W.</strong></span> <span class='ocrx_word' id='word_1_702' title='bbox 1368 5521 1482 5593; x_wconf 84' lang='lat' dir='ltr'><strong>nisi</strong></span> <span class='ocrx_word' id='word_1_703' title='bbox 1539 5524 1680 5579; x_wconf 89' lang='lat' dir='ltr'><strong>resi-</strong></span> 
     </span>
    </p>
   </div>
   <div class='ocr_carea' id='block_1_105' title="bbox 38 5586 1683 5656">
    <p class='ocr_par' dir='ltr' id='par_1_105' title="bbox 38 5586 1683 5656">
     <span class='ocr_line' id='line_1_105' title="bbox 38 5586 1683 5656; baseline 0.007 -17"><span class='ocrx_word' id='word_1_704' title='bbox 38 5586 303 5656; x_wconf 82' lang='lat' dir='ltr'><strong>pisceret,</strong></span> <span class='ocrx_word' id='word_1_705' title='bbox 338 5591 397 5643; x_wconf 88' lang='lat' dir='ltr'><strong>et</strong></span> <span class='ocrx_word' id='word_1_706' title='bbox 426 5586 552 5643; x_wconf 91' lang='lat' dir='ltr'><strong>loco</strong></span> <span class='ocrx_word' id='word_1_707' title='bbox 592 5587 840 5654; x_wconf 86' lang='lat' dir='ltr'><strong>cederet,</strong></span> <span class='ocrx_word' id='word_1_708' title='bbox 872 5588 1499 5649; x_wconf 88' lang='lat' dir='ltr'><strong>excommunicandum</strong></span> <span class='ocrx_word' id='word_1_709' title='bbox 1559 5595 1683 5652; x_wconf 92' lang='lat' dir='ltr'><strong>sine</strong></span> 
     </span>
    </p>
   </div>
   <div class='ocr_carea' id='block_1_106' title="bbox 38 5653 1680 5733">
    <p class='ocr_par' dir='ltr' id='par_1_106' title="bbox 38 5653 1680 5733">
     <span class='ocr_line' id='line_1_106' title="bbox 38 5653 1680 5733; baseline 0.008 -24"><span class='ocrx_word' id='word_1_710' title='bbox 38 5653 315 5733; x_wconf 74' lang='lat' dir='ltr'><strong>dilatione</strong></span> <span class='ocrx_word' id='word_1_711' title='bbox 347 5658 748 5733; x_wconf 76' lang='lat' dir='ltr'><strong>decreverunt.</strong></span> <span class='ocrx_word' id='word_1_712' title='bbox 780 5653 1376 5733; x_wconf 79' lang='lat' dir='ltr'><strong>suifraganteautem</strong></span> <span class='ocrx_word' id='word_1_713' title='bbox 1408 5664 1680 5733; x_wconf 85' lang='lat' dir='ltr'><strong>Rainero,</strong></span> 
     </span>
    </p>
   </div>
   <div class='ocr_carea' id='block_1_107' title="bbox 34 5727 1684 5855">
    <p class='ocr_par' dir='ltr' id='par_1_107' title="bbox 34 5727 1684 5855">
     <span class='ocr_line' id='line_1_107' title="bbox 34 5727 1684 5855; baseline 0.006 -72"><span class='ocrx_word' id='word_1_714' title='bbox 34 5727 132 5855; x_wconf 59' lang='lat' dir='ltr'><strong>qui</strong></span> <span class='ocrx_word' id='word_1_715' title='bbox 158 5728 394 5785; x_wconf 90' lang='lat' dir='ltr'><strong>Urbano</strong></span> <span class='ocrx_word' id='word_1_716' title='bbox 426 5730 485 5786; x_wconf 88' lang='lat' dir='ltr'><strong>in</strong></span> <span class='ocrx_word' id='word_1_717' title='bbox 528 5730 865 5804; x_wconf 77' lang='lat' dir='ltr'><strong>pontificatu</strong></span> <span class='ocrx_word' id='word_1_718' title='bbox 920 5727 1222 5797; x_wconf 55' lang='lat' dir='ltr'><strong>su&#39;ccessit,</strong></span> <span class='ocrx_word' id='word_1_719' title='bbox 1275 5739 1415 5788; x_wconf 91' lang='lat' dir='ltr'><strong>tunc</strong></span> <span class='ocrx_word' id='word_1_720' title='bbox 1448 5727 1684 5808; x_wconf 85' lang='lat' dir='ltr'><strong>quidem</strong></span> 
     </span>
     <span class='ocr_line' id='line_1_108' title="bbox 73 5796 1684 5855; baseline 0 0"><span class='ocrx_word' id='word_1_721' title='bbox 73 5796 214 5855; x_wconf 81' lang='lat' dir='ltr'><strong>llata</strong></span> <span class='ocrx_word' id='word_1_722' title='bbox 232 5803 326 5855; x_wconf 89' lang='lat' dir='ltr'><strong>est</strong></span> <span class='ocrx_word' id='word_1_723' title='bbox 342 5802 632 5855; x_wconf 87' lang='lat' dir='ltr'><strong>sententia</strong></span> <span class='ocrx_word' id='word_1_724' title='bbox 659 5800 779 5855; x_wconf 60' lang='lat' dir='ltr'><strong>hinc</strong></span> <span class='ocrx_word' id='word_1_725' title='bbox 810 5802 1457 5855; x_wconf 84' lang='lat' dir='ltr'><strong>excommunicationis-</strong></span> <span class='ocrx_word' id='word_1_726' title='bbox 1490 5822 1684 5855; x_wconf 72' lang='lat' dir='ltr'><strong>unum</strong></span> 
     </span>
    </p>
   </div>
   <div class='ocr_carea' id='block_1_108' title="bbox 73 5796 1685 5881">
    <p class='ocr_par' dir='ltr' id='par_1_108' title="bbox 73 5796 1685 5881">
     <span class='ocr_line' id='line_1_109' title="bbox 73 5796 1685 5881; baseline 0.006 -26"><span class='ocrx_word' id='word_1_727' title='bbox 73 5796 214 5881; x_wconf 83' lang='lat' dir='ltr'><strong>ila_t_a</strong></span> <span class='ocrx_word' id='word_1_728' title='bbox 232 5803 329 5881; x_wconf 70' lang='lat' dir='ltr'><strong>est</strong></span> <span class='ocrx_word' id='word_1_729' title='bbox 342 5796 632 5881; x_wconf 74' lang='lat' dir='ltr'><strong>sententia</strong></span> <span class='ocrx_word' id='word_1_730' title='bbox 659 5800 779 5859; x_wconf 68' lang='lat' dir='ltr'><strong>haec</strong></span> <span class='ocrx_word' id='word_1_731' title='bbox 810 5796 1685 5881; x_wconf 52' lang='lat' dir='ltr'><strong>excommunicationis,‘usque</strong></span> 
     </span>
    </p>
   </div>
   <div class='ocr_carea' id='block_1_109' title="bbox 34 5867 1689 5954">
    <p class='ocr_par' dir='ltr' id='par_1_109' title="bbox 34 5867 1689 5954">
     <span class='ocr_line' id='line_1_110' title="bbox 34 5867 1689 5954; baseline 0.005 -20"><span class='ocrx_word' id='word_1_732' title='bbox 34 5867 92 5934; x_wconf 73' lang='lat' dir='ltr'><strong>in</strong></span> <span class='ocrx_word' id='word_1_733' title='bbox 121 5870 282 5940; x_wconf 80' lang='lat' dir='ltr'><strong>diem</strong></span> <span class='ocrx_word' id='word_1_734' title='bbox 311 5871 466 5941; x_wconf 76' lang='lat' dir='ltr'><strong>inter</strong></span> <span class='ocrx_word' id='word_1_735' title='bbox 492 5878 771 5952; x_wconf 85' lang='lat' dir='ltr'><strong>utrosque</strong></span> <span class='ocrx_word' id='word_1_736' title='bbox 818 5873 1154 5954; x_wconf 65' lang='lat' dir='ltr'><strong>prastituta</strong></span> <span class='ocrx_word' id='word_1_737' title='bbox 1196 5867 1602 5940; x_wconf 49' lang='lat' dir='ltr'><strong>discussi&#39;onis&#39;</strong></span> <span class='ocrx_word' id='word_1_738' title='bbox 1635 5881 1689 5943; x_wconf 83' lang='lat' dir='ltr'><strong>si</strong></span> 
     </span>
    </p>
   </div>
   <div class='ocr_carea' id='block_1_110' title="bbox 1789 5301 3437 5379">
    <p class='ocr_par' dir='ltr' id='par_1_110' title="bbox 1789 5301 3437 5379">
     <span class='ocr_line' id='line_1_111' title="bbox 1789 5301 3437 5379; baseline -0.001 -15"><span class='ocrx_word' id='word_1_739' title='bbox 1789 5308 1943 5379; x_wconf 85' lang='lat' dir='ltr'><strong>forte</strong></span> <span class='ocrx_word' id='word_1_740' title='bbox 1966 5303 2311 5379; x_wconf 74' lang='lat' dir='ltr'><strong>adveniente</strong></span> <span class='ocrx_word' id='word_1_741' title='bbox 2337 5301 2576 5379; x_wconf 76' lang='lat' dir='ltr'><strong>Wiredo</strong></span> <span class='ocrx_word' id='word_1_742' title='bbox 2609 5303 2823 5361; x_wconf 90' lang='lat' dir='ltr'><strong>certior</strong></span> <span class='ocrx_word' id='word_1_743' title='bbox 2850 5303 3016 5379; x_wconf 82' lang='lat' dir='ltr'><strong>fieret</strong></span> <span class='ocrx_word' id='word_1_744' title='bbox 3057 5304 3285 5379; x_wconf 89' lang='lat' dir='ltr'><strong>agenda</strong></span> <span class='ocrx_word' id='word_1_745' title='bbox 3314 5306 3437 5379; x_wconf 56' lang='lat' dir='ltr'><strong>dis-7</strong></span> 
     </span>
    </p>
   </div>
   <div class='ocr_carea' id='block_1_111' title="bbox 1790 5375 3438 5450">
    <p class='ocr_par' dir='ltr' id='par_1_111' title="bbox 1790 5375 3438 5450">
     <span class='ocr_line' id='line_1_112' title="bbox 1790 5375 3438 5450; baseline -0.001 -15"><span class='ocrx_word' id='word_1_746' title='bbox 1790 5377 2005 5435; x_wconf 87' lang='lat' dir='ltr'><strong>cussio.</strong></span> <span class='ocrx_word' id='word_1_747' title='bbox 2043 5376 2167 5450; x_wconf 91' lang='lat' dir='ltr'><strong>lllo_</strong></span> <span class='ocrx_word' id='word_1_748' title='bbox 2203 5375 2361 5430; x_wconf 91' lang='lat' dir='ltr'><strong>domi</strong></span> <span class='ocrx_word' id='word_1_749' title='bbox 2406 5381 2776 5450; x_wconf 77' lang='lat' dir='ltr'><strong>remanente,</strong></span> <span class='ocrx_word' id='word_1_750' title='bbox 2810 5375 3125 5450; x_wconf 26' lang='lat' dir='ltr'><strong>probat‘us&#39;</strong></span> <span class='ocrx_word' id='word_1_751' title='bbox 3148 5379 3236 5450; x_wconf 87' lang='lat' dir='ltr'><strong>est</strong></span> <span class='ocrx_word' id='word_1_752' title='bbox 3267 5377 3438 5450; x_wconf 89' lang='lat' dir='ltr'><strong>quasi</strong></span> 
     </span>
    </p>
   </div>
   <div class='ocr_carea' id='block_1_112' title="bbox 1789 5446 3443 5520">
    <p class='ocr_par' dir='ltr' id='par_1_112' title="bbox 1789 5446 3443 5520">
     <span class='ocr_line' id='line_1_113' title="bbox 1789 5446 3443 5520; baseline 0 -13"><span class='ocrx_word' id='word_1_753' title='bbox 1789 5450 2061 5507; x_wconf 89' lang='lat' dir='ltr'><strong>conscius</strong></span> <span class='ocrx_word' id='word_1_754' title='bbox 2079 5447 2260 5520; x_wconf 55' lang='lat' dir='ltr'><strong>eulpae</strong></span> <span class='ocrx_word' id='word_1_755' title='bbox 2276 5449 2603 5520; x_wconf 87' lang='lat' dir='ltr'><strong>condictam</strong></span> <span class='ocrx_word' id='word_1_756' title='bbox 2625 5449 2737 5504; x_wconf 88' lang='lat' dir='ltr'><strong>sibi</strong></span> <span class='ocrx_word' id='word_1_757' title='bbox 2770 5446 3130 5520; x_wconf 77' lang='lat' dir='ltr'><strong>audientiam</strong></span> <span class='ocrx_word' id='word_1_758' title='bbox 3149 5446 3443 5507; x_wconf 75' lang='lat' dir='ltr'><strong>subterfu-</strong></span> 
     </span>
    </p>
   </div>
   <div class='ocr_carea' id='block_1_113' title="bbox 1790 5517 3439 5602">
    <p class='ocr_par' dir='ltr' id='par_1_113' title="bbox 1790 5517 3439 5602">
     <span class='ocr_line' id='line_1_114' title="bbox 1790 5517 3439 5602; baseline 0.001 -26"><span class='ocrx_word' id='word_1_759' title='bbox 1790 5522 1967 5595; x_wconf 87' lang='lat' dir='ltr'><strong>gisse.</strong></span> <span class='ocrx_word' id='word_1_760' title='bbox 1996 5517 2336 5602; x_wconf 68' lang='lat' dir='ltr'><strong>Ideoquein</strong></span> <span class='ocrx_word' id='word_1_761' title='bbox 2368 5519 2735 5602; x_wconf 63' lang='lat' dir='ltr'><strong>solemnitate</strong></span> <span class='ocrx_word' id='word_1_762' title='bbox 2777 5517 3439 5602; x_wconf 46' lang='lat' dir='ltr'><strong>omnium‘sanctorum</strong></span> 
     </span>
    </p>
   </div>
   <div class='ocr_carea' id='block_1_114' title="bbox 1791 5589 3443 5662">
    <p class='ocr_par' dir='ltr' id='par_1_114' title="bbox 1791 5589 3443 5662">
     <span class='ocr_line' id='line_1_115' title="bbox 1791 5589 3443 5662; baseline 0.002 -14"><span class='ocrx_word' id='word_1_763' title='bbox 1791 5589 2390 5649; x_wconf 77' lang='lat' dir='ltr'><strong>éxcommunieatione</strong></span> <span class='ocrx_word' id='word_1_764' title='bbox 2422 5608 2456 5646; x_wconf 90' lang='lat' dir='ltr'><strong>a</strong></span> <span class='ocrx_word' id='word_1_765' title='bbox 2484 5606 2635 5662; x_wconf 89' lang='lat' dir='ltr'><strong>papa</strong></span> <span class='ocrx_word' id='word_1_766' title='bbox 2655 5590 2931 5662; x_wconf 77' lang='lat' dir='ltr'><strong>formata,</strong></span> <span class='ocrx_word' id='word_1_767' title='bbox 2963 5593 3032 5662; x_wconf 77' lang='lat' dir='ltr'><strong>et</strong></span> <span class='ocrx_word' id='word_1_768' title='bbox 3047 5590 3185 5647; x_wconf 86' lang='lat' dir='ltr'><strong>data</strong></span> <span class='ocrx_word' id='word_1_769' title='bbox 3241 5607 3443 5653; x_wconf 88' lang='lat' dir='ltr'><strong>coram</strong></span> 
     </span>
    </p>
   </div>
   <div class='ocr_carea' id='block_1_115' title="bbox 1794 5659 3389 5809">
    <p class='ocr_par' dir='ltr' id='par_1_115' title="bbox 1794 5659 3389 5809">
     <span class='ocr_line' id='line_1_116' title="bbox 1794 5659 3096 5734; baseline -0.004 -14"><span class='ocrx_word' id='word_1_770' title='bbox 1794 5681 1856 5720; x_wconf 89' lang='lat' dir='ltr'><strong>se</strong></span> <span class='ocrx_word' id='word_1_771' title='bbox 1885 5663 2150 5731; x_wconf 84' lang='lat' dir='ltr'><strong>ejusdem</strong></span> <span class='ocrx_word' id='word_1_772' title='bbox 2181 5659 2802 5717; x_wconf 72' lang='lat' dir='ltr'><strong>excommunicationis</strong></span> <span class='ocrx_word' id='word_1_773' title='bbox 2830 5659 3096 5734; x_wconf 87' lang='lat' dir='ltr'><strong>epistola.</strong></span> 
     </span>
     <span class='ocr_line' id='line_1_117' title="bbox 1864 5730 3389 5809; baseline 0.004 -19"><span class='ocrx_word' id='word_1_774' title='bbox 1864 5733 1979 5809; x_wconf 64' lang='lat'><strong>(65)</strong></span> <span class='ocrx_word' id='word_1_775' title='bbox 2006 5733 2153 5792; x_wconf 88' lang='lat' dir='ltr'><strong>Vide</strong></span> <span class='ocrx_word' id='word_1_776' title='bbox 2212 5733 2314 5790; x_wconf 91' lang='lat' dir='ltr'><strong>lib.</strong></span> <span class='ocrx_word' id='word_1_777' title='bbox 2374 5732 2579 5790; x_wconf 78' lang='lat' dir='ltr'><strong>tHist.</strong></span> <span class='ocrx_word' id='word_1_778' title='bbox 2636 5730 2860 5808; x_wconf 88' lang='lat' dir='ltr'><strong>geneal.</strong></span> <span class='ocrx_word' id='word_1_779' title='bbox 2919 5735 3110 5809; x_wconf 83' lang='lat' dir='ltr'><strong>gentis</strong></span> <span class='ocrx_word' id='word_1_780' title='bbox 3164 5736 3389 5796; x_wconf 72' lang='lat' dir='ltr'><strong>Arvern</strong></span> 
     </span>
    </p>
   </div>
   <div class='ocr_carea' id='block_1_116' title="bbox 2301 5772 3436 5815">
    <p class='ocr_par' dir='ltr' id='par_1_116' title="bbox 2301 5772 3436 5815">
     <span class='ocr_line' id='line_1_118' title="bbox 2301 5772 3436 5815; baseline 0.007 -27"><span class='ocrx_word' id='word_1_781' title='bbox 2301 5773 2314 5790; x_wconf 81' lang='grc' dir='ltr'><strong><em>ο</em></strong></span> <span class='ocrx_word' id='word_1_782' title='bbox 2374 5772 2393 5790; x_wconf 70' lang='grc' dir='ltr'><strong>ι</strong></span> <span class='ocrx_word' id='word_1_783' title='bbox 2434 5772 2579 5789; x_wconf 64' lang='lat' dir='ltr'><strong>usus&quot;</strong></span> <span class='ocrx_word' id='word_1_784' title='bbox 2636 5772 2860 5808; x_wconf 63' lang='grc' dir='ltr'><strong>δνμνυιιι</strong></span> <span class='ocrx_word' id='word_1_785' title='bbox 2919 5772 3110 5809; x_wconf 67' lang='grc' dir='ltr'><strong>ονκνιῠ</strong></span> <span class='ocrx_word' id='word_1_786' title='bbox 3164 5772 3436 5815; x_wconf 63' lang='grc' dir='ltr'><strong>σκνῠιιιοο</strong></span> 
     </span>
    </p>
   </div>
   <div class='ocr_carea' id='block_1_117' title="bbox 1794 5806 2008 5881">
    <p class='ocr_par' dir='ltr' id='par_1_117' title="bbox 1794 5806 2008 5881">
     <span class='ocr_line' id='line_1_119' title="bbox 1794 5806 2008 5881; baseline 0.014 -16"><span class='ocrx_word' id='word_1_787' title='bbox 1794 5806 1921 5881; x_wconf 83' lang='lat' dir='ltr'><strong>cap.</strong></span> <span class='ocrx_word' id='word_1_788' title='bbox 1959 5806 2008 5868; x_wconf 79' lang='lat' dir='ltr'><strong>l.</strong></span> 
     </span>
    </p>
   </div>
  </div>
