  <div class='ocr_page' id='page_1' title='image "/cluster/home/n/w/nwhite01/storage/ocr_20150623/151/uva.x000829795/305.png"; bbox 0 0 3894 6214; ppageno 0'>
   <div class='ocr_carea' id='block_1_1' title="bbox 412 333 534 400">
    <p class='ocr_par' dir='ltr' id='par_1_1' title="bbox 412 333 534 400">
     <span class='ocr_line' id='line_1_1' title="bbox 412 333 534 400; baseline -0.008 -1"><span class='ocrx_word' id='word_1_1' title='bbox 412 333 534 400; x_wconf 62' lang='grc' dir='ltr'>ω3</span> 
     </span>
    </p>
   </div>
   <div class='ocr_carea' id='block_1_2' title="bbox 1711 328 2516 396">
    <p class='ocr_par' dir='ltr' id='par_1_2' title="bbox 1711 328 2516 396">
     <span class='ocr_line' id='line_1_2' title="bbox 1711 328 2516 396; baseline 0 -2"><span class='ocrx_word' id='word_1_2' title='bbox 1711 332 1782 394; x_wconf 92' lang='grc' dir='ltr'><strong>Β.</strong></span> <span class='ocrx_word' id='word_1_3' title='bbox 1830 328 2123 396; x_wconf 77' lang='lat' dir='ltr'><strong><em>URBANI</em></strong></span> <span class='ocrx_word' id='word_1_4' title='bbox 2167 330 2220 394; x_wconf 85' lang='grc' dir='ltr'><strong><em>ΙΙ</em></strong></span> <span class='ocrx_word' id='word_1_5' title='bbox 2263 331 2516 396; x_wconf 69' lang='grc' dir='ltr'><strong><em>ΡΑΡᾹΞ.</em></strong></span> 
     </span>
    </p>
   </div>
   <div class='ocr_carea' id='block_1_3' title="bbox 3700 319 3824 402">
    <p class='ocr_par' dir='ltr' id='par_1_3' title="bbox 3700 319 3824 402">
     <span class='ocr_line' id='line_1_3' title="bbox 3700 319 3824 402; baseline 0.016 -3"><span class='ocrx_word' id='word_1_6' title='bbox 3700 319 3824 402; x_wconf 75' lang='lat' dir='ltr'><strong><em>set</em></strong></span> 
     </span>
    </p>
   </div>
   <div class='ocr_carea' id='block_1_4' title="bbox 411 461 3822 546">
    <p class='ocr_par' dir='ltr' id='par_1_4' title="bbox 411 461 3822 546">
     <span class='ocr_line' id='line_1_4' title="bbox 411 461 3822 546; baseline 0.001 -22"><span class='ocrx_word' id='word_1_7' title='bbox 411 469 630 538; x_wconf 85' lang='lat' dir='ltr'><strong><em>menta,</em></strong></span> <span class='ocrx_word' id='word_1_8' title='bbox 655 481 850 525; x_wconf 87' lang='lat' dir='ltr'><strong><em>coram</em></strong></span> <span class='ocrx_word' id='word_1_9' title='bbox 877 462 1164 540; x_wconf 84' lang='lat' dir='ltr'><strong><em>episcopis</em></strong></span> <span class='ocrx_word' id='word_1_10' title='bbox 1195 468 1249 524; x_wconf 68' lang='grc' dir='ltr'><strong><em>εἰ</em></strong></span> <span class='ocrx_word' id='word_1_11' title='bbox 1281 463 1675 524; x_wconf 81' lang='lat' dir='ltr'><strong><em>curdinalibus</em></strong></span> <span class='ocrx_word' id='word_1_12' title='bbox 1707 461 2049 522; x_wconf 86' lang='lat' dir='ltr'><strong><em>multorum-</em></strong></span> <span class='ocrx_word' id='word_1_13' title='bbox 2075 467 2132 534; x_wconf 79' lang='grc' dir='ltr'>Α</span> <span class='ocrx_word' id='word_1_14' title='bbox 2156 465 2327 521; x_wconf 88' lang='lat' dir='ltr'><strong><em>strata</em></strong></span> <span class='ocrx_word' id='word_1_15' title='bbox 2355 481 2538 524; x_wconf 88' lang='lat' dir='ltr'><strong><em>versus</em></strong></span> <span class='ocrx_word' id='word_1_16' title='bbox 2567 463 2960 524; x_wconf 87' lang='lat' dir='ltr'><strong><em>Bellumiocum</em></strong></span> <span class='ocrx_word' id='word_1_17' title='bbox 2985 463 3257 524; x_wconf 78' lang='lat' dir='ltr'><strong><em>terminus</em></strong></span> <span class='ocrx_word' id='word_1_18' title='bbox 3280 469 3385 536; x_wconf 84' lang='lat' dir='ltr'><strong><em>est,</em></strong></span> <span class='ocrx_word' id='word_1_19' title='bbox 3420 465 3611 526; x_wconf 82' lang='lat' dir='ltr'><strong><em>contra</em></strong></span> <span class='ocrx_word' id='word_1_20' title='bbox 3637 468 3822 546; x_wconf 84' lang='lat' dir='ltr'><strong><em>quad-</em></strong></span> 
     </span>
    </p>
   </div>
   <div class='ocr_carea' id='block_1_5' title="bbox 415 553 2056 632">
    <p class='ocr_par' dir='ltr' id='par_1_5' title="bbox 415 553 2056 632">
     <span class='ocr_line' id='line_1_5' title="bbox 415 553 2056 632; baseline -0.003 -17"><span class='ocrx_word' id='word_1_21' title='bbox 415 574 530 632; x_wconf 87' lang='lat' dir='ltr'><strong><em>que</em></strong></span> <span class='ocrx_word' id='word_1_22' title='bbox 559 555 846 632; x_wconf 82' lang='lat' dir='ltr'><strong><em>personis,</em></strong></span> <span class='ocrx_word' id='word_1_23' title='bbox 889 555 1298 628; x_wconf 84' lang='lat' dir='ltr'><strong><em>hujuscemodi</em></strong></span> <span class='ocrx_word' id='word_1_24' title='bbox 1345 572 1672 612; x_wconf 84' lang='lat' dir='ltr'><strong><em>sermonem</em></strong></span> <span class='ocrx_word' id='word_1_25' title='bbox 1730 554 1938 610; x_wconf 79' lang='lat' dir='ltr'><strong><em>habuit</em></strong></span> <span class='ocrx_word' id='word_1_26' title='bbox 1987 553 2056 610; x_wconf 86' lang='lat' dir='ltr'><strong><em>ad</em></strong></span> 
     </span>
    </p>
   </div>
   <div class='ocr_carea' id='block_1_6' title="bbox 397 645 742 722">
    <p class='ocr_par' dir='ltr' id='par_1_6' title="bbox 397 645 742 722">
     <span class='ocr_line' id='line_1_6' title="bbox 397 645 742 722; baseline -0.006 -18"><span class='ocrx_word' id='word_1_27' title='bbox 397 645 704 722; x_wconf 69' lang='lat' dir='ltr'><strong><em>&#39;populum</em></strong></span> <span class='ocrx_word' id='word_1_28' title='bbox 729 663 742 702; x_wconf 93' lang='lat'><strong>:</strong></span> 
     </span>
    </p>
   </div>
   <div class='ocr_carea' id='block_1_7' title="bbox 486 731 2057 806">
    <p class='ocr_par' dir='ltr' id='par_1_7' title="bbox 486 731 2057 806">
     <span class='ocr_line' id='line_1_7' title="bbox 486 731 2057 806; baseline -0.005 -13"><span class='ocrx_word' id='word_1_29' title='bbox 486 737 680 794; x_wconf 82' lang='lat' dir='ltr'><strong><em>Sancti</em></strong></span> <span class='ocrx_word' id='word_1_30' title='bbox 707 737 898 792; x_wconf 89' lang='lat' dir='ltr'><strong><em>Patres</em></strong></span> <span class='ocrx_word' id='word_1_31' title='bbox 926 741 978 790; x_wconf 90' lang='lat' dir='ltr'><strong><em>et</em></strong></span> <span class='ocrx_word' id='word_1_32' title='bbox 1003 735 1240 806; x_wconf 76' lang='lat' dir='ltr'><strong><em>majores</em></strong></span> <span class='ocrx_word' id='word_1_33' title='bbox 1294 735 1470 789; x_wconf 77' lang='lat' dir='ltr'><strong><em>nostri</em></strong></span> <span class='ocrx_word' id='word_1_34' title='bbox 1499 733 1732 788; x_wconf 82' lang='lat' dir='ltr'><strong><em>Romani</em></strong></span> <span class='ocrx_word' id='word_1_35' title='bbox 1755 731 2057 803; x_wconf 79' lang='lat' dir='ltr'><strong><em>pontiﬁces,</em></strong></span> 
     </span>
    </p>
   </div>
   <div class='ocr_carea' id='block_1_8' title="bbox 420 821 2061 901">
    <p class='ocr_par' dir='ltr' id='par_1_8' title="bbox 420 821 2061 901">
     <span class='ocr_line' id='line_1_8' title="bbox 420 821 2061 901; baseline -0.005 -18"><span class='ocrx_word' id='word_1_36' title='bbox 420 828 517 901; x_wconf 91' lang='lat' dir='ltr'><strong><em>qui</em></strong></span> <span class='ocrx_word' id='word_1_37' title='bbox 543 828 750 883; x_wconf 76' lang='lat' dir='ltr'><strong><em>sanctae</em></strong></span> <span class='ocrx_word' id='word_1_38' title='bbox 774 824 920 881; x_wconf 84' lang='lat' dir='ltr'><strong><em>sedis</em></strong></span> <span class='ocrx_word' id='word_1_39' title='bbox 947 824 1253 896; x_wconf 69' lang='lat' dir='ltr'><strong><em>apostolicae</em></strong></span> <span class='ocrx_word' id='word_1_40' title='bbox 1275 823 1664 894; x_wconf 70' lang='lat' dir='ltr'><strong><em>praesederunt,</em></strong></span> <span class='ocrx_word' id='word_1_41' title='bbox 1683 837 1753 877; x_wconf 71' lang='lat' dir='ltr'><strong><em>es:</em></strong></span> <span class='ocrx_word' id='word_1_42' title='bbox 1779 836 1884 892; x_wconf 88' lang='lat' dir='ltr'><strong><em>quo</em></strong></span> <span class='ocrx_word' id='word_1_43' title='bbox 1915 821 2061 874; x_wconf 88' lang='lat' dir='ltr'><strong><em>locus</em></strong></span> 
     </span>
    </p>
   </div>
   <div class='ocr_carea' id='block_1_9' title="bbox 424 910 2063 978">
    <p class='ocr_par' dir='ltr' id='par_1_9' title="bbox 424 910 2063 978">
     <span class='ocr_line' id='line_1_9' title="bbox 424 910 2063 978; baseline -0.006 -6"><span class='ocrx_word' id='word_1_44' title='bbox 424 915 717 972; x_wconf 81' lang='lat' dir='ltr'><strong><em>Cluniacus</em></strong></span> <span class='ocrx_word' id='word_1_45' title='bbox 773 914 1054 969; x_wconf 88' lang='lat' dir='ltr'><strong><em>institutus</em></strong></span> <span class='ocrx_word' id='word_1_46' title='bbox 1109 916 1187 967; x_wconf 87' lang='lat' dir='ltr'><strong><em>est</em></strong></span> <span class='ocrx_word' id='word_1_47' title='bbox 1227 911 1294 966; x_wconf 89' lang='lat' dir='ltr'><strong><em>ab</em></strong></span> <span class='ocrx_word' id='word_1_48' title='bbox 1351 912 1534 978; x_wconf 87' lang='lat' dir='ltr'><strong><em>initio,</em></strong></span> <span class='ocrx_word' id='word_1_49' title='bbox 1565 915 1614 965; x_wconf 89' lang='lat' dir='ltr'><strong><em>et</em></strong></span> <span class='ocrx_word' id='word_1_50' title='bbox 1669 910 2063 965; x_wconf 79' lang='lat' dir='ltr'><strong><em>monasterium</em></strong></span> 
     </span>
    </p>
   </div>
   <div class='ocr_carea' id='block_1_10' title="bbox 421 998 2062 1076">
    <p class='ocr_par' dir='ltr' id='par_1_10' title="bbox 421 998 2062 1076">
     <span class='ocr_line' id='line_1_10' title="bbox 421 998 2062 1076; baseline -0.005 -15"><span class='ocrx_word' id='word_1_51' title='bbox 421 1005 569 1061; x_wconf 89' lang='lat' dir='ltr'><strong><em>istud</em></strong></span> <span class='ocrx_word' id='word_1_52' title='bbox 593 1002 906 1076; x_wconf 85' lang='lat' dir='ltr'><strong><em>fundatum,</em></strong></span> <span class='ocrx_word' id='word_1_53' title='bbox 941 1009 1053 1057; x_wconf 86' lang='lat' dir='ltr'><strong><em>tam</em></strong></span> <span class='ocrx_word' id='word_1_54' title='bbox 1107 1001 1285 1056; x_wconf 89' lang='lat' dir='ltr'><strong><em>locum</em></strong></span> <span class='ocrx_word' id='word_1_55' title='bbox 1317 999 1462 1055; x_wconf 88' lang='lat' dir='ltr'><strong><em>hunc</em></strong></span> <span class='ocrx_word' id='word_1_56' title='bbox 1490 1017 1658 1071; x_wconf 88' lang='lat' dir='ltr'><strong><em>quam</em></strong></span> <span class='ocrx_word' id='word_1_57' title='bbox 1697 1002 1946 1065; x_wconf 89' lang='lat' dir='ltr'><strong><em>rectores,</em></strong></span> <span class='ocrx_word' id='word_1_58' title='bbox 1980 998 2062 1053; x_wconf 87' lang='lat' dir='ltr'><strong><em>vel</em></strong></span> 
     </span>
    </p>
   </div>
   <div class='ocr_carea' id='block_1_11' title="bbox 421 1089 2062 1162">
    <p class='ocr_par' dir='ltr' id='par_1_11' title="bbox 421 1089 2062 1162">
     <span class='ocr_line' id='line_1_11' title="bbox 421 1089 2062 1162; baseline -0.005 -13"><span class='ocrx_word' id='word_1_59' title='bbox 421 1093 748 1150; x_wconf 72' lang='lat' dir='ltr'><strong><em>habitatores</em></strong></span> <span class='ocrx_word' id='word_1_60' title='bbox 775 1092 892 1161; x_wconf 84' lang='lat' dir='ltr'><strong><em>eius</em></strong></span> <span class='ocrx_word' id='word_1_61' title='bbox 941 1091 1262 1162; x_wconf 86' lang='lat' dir='ltr'><strong><em>propensius</em></strong></span> <span class='ocrx_word' id='word_1_62' title='bbox 1316 1089 1648 1156; x_wconf 66' lang='lat' dir='ltr'><strong><em>dilexerunt,</em></strong></span> <span class='ocrx_word' id='word_1_63' title='bbox 1707 1092 1979 1160; x_wconf 81' lang='lat' dir='ltr'><strong><em>foverunt,</em></strong></span> <span class='ocrx_word' id='word_1_64' title='bbox 2013 1093 2062 1142; x_wconf 91' lang='lat' dir='ltr'><strong><em>et</em></strong></span> 
     </span>
    </p>
   </div>
   <div class='ocr_carea' id='block_1_12' title="bbox 417 1175 2062 1249">
    <p class='ocr_par' dir='ltr' id='par_1_12' title="bbox 417 1175 2062 1249">
     <span class='ocr_line' id='line_1_12' title="bbox 417 1175 2062 1249; baseline -0.005 -11"><span class='ocrx_word' id='word_1_65' title='bbox 417 1183 748 1238; x_wconf 88' lang='lat' dir='ltr'><strong><em>curaverunt</em></strong></span> <span class='ocrx_word' id='word_1_66' title='bbox 786 1181 1068 1235; x_wconf 77' lang='lat' dir='ltr'><strong><em>attentius.</em></strong></span> <span class='ocrx_word' id='word_1_67' title='bbox 1099 1179 1166 1234; x_wconf 87' lang='lat' dir='ltr'><strong><em>Et</em></strong></span> <span class='ocrx_word' id='word_1_68' title='bbox 1217 1179 1432 1234; x_wconf 88' lang='lat' dir='ltr'><strong><em>merito.</em></strong></span> <span class='ocrx_word' id='word_1_69' title='bbox 1464 1179 1602 1234; x_wconf 89' lang='lat' dir='ltr'><strong><em>Nam</em></strong></span> <span class='ocrx_word' id='word_1_70' title='bbox 1627 1179 1752 1249; x_wconf 89' lang='lat' dir='ltr'><strong><em>pius</em></strong></span> <span class='ocrx_word' id='word_1_71' title='bbox 1803 1177 1900 1230; x_wconf 90' lang='lat' dir='ltr'><strong><em>ille</em></strong></span> <span class='ocrx_word' id='word_1_72' title='bbox 1934 1175 2062 1230; x_wconf 89' lang='lat' dir='ltr'><strong><em>Wil-</em></strong></span> 
     </span>
    </p>
   </div>
   <div class='ocr_carea' id='block_1_13' title="bbox 419 1265 2065 1340">
    <p class='ocr_par' dir='ltr' id='par_1_13' title="bbox 419 1265 2065 1340">
     <span class='ocr_line' id='line_1_13' title="bbox 419 1265 2065 1340; baseline -0.005 -13"><span class='ocrx_word' id='word_1_73' title='bbox 419 1271 634 1340; x_wconf 87' lang='lat' dir='ltr'><strong><em>lelmus,</em></strong></span> <span class='ocrx_word' id='word_1_74' title='bbox 663 1269 822 1325; x_wconf 88' lang='lat' dir='ltr'><strong><em>istius</em></strong></span> <span class='ocrx_word' id='word_1_75' title='bbox 851 1268 985 1325; x_wconf 90' lang='lat' dir='ltr'><strong><em>olim</em></strong></span> <span class='ocrx_word' id='word_1_76' title='bbox 1033 1269 1352 1324; x_wconf 77' lang='lat' dir='ltr'><strong><em>monasterii</em></strong></span> <span class='ocrx_word' id='word_1_77' title='bbox 1399 1267 1700 1332; x_wconf 87' lang='lat' dir='ltr'><strong><em>institutor,</em></strong></span> <span class='ocrx_word' id='word_1_78' title='bbox 1753 1265 1904 1320; x_wconf 86' lang='lat' dir='ltr'><strong><em>nulli</em></strong></span> <span class='ocrx_word' id='word_1_79' title='bbox 1959 1265 2065 1320; x_wconf 84' lang='lat' dir='ltr'><strong><em>alii</em></strong></span> 
     </span>
    </p>
   </div>
   <div class='ocr_carea' id='block_1_14' title="bbox 415 1356 2064 1429">
    <p class='ocr_par' dir='ltr' id='par_1_14' title="bbox 415 1356 2064 1429">
     <span class='ocr_line' id='line_1_14' title="bbox 415 1356 2064 1429; baseline -0.005 -13"><span class='ocrx_word' id='word_1_80' title='bbox 415 1358 692 1428; x_wconf 85' lang='lat' dir='ltr'><strong><em>advocato,</em></strong></span> <span class='ocrx_word' id='word_1_81' title='bbox 721 1357 869 1414; x_wconf 83' lang='lat' dir='ltr'><strong><em>nulli</em></strong></span> <span class='ocrx_word' id='word_1_82' title='bbox 892 1357 1295 1429; x_wconf 87' lang='lat' dir='ltr'><strong><em>patrono,nulli</em></strong></span> <span class='ocrx_word' id='word_1_83' title='bbox 1322 1357 1461 1424; x_wconf 91' lang='lat' dir='ltr'><strong><em>regi,</em></strong></span> <span class='ocrx_word' id='word_1_84' title='bbox 1492 1356 1576 1410; x_wconf 90' lang='lat' dir='ltr'><strong><em>vel</em></strong></span> <span class='ocrx_word' id='word_1_85' title='bbox 1600 1356 1847 1428; x_wconf 79' lang='lat' dir='ltr'><strong><em>principi</em></strong></span> <span class='ocrx_word' id='word_1_86' title='bbox 1871 1370 2064 1410; x_wconf 76' lang='lat' dir='ltr'><strong><em>curam</em></strong></span> 
     </span>
    </p>
   </div>
   <div class='ocr_carea' id='block_1_15' title="bbox 417 1444 2064 1522">
    <p class='ocr_par' dir='ltr' id='par_1_15' title="bbox 417 1444 2064 1522">
     <span class='ocr_line' id='line_1_15' title="bbox 417 1444 2064 1522; baseline -0.004 -17"><span class='ocrx_word' id='word_1_87' title='bbox 417 1449 592 1522; x_wconf 84' lang='lat' dir='ltr'><strong><em>ipsius</em></strong></span> <span class='ocrx_word' id='word_1_88' title='bbox 646 1447 978 1519; x_wconf 81' lang='lat' dir='ltr'><strong><em>tutelamque</em></strong></span> <span class='ocrx_word' id='word_1_89' title='bbox 1027 1445 1440 1514; x_wconf 79' lang='lat' dir='ltr'><strong><em>commendavit,</em></strong></span> <span class='ocrx_word' id='word_1_90' title='bbox 1491 1445 1607 1499; x_wconf 89' lang='lat' dir='ltr'><strong><em>nisi</em></strong></span> <span class='ocrx_word' id='word_1_91' title='bbox 1655 1445 1760 1500; x_wconf 91' lang='lat' dir='ltr'><strong><em>Deo</em></strong></span> <span class='ocrx_word' id='word_1_92' title='bbox 1803 1452 1856 1499; x_wconf 86' lang='lat' dir='ltr'><strong><em>ct</em></strong></span> <span class='ocrx_word' id='word_1_93' title='bbox 1913 1444 2064 1498; x_wconf 87' lang='lat' dir='ltr'><strong><em>beato</em></strong></span> 
     </span>
    </p>
   </div>
   <div class='ocr_carea' id='block_1_16' title="bbox 419 1532 2058 1608">
    <p class='ocr_par' dir='ltr' id='par_1_16' title="bbox 419 1532 2058 1608">
     <span class='ocr_line' id='line_1_16' title="bbox 419 1532 2058 1608; baseline -0.003 -15"><span class='ocrx_word' id='word_1_94' title='bbox 419 1539 596 1604; x_wconf 85' lang='lat' dir='ltr'><strong><em>Petro,</em></strong></span> <span class='ocrx_word' id='word_1_95' title='bbox 623 1537 842 1608; x_wconf 81' lang='lat' dir='ltr'><strong><em>ejusque</em></strong></span> <span class='ocrx_word' id='word_1_96' title='bbox 867 1535 1112 1600; x_wconf 87' lang='lat' dir='ltr'><strong><em>vicariis,</em></strong></span> <span class='ocrx_word' id='word_1_97' title='bbox 1148 1535 1404 1589; x_wconf 83' lang='lat' dir='ltr'><strong><em>Romanis</em></strong></span> <span class='ocrx_word' id='word_1_98' title='bbox 1431 1534 1638 1588; x_wconf 89' lang='lat' dir='ltr'><strong><em>scilicet</em></strong></span> <span class='ocrx_word' id='word_1_99' title='bbox 1690 1532 2058 1605; x_wconf 72' lang='lat' dir='ltr'><strong><em>pontificibus.</em></strong></span> 
     </span>
    </p>
   </div>
   <div class='ocr_carea' id='block_1_17' title="bbox 421 1621 2068 1696">
    <p class='ocr_par' dir='ltr' id='par_1_17' title="bbox 421 1621 2068 1696">
     <span class='ocr_line' id='line_1_17' title="bbox 421 1621 2068 1696; baseline -0.003 -13"><span class='ocrx_word' id='word_1_100' title='bbox 421 1627 662 1696; x_wconf 87' lang='lat' dir='ltr'><strong><em>Quorum</em></strong></span> <span class='ocrx_word' id='word_1_101' title='bbox 690 1640 918 1681; x_wconf 89' lang='lat' dir='ltr'><strong><em>numero</em></strong></span> <span class='ocrx_word' id='word_1_102' title='bbox 947 1623 1029 1680; x_wconf 89' lang='lat' dir='ltr'><strong><em>vel</em></strong></span> <span class='ocrx_word' id='word_1_103' title='bbox 1058 1621 1248 1680; x_wconf 86' lang='lat' dir='ltr'><strong><em>ordini</em></strong></span> <span class='ocrx_word' id='word_1_104' title='bbox 1291 1622 1479 1678; x_wconf 88' lang='lat' dir='ltr'><strong><em>divina</em></strong></span> <span class='ocrx_word' id='word_1_105' title='bbox 1510 1639 1595 1677; x_wconf 90' lang='lat' dir='ltr'><strong><em>me</em></strong></span> <span class='ocrx_word' id='word_1_106' title='bbox 1619 1621 1886 1691; x_wconf 81' lang='lat' dir='ltr'><strong><em>dignatio,</em></strong></span> <span class='ocrx_word' id='word_1_107' title='bbox 1942 1623 2068 1678; x_wconf 89' lang='lat' dir='ltr'><strong><em>licet</em></strong></span> 
     </span>
    </p>
   </div>
   <div class='ocr_carea' id='block_1_18' title="bbox 421 1711 2063 1786">
    <p class='ocr_par' dir='ltr' id='par_1_18' title="bbox 421 1711 2063 1786">
     <span class='ocr_line' id='line_1_18' title="bbox 421 1711 2063 1786; baseline -0.002 -15"><span class='ocrx_word' id='word_1_108' title='bbox 421 1716 730 1786; x_wconf 85' lang='lat' dir='ltr'><strong><em>indignum,</em></strong></span> <span class='ocrx_word' id='word_1_109' title='bbox 761 1713 1066 1780; x_wconf 88' lang='lat' dir='ltr'><strong><em>associavit,</em></strong></span> <span class='ocrx_word' id='word_1_110' title='bbox 1101 1727 1187 1767; x_wconf 91' lang='lat' dir='ltr'><strong><em>me</em></strong></span> <span class='ocrx_word' id='word_1_111' title='bbox 1215 1713 1348 1768; x_wconf 91' lang='lat' dir='ltr'><strong><em>olim</em></strong></span> <span class='ocrx_word' id='word_1_112' title='bbox 1373 1711 1700 1767; x_wconf 86' lang='lat' dir='ltr'><strong><em>monachum</em></strong></span> <span class='ocrx_word' id='word_1_113' title='bbox 1717 1712 2063 1782; x_wconf 75' lang='lat' dir='ltr'><strong><em>prioremque</em></strong></span> 
     </span>
    </p>
   </div>
   <div class='ocr_carea' id='block_1_19' title="bbox 418 1799 2141 1899">
    <p class='ocr_par' dir='ltr' id='par_1_19' title="bbox 418 1799 2141 1899">
     <span class='ocr_line' id='line_1_19' title="bbox 418 1799 2141 1899; baseline -0.004 -39"><span class='ocrx_word' id='word_1_114' title='bbox 418 1803 745 1860; x_wconf 83' lang='lat' dir='ltr'><strong><em>monasterii</em></strong></span> <span class='ocrx_word' id='word_1_115' title='bbox 772 1802 935 1874; x_wconf 84' lang='lat' dir='ltr'><strong><em>hujus</em></strong></span> <span class='ocrx_word' id='word_1_116' title='bbox 971 1801 1099 1899; x_wconf 58' lang='lat' dir='ltr'><strong><em>sub“</em></strong></span> <span class='ocrx_word' id='word_1_117' title='bbox 1124 1799 1320 1857; x_wconf 88' lang='lat' dir='ltr'><strong><em>domno</em></strong></span> <span class='ocrx_word' id='word_1_118' title='bbox 1349 1815 1413 1854; x_wconf 89' lang='lat' dir='ltr'><strong><em>ac</em></strong></span> <span class='ocrx_word' id='word_1_119' title='bbox 1467 1801 1765 1899; x_wconf 73' lang='lat' dir='ltr'><strong><em>venerabili</em></strong></span> <span class='ocrx_word' id='word_1_120' title='bbox 1819 1801 2057 1899; x_wconf 79' lang='lat' dir='ltr'><strong><em>Ilugone,</em></strong></span> <span class='ocrx_word' id='word_1_121' title='bbox 2095 1832 2141 1899; x_wconf 77' lang='grc' dir='ltr'><strong>Β</strong></span> 
     </span>
    </p>
   </div>
   <div class='ocr_carea' id='block_1_20' title="bbox 418 1889 2058 1961">
    <p class='ocr_par' dir='ltr' id='par_1_20' title="bbox 418 1889 2058 1961">
     <span class='ocr_line' id='line_1_20' title="bbox 418 1889 2058 1961; baseline -0.003 -12"><span class='ocrx_word' id='word_1_122' title='bbox 418 1893 520 1950; x_wconf 88' lang='lat' dir='ltr'><strong><em>Dei</em></strong></span> <span class='ocrx_word' id='word_1_123' title='bbox 571 1891 953 1948; x_wconf 84' lang='lat' dir='ltr'><strong><em>misericordia</em></strong></span> <span class='ocrx_word' id='word_1_124' title='bbox 1006 1889 1183 1945; x_wconf 87' lang='lat' dir='ltr'><strong><em>adhuc</em></strong></span> <span class='ocrx_word' id='word_1_125' title='bbox 1241 1891 1532 1961; x_wconf 82' lang='lat' dir='ltr'><strong><em>superstite</em></strong></span> <span class='ocrx_word' id='word_1_126' title='bbox 1598 1891 1648 1944; x_wconf 89' lang='lat' dir='ltr'><strong><em>et</em></strong></span> <span class='ocrx_word' id='word_1_127' title='bbox 1697 1889 2058 1944; x_wconf 79' lang='lat' dir='ltr'><strong><em>benevolente.</em></strong></span> 
     </span>
    </p>
   </div>
   <div class='ocr_carea' id='block_1_21' title="bbox 421 1978 2058 2054">
    <p class='ocr_par' dir='ltr' id='par_1_21' title="bbox 421 1978 2058 2054">
     <span class='ocr_line' id='line_1_21' title="bbox 421 1978 2058 2054; baseline -0.002 -16"><span class='ocrx_word' id='word_1_128' title='bbox 421 1984 599 2054; x_wconf 88' lang='lat' dir='ltr'><strong><em>Igitur</em></strong></span> <span class='ocrx_word' id='word_1_129' title='bbox 637 1982 780 2037; x_wconf 87' lang='lat' dir='ltr'><strong><em>sicut</em></strong></span> <span class='ocrx_word' id='word_1_130' title='bbox 817 1979 1097 2052; x_wconf 85' lang='lat' dir='ltr'><strong><em>pontiﬁces</em></strong></span> <span class='ocrx_word' id='word_1_131' title='bbox 1151 1979 1354 2034; x_wconf 89' lang='lat' dir='ltr'><strong><em>summi</em></strong></span> <span class='ocrx_word' id='word_1_132' title='bbox 1399 1981 1528 2033; x_wconf 85' lang='lat' dir='ltr'><strong><em>ante</em></strong></span> <span class='ocrx_word' id='word_1_133' title='bbox 1574 1993 1662 2033; x_wconf 88' lang='lat' dir='ltr'><strong><em>me</em></strong></span> <span class='ocrx_word' id='word_1_134' title='bbox 1689 1978 2058 2034; x_wconf 75' lang='lat' dir='ltr'><strong><em>succedebant.</em></strong></span> 
     </span>
    </p>
   </div>
   <div class='ocr_carea' id='block_1_22' title="bbox 418 2067 2061 2143">
    <p class='ocr_par' dir='ltr' id='par_1_22' title="bbox 418 2067 2061 2143">
     <span class='ocr_line' id='line_1_22' title="bbox 418 2067 2061 2143; baseline -0.003 -16"><span class='ocrx_word' id='word_1_135' title='bbox 418 2071 527 2128; x_wconf 87' lang='lat' dir='ltr'><strong><em>sibi</em></strong></span> <span class='ocrx_word' id='word_1_136' title='bbox 557 2073 616 2126; x_wconf 91' lang='lat' dir='ltr'><strong><em>in</em></strong></span> <span class='ocrx_word' id='word_1_137' title='bbox 645 2070 936 2143; x_wconf 88' lang='lat' dir='ltr'><strong><em>apostolica</em></strong></span> <span class='ocrx_word' id='word_1_138' title='bbox 979 2067 1119 2136; x_wconf 85' lang='lat' dir='ltr'><strong><em>sede,</em></strong></span> <span class='ocrx_word' id='word_1_139' title='bbox 1169 2071 1540 2124; x_wconf 87' lang='lat' dir='ltr'><strong><em>successerunt</em></strong></span> <span class='ocrx_word' id='word_1_140' title='bbox 1595 2068 1763 2124; x_wconf 87' lang='lat' dir='ltr'><strong><em>etiam</em></strong></span> <span class='ocrx_word' id='word_1_141' title='bbox 1790 2067 1861 2122; x_wconf 89' lang='lat' dir='ltr'><strong><em>ad</em></strong></span> <span class='ocrx_word' id='word_1_142' title='bbox 1908 2076 2061 2124; x_wconf 89' lang='lat' dir='ltr'><strong><em>tuen-</em></strong></span> 
     </span>
    </p>
   </div>
   <div class='ocr_carea' id='block_1_23' title="bbox 420 2157 2060 2230">
    <p class='ocr_par' dir='ltr' id='par_1_23' title="bbox 420 2157 2060 2230">
     <span class='ocr_line' id='line_1_23' title="bbox 420 2157 2060 2230; baseline -0.002 -14"><span class='ocrx_word' id='word_1_143' title='bbox 420 2161 549 2216; x_wconf 88' lang='lat' dir='ltr'><strong><em>dum</em></strong></span> <span class='ocrx_word' id='word_1_144' title='bbox 575 2159 986 2230; x_wconf 83' lang='lat' dir='ltr'><strong><em>curandumque</em></strong></span> <span class='ocrx_word' id='word_1_145' title='bbox 1034 2158 1352 2230; x_wconf 83' lang='lat' dir='ltr'><strong><em>propensius</em></strong></span> <span class='ocrx_word' id='word_1_146' title='bbox 1383 2157 1560 2212; x_wconf 89' lang='lat' dir='ltr'><strong><em>locum</em></strong></span> <span class='ocrx_word' id='word_1_147' title='bbox 1591 2158 1777 2211; x_wconf 89' lang='lat' dir='ltr'><strong><em>istum.</em></strong></span> <span class='ocrx_word' id='word_1_148' title='bbox 1841 2159 2060 2213; x_wconf 86' lang='lat' dir='ltr'><strong><em>Verum-</em></strong></span> 
     </span>
    </p>
   </div>
   <div class='ocr_carea' id='block_1_24' title="bbox 421 2245 2060 2317">
    <p class='ocr_par' dir='ltr' id='par_1_24' title="bbox 421 2245 2060 2317">
     <span class='ocr_line' id='line_1_24' title="bbox 421 2245 2060 2317; baseline -0.004 -11"><span class='ocrx_word' id='word_1_149' title='bbox 421 2256 605 2306; x_wconf 87' lang='lat' dir='ltr'><strong><em>tamen</em></strong></span> <span class='ocrx_word' id='word_1_150' title='bbox 632 2248 823 2304; x_wconf 88' lang='lat' dir='ltr'><strong><em>nullus</em></strong></span> <span class='ocrx_word' id='word_1_151' title='bbox 852 2262 1041 2303; x_wconf 89' lang='lat' dir='ltr'><strong><em>eorum</em></strong></span> <span class='ocrx_word' id='word_1_152' title='bbox 1080 2261 1183 2317; x_wconf 88' lang='lat' dir='ltr'><strong><em>per</em></strong></span> <span class='ocrx_word' id='word_1_153' title='bbox 1210 2261 1372 2300; x_wconf 89' lang='lat' dir='ltr'><strong><em>suam</em></strong></span> <span class='ocrx_word' id='word_1_154' title='bbox 1429 2245 1765 2317; x_wconf 85' lang='lat' dir='ltr'><strong><em>corporalem</em></strong></span> <span class='ocrx_word' id='word_1_155' title='bbox 1815 2260 2060 2317; x_wconf 68' lang='lat' dir='ltr'><strong><em>praesen-</em></strong></span> 
     </span>
    </p>
   </div>
   <div class='ocr_carea' id='block_1_25' title="bbox 418 2333 2067 2400">
    <p class='ocr_par' dir='ltr' id='par_1_25' title="bbox 418 2333 2067 2400">
     <span class='ocr_line' id='line_1_25' title="bbox 418 2333 2067 2400; baseline -0.002 -7"><span class='ocrx_word' id='word_1_156' title='bbox 418 2338 558 2393; x_wconf 87' lang='lat' dir='ltr'><strong><em>tiam</em></strong></span> <span class='ocrx_word' id='word_1_157' title='bbox 585 2337 761 2392; x_wconf 90' lang='lat' dir='ltr'><strong><em>locum</em></strong></span> <span class='ocrx_word' id='word_1_158' title='bbox 794 2336 960 2390; x_wconf 89' lang='lat' dir='ltr'><strong><em>istum</em></strong></span> <span class='ocrx_word' id='word_1_159' title='bbox 1009 2335 1267 2390; x_wconf 84' lang='lat' dir='ltr'><strong><em>hactenus</em></strong></span> <span class='ocrx_word' id='word_1_160' title='bbox 1296 2334 1559 2388; x_wconf 88' lang='lat' dir='ltr'><strong><em>visitavit.</em></strong></span> <span class='ocrx_word' id='word_1_161' title='bbox 1591 2333 1726 2388; x_wconf 78' lang='lat' dir='ltr'><strong><em>Mihi</em></strong></span> <span class='ocrx_word' id='word_1_162' title='bbox 1752 2349 1898 2400; x_wconf 89' lang='lat' dir='ltr'><strong><em>vero,</em></strong></span> <span class='ocrx_word' id='word_1_163' title='bbox 1927 2335 2067 2390; x_wconf 89' lang='lat' dir='ltr'><strong><em>sicut</em></strong></span> 
     </span>
    </p>
   </div>
   <div class='ocr_carea' id='block_1_26' title="bbox 419 2421 2063 2500">
    <p class='ocr_par' dir='ltr' id='par_1_26' title="bbox 419 2421 2063 2500">
     <span class='ocr_line' id='line_1_26' title="bbox 419 2421 2063 2500; baseline -0.003 -17"><span class='ocrx_word' id='word_1_164' title='bbox 419 2426 922 2500; x_wconf 69' lang='lat' dir='ltr'><strong><em>impraesentiarum</em></strong></span> <span class='ocrx_word' id='word_1_165' title='bbox 947 2423 1194 2492; x_wconf 85' lang='lat' dir='ltr'><strong><em>cernitis,</em></strong></span> <span class='ocrx_word' id='word_1_166' title='bbox 1226 2421 1284 2478; x_wconf 90' lang='lat' dir='ltr'><strong><em>id</em></strong></span> <span class='ocrx_word' id='word_1_167' title='bbox 1309 2421 1502 2478; x_wconf 86' lang='lat' dir='ltr'><strong><em>divina</em></strong></span> <span class='ocrx_word' id='word_1_168' title='bbox 1552 2424 1808 2478; x_wconf 87' lang='lat' dir='ltr'><strong><em>concessit</em></strong></span> <span class='ocrx_word' id='word_1_169' title='bbox 1831 2423 2063 2478; x_wconf 85' lang='lat' dir='ltr'><strong><em>clemen-</em></strong></span> 
     </span>
    </p>
   </div>
   <div class='ocr_carea' id='block_1_27' title="bbox 415 2511 2065 2587">
    <p class='ocr_par' dir='ltr' id='par_1_27' title="bbox 415 2511 2065 2587">
     <span class='ocr_line' id='line_1_27' title="bbox 415 2511 2065 2587; baseline -0.002 -15"><span class='ocrx_word' id='word_1_170' title='bbox 415 2517 518 2572; x_wconf 89' lang='lat' dir='ltr'><strong><em>tia.</em></strong></span> <span class='ocrx_word' id='word_1_171' title='bbox 549 2517 792 2587; x_wconf 89' lang='lat' dir='ltr'><strong><em>Denique</em></strong></span> <span class='ocrx_word' id='word_1_172' title='bbox 820 2517 964 2570; x_wconf 85' lang='lat' dir='ltr'><strong><em>mter</em></strong></span> <span class='ocrx_word' id='word_1_173' title='bbox 991 2513 1135 2568; x_wconf 89' lang='lat' dir='ltr'><strong><em>alias</em></strong></span> <span class='ocrx_word' id='word_1_174' title='bbox 1159 2527 1354 2568; x_wconf 89' lang='lat' dir='ltr'><strong><em>causas</em></strong></span> <span class='ocrx_word' id='word_1_175' title='bbox 1383 2527 1510 2583; x_wconf 68' lang='lat' dir='ltr'><strong><em>quae</em></strong></span> <span class='ocrx_word' id='word_1_176' title='bbox 1538 2527 1636 2567; x_wconf 89' lang='lat' dir='ltr'><strong><em>nos</em></strong></span> <span class='ocrx_word' id='word_1_177' title='bbox 1665 2511 1737 2566; x_wconf 91' lang='lat' dir='ltr'><strong><em>ad</em></strong></span> <span class='ocrx_word' id='word_1_178' title='bbox 1763 2511 2065 2568; x_wconf 85' lang='lat' dir='ltr'><strong><em>visitandas</em></strong></span> 
     </span>
    </p>
   </div>
   <div class='ocr_carea' id='block_1_28' title="bbox 420 2601 2065 2677">
    <p class='ocr_par' dir='ltr' id='par_1_28' title="bbox 420 2601 2065 2677">
     <span class='ocr_line' id='line_1_28' title="bbox 420 2601 2065 2677; baseline -0.002 -17"><span class='ocrx_word' id='word_1_179' title='bbox 420 2605 626 2660; x_wconf 79' lang='lat' dir='ltr'><strong><em>Callias</em></strong></span> <span class='ocrx_word' id='word_1_180' title='bbox 655 2603 1014 2677; x_wconf 89' lang='lat' dir='ltr'><strong><em>impulerunt,</em></strong></span> <span class='ocrx_word' id='word_1_181' title='bbox 1073 2601 1185 2656; x_wconf 73' lang='lat' dir='ltr'><strong><em>haec</em></strong></span> <span class='ocrx_word' id='word_1_182' title='bbox 1206 2603 1394 2673; x_wconf 88' lang='lat' dir='ltr'><strong><em>prima</em></strong></span> <span class='ocrx_word' id='word_1_183' title='bbox 1445 2608 1497 2655; x_wconf 91' lang='lat' dir='ltr'><strong><em>et</em></strong></span> <span class='ocrx_word' id='word_1_184' title='bbox 1538 2603 1820 2672; x_wconf 69' lang='lat' dir='ltr'><strong><em>praecipua</em></strong></span> <span class='ocrx_word' id='word_1_185' title='bbox 1867 2603 1977 2673; x_wconf 83' lang='lat' dir='ltr'><strong><em>fuit</em></strong></span> <span class='ocrx_word' id='word_1_186' title='bbox 2007 2605 2065 2656; x_wconf 90' lang='lat' dir='ltr'><strong><em>ut</em></strong></span> 
     </span>
    </p>
   </div>
   <div class='ocr_carea' id='block_1_29' title="bbox 419 2688 2066 2763">
    <p class='ocr_par' dir='ltr' id='par_1_29' title="bbox 419 2688 2066 2763">
     <span class='ocr_line' id='line_1_29' title="bbox 419 2688 2066 2763; baseline -0.002 -13"><span class='ocrx_word' id='word_1_187' title='bbox 419 2693 600 2755; x_wconf 81' lang='lat' dir='ltr'><strong><em>locum</em></strong></span> <span class='ocrx_word' id='word_1_188' title='bbox 625 2695 793 2748; x_wconf 88' lang='lat' dir='ltr'><strong><em>istum</em></strong></span> <span class='ocrx_word' id='word_1_189' title='bbox 839 2699 891 2748; x_wconf 91' lang='lat' dir='ltr'><strong><em>et</em></strong></span> <span class='ocrx_word' id='word_1_190' title='bbox 941 2691 1409 2763; x_wconf 78' lang='lat' dir='ltr'><strong><em>congregationem</em></strong></span> <span class='ocrx_word' id='word_1_191' title='bbox 1463 2688 1605 2744; x_wconf 89' lang='lat' dir='ltr'><strong><em>hanc</em></strong></span> <span class='ocrx_word' id='word_1_192' title='bbox 1655 2690 1882 2761; x_wconf 90' lang='lat' dir='ltr'><strong><em>speciali</em></strong></span> <span class='ocrx_word' id='word_1_193' title='bbox 1912 2691 2066 2747; x_wconf 89' lang='lat' dir='ltr'><strong><em>nobis</em></strong></span> 
     </span>
    </p>
   </div>
   <div class='ocr_carea' id='block_1_30' title="bbox 415 2778 2063 2853">
    <p class='ocr_par' dir='ltr' id='par_1_30' title="bbox 415 2778 2063 2853">
     <span class='ocr_line' id='line_1_30' title="bbox 415 2778 2063 2853; baseline -0.003 -13"><span class='ocrx_word' id='word_1_194' title='bbox 415 2782 737 2853; x_wconf 84' lang='lat' dir='ltr'><strong><em>cognatione</em></strong></span> <span class='ocrx_word' id='word_1_195' title='bbox 764 2795 1085 2850; x_wconf 84' lang='lat' dir='ltr'><strong><em>germanam</em></strong></span> <span class='ocrx_word' id='word_1_196' title='bbox 1113 2780 1300 2834; x_wconf 86' lang='lat' dir='ltr'><strong><em>nostra</em></strong></span> <span class='ocrx_word' id='word_1_197' title='bbox 1315 2779 1610 2850; x_wconf 65' lang='lat' dir='ltr'><strong><em>prmsentia</em></strong></span> <span class='ocrx_word' id='word_1_198' title='bbox 1638 2778 2063 2850; x_wconf 63' lang='lat' dir='ltr'><strong><em>Letiﬁmremus,</em></strong></span> 
     </span>
    </p>
   </div>
   <div class='ocr_carea' id='block_1_31' title="bbox 417 2867 2066 2940">
    <p class='ocr_par' dir='ltr' id='par_1_31' title="bbox 417 2867 2066 2940">
     <span class='ocr_line' id='line_1_31' title="bbox 417 2867 2066 2940; baseline -0.002 -13"><span class='ocrx_word' id='word_1_199' title='bbox 417 2877 600 2927; x_wconf 84' lang='lat' dir='ltr'><strong><em>nostro</em></strong></span> <span class='ocrx_word' id='word_1_200' title='bbox 641 2884 856 2926; x_wconf 88' lang='lat' dir='ltr'><strong><em>accessu</em></strong></span> <span class='ocrx_word' id='word_1_201' title='bbox 885 2873 937 2924; x_wconf 88' lang='lat' dir='ltr'><strong><em>et</em></strong></span> <span class='ocrx_word' id='word_1_202' title='bbox 967 2868 1206 2940; x_wconf 88' lang='lat' dir='ltr'><strong><em>alloquio</em></strong></span> <span class='ocrx_word' id='word_1_203' title='bbox 1251 2867 1593 2938; x_wconf 87' lang='lat' dir='ltr'><strong><em>juvaremus,</em></strong></span> <span class='ocrx_word' id='word_1_204' title='bbox 1652 2875 1704 2922; x_wconf 91' lang='lat' dir='ltr'><strong><em>et</em></strong></span> <span class='ocrx_word' id='word_1_205' title='bbox 1731 2867 1802 2922; x_wconf 88' lang='lat' dir='ltr'><strong><em>ad</em></strong></span> <span class='ocrx_word' id='word_1_206' title='bbox 1855 2883 2066 2924; x_wconf 90' lang='lat' dir='ltr'><strong><em>omnem</em></strong></span> 
     </span>
    </p>
   </div>
   <div class='ocr_carea' id='block_1_32' title="bbox 419 2955 2064 3030">
    <p class='ocr_par' dir='ltr' id='par_1_32' title="bbox 419 2955 2064 3030">
     <span class='ocr_line' id='line_1_32' title="bbox 419 2955 2064 3030; baseline -0.002 -15"><span class='ocrx_word' id='word_1_207' title='bbox 419 2959 718 3016; x_wconf 85' lang='lat' dir='ltr'><strong><em>utilitatem</em></strong></span> <span class='ocrx_word' id='word_1_208' title='bbox 743 2957 828 3014; x_wconf 89' lang='lat' dir='ltr'><strong><em>vel</em></strong></span> <span class='ocrx_word' id='word_1_209' title='bbox 855 2955 1194 3013; x_wconf 86' lang='lat' dir='ltr'><strong><em>commodum</em></strong></span> <span class='ocrx_word' id='word_1_210' title='bbox 1222 2963 1468 3012; x_wconf 87' lang='lat' dir='ltr'><strong><em>nostram</em></strong></span> <span class='ocrx_word' id='word_1_211' title='bbox 1496 2957 1576 3011; x_wconf 90' lang='lat' dir='ltr'><strong><em>eis</em></strong></span> <span class='ocrx_word' id='word_1_212' title='bbox 1605 2971 1826 3028; x_wconf 85' lang='lat' dir='ltr'><strong><em>operam</em></strong></span> <span class='ocrx_word' id='word_1_213' title='bbox 1855 2958 2064 3030; x_wconf 88' lang='lat' dir='ltr'><strong><em>impen-</em></strong></span> 
     </span>
    </p>
   </div>
   <div class='ocr_carea' id='block_1_33' title="bbox 420 3045 2068 3120">
    <p class='ocr_par' dir='ltr' id='par_1_33' title="bbox 420 3045 2068 3120">
     <span class='ocr_line' id='line_1_33' title="bbox 420 3045 2068 3120; baseline -0.004 -10"><span class='ocrx_word' id='word_1_214' title='bbox 420 3049 688 3110; x_wconf 83' lang='lat' dir='ltr'><strong><em>deremus.</em></strong></span> <span class='ocrx_word' id='word_1_215' title='bbox 724 3051 914 3120; x_wconf 79' lang='lat' dir='ltr'><strong><em>Itaque</em></strong></span> <span class='ocrx_word' id='word_1_216' title='bbox 942 3046 1031 3103; x_wconf 91' lang='lat' dir='ltr'><strong><em>hic</em></strong></span> <span class='ocrx_word' id='word_1_217' title='bbox 1059 3046 1331 3102; x_wconf 87' lang='lat' dir='ltr'><strong><em>vobiscum</em></strong></span> <span class='ocrx_word' id='word_1_218' title='bbox 1362 3045 1520 3102; x_wconf 84' lang='lat' dir='ltr'><strong><em>hodie</em></strong></span> <span class='ocrx_word' id='word_1_219' title='bbox 1541 3049 1860 3118; x_wconf 59' lang='lat' dir='ltr'><strong><em>praesentes,</em></strong></span> <span class='ocrx_word' id='word_1_220' title='bbox 1891 3048 2068 3104; x_wconf 89' lang='lat' dir='ltr'><strong><em>altare</em></strong></span> 
     </span>
    </p>
   </div>
   <div class='ocr_carea' id='block_1_34' title="bbox 417 3137 2066 3214">
    <p class='ocr_par' dir='ltr' id='par_1_34' title="bbox 417 3137 2066 3214">
     <span class='ocr_line' id='line_1_34' title="bbox 417 3137 2066 3214; baseline -0.001 -19"><span class='ocrx_word' id='word_1_221' title='bbox 417 3139 664 3214; x_wconf 86' lang='lat' dir='ltr'><strong><em>primum</em></strong></span> <span class='ocrx_word' id='word_1_222' title='bbox 689 3143 744 3194; x_wconf 91' lang='lat' dir='ltr'><strong><em>et</em></strong></span> <span class='ocrx_word' id='word_1_223' title='bbox 771 3137 954 3210; x_wconf 88' lang='lat' dir='ltr'><strong><em>majus</em></strong></span> <span class='ocrx_word' id='word_1_224' title='bbox 975 3153 1100 3192; x_wconf 89' lang='lat' dir='ltr'><strong><em>cum</em></strong></span> <span class='ocrx_word' id='word_1_225' title='bbox 1125 3137 1338 3193; x_wconf 59' lang='lat' dir='ltr'><strong><em>exteris</em></strong></span> <span class='ocrx_word' id='word_1_226' title='bbox 1367 3149 1493 3206; x_wconf 71' lang='lat' dir='ltr'><strong><em>quae</em></strong></span> <span class='ocrx_word' id='word_1_227' title='bbox 1525 3143 1728 3208; x_wconf 89' lang='lat' dir='ltr'><strong><em>parata</em></strong></span> <span class='ocrx_word' id='word_1_228' title='bbox 1753 3139 1903 3204; x_wconf 89' lang='lat' dir='ltr'><strong><em>sunt,</em></strong></span> <span class='ocrx_word' id='word_1_229' title='bbox 1936 3139 2066 3194; x_wconf 90' lang='lat' dir='ltr'><strong><em>novi</em></strong></span> 
     </span>
    </p>
   </div>
   <div class='ocr_carea' id='block_1_35' title="bbox 2168 555 3824 629">
    <p class='ocr_par' dir='ltr' id='par_1_35' title="bbox 2168 555 3824 629">
     <span class='ocr_line' id='line_1_35' title="bbox 2168 555 3824 629; baseline 0.004 -19"><span class='ocrx_word' id='word_1_230' title='bbox 2168 555 2410 622; x_wconf 87' lang='lat' dir='ltr'><strong><em>ruvium,</em></strong></span> <span class='ocrx_word' id='word_1_231' title='bbox 2441 556 2582 628; x_wconf 85' lang='lat' dir='ltr'><strong><em>quod</em></strong></span> <span class='ocrx_word' id='word_1_232' title='bbox 2609 559 2688 613; x_wconf 89' lang='lat' dir='ltr'><strong><em>est</em></strong></span> <span class='ocrx_word' id='word_1_233' title='bbox 2715 557 2942 629; x_wconf 87' lang='lat' dir='ltr'><strong><em>desuper</em></strong></span> <span class='ocrx_word' id='word_1_234' title='bbox 2969 557 3344 616; x_wconf 80' lang='lat' dir='ltr'><strong><em>molendznum</em></strong></span> <span class='ocrx_word' id='word_1_235' title='bbox 3369 556 3651 615; x_wconf 86' lang='lat' dir='ltr'><strong><em>cellerarii</em></strong></span> <span class='ocrx_word' id='word_1_236' title='bbox 3693 559 3824 616; x_wconf 82' lang='lat' dir='ltr'><strong><em>Clu-</em></strong></span> 
     </span>
    </p>
   </div>
   <div class='ocr_carea' id='block_1_36' title="bbox 2167 645 3827 716">
    <p class='ocr_par' dir='ltr' id='par_1_36' title="bbox 2167 645 3827 716">
     <span class='ocr_line' id='line_1_36' title="bbox 2167 645 3827 716; baseline 0.005 -18"><span class='ocrx_word' id='word_1_237' title='bbox 2167 645 2436 699; x_wconf 89' lang='lat' dir='ltr'><strong><em>niacensis</em></strong></span> <span class='ocrx_word' id='word_1_238' title='bbox 2485 647 2624 701; x_wconf 88' lang='lat' dir='ltr'><strong><em>citra</em></strong></span> <span class='ocrx_word' id='word_1_239' title='bbox 2681 647 2945 716; x_wconf 87' lang='lat' dir='ltr'><strong><em>Viengias.</em></strong></span> <span class='ocrx_word' id='word_1_240' title='bbox 3023 647 3174 702; x_wconf 89' lang='lat' dir='ltr'><strong><em>Ultra</em></strong></span> <span class='ocrx_word' id='word_1_241' title='bbox 3239 645 3564 703; x_wconf 84' lang='lat' dir='ltr'><strong><em>Cluniacum</em></strong></span> <span class='ocrx_word' id='word_1_242' title='bbox 3634 665 3827 706; x_wconf 86' lang='lat' dir='ltr'><strong><em>versus</em></strong></span> 
     </span>
    </p>
   </div>
   <div class='ocr_carea' id='block_1_37' title="bbox 2168 732 3826 799">
    <p class='ocr_par' dir='ltr' id='par_1_37' title="bbox 2168 732 3826 799">
     <span class='ocr_line' id='line_1_37' title="bbox 2168 732 3826 799; baseline 0.004 -12"><span class='ocrx_word' id='word_1_243' title='bbox 2168 732 2428 798; x_wconf 71' lang='lat' dir='ltr'><strong><em>Masilias,</em></strong></span> <span class='ocrx_word' id='word_1_244' title='bbox 2487 735 2754 789; x_wconf 87' lang='lat' dir='ltr'><strong><em>terminus</em></strong></span> <span class='ocrx_word' id='word_1_245' title='bbox 2802 739 2882 789; x_wconf 89' lang='lat' dir='ltr'><strong><em>est</em></strong></span> <span class='ocrx_word' id='word_1_246' title='bbox 2935 733 3004 789; x_wconf 89' lang='lat' dir='ltr'><strong><em>ad</em></strong></span> <span class='ocrx_word' id='word_1_247' title='bbox 3061 733 3286 799; x_wconf 88' lang='lat' dir='ltr'><strong><em>bivium,</em></strong></span> <span class='ocrx_word' id='word_1_248' title='bbox 3354 735 3498 791; x_wconf 89' lang='lat' dir='ltr'><strong><em>unde</em></strong></span> <span class='ocrx_word' id='word_1_249' title='bbox 3551 753 3668 793; x_wconf 86' lang='lat' dir='ltr'><strong><em>una</em></strong></span> <span class='ocrx_word' id='word_1_250' title='bbox 3734 739 3826 794; x_wconf 85' lang='lat' dir='ltr'><strong><em>via</em></strong></span> 
     </span>
    </p>
   </div>
   <div class='ocr_carea' id='block_1_38' title="bbox 2171 821 3827 889">
    <p class='ocr_par' dir='ltr' id='par_1_38' title="bbox 2171 821 3827 889">
     <span class='ocr_line' id='line_1_38' title="bbox 2171 821 3827 889; baseline 0.004 -13"><span class='ocrx_word' id='word_1_251' title='bbox 2171 821 2344 876; x_wconf 88' lang='lat' dir='ltr'><strong><em>tendit</em></strong></span> <span class='ocrx_word' id='word_1_252' title='bbox 2370 821 2441 877; x_wconf 88' lang='lat' dir='ltr'><strong><em>ad</em></strong></span> <span class='ocrx_word' id='word_1_253' title='bbox 2485 822 2744 889; x_wconf 84' lang='lat' dir='ltr'><strong><em>Masilias,</em></strong></span> <span class='ocrx_word' id='word_1_254' title='bbox 2803 823 2980 878; x_wconf 88' lang='lat' dir='ltr'><strong><em>altera</em></strong></span> <span class='ocrx_word' id='word_1_255' title='bbox 3026 822 3096 878; x_wconf 88' lang='lat' dir='ltr'><strong><em>ad</em></strong></span> <span class='ocrx_word' id='word_1_256' title='bbox 3154 823 3412 880; x_wconf 88' lang='lat' dir='ltr'><strong><em>Sanctam</em></strong></span> <span class='ocrx_word' id='word_1_257' title='bbox 3466 824 3705 882; x_wconf 79' lang='lat' dir='ltr'><strong><em>Mariam</em></strong></span> <span class='ocrx_word' id='word_1_258' title='bbox 3763 827 3827 883; x_wconf 88' lang='lat' dir='ltr'><strong><em>de</em></strong></span> 
     </span>
    </p>
   </div>
   <div class='ocr_carea' id='block_1_39' title="bbox 2169 911 3827 982">
    <p class='ocr_par' dir='ltr' id='par_1_39' title="bbox 2169 911 3827 982">
     <span class='ocr_line' id='line_1_39' title="bbox 2169 911 3827 982; baseline 0.004 -15"><span class='ocrx_word' id='word_1_259' title='bbox 2169 911 2354 967; x_wconf 87' lang='lat' dir='ltr'><strong><em>Bosco.</em></strong></span> <span class='ocrx_word' id='word_1_260' title='bbox 2389 911 2562 982; x_wconf 88' lang='lat' dir='ltr'><strong><em>Super</em></strong></span> <span class='ocrx_word' id='word_1_261' title='bbox 2590 912 2875 982; x_wconf 72' lang='lat' dir='ltr'><strong><em>Ita/iocum</em></strong></span> <span class='ocrx_word' id='word_1_262' title='bbox 2903 914 3170 968; x_wconf 89' lang='lat' dir='ltr'><strong><em>terminus</em></strong></span> <span class='ocrx_word' id='word_1_263' title='bbox 3221 920 3300 969; x_wconf 88' lang='lat' dir='ltr'><strong><em>est</em></strong></span> <span class='ocrx_word' id='word_1_264' title='bbox 3325 913 3399 969; x_wconf 86' lang='lat' dir='ltr'><strong><em>ad</em></strong></span> <span class='ocrx_word' id='word_1_265' title='bbox 3451 917 3827 972; x_wconf 83' lang='lat' dir='ltr'><strong><em>summitatem</em></strong></span> 
     </span>
    </p>
   </div>
   <div class='ocr_carea' id='block_1_40' title="bbox 2171 999 3824 1071">
    <p class='ocr_par' dir='ltr' id='par_1_40' title="bbox 2171 999 3824 1071">
     <span class='ocr_line' id='line_1_40' title="bbox 2171 999 3824 1071; baseline 0.004 -17"><span class='ocrx_word' id='word_1_266' title='bbox 2171 999 2396 1071; x_wconf 80' lang='lat' dir='ltr'><strong><em>defensi,</em></strong></span> <span class='ocrx_word' id='word_1_267' title='bbox 2427 1000 2498 1055; x_wconf 86' lang='lat' dir='ltr'><strong><em>ad</em></strong></span> <span class='ocrx_word' id='word_1_268' title='bbox 2529 1001 2754 1069; x_wconf 86' lang='lat' dir='ltr'><strong><em>bivium,</em></strong></span> <span class='ocrx_word' id='word_1_269' title='bbox 2787 1001 2932 1056; x_wconf 85' lang='lat' dir='ltr'><strong><em>unde</em></strong></span> <span class='ocrx_word' id='word_1_270' title='bbox 2961 1017 3076 1056; x_wconf 87' lang='lat' dir='ltr'><strong><em>una</em></strong></span> <span class='ocrx_word' id='word_1_271' title='bbox 3105 1001 3196 1056; x_wconf 87' lang='lat' dir='ltr'><strong><em>via</em></strong></span> <span class='ocrx_word' id='word_1_272' title='bbox 3229 1002 3401 1058; x_wconf 87' lang='lat' dir='ltr'><strong><em>tendit</em></strong></span> <span class='ocrx_word' id='word_1_273' title='bbox 3423 1002 3495 1058; x_wconf 87' lang='lat' dir='ltr'><strong><em>ad</em></strong></span> <span class='ocrx_word' id='word_1_274' title='bbox 3523 1005 3824 1062; x_wconf 75' lang='lat' dir='ltr'><strong><em>Bezornia-</em></strong></span> 
     </span>
    </p>
   </div>
   <div class='ocr_carea' id='block_1_41' title="bbox 2171 1089 3826 1162">
    <p class='ocr_par' dir='ltr' id='par_1_41' title="bbox 2171 1089 3826 1162">
     <span class='ocr_line' id='line_1_41' title="bbox 2171 1089 3826 1162; baseline 0.005 -20"><span class='ocrx_word' id='word_1_275' title='bbox 2171 1104 2314 1156; x_wconf 89' lang='lat' dir='ltr'><strong><em>cum,</em></strong></span> <span class='ocrx_word' id='word_1_276' title='bbox 2347 1090 2520 1146; x_wconf 81' lang='lat' dir='ltr'><strong><em>altera</em></strong></span> <span class='ocrx_word' id='word_1_277' title='bbox 2548 1089 2619 1144; x_wconf 88' lang='lat' dir='ltr'><strong><em>ad</em></strong></span> <span class='ocrx_word' id='word_1_278' title='bbox 2649 1089 2942 1146; x_wconf 81' lang='lat' dir='ltr'><strong><em>Carellam.</em></strong></span> <span class='ocrx_word' id='word_1_279' title='bbox 2980 1091 3172 1146; x_wconf 80' lang='lat' dir='ltr'><strong><em>Versus</em></strong></span> <span class='ocrx_word' id='word_1_280' title='bbox 3197 1089 3508 1162; x_wconf 88' lang='lat' dir='ltr'><strong><em>Setgiacum</em></strong></span> <span class='ocrx_word' id='word_1_281' title='bbox 3552 1095 3826 1150; x_wconf 84' lang='lat' dir='ltr'><strong><em>terminus</em></strong></span> 
     </span>
    </p>
   </div>
   <div class='ocr_carea' id='block_1_42' title="bbox 2171 1179 3824 1250">
    <p class='ocr_par' dir='ltr' id='par_1_42' title="bbox 2171 1179 3824 1250">
     <span class='ocr_line' id='line_1_42' title="bbox 2171 1179 3824 1250; baseline 0.004 -18"><span class='ocrx_word' id='word_1_282' title='bbox 2171 1184 2250 1232; x_wconf 90' lang='lat' dir='ltr'><strong><em>est</em></strong></span> <span class='ocrx_word' id='word_1_283' title='bbox 2279 1179 2430 1233; x_wconf 88' lang='lat' dir='ltr'><strong><em>intra</em></strong></span> <span class='ocrx_word' id='word_1_284' title='bbox 2475 1179 2858 1250; x_wconf 88' lang='lat' dir='ltr'><strong><em>quarruvium,</em></strong></span> <span class='ocrx_word' id='word_1_285' title='bbox 2915 1180 3056 1234; x_wconf 83' lang='lat' dir='ltr'><strong><em>citra</em></strong></span> <span class='ocrx_word' id='word_1_286' title='bbox 3085 1180 3258 1234; x_wconf 89' lang='lat' dir='ltr'><strong><em>locum</em></strong></span> <span class='ocrx_word' id='word_1_287' title='bbox 3292 1181 3374 1236; x_wconf 86' lang='lat' dir='ltr'><strong><em>ibi</em></strong></span> <span class='ocrx_word' id='word_1_288' title='bbox 3399 1180 3594 1238; x_wconf 89' lang='lat' dir='ltr'><strong><em>dicunt</em></strong></span> <span class='ocrx_word' id='word_1_289' title='bbox 3619 1183 3824 1239; x_wconf 81' lang='lat' dir='ltr'><strong><em>Adtur-</em></strong></span> 
     </span>
    </p>
   </div>
   <div class='ocr_carea' id='block_1_43' title="bbox 2170 1266 3825 1341">
    <p class='ocr_par' dir='ltr' id='par_1_43' title="bbox 2170 1266 3825 1341">
     <span class='ocr_line' id='line_1_43' title="bbox 2170 1266 3825 1341; baseline 0.005 -21"><span class='ocrx_word' id='word_1_290' title='bbox 2170 1282 2318 1337; x_wconf 91' lang='lat' dir='ltr'><strong><em>gum.</em></strong></span> <span class='ocrx_word' id='word_1_291' title='bbox 2351 1268 2415 1322; x_wconf 89' lang='lat' dir='ltr'><strong><em>In</em></strong></span> <span class='ocrx_word' id='word_1_292' title='bbox 2441 1270 2616 1322; x_wconf 88' lang='lat' dir='ltr'><strong><em>strata</em></strong></span> <span class='ocrx_word' id='word_1_293' title='bbox 2644 1283 2828 1322; x_wconf 87' lang='lat' dir='ltr'><strong><em>versus</em></strong></span> <span class='ocrx_word' id='word_1_294' title='bbox 2861 1266 3272 1325; x_wconf 82' lang='lat' dir='ltr'><strong><em>Cabilonensem</em></strong></span> <span class='ocrx_word' id='word_1_295' title='bbox 3316 1286 3523 1341; x_wconf 84' lang='lat' dir='ltr'><strong><em>pagum</em></strong></span> <span class='ocrx_word' id='word_1_296' title='bbox 3551 1273 3825 1328; x_wconf 83' lang='lat' dir='ltr'><strong><em>terminus</em></strong></span> 
     </span>
    </p>
   </div>
   <div class='ocr_carea' id='block_1_44' title="bbox 2169 1353 3824 1429">
    <p class='ocr_par' dir='ltr' id='par_1_44' title="bbox 2169 1353 3824 1429">
     <span class='ocr_line' id='line_1_44' title="bbox 2169 1353 3824 1429; baseline 0.004 -18"><span class='ocrx_word' id='word_1_297' title='bbox 2169 1363 2250 1428; x_wconf 84' lang='lat' dir='ltr'><strong><em>est</em></strong></span> <span class='ocrx_word' id='word_1_298' title='bbox 2277 1353 2349 1411; x_wconf 87' lang='lat' dir='ltr'><strong><em>ad</em></strong></span> <span class='ocrx_word' id='word_1_299' title='bbox 2375 1371 2620 1426; x_wconf 88' lang='lat' dir='ltr'><strong><em>grossam</em></strong></span> <span class='ocrx_word' id='word_1_300' title='bbox 2647 1358 2971 1414; x_wconf 88' lang='lat' dir='ltr'><strong><em>Cassaniam</em></strong></span> <span class='ocrx_word' id='word_1_301' title='bbox 2998 1373 3161 1429; x_wconf 89' lang='lat' dir='ltr'><strong><em>super</em></strong></span> <span class='ocrx_word' id='word_1_302' title='bbox 3215 1357 3567 1415; x_wconf 66' lang='lat' dir='ltr'><strong><em>Marziacum.</em></strong></span> <span class='ocrx_word' id='word_1_303' title='bbox 3630 1361 3824 1417; x_wconf 85' lang='lat' dir='ltr'><strong><em>Versus</em></strong></span> 
     </span>
    </p>
   </div>
   <div class='ocr_carea' id='block_1_45' title="bbox 2173 1444 3824 1520">
    <p class='ocr_par' dir='ltr' id='par_1_45' title="bbox 2173 1444 3824 1520">
     <span class='ocr_line' id='line_1_45' title="bbox 2173 1444 3824 1520; baseline 0.004 -22"><span class='ocrx_word' id='word_1_304' title='bbox 2173 1444 2591 1500; x_wconf 87' lang='lat' dir='ltr'><strong><em>Brancedunum</em></strong></span> <span class='ocrx_word' id='word_1_305' title='bbox 2649 1447 2916 1500; x_wconf 83' lang='lat' dir='ltr'><strong><em>terminus</em></strong></span> <span class='ocrx_word' id='word_1_306' title='bbox 2971 1450 3050 1501; x_wconf 87' lang='lat' dir='ltr'><strong><em>est</em></strong></span> <span class='ocrx_word' id='word_1_307' title='bbox 3107 1447 3167 1500; x_wconf 90' lang='lat' dir='ltr'><strong><em>in</em></strong></span> <span class='ocrx_word' id='word_1_308' title='bbox 3228 1447 3319 1503; x_wconf 89' lang='lat' dir='ltr'><strong><em>via</em></strong></span> <span class='ocrx_word' id='word_1_309' title='bbox 3375 1463 3538 1520; x_wconf 88' lang='lat' dir='ltr'><strong><em>super</em></strong></span> <span class='ocrx_word' id='word_1_310' title='bbox 3592 1450 3824 1506; x_wconf 83' lang='lat' dir='ltr'><strong><em>Boscum</em></strong></span> 
     </span>
    </p>
   </div>
   <div class='ocr_carea' id='block_1_46' title="bbox 2172 1532 3825 1611">
    <p class='ocr_par' dir='ltr' id='par_1_46' title="bbox 2172 1532 3825 1611">
     <span class='ocr_line' id='line_1_46' title="bbox 2172 1532 3825 1611; baseline 0.005 -25"><span class='ocrx_word' id='word_1_311' title='bbox 2172 1532 2510 1588; x_wconf 89' lang='lat' dir='ltr'><strong><em>Bannedum.</em></strong></span> <span class='ocrx_word' id='word_1_312' title='bbox 2567 1535 2756 1590; x_wconf 87' lang='lat' dir='ltr'><strong><em>Versus</em></strong></span> <span class='ocrx_word' id='word_1_313' title='bbox 2785 1535 3164 1590; x_wconf 65' lang='lat' dir='ltr'><strong><em>Trinurchium</em></strong></span> <span class='ocrx_word' id='word_1_314' title='bbox 3191 1537 3462 1592; x_wconf 84' lang='lat' dir='ltr'><strong><em>terminus</em></strong></span> <span class='ocrx_word' id='word_1_315' title='bbox 3521 1541 3601 1594; x_wconf 90' lang='lat' dir='ltr'><strong><em>est</em></strong></span> <span class='ocrx_word' id='word_1_316' title='bbox 3659 1555 3825 1611; x_wconf 87' lang='lat' dir='ltr'><strong><em>super</em></strong></span> 
     </span>
    </p>
   </div>
   <div class='ocr_carea' id='block_1_47' title="bbox 2171 1619 3820 1695">
    <p class='ocr_par' dir='ltr' id='par_1_47' title="bbox 2171 1619 3820 1695">
     <span class='ocr_line' id='line_1_47' title="bbox 2171 1619 3820 1695; baseline 0.004 -19"><span class='ocrx_word' id='word_1_317' title='bbox 2171 1619 2413 1678; x_wconf 88' lang='lat' dir='ltr'><strong><em>rivulum</em></strong></span> <span class='ocrx_word' id='word_1_318' title='bbox 2440 1638 2599 1693; x_wconf 85' lang='lat' dir='ltr'><strong><em>quem</em></strong></span> <span class='ocrx_word' id='word_1_319' title='bbox 2627 1623 2819 1678; x_wconf 86' lang='lat' dir='ltr'><strong><em>dicunt</em></strong></span> <span class='ocrx_word' id='word_1_320' title='bbox 2859 1624 3100 1695; x_wconf 87' lang='lat' dir='ltr'><strong><em>Longam</em></strong></span> <span class='ocrx_word' id='word_1_321' title='bbox 3141 1626 3372 1695; x_wconf 80' lang='lat' dir='ltr'><strong><em>Aquam,</em></strong></span> <span class='ocrx_word' id='word_1_322' title='bbox 3434 1627 3578 1682; x_wconf 86' lang='lat' dir='ltr'><strong><em>inter</em></strong></span> <span class='ocrx_word' id='word_1_323' title='bbox 3617 1628 3820 1683; x_wconf 87' lang='lat' dir='ltr'><strong><em>Blano-</em></strong></span> 
     </span>
    </p>
   </div>
   <div class='ocr_carea' id='block_1_48' title="bbox 2169 1712 3820 1784">
    <p class='ocr_par' dir='ltr' id='par_1_48' title="bbox 2169 1712 3820 1784">
     <span class='ocr_line' id='line_1_48' title="bbox 2169 1712 3820 1784; baseline 0.004 -19"><span class='ocrx_word' id='word_1_324' title='bbox 2169 1726 2320 1766; x_wconf 88' lang='lat' dir='ltr'><strong><em>scum</em></strong></span> <span class='ocrx_word' id='word_1_325' title='bbox 2339 1719 2391 1766; x_wconf 91' lang='lat' dir='ltr'><strong><em>et</em></strong></span> <span class='ocrx_word' id='word_1_326' title='bbox 2420 1712 2773 1767; x_wconf 73' lang='lat' dir='ltr'><strong><em>Donziacum.</em></strong></span> <span class='ocrx_word' id='word_1_327' title='bbox 2813 1714 3002 1768; x_wconf 88' lang='lat' dir='ltr'><strong><em>Versus</em></strong></span> <span class='ocrx_word' id='word_1_328' title='bbox 3048 1715 3344 1769; x_wconf 88' lang='lat' dir='ltr'><strong><em>Perronem</em></strong></span> <span class='ocrx_word' id='word_1_329' title='bbox 3374 1715 3457 1769; x_wconf 87' lang='lat' dir='ltr'><strong><em>vel</em></strong></span> <span class='ocrx_word' id='word_1_330' title='bbox 3502 1717 3820 1784; x_wconf 68' lang='lat' dir='ltr'><strong><em>Laziacum,</em></strong></span> 
     </span>
    </p>
   </div>
   <div class='ocr_carea' id='block_1_49' title="bbox 2169 1800 3826 1874">
    <p class='ocr_par' dir='ltr' id='par_1_49' title="bbox 2169 1800 3826 1874">
     <span class='ocr_line' id='line_1_49' title="bbox 2169 1800 3826 1874; baseline 0.005 -20"><span class='ocrx_word' id='word_1_331' title='bbox 2169 1802 2438 1855; x_wconf 87' lang='lat' dir='ltr'><strong><em>terminus</em></strong></span> <span class='ocrx_word' id='word_1_332' title='bbox 2462 1808 2540 1856; x_wconf 90' lang='lat' dir='ltr'><strong><em>est</em></strong></span> <span class='ocrx_word' id='word_1_333' title='bbox 2568 1800 2639 1856; x_wconf 87' lang='lat' dir='ltr'><strong><em>ad</em></strong></span> <span class='ocrx_word' id='word_1_334' title='bbox 2669 1802 2789 1856; x_wconf 87' lang='lat' dir='ltr'><strong><em>Tres</em></strong></span> <span class='ocrx_word' id='word_1_335' title='bbox 2841 1803 3064 1870; x_wconf 82' lang='lat' dir='ltr'><strong><em>Fagos;</em></strong></span> <span class='ocrx_word' id='word_1_336' title='bbox 3096 1801 3194 1858; x_wconf 88' lang='lat' dir='ltr'><strong><em>ubi</em></strong></span> <span class='ocrx_word' id='word_1_337' title='bbox 3242 1804 3584 1874; x_wconf 85' lang='lat' dir='ltr'><strong><em>partiuntur,</em></strong></span> <span class='ocrx_word' id='word_1_338' title='bbox 3640 1808 3826 1862; x_wconf 85' lang='lat' dir='ltr'><strong><em>noster</em></strong></span> 
     </span>
    </p>
   </div>
   <div class='ocr_carea' id='block_1_50' title="bbox 2172 1889 3824 1957">
    <p class='ocr_par' dir='ltr' id='par_1_50' title="bbox 2172 1889 3824 1957">
     <span class='ocr_line' id='line_1_50' title="bbox 2172 1889 3824 1957; baseline 0.005 -15"><span class='ocrx_word' id='word_1_339' title='bbox 2172 1889 2356 1944; x_wconf 89' lang='lat' dir='ltr'><strong><em>boscus</em></strong></span> <span class='ocrx_word' id='word_1_340' title='bbox 2411 1889 2475 1944; x_wconf 88' lang='lat' dir='ltr'><strong><em>de</em></strong></span> <span class='ocrx_word' id='word_1_341' title='bbox 2534 1890 2818 1957; x_wconf 86' lang='lat' dir='ltr'><strong><em>Cluniaco,</em></strong></span> <span class='ocrx_word' id='word_1_342' title='bbox 2876 1898 2928 1946; x_wconf 89' lang='lat' dir='ltr'><strong><em>et</em></strong></span> <span class='ocrx_word' id='word_1_343' title='bbox 2995 1891 3183 1946; x_wconf 85' lang='lat' dir='ltr'><strong><em>boscus</em></strong></span> <span class='ocrx_word' id='word_1_344' title='bbox 3254 1892 3547 1948; x_wconf 82' lang='lat' dir='ltr'><strong><em>comitatis.</em></strong></span> <span class='ocrx_word' id='word_1_345' title='bbox 3629 1894 3824 1950; x_wconf 84' lang='lat' dir='ltr'><strong><em>Versus</em></strong></span> 
     </span>
    </p>
   </div>
   <div class='ocr_carea' id='block_1_51' title="bbox 2169 1978 3824 2052">
    <p class='ocr_par' dir='ltr' id='par_1_51' title="bbox 2169 1978 3824 2052">
     <span class='ocr_line' id='line_1_51' title="bbox 2169 1978 3824 2052; baseline 0.004 -20"><span class='ocrx_word' id='word_1_346' title='bbox 2169 1979 2414 2048; x_wconf 87' lang='lat' dir='ltr'><strong><em>Igiacum</em></strong></span> <span class='ocrx_word' id='word_1_347' title='bbox 2467 1979 2737 2034; x_wconf 85' lang='lat' dir='ltr'><strong><em>terminus</em></strong></span> <span class='ocrx_word' id='word_1_348' title='bbox 2790 1981 2868 2034; x_wconf 89' lang='lat' dir='ltr'><strong><em>est</em></strong></span> <span class='ocrx_word' id='word_1_349' title='bbox 2922 1979 2993 2034; x_wconf 88' lang='lat' dir='ltr'><strong><em>ad</em></strong></span> <span class='ocrx_word' id='word_1_350' title='bbox 3051 1978 3291 2046; x_wconf 85' lang='lat' dir='ltr'><strong><em>Carmos,</em></strong></span> <span class='ocrx_word' id='word_1_351' title='bbox 3361 1997 3530 2052; x_wconf 88' lang='lat' dir='ltr'><strong><em>super</em></strong></span> <span class='ocrx_word' id='word_1_352' title='bbox 3583 1987 3824 2038; x_wconf 88' lang='lat' dir='ltr'><strong><em>montem</em></strong></span> 
     </span>
    </p>
   </div>
   <div class='ocr_carea' id='block_1_52' title="bbox 2171 2067 3823 2136">
    <p class='ocr_par' dir='ltr' id='par_1_52' title="bbox 2171 2067 3823 2136">
     <span class='ocr_line' id='line_1_52' title="bbox 2171 2067 3823 2136; baseline 0.002 -14"><span class='ocrx_word' id='word_1_353' title='bbox 2171 2067 2431 2122; x_wconf 89' lang='lat' dir='ltr'><strong><em>medium.</em></strong></span> <span class='ocrx_word' id='word_1_354' title='bbox 2464 2067 2570 2122; x_wconf 89' lang='lat' dir='ltr'><strong><em>Nos</em></strong></span> <span class='ocrx_word' id='word_1_355' title='bbox 2601 2068 2778 2136; x_wconf 78' lang='lat' dir='ltr'><strong><em>igitur</em></strong></span> <span class='ocrx_word' id='word_1_356' title='bbox 2804 2069 3062 2124; x_wconf 87' lang='lat' dir='ltr'><strong><em>terminos</em></strong></span> <span class='ocrx_word' id='word_1_357' title='bbox 3089 2069 3295 2124; x_wconf 88' lang='lat' dir='ltr'><strong><em>sacrati</em></strong></span> <span class='ocrx_word' id='word_1_358' title='bbox 3325 2068 3497 2124; x_wconf 88' lang='lat' dir='ltr'><strong><em>banni</em></strong></span> <span class='ocrx_word' id='word_1_359' title='bbox 3528 2069 3660 2126; x_wconf 88' lang='lat' dir='ltr'><strong><em>huic</em></strong></span> <span class='ocrx_word' id='word_1_360' title='bbox 3702 2086 3823 2126; x_wconf 84' lang='lat' dir='ltr'><strong><em>mo-</em></strong></span> 
     </span>
    </p>
   </div>
   <div class='ocr_carea' id='block_1_53' title="bbox 2171 2155 3823 2233">
    <p class='ocr_par' dir='ltr' id='par_1_53' title="bbox 2171 2155 3823 2233">
     <span class='ocr_line' id='line_1_53' title="bbox 2171 2155 3823 2233; baseline 0.004 -22"><span class='ocrx_word' id='word_1_361' title='bbox 2171 2158 2410 2212; x_wconf 87' lang='lat' dir='ltr'><strong><em>nasterio</em></strong></span> <span class='ocrx_word' id='word_1_362' title='bbox 2442 2155 2721 2223; x_wconf 86' lang='lat' dir='ltr'><strong><em>Cluniaco,</em></strong></span> <span class='ocrx_word' id='word_1_363' title='bbox 2754 2159 2806 2212; x_wconf 91' lang='lat' dir='ltr'><strong><em>et</em></strong></span> <span class='ocrx_word' id='word_1_364' title='bbox 2846 2156 2995 2212; x_wconf 74' lang='lat' dir='ltr'><strong><em>villae</em></strong></span> <span class='ocrx_word' id='word_1_365' title='bbox 3025 2173 3090 2212; x_wconf 89' lang='lat' dir='ltr'><strong><em>ac</em></strong></span> <span class='ocrx_word' id='word_1_366' title='bbox 3145 2158 3312 2229; x_wconf 89' lang='lat' dir='ltr'><strong><em>burgo</em></strong></span> <span class='ocrx_word' id='word_1_367' title='bbox 3365 2160 3580 2230; x_wconf 87' lang='lat' dir='ltr'><strong><em>pariter</em></strong></span> <span class='ocrx_word' id='word_1_368' title='bbox 3627 2161 3823 2233; x_wconf 69' lang='lat' dir='ltr'><strong><em>praeﬁ-</em></strong></span> 
     </span>
    </p>
   </div>
   <div class='ocr_carea' id='block_1_54' title="bbox 2171 2245 3826 2321">
    <p class='ocr_par' dir='ltr' id='par_1_54' title="bbox 2171 2245 3826 2321">
     <span class='ocr_line' id='line_1_54' title="bbox 2171 2245 3826 2321; baseline 0.005 -22"><span class='ocrx_word' id='word_1_369' title='bbox 2171 2245 2353 2314; x_wconf 90' lang='lat' dir='ltr'><strong><em>gimus</em></strong></span> <span class='ocrx_word' id='word_1_370' title='bbox 2377 2261 2398 2307; x_wconf 83' lang='lat'><strong><em>;</em></strong></span> <span class='ocrx_word' id='word_1_371' title='bbox 2426 2245 2520 2301; x_wconf 90' lang='lat' dir='ltr'><strong><em>hos</em></strong></span> <span class='ocrx_word' id='word_1_372' title='bbox 2547 2245 2746 2302; x_wconf 87' lang='lat' dir='ltr'><strong><em>limites</em></strong></span> <span class='ocrx_word' id='word_1_373' title='bbox 2769 2245 2937 2318; x_wconf 90' lang='lat' dir='ltr'><strong><em>plena</em></strong></span> <span class='ocrx_word' id='word_1_374' title='bbox 2963 2245 3289 2302; x_wconf 88' lang='lat' dir='ltr'><strong><em>certitudine</em></strong></span> <span class='ocrx_word' id='word_1_375' title='bbox 3315 2248 3826 2321; x_wconf 74' lang='lat' dir='ltr'><strong><em>assignamus,prae-</em></strong></span> 
     </span>
    </p>
   </div>
   <div class='ocr_carea' id='block_1_55' title="bbox 2170 2333 3822 2406">
    <p class='ocr_par' dir='ltr' id='par_1_55' title="bbox 2170 2333 3822 2406">
     <span class='ocr_line' id='line_1_55' title="bbox 2170 2333 3822 2406; baseline 0.004 -18"><span class='ocrx_word' id='word_1_376' title='bbox 2170 2335 2430 2406; x_wconf 86' lang='lat' dir='ltr'><strong><em>cipientes</em></strong></span> <span class='ocrx_word' id='word_1_377' title='bbox 2461 2335 2522 2389; x_wconf 88' lang='lat' dir='ltr'><strong><em>in</em></strong></span> <span class='ocrx_word' id='word_1_378' title='bbox 2550 2333 2773 2390; x_wconf 89' lang='lat' dir='ltr'><strong><em>nomine</em></strong></span> <span class='ocrx_word' id='word_1_379' title='bbox 2799 2335 3022 2390; x_wconf 88' lang='lat' dir='ltr'><strong><em>Domini</em></strong></span> <span class='ocrx_word' id='word_1_380' title='bbox 3049 2335 3148 2390; x_wconf 91' lang='lat' dir='ltr'><strong><em>Dei</em></strong></span> <span class='ocrx_word' id='word_1_381' title='bbox 3183 2335 3584 2406; x_wconf 83' lang='lat' dir='ltr'><strong><em>omnipotentis,</em></strong></span> <span class='ocrx_word' id='word_1_382' title='bbox 3613 2340 3669 2392; x_wconf 87' lang='lat' dir='ltr'><strong><em>et</em></strong></span> <span class='ocrx_word' id='word_1_383' title='bbox 3717 2353 3822 2394; x_wconf 88' lang='lat' dir='ltr'><strong><em>au-</em></strong></span> 
     </span>
    </p>
   </div>
   <div class='ocr_carea' id='block_1_56' title="bbox 2171 2423 3824 2495">
    <p class='ocr_par' dir='ltr' id='par_1_56' title="bbox 2171 2423 3824 2495">
     <span class='ocr_line' id='line_1_56' title="bbox 2171 2423 3824 2495; baseline 0.002 -17"><span class='ocrx_word' id='word_1_384' title='bbox 2171 2424 2422 2479; x_wconf 85' lang='lat' dir='ltr'><strong><em>ctoritate</em></strong></span> <span class='ocrx_word' id='word_1_385' title='bbox 2449 2423 2729 2479; x_wconf 86' lang='lat' dir='ltr'><strong><em>beatorum</em></strong></span> <span class='ocrx_word' id='word_1_386' title='bbox 2773 2423 3140 2495; x_wconf 87' lang='lat' dir='ltr'><strong><em>apostolorum</em></strong></span> <span class='ocrx_word' id='word_1_387' title='bbox 3176 2424 3326 2479; x_wconf 87' lang='lat' dir='ltr'><strong><em>Petri</em></strong></span> <span class='ocrx_word' id='word_1_388' title='bbox 3353 2428 3406 2480; x_wconf 87' lang='lat' dir='ltr'><strong><em>et</em></strong></span> <span class='ocrx_word' id='word_1_389' title='bbox 3456 2425 3644 2491; x_wconf 88' lang='lat' dir='ltr'><strong><em>Pauli,</em></strong></span> <span class='ocrx_word' id='word_1_390' title='bbox 3691 2428 3824 2482; x_wconf 87' lang='lat' dir='ltr'><strong><em>uni-</em></strong></span> 
     </span>
    </p>
   </div>
   <div class='ocr_carea' id='block_1_57' title="bbox 2174 2512 3826 2584">
    <p class='ocr_par' dir='ltr' id='par_1_57' title="bbox 2174 2512 3826 2584">
     <span class='ocr_line' id='line_1_57' title="bbox 2174 2512 3826 2584; baseline 0.004 -18"><span class='ocrx_word' id='word_1_391' title='bbox 2174 2527 2351 2568; x_wconf 86' lang='lat' dir='ltr'><strong><em>versos</em></strong></span> <span class='ocrx_word' id='word_1_392' title='bbox 2379 2528 2468 2568; x_wconf 90' lang='lat' dir='ltr'><strong><em>vos</em></strong></span> <span class='ocrx_word' id='word_1_393' title='bbox 2495 2520 2656 2583; x_wconf 88' lang='lat' dir='ltr'><strong><em>atque</em></strong></span> <span class='ocrx_word' id='word_1_394' title='bbox 2684 2527 2900 2568; x_wconf 89' lang='lat' dir='ltr'><strong><em>omnem</em></strong></span> <span class='ocrx_word' id='word_1_395' title='bbox 2946 2512 3226 2568; x_wconf 87' lang='lat' dir='ltr'><strong><em>hominem</em></strong></span> <span class='ocrx_word' id='word_1_396' title='bbox 3253 2514 3350 2584; x_wconf 89' lang='lat' dir='ltr'><strong><em>qui</em></strong></span> <span class='ocrx_word' id='word_1_397' title='bbox 3407 2513 3525 2571; x_wconf 63' lang='lat' dir='ltr'><strong><em>haec</em></strong></span> <span class='ocrx_word' id='word_1_398' title='bbox 3581 2515 3826 2572; x_wconf 87' lang='lat' dir='ltr'><strong><em>lecturus</em></strong></span> 
     </span>
    </p>
   </div>
   <div class='ocr_carea' id='block_1_58' title="bbox 2175 2599 3828 2667">
    <p class='ocr_par' dir='ltr' id='par_1_58' title="bbox 2175 2599 3828 2667">
     <span class='ocr_line' id='line_1_58' title="bbox 2175 2599 3828 2667; baseline 0.002 -11"><span class='ocrx_word' id='word_1_399' title='bbox 2175 2601 2255 2656; x_wconf 90' lang='lat' dir='ltr'><strong><em>vel</em></strong></span> <span class='ocrx_word' id='word_1_400' title='bbox 2317 2599 2610 2656; x_wconf 86' lang='lat' dir='ltr'><strong><em>auditurus</em></strong></span> <span class='ocrx_word' id='word_1_401' title='bbox 2666 2604 2764 2667; x_wconf 88' lang='lat' dir='ltr'><strong><em>est,</em></strong></span> <span class='ocrx_word' id='word_1_402' title='bbox 2821 2603 3179 2656; x_wconf 87' lang='lat' dir='ltr'><strong><em>contestantes</em></strong></span> <span class='ocrx_word' id='word_1_403' title='bbox 3230 2605 3293 2656; x_wconf 92' lang='lat' dir='ltr'><strong><em>ut</em></strong></span> <span class='ocrx_word' id='word_1_404' title='bbox 3365 2601 3609 2660; x_wconf 88' lang='lat' dir='ltr'><strong><em>bannum</em></strong></span> <span class='ocrx_word' id='word_1_405' title='bbox 3677 2603 3828 2660; x_wconf 88' lang='lat' dir='ltr'><strong><em>hunc</em></strong></span> 
     </span>
    </p>
   </div>
   <div class='ocr_carea' id='block_1_59' title="bbox 2172 2689 3827 2762">
    <p class='ocr_par' dir='ltr' id='par_1_59' title="bbox 2172 2689 3827 2762">
     <span class='ocr_line' id='line_1_59' title="bbox 2172 2689 3827 2762; baseline 0.002 -17"><span class='ocrx_word' id='word_1_406' title='bbox 2172 2691 2405 2746; x_wconf 86' lang='lat' dir='ltr'><strong><em>scienter</em></strong></span> <span class='ocrx_word' id='word_1_407' title='bbox 2433 2705 2542 2745; x_wconf 91' lang='lat' dir='ltr'><strong><em>non</em></strong></span> <span class='ocrx_word' id='word_1_408' title='bbox 2573 2689 2914 2760; x_wconf 87' lang='lat' dir='ltr'><strong><em>infringatis,</em></strong></span> <span class='ocrx_word' id='word_1_409' title='bbox 2949 2692 3004 2744; x_wconf 91' lang='lat' dir='ltr'><strong><em>ut</em></strong></span> <span class='ocrx_word' id='word_1_410' title='bbox 3057 2689 3176 2760; x_wconf 85' lang='lat' dir='ltr'><strong><em>ejus</em></strong></span> <span class='ocrx_word' id='word_1_411' title='bbox 3224 2689 3397 2759; x_wconf 84' lang='lat' dir='ltr'><strong><em>legem</em></strong></span> <span class='ocrx_word' id='word_1_412' title='bbox 3432 2693 3483 2746; x_wconf 90' lang='lat' dir='ltr'><strong><em>et</em></strong></span> <span class='ocrx_word' id='word_1_413' title='bbox 3531 2692 3748 2762; x_wconf 86' lang='lat' dir='ltr'><strong><em>singuli</em></strong></span> <span class='ocrx_word' id='word_1_414' title='bbox 3773 2701 3827 2749; x_wconf 89' lang='lat' dir='ltr'><strong><em>et</em></strong></span> 
     </span>
    </p>
   </div>
   <div class='ocr_carea' id='block_1_60' title="bbox 2174 2777 3827 2854">
    <p class='ocr_par' dir='ltr' id='par_1_60' title="bbox 2174 2777 3827 2854">
     <span class='ocr_line' id='line_1_60' title="bbox 2174 2777 3827 2854; baseline 0.002 -20"><span class='ocrx_word' id='word_1_415' title='bbox 2174 2794 2358 2834; x_wconf 87' lang='lat' dir='ltr'><strong><em>omnes</em></strong></span> <span class='ocrx_word' id='word_1_416' title='bbox 2385 2780 2630 2834; x_wconf 85' lang='lat' dir='ltr'><strong><em>teneatis.</em></strong></span> <span class='ocrx_word' id='word_1_417' title='bbox 2663 2777 2724 2834; x_wconf 87' lang='lat' dir='ltr'><strong><em>Si</em></strong></span> <span class='ocrx_word' id='word_1_418' title='bbox 2751 2778 2872 2850; x_wconf 88' lang='lat' dir='ltr'><strong><em>quis</em></strong></span> <span class='ocrx_word' id='word_1_419' title='bbox 2903 2793 3023 2834; x_wconf 88' lang='lat' dir='ltr'><strong><em>vero</em></strong></span> <span class='ocrx_word' id='word_1_420' title='bbox 3063 2794 3184 2834; x_wconf 89' lang='lat' dir='ltr'><strong><em>eam</em></strong></span> <span class='ocrx_word' id='word_1_421' title='bbox 3214 2780 3274 2833; x_wconf 70' lang='lat' dir='ltr'><strong><em>in.</em></strong></span> <span class='ocrx_word' id='word_1_422' title='bbox 3319 2794 3428 2835; x_wconf 89' lang='lat' dir='ltr'><strong><em>uno</em></strong></span> <span class='ocrx_word' id='word_1_423' title='bbox 3456 2779 3652 2836; x_wconf 91' lang='lat' dir='ltr'><strong><em>horum</em></strong></span> <span class='ocrx_word' id='word_1_424' title='bbox 3701 2797 3827 2854; x_wconf 56' lang='lat' dir='ltr'><strong><em>qua</em></strong></span> 
     </span>
    </p>
   </div>
   <div class='ocr_carea' id='block_1_61' title="bbox 2173 2867 3856 2940">
    <p class='ocr_par' dir='ltr' id='par_1_61' title="bbox 2173 2867 3856 2940">
     <span class='ocr_line' id='line_1_61' title="bbox 2173 2867 3856 2940; baseline 0.004 -17"><span class='ocrx_word' id='word_1_425' title='bbox 2173 2884 2339 2940; x_wconf 86' lang='lat' dir='ltr'><strong><em>supra</em></strong></span> <span class='ocrx_word' id='word_1_426' title='bbox 2371 2869 2536 2924; x_wconf 88' lang='lat' dir='ltr'><strong><em>vetita</em></strong></span> <span class='ocrx_word' id='word_1_427' title='bbox 2564 2875 2692 2923; x_wconf 89' lang='lat' dir='ltr'><strong><em>sunt</em></strong></span> <span class='ocrx_word' id='word_1_428' title='bbox 2744 2868 2978 2924; x_wconf 86' lang='lat' dir='ltr'><strong><em>scienter</em></strong></span> <span class='ocrx_word' id='word_1_429' title='bbox 3034 2867 3349 2939; x_wconf 78' lang='lat' dir='ltr'><strong><em>infregerit,</em></strong></span> <span class='ocrx_word' id='word_1_430' title='bbox 3381 2872 3430 2924; x_wconf 92' lang='lat' dir='ltr'><strong><em>et</em></strong></span> <span class='ocrx_word' id='word_1_431' title='bbox 3487 2867 3554 2923; x_wconf 90' lang='lat' dir='ltr'><strong><em>ab</em></strong></span> <span class='ocrx_word' id='word_1_432' title='bbox 3602 2870 3856 2939; x_wconf 86' lang='lat' dir='ltr'><strong><em>abbate,.</em></strong></span> 
     </span>
    </p>
   </div>
   <div class='ocr_carea' id='block_1_62' title="bbox 2177 2954 3826 3028">
    <p class='ocr_par' dir='ltr' id='par_1_62' title="bbox 2177 2954 3826 3028">
     <span class='ocr_line' id='line_1_62' title="bbox 2177 2954 3826 3028; baseline 0.001 -15"><span class='ocrx_word' id='word_1_433' title='bbox 2177 2958 2256 3014; x_wconf 87' lang='lat' dir='ltr'><strong><em>vel</em></strong></span> <span class='ocrx_word' id='word_1_434' title='bbox 2281 2957 2486 3028; x_wconf 86' lang='lat' dir='ltr'><strong><em>priore,</em></strong></span> <span class='ocrx_word' id='word_1_435' title='bbox 2539 2956 2621 3012; x_wconf 88' lang='lat' dir='ltr'><strong><em>vel</em></strong></span> <span class='ocrx_word' id='word_1_436' title='bbox 2665 2954 2991 3024; x_wconf 87' lang='lat' dir='ltr'><strong><em>camerario,</em></strong></span> <span class='ocrx_word' id='word_1_437' title='bbox 3049 2956 3132 3012; x_wconf 88' lang='lat' dir='ltr'><strong><em>vel</em></strong></span> <span class='ocrx_word' id='word_1_438' title='bbox 3186 2955 3388 3012; x_wconf 86' lang='lat' dir='ltr'><strong><em>decano</em></strong></span> <span class='ocrx_word' id='word_1_439' title='bbox 3445 2955 3826 3015; x_wconf 86' lang='lat' dir='ltr'><strong><em>Cluniacensis</em></strong></span> 
     </span>
    </p>
   </div>
   <div class='ocr_carea' id='block_1_63' title="bbox 2174 3043 3822 3116">
    <p class='ocr_par' dir='ltr' id='par_1_63' title="bbox 2174 3043 3822 3116">
     <span class='ocr_line' id='line_1_63' title="bbox 2174 3043 3822 3116; baseline 0.002 -15"><span class='ocrx_word' id='word_1_440' title='bbox 2174 3048 2484 3112; x_wconf 84' lang='lat' dir='ltr'><strong><em>conventus,</em></strong></span> <span class='ocrx_word' id='word_1_441' title='bbox 2516 3053 2566 3100; x_wconf 89' lang='lat' dir='ltr'><strong><em>et</em></strong></span> <span class='ocrx_word' id='word_1_442' title='bbox 2612 3045 2751 3101; x_wconf 86' lang='lat' dir='ltr'><strong><em>sicut</em></strong></span> <span class='ocrx_word' id='word_1_443' title='bbox 2780 3045 2956 3100; x_wconf 86' lang='lat' dir='ltr'><strong><em>visum</em></strong></span> <span class='ocrx_word' id='word_1_444' title='bbox 3009 3044 3179 3116; x_wconf 86' lang='lat' dir='ltr'><strong><em>fuerit</em></strong></span> <span class='ocrx_word' id='word_1_445' title='bbox 3205 3043 3274 3100; x_wconf 91' lang='lat' dir='ltr'><strong><em>ab</em></strong></span> <span class='ocrx_word' id='word_1_446' title='bbox 3328 3045 3428 3114; x_wconf 83' lang='lat' dir='ltr'><strong><em>eis,</em></strong></span> <span class='ocrx_word' id='word_1_447' title='bbox 3487 3045 3822 3115; x_wconf 77' lang='lat' dir='ltr'><strong><em>indusiatus,</em></strong></span> 
     </span>
    </p>
   </div>
   <div class='ocr_carea' id='block_1_64' title="bbox 2173 3132 3820 3207">
    <p class='ocr_par' dir='ltr' id='par_1_64' title="bbox 2173 3132 3820 3207">
     <span class='ocr_line' id='line_1_64' title="bbox 2173 3132 3820 3207; baseline 0 -15"><span class='ocrx_word' id='word_1_448' title='bbox 2173 3151 2412 3206; x_wconf 88' lang='lat' dir='ltr'><strong><em>congrua</em></strong></span> <span class='ocrx_word' id='word_1_449' title='bbox 2465 3135 2839 3205; x_wconf 82' lang='lat' dir='ltr'><strong><em>satisfactione</em></strong></span> <span class='ocrx_word' id='word_1_450' title='bbox 2889 3149 3004 3190; x_wconf 91' lang='lat' dir='ltr'><strong><em>non</em></strong></span> <span class='ocrx_word' id='word_1_451' title='bbox 3059 3132 3446 3202; x_wconf 86' lang='lat' dir='ltr'><strong><em>emendaverit,</em></strong></span> <span class='ocrx_word' id='word_1_452' title='bbox 3492 3135 3617 3207; x_wconf 87' lang='lat' dir='ltr'><strong><em>jam</em></strong></span> <span class='ocrx_word' id='word_1_453' title='bbox 3667 3143 3820 3206; x_wconf 87' lang='lat' dir='ltr'><strong><em>tunc,</em></strong></span> 
     </span>
    </p>
   </div>
   <div class='ocr_carea' id='block_1_65' title="bbox 420 3197 3817 3302">
    <p class='ocr_par' dir='ltr' id='par_1_65' title="bbox 420 3197 3817 3302">
     <span class='ocr_line' id='line_1_65' title="bbox 420 3197 3817 3302; baseline -0.001 -16"><span class='ocrx_word' id='word_1_454' title='bbox 420 3197 586 3302; x_wconf 74' lang='lat' dir='ltr'><strong><em>hujus</em></strong></span> <span class='ocrx_word' id='word_1_455' title='bbox 613 3197 938 3284; x_wconf 63' lang='lat' dir='ltr'><strong><em>monasterii</em></strong></span> <span class='ocrx_word' id='word_1_456' title='bbox 962 3241 1268 3296; x_wconf 88' lang='lat' dir='ltr'><strong><em>sacramus,</em></strong></span> <span class='ocrx_word' id='word_1_457' title='bbox 1295 3231 1352 3280; x_wconf 86' lang='lat' dir='ltr'><strong><em>et</em></strong></span> <span class='ocrx_word' id='word_1_458' title='bbox 1374 3197 1458 3280; x_wconf 71' lang='lat' dir='ltr'><strong><em>ad</em></strong></span> <span class='ocrx_word' id='word_1_459' title='bbox 1485 3197 1606 3280; x_wconf 77' lang='lat' dir='ltr'><strong><em>eam</em></strong></span> <span class='ocrx_word' id='word_1_460' title='bbox 1636 3240 1762 3296; x_wconf 54' lang='lat' dir='ltr'><strong><em>qua</em></strong></span> <span class='ocrx_word' id='word_1_461' title='bbox 1785 3225 1850 3280; x_wconf 87' lang='lat' dir='ltr'><strong><em>de</em></strong></span> <span class='ocrx_word' id='word_1_462' title='bbox 1877 3197 2064 3283; x_wconf 83' lang='lat' dir='ltr'><strong><em>eodem</em></strong></span> <span class='ocrx_word' id='word_1_463' title='bbox 2091 3197 2135 3264; x_wconf 76' lang='lat' dir='ltr'>C</span> <span class='ocrx_word' id='word_1_464' title='bbox 2173 3197 2420 3298; x_wconf 72' lang='lat' dir='ltr'><strong><em>quisquis</em></strong></span> <span class='ocrx_word' id='word_1_465' title='bbox 2478 3223 2574 3280; x_wconf 89' lang='lat' dir='ltr'><strong><em>ille</em></strong></span> <span class='ocrx_word' id='word_1_466' title='bbox 2600 3197 2610 3205; x_wconf 36' lang='lat' dir='ltr'><strong><em>I</em></strong></span> <span class='ocrx_word' id='word_1_467' title='bbox 2639 3225 2830 3295; x_wconf 89' lang='lat' dir='ltr'><strong><em>fuerit,</em></strong></span> <span class='ocrx_word' id='word_1_468' title='bbox 2872 3197 3441 3278; x_wconf 75' lang='lat' dir='ltr'><strong><em>excommunicationi</em></strong></span> <span class='ocrx_word' id='word_1_469' title='bbox 3487 3197 3817 3296; x_wconf 50' lang='lat' dir='ltr'><strong><em>iubjacebit:</em></strong></span> 
     </span>
    </p>
   </div>
   <div class='ocr_carea' id='block_1_66' title="bbox 417 3316 2060 3382">
    <p class='ocr_par' dir='ltr' id='par_1_66' title="bbox 417 3316 2060 3382">
     <span class='ocr_line' id='line_1_66' title="bbox 417 3316 2060 3382; baseline -0.002 -7"><span class='ocrx_word' id='word_1_470' title='bbox 417 3317 748 3376; x_wconf 88' lang='lat' dir='ltr'><strong><em>monasterio</em></strong></span> <span class='ocrx_word' id='word_1_471' title='bbox 775 3319 942 3372; x_wconf 88' lang='lat' dir='ltr'><strong><em>restat</em></strong></span> <span class='ocrx_word' id='word_1_472' title='bbox 965 3318 1316 3382; x_wconf 89' lang='lat' dir='ltr'><strong><em>structuram,</em></strong></span> <span class='ocrx_word' id='word_1_473' title='bbox 1377 3317 1574 3369; x_wconf 88' lang='lat' dir='ltr'><strong><em>vestros</em></strong></span> <span class='ocrx_word' id='word_1_474' title='bbox 1603 3316 1816 3370; x_wconf 89' lang='lat' dir='ltr'><strong><em>animos</em></strong></span> <span class='ocrx_word' id='word_1_475' title='bbox 1865 3316 2060 3372; x_wconf 87' lang='lat' dir='ltr'><strong><em>incita-</em></strong></span> 
     </span>
    </p>
   </div>
   <div class='ocr_carea' id='block_1_67' title="bbox 416 3403 2063 3475">
    <p class='ocr_par' dir='ltr' id='par_1_67' title="bbox 416 3403 2063 3475">
     <span class='ocr_line' id='line_1_67' title="bbox 416 3403 2063 3475; baseline -0.002 -11"><span class='ocrx_word' id='word_1_476' title='bbox 416 3424 557 3471; x_wconf 88' lang='lat' dir='ltr'><strong><em>mus.</em></strong></span> <span class='ocrx_word' id='word_1_477' title='bbox 591 3407 778 3464; x_wconf 87' lang='lat' dir='ltr'><strong><em>Placet</em></strong></span> <span class='ocrx_word' id='word_1_478' title='bbox 803 3406 972 3462; x_wconf 87' lang='lat' dir='ltr'><strong><em>etiam</em></strong></span> <span class='ocrx_word' id='word_1_479' title='bbox 1000 3404 1176 3472; x_wconf 89' lang='lat' dir='ltr'><strong><em>nobis,</em></strong></span> <span class='ocrx_word' id='word_1_480' title='bbox 1230 3403 1485 3475; x_wconf 87' lang='lat' dir='ltr'><strong><em>vobisque</em></strong></span> <span class='ocrx_word' id='word_1_481' title='bbox 1509 3404 1725 3474; x_wconf 89' lang='lat' dir='ltr'><strong><em>placeat</em></strong></span> <span class='ocrx_word' id='word_1_482' title='bbox 1771 3403 2063 3460; x_wconf 86' lang='lat' dir='ltr'><strong><em>suademus</em></strong></span> 
     </span>
    </p>
   </div>
   <div class='ocr_carea' id='block_1_68' title="bbox 417 3491 2062 3571">
    <p class='ocr_par' dir='ltr' id='par_1_68' title="bbox 417 3491 2062 3571">
     <span class='ocr_line' id='line_1_68' title="bbox 417 3491 2062 3571; baseline -0.003 -17"><span class='ocrx_word' id='word_1_483' title='bbox 417 3500 574 3571; x_wconf 89' lang='lat' dir='ltr'><strong><em>(nam</em></strong></span> <span class='ocrx_word' id='word_1_484' title='bbox 594 3497 693 3552; x_wconf 87' lang='lat' dir='ltr'><strong><em>hoc</em></strong></span> <span class='ocrx_word' id='word_1_485' title='bbox 721 3497 905 3568; x_wconf 87' lang='lat' dir='ltr'><strong><em>ipsum</em></strong></span> <span class='ocrx_word' id='word_1_486' title='bbox 929 3497 983 3550; x_wconf 87' lang='lat' dir='ltr'><strong><em>et</em></strong></span> <span class='ocrx_word' id='word_1_487' title='bbox 1041 3495 1244 3549; x_wconf 87' lang='lat' dir='ltr'><strong><em>bonum</em></strong></span> <span class='ocrx_word' id='word_1_488' title='bbox 1298 3491 1516 3547; x_wconf 90' lang='lat' dir='ltr'><strong><em>videtur</em></strong></span> <span class='ocrx_word' id='word_1_489' title='bbox 1541 3500 1593 3547; x_wconf 92' lang='lat' dir='ltr'><strong><em>et</em></strong></span> <span class='ocrx_word' id='word_1_490' title='bbox 1639 3492 1900 3564; x_wconf 88' lang='lat' dir='ltr'><strong><em>justum),</em></strong></span> <span class='ocrx_word' id='word_1_491' title='bbox 1933 3495 2062 3549; x_wconf 83' lang='lat' dir='ltr'><strong><em>huic</em></strong></span> 
     </span>
    </p>
   </div>
   <div class='ocr_carea' id='block_1_69' title="bbox 409 3579 2063 3656">
    <p class='ocr_par' dir='ltr' id='par_1_69' title="bbox 409 3579 2063 3656">
     <span class='ocr_line' id='line_1_69' title="bbox 409 3579 2063 3656; baseline -0.002 -14"><span class='ocrx_word' id='word_1_492' title='bbox 409 3586 542 3649; x_wconf 89' lang='lat' dir='ltr'><strong><em>loco,</em></strong></span> <span class='ocrx_word' id='word_1_493' title='bbox 561 3585 660 3656; x_wconf 89' lang='lat' dir='ltr'><strong><em>qui</em></strong></span> <span class='ocrx_word' id='word_1_494' title='bbox 685 3583 834 3640; x_wconf 88' lang='lat' dir='ltr'><strong><em>vobis</em></strong></span> <span class='ocrx_word' id='word_1_495' title='bbox 861 3589 914 3639; x_wconf 91' lang='lat' dir='ltr'><strong><em>et</em></strong></span> <span class='ocrx_word' id='word_1_496' title='bbox 941 3583 1156 3638; x_wconf 72' lang='lat' dir='ltr'><strong><em>caeteris</em></strong></span> <span class='ocrx_word' id='word_1_497' title='bbox 1188 3579 1516 3635; x_wconf 80' lang='lat' dir='ltr'><strong><em>Christianis</em></strong></span> <span class='ocrx_word' id='word_1_498' title='bbox 1544 3580 1604 3634; x_wconf 89' lang='lat' dir='ltr'><strong><em>in</em></strong></span> <span class='ocrx_word' id='word_1_499' title='bbox 1637 3583 1982 3638; x_wconf 82' lang='lat' dir='ltr'><strong><em>ueneratione</em></strong></span> <span class='ocrx_word' id='word_1_500' title='bbox 2011 3591 2063 3640; x_wconf 89' lang='lat' dir='ltr'><strong><em>et</em></strong></span> 
     </span>
    </p>
   </div>
   <div class='ocr_carea' id='block_1_70' title="bbox 401 3667 2056 3740">
    <p class='ocr_par' dir='ltr' id='par_1_70' title="bbox 401 3667 2056 3740">
     <span class='ocr_line' id='line_1_70' title="bbox 401 3667 2056 3740; baseline -0.003 -8"><span class='ocrx_word' id='word_1_501' title='bbox 401 3689 534 3732; x_wconf 88' lang='lat' dir='ltr'><strong><em>cura</em></strong></span> <span class='ocrx_word' id='word_1_502' title='bbox 569 3673 708 3730; x_wconf 89' lang='lat' dir='ltr'><strong><em>bona</em></strong></span> <span class='ocrx_word' id='word_1_503' title='bbox 735 3670 1014 3728; x_wconf 86' lang='lat' dir='ltr'><strong><em>hadendus</em></strong></span> <span class='ocrx_word' id='word_1_504' title='bbox 1042 3676 1138 3736; x_wconf 89' lang='lat' dir='ltr'><strong><em>est,</em></strong></span> <span class='ocrx_word' id='word_1_505' title='bbox 1197 3667 1456 3740; x_wconf 88' lang='lat' dir='ltr'><strong><em>quosdam</em></strong></span> <span class='ocrx_word' id='word_1_506' title='bbox 1493 3672 1662 3726; x_wconf 88' lang='lat' dir='ltr'><strong><em>certos</em></strong></span> <span class='ocrx_word' id='word_1_507' title='bbox 1714 3671 1916 3726; x_wconf 86' lang='lat' dir='ltr'><strong><em>limites</em></strong></span> <span class='ocrx_word' id='word_1_508' title='bbox 1947 3673 2056 3727; x_wconf 87' lang='lat' dir='ltr'><strong><em>im-</em></strong></span> 
     </span>
    </p>
   </div>
   <div class='ocr_carea' id='block_1_71' title="bbox 399 3758 2055 3832">
    <p class='ocr_par' dir='ltr' id='par_1_71' title="bbox 399 3758 2055 3832">
     <span class='ocr_line' id='line_1_71' title="bbox 399 3758 2055 3832; baseline -0.002 -13"><span class='ocrx_word' id='word_1_509' title='bbox 399 3762 690 3819; x_wconf 90' lang='lat' dir='ltr'><strong><em>munitatis</em></strong></span> <span class='ocrx_word' id='word_1_510' title='bbox 727 3775 792 3814; x_wconf 88' lang='lat' dir='ltr'><strong><em>ac</em></strong></span> <span class='ocrx_word' id='word_1_511' title='bbox 848 3759 1178 3826; x_wconf 80' lang='lat' dir='ltr'><strong><em>securitatis,</em></strong></span> <span class='ocrx_word' id='word_1_512' title='bbox 1237 3758 1593 3814; x_wconf 88' lang='lat' dir='ltr'><strong><em>circumcirca</em></strong></span> <span class='ocrx_word' id='word_1_513' title='bbox 1646 3759 1890 3832; x_wconf 86' lang='lat' dir='ltr'><strong><em>undique</em></strong></span> <span class='ocrx_word' id='word_1_514' title='bbox 1919 3764 2055 3816; x_wconf 89' lang='lat' dir='ltr'><strong><em>assi-</em></strong></span> 
     </span>
    </p>
   </div>
   <div class='ocr_carea' id='block_1_72' title="bbox 401 3845 2055 3923">
    <p class='ocr_par' dir='ltr' id='par_1_72' title="bbox 401 3845 2055 3923">
     <span class='ocr_line' id='line_1_72' title="bbox 401 3845 2055 3923; baseline -0.001 -18"><span class='ocrx_word' id='word_1_515' title='bbox 401 3865 596 3923; x_wconf 88' lang='lat' dir='ltr'><strong><em>gnare,</em></strong></span> <span class='ocrx_word' id='word_1_516' title='bbox 649 3850 898 3920; x_wconf 90' lang='lat' dir='ltr'><strong><em>ipsosque</em></strong></span> <span class='ocrx_word' id='word_1_517' title='bbox 949 3847 1150 3902; x_wconf 87' lang='lat' dir='ltr'><strong><em>limites</em></strong></span> <span class='ocrx_word' id='word_1_518' title='bbox 1193 3845 1339 3901; x_wconf 85' lang='lat' dir='ltr'><strong><em>sacri</em></strong></span> <span class='ocrx_word' id='word_1_519' title='bbox 1370 3847 1561 3902; x_wconf 86' lang='lat' dir='ltr'><strong><em>banni.</em></strong></span> <span class='ocrx_word' id='word_1_520' title='bbox 1595 3849 1749 3920; x_wconf 85' lang='lat' dir='ltr'><strong><em>Infra</em></strong></span> <span class='ocrx_word' id='word_1_521' title='bbox 1784 3865 1917 3921; x_wconf 89' lang='lat' dir='ltr'><strong><em>quos</em></strong></span> <span class='ocrx_word' id='word_1_522' title='bbox 1948 3858 2055 3905; x_wconf 82' lang='lat' dir='ltr'><strong><em>ter-</em></strong></span> 
     </span>
    </p>
   </div>
   <div class='ocr_carea' id='block_1_73' title="bbox 405 3935 2056 4010">
    <p class='ocr_par' dir='ltr' id='par_1_73' title="bbox 405 3935 2056 4010">
     <span class='ocr_line' id='line_1_73' title="bbox 405 3935 2056 4010; baseline -0.002 -14"><span class='ocrx_word' id='word_1_523' title='bbox 405 3940 605 4006; x_wconf 85' lang='lat' dir='ltr'><strong><em>minos,</em></strong></span> <span class='ocrx_word' id='word_1_524' title='bbox 633 3937 823 3992; x_wconf 89' lang='lat' dir='ltr'><strong><em>nullus</em></strong></span> <span class='ocrx_word' id='word_1_525' title='bbox 851 3935 1028 4004; x_wconf 88' lang='lat' dir='ltr'><strong><em>homo,</em></strong></span> <span class='ocrx_word' id='word_1_526' title='bbox 1087 3935 1454 4008; x_wconf 88' lang='lat' dir='ltr'><strong><em>cujuscunque</em></strong></span> <span class='ocrx_word' id='word_1_527' title='bbox 1497 3937 1822 3994; x_wconf 87' lang='lat' dir='ltr'><strong><em>conditionis</em></strong></span> <span class='ocrx_word' id='word_1_528' title='bbox 1868 3955 1933 3994; x_wconf 91' lang='lat' dir='ltr'><strong><em>ac</em></strong></span> <span class='ocrx_word' id='word_1_529' title='bbox 1955 3955 2056 4010; x_wconf 92' lang='lat' dir='ltr'><strong><em>po-</em></strong></span> 
     </span>
    </p>
   </div>
   <div class='ocr_carea' id='block_1_74' title="bbox 411 4025 2056 4098">
    <p class='ocr_par' dir='ltr' id='par_1_74' title="bbox 411 4025 2056 4098">
     <span class='ocr_line' id='line_1_74' title="bbox 411 4025 2056 4098; baseline -0.001 -14"><span class='ocrx_word' id='word_1_530' title='bbox 411 4025 621 4084; x_wconf 84' lang='lat' dir='ltr'><strong><em>testatis</em></strong></span> <span class='ocrx_word' id='word_1_531' title='bbox 649 4040 892 4097; x_wconf 88' lang='lat' dir='ltr'><strong><em>unquam</em></strong></span> <span class='ocrx_word' id='word_1_532' title='bbox 945 4025 1284 4080; x_wconf 86' lang='lat' dir='ltr'><strong><em>invasionem</em></strong></span> <span class='ocrx_word' id='word_1_533' title='bbox 1355 4025 1601 4098; x_wconf 85' lang='lat' dir='ltr'><strong><em>aliquam</em></strong></span> <span class='ocrx_word' id='word_1_534' title='bbox 1655 4026 1918 4098; x_wconf 87' lang='lat' dir='ltr'><strong><em>grandem</em></strong></span> <span class='ocrx_word' id='word_1_535' title='bbox 1975 4028 2056 4082; x_wconf 87' lang='lat' dir='ltr'><strong><em>vel</em></strong></span> 
     </span>
    </p>
   </div>
   <div class='ocr_carea' id='block_1_75' title="bbox 404 4113 2056 4190">
    <p class='ocr_par' dir='ltr' id='par_1_75' title="bbox 404 4113 2056 4190">
     <span class='ocr_line' id='line_1_75' title="bbox 404 4113 2056 4190; baseline -0.001 -18"><span class='ocrx_word' id='word_1_536' title='bbox 404 4130 661 4190; x_wconf 87' lang='lat' dir='ltr'><strong><em>parvam,</em></strong></span> <span class='ocrx_word' id='word_1_537' title='bbox 693 4117 791 4170; x_wconf 90' lang='lat' dir='ltr'><strong><em>aut</em></strong></span> <span class='ocrx_word' id='word_1_538' title='bbox 841 4113 1178 4182; x_wconf 88' lang='lat' dir='ltr'><strong><em>incendium,</em></strong></span> <span class='ocrx_word' id='word_1_539' title='bbox 1217 4123 1313 4171; x_wconf 86' lang='lat' dir='ltr'><strong><em>aut</em></strong></span> <span class='ocrx_word' id='word_1_540' title='bbox 1354 4115 1621 4188; x_wconf 68' lang='lat' dir='ltr'><strong><em>praedam,</em></strong></span> <span class='ocrx_word' id='word_1_541' title='bbox 1653 4123 1750 4170; x_wconf 90' lang='lat' dir='ltr'><strong><em>aut</em></strong></span> <span class='ocrx_word' id='word_1_542' title='bbox 1799 4117 2056 4187; x_wconf 88' lang='lat' dir='ltr'><strong><em>rapinam</em></strong></span> 
     </span>
    </p>
   </div>
   <div class='ocr_carea' id='block_1_76' title="bbox 407 4201 2056 4278">
    <p class='ocr_par' dir='ltr' id='par_1_76' title="bbox 407 4201 2056 4278">
     <span class='ocr_line' id='line_1_76' title="bbox 407 4201 2056 4278; baseline 0 -17"><span class='ocrx_word' id='word_1_543' title='bbox 407 4207 607 4278; x_wconf 86' lang='lat' dir='ltr'><strong><em>facere,</em></strong></span> <span class='ocrx_word' id='word_1_544' title='bbox 638 4211 736 4261; x_wconf 90' lang='lat' dir='ltr'><strong><em>aut</em></strong></span> <span class='ocrx_word' id='word_1_545' title='bbox 765 4201 1040 4260; x_wconf 86' lang='lat' dir='ltr'><strong><em>hominem</em></strong></span> <span class='ocrx_word' id='word_1_546' title='bbox 1069 4219 1283 4276; x_wconf 88' lang='lat' dir='ltr'><strong><em>rapere,</em></strong></span> <span class='ocrx_word' id='word_1_547' title='bbox 1313 4204 1398 4260; x_wconf 90' lang='lat' dir='ltr'><strong><em>vel</em></strong></span> <span class='ocrx_word' id='word_1_548' title='bbox 1419 4221 1522 4276; x_wconf 88' lang='lat' dir='ltr'><strong><em>per</em></strong></span> <span class='ocrx_word' id='word_1_549' title='bbox 1552 4207 1697 4260; x_wconf 88' lang='lat' dir='ltr'><strong><em>iram</em></strong></span> <span class='ocrx_word' id='word_1_550' title='bbox 1722 4205 1913 4275; x_wconf 87' lang='lat' dir='ltr'><strong><em>ferire,</em></strong></span> <span class='ocrx_word' id='word_1_551' title='bbox 1958 4211 2056 4261; x_wconf 91' lang='lat' dir='ltr'><strong><em>aut</em></strong></span> 
     </span>
    </p>
   </div>
   <div class='ocr_carea' id='block_1_77' title="bbox 407 4289 2054 4368">
    <p class='ocr_par' dir='ltr' id='par_1_77' title="bbox 407 4289 2054 4368">
     <span class='ocr_line' id='line_1_77' title="bbox 407 4289 2054 4368; baseline 0 -18"><span class='ocrx_word' id='word_1_552' title='bbox 407 4291 550 4368; x_wconf 90' lang='lat' dir='ltr'><strong><em>quod</em></strong></span> <span class='ocrx_word' id='word_1_553' title='bbox 575 4289 748 4349; x_wconf 87' lang='lat' dir='ltr'><strong><em>multo</em></strong></span> <span class='ocrx_word' id='word_1_554' title='bbox 776 4293 1000 4364; x_wconf 89' lang='lat' dir='ltr'><strong><em>gravius</em></strong></span> <span class='ocrx_word' id='word_1_555' title='bbox 1028 4295 1126 4361; x_wconf 90' lang='lat' dir='ltr'><strong><em>est,</em></strong></span> <span class='ocrx_word' id='word_1_556' title='bbox 1185 4291 1538 4349; x_wconf 86' lang='lat' dir='ltr'><strong><em>homicidium</em></strong></span> <span class='ocrx_word' id='word_1_557' title='bbox 1589 4295 1920 4364; x_wconf 89' lang='lat' dir='ltr'><strong><em>perpetrare,</em></strong></span> <span class='ocrx_word' id='word_1_558' title='bbox 1971 4295 2054 4350; x_wconf 91' lang='lat' dir='ltr'><strong><em>vel</em></strong></span> 
     </span>
    </p>
   </div>
   <div class='ocr_carea' id='block_1_78' title="bbox 402 4381 2054 4447">
    <p class='ocr_par' dir='ltr' id='par_1_78' title="bbox 402 4381 2054 4447">
     <span class='ocr_line' id='line_1_78' title="bbox 402 4381 2054 4447; baseline 0 -7"><span class='ocrx_word' id='word_1_559' title='bbox 402 4383 808 4440; x_wconf 87' lang='lat' dir='ltr'><strong><em>truncationem</em></strong></span> <span class='ocrx_word' id='word_1_560' title='bbox 838 4381 1211 4438; x_wconf 86' lang='lat' dir='ltr'><strong><em>membrorum</em></strong></span> <span class='ocrx_word' id='word_1_561' title='bbox 1239 4381 1498 4447; x_wconf 87' lang='lat' dir='ltr'><strong><em>hominis,</em></strong></span> <span class='ocrx_word' id='word_1_562' title='bbox 1540 4396 1698 4436; x_wconf 90' lang='lat' dir='ltr'><strong><em>sacra</em></strong></span> <span class='ocrx_word' id='word_1_563' title='bbox 1726 4383 2054 4440; x_wconf 89' lang='lat' dir='ltr'><strong><em>auctoritate</em></strong></span> 
     </span>
    </p>
   </div>
   <div class='ocr_carea' id='block_1_79' title="bbox 405 4467 2046 4541">
    <p class='ocr_par' dir='ltr' id='par_1_79' title="bbox 405 4467 2046 4541">
     <span class='ocr_line' id='line_1_79' title="bbox 405 4467 2046 4541; baseline -0.001 -13"><span class='ocrx_word' id='word_1_564' title='bbox 405 4474 643 4540; x_wconf 88' lang='lat' dir='ltr'><strong><em>arcente,</em></strong></span> <span class='ocrx_word' id='word_1_565' title='bbox 700 4470 982 4528; x_wconf 88' lang='lat' dir='ltr'><strong><em>ullatenus</em></strong></span> <span class='ocrx_word' id='word_1_566' title='bbox 1036 4469 1254 4538; x_wconf 88' lang='lat' dir='ltr'><strong><em>audeat,</em></strong></span> <span class='ocrx_word' id='word_1_567' title='bbox 1314 4484 1413 4524; x_wconf 88' lang='lat' dir='ltr'><strong><em>nec</em></strong></span> <span class='ocrx_word' id='word_1_568' title='bbox 1467 4467 1716 4526; x_wconf 85' lang='lat' dir='ltr'><strong><em>audendo</em></strong></span> <span class='ocrx_word' id='word_1_569' title='bbox 1763 4473 2046 4541; x_wconf 87' lang='lat' dir='ltr'><strong><em>pertentet.</em></strong></span> 
     </span>
    </p>
   </div>
   <div class='ocr_carea' id='block_1_80' title="bbox 2169 3313 3821 3384">
    <p class='ocr_par' dir='ltr' id='par_1_80' title="bbox 2169 3313 3821 3384">
     <span class='ocr_line' id='line_1_80' title="bbox 2169 3313 3821 3384; baseline 0.001 -15"><span class='ocrx_word' id='word_1_570' title='bbox 2169 3315 2360 3370; x_wconf 87' lang='lat' dir='ltr'><strong><em>Etiam</em></strong></span> <span class='ocrx_word' id='word_1_571' title='bbox 2385 3315 2434 3368; x_wconf 88' lang='lat' dir='ltr'><strong><em>si</em></strong></span> <span class='ocrx_word' id='word_1_572' title='bbox 2463 3313 2562 3384; x_wconf 90' lang='lat' dir='ltr'><strong><em>qui</em></strong></span> <span class='ocrx_word' id='word_1_573' title='bbox 2583 3320 2818 3370; x_wconf 89' lang='lat' dir='ltr'><strong><em>vestrum</em></strong></span> <span class='ocrx_word' id='word_1_574' title='bbox 2871 3319 3059 3368; x_wconf 89' lang='lat' dir='ltr'><strong><em>contra</em></strong></span> <span class='ocrx_word' id='word_1_575' title='bbox 3091 3313 3252 3368; x_wconf 89' lang='lat' dir='ltr'><strong><em>illum</em></strong></span> <span class='ocrx_word' id='word_1_576' title='bbox 3282 3313 3470 3381; x_wconf 90' lang='lat' dir='ltr'><strong><em>talem,</em></strong></span> <span class='ocrx_word' id='word_1_577' title='bbox 3527 3313 3594 3369; x_wconf 90' lang='lat' dir='ltr'><strong><em>ab</em></strong></span> <span class='ocrx_word' id='word_1_578' title='bbox 3624 3314 3821 3371; x_wconf 82' lang='lat' dir='ltr'><strong><em>abbate</em></strong></span> 
     </span>
    </p>
   </div>
   <div class='ocr_carea' id='block_1_81' title="bbox 2169 3401 3822 3475">
    <p class='ocr_par' dir='ltr' id='par_1_81' title="bbox 2169 3401 3822 3475">
     <span class='ocr_line' id='line_1_81' title="bbox 2169 3401 3822 3475; baseline -0.001 -16"><span class='ocrx_word' id='word_1_579' title='bbox 2169 3403 2252 3459; x_wconf 88' lang='lat' dir='ltr'><strong><em>vel</em></strong></span> <span class='ocrx_word' id='word_1_580' title='bbox 2278 3401 2546 3475; x_wconf 81' lang='lat' dir='ltr'><strong><em>fratribus</em></strong></span> <span class='ocrx_word' id='word_1_581' title='bbox 2575 3401 2909 3473; x_wconf 85' lang='lat' dir='ltr'><strong><em>interpellati</em></strong></span> <span class='ocrx_word' id='word_1_582' title='bbox 2935 3401 3163 3472; x_wconf 89' lang='lat' dir='ltr'><strong><em>fuerint,</em></strong></span> <span class='ocrx_word' id='word_1_583' title='bbox 3189 3416 3431 3458; x_wconf 88' lang='lat' dir='ltr'><strong><em>coercere</em></strong></span> <span class='ocrx_word' id='word_1_584' title='bbox 3478 3417 3624 3469; x_wconf 90' lang='lat' dir='ltr'><strong><em>eum,</em></strong></span> <span class='ocrx_word' id='word_1_585' title='bbox 3669 3411 3720 3458; x_wconf 88' lang='lat' dir='ltr'><strong><em>et</em></strong></span> <span class='ocrx_word' id='word_1_586' title='bbox 3746 3403 3822 3458; x_wconf 90' lang='lat' dir='ltr'><strong><em>ad</em></strong></span> 
     </span>
    </p>
   </div>
   <div class='ocr_carea' id='block_1_82' title="bbox 2167 3489 3820 3560">
    <p class='ocr_par' dir='ltr' id='par_1_82' title="bbox 2167 3489 3820 3560">
     <span class='ocr_line' id='line_1_82' title="bbox 2167 3489 3820 3560; baseline 0.001 -13"><span class='ocrx_word' id='word_1_587' title='bbox 2167 3491 2604 3548; x_wconf 85' lang='lat' dir='ltr'><strong><em>emendationem</em></strong></span> <span class='ocrx_word' id='word_1_588' title='bbox 2673 3506 2870 3560; x_wconf 87' lang='lat' dir='ltr'><strong><em>urgere</em></strong></span> <span class='ocrx_word' id='word_1_589' title='bbox 2951 3490 3236 3546; x_wconf 86' lang='lat' dir='ltr'><strong><em>debebunt.</em></strong></span> <span class='ocrx_word' id='word_1_590' title='bbox 3299 3489 3820 3548; x_wconf 71' lang='lat' dir='ltr'><strong><em>Excommunicatus</em></strong></span> 
     </span>
    </p>
   </div>
   <div class='ocr_carea' id='block_1_83' title="bbox 2165 3578 3824 3653">
    <p class='ocr_par' dir='ltr' id='par_1_83' title="bbox 2165 3578 3824 3653">
     <span class='ocr_line' id='line_1_83' title="bbox 2165 3578 3824 3653; baseline 0.001 -17"><span class='ocrx_word' id='word_1_591' title='bbox 2165 3588 2350 3636; x_wconf 88' lang='lat' dir='ltr'><strong><em>autem</em></strong></span> <span class='ocrx_word' id='word_1_592' title='bbox 2372 3595 2474 3652; x_wconf 86' lang='lat' dir='ltr'><strong><em>pro</em></strong></span> <span class='ocrx_word' id='word_1_593' title='bbox 2499 3579 2678 3634; x_wconf 80' lang='lat' dir='ltr'><strong><em>bonne</em></strong></span> <span class='ocrx_word' id='word_1_594' title='bbox 2707 3579 3006 3652; x_wconf 87' lang='lat' dir='ltr'><strong><em>fracto,ubi</em></strong></span> <span class='ocrx_word' id='word_1_595' title='bbox 3033 3578 3462 3636; x_wconf 86' lang='lat' dir='ltr'><strong><em>emendationem</em></strong></span> <span class='ocrx_word' id='word_1_596' title='bbox 3517 3596 3824 3653; x_wconf 88' lang='lat' dir='ltr'><strong><em>congruam</em></strong></span> 
     </span>
    </p>
   </div>
   <div class='ocr_carea' id='block_1_84' title="bbox 2164 3668 3822 3742">
    <p class='ocr_par' dir='ltr' id='par_1_84' title="bbox 2164 3668 3822 3742">
     <span class='ocr_line' id='line_1_84' title="bbox 2164 3668 3822 3742; baseline 0.001 -17"><span class='ocrx_word' id='word_1_597' title='bbox 2164 3670 2376 3741; x_wconf 85' lang='lat' dir='ltr'><strong><em>fecerit,</em></strong></span> <span class='ocrx_word' id='word_1_598' title='bbox 2409 3668 2745 3724; x_wconf 87' lang='lat' dir='ltr'><strong><em>absolvat-ur.</em></strong></span> <span class='ocrx_word' id='word_1_599' title='bbox 2778 3669 2890 3724; x_wconf 67' lang='lat' dir='ltr'><strong><em>Lex</em></strong></span> <span class='ocrx_word' id='word_1_600' title='bbox 2917 3672 3100 3724; x_wconf 84' lang='lat' dir='ltr'><strong><em>autem</em></strong></span> <span class='ocrx_word' id='word_1_601' title='bbox 3131 3668 3303 3724; x_wconf 88' lang='lat' dir='ltr'><strong><em>banni</em></strong></span> <span class='ocrx_word' id='word_1_602' title='bbox 3328 3669 3494 3742; x_wconf 88' lang='lat' dir='ltr'><strong><em>hujus</em></strong></span> <span class='ocrx_word' id='word_1_603' title='bbox 3523 3685 3633 3726; x_wconf 91' lang='lat' dir='ltr'><strong><em>non</em></strong></span> <span class='ocrx_word' id='word_1_604' title='bbox 3665 3671 3822 3728; x_wconf 90' lang='lat' dir='ltr'><strong><em>vobis</em></strong></span> 
     </span>
    </p>
   </div>
   <div class='ocr_carea' id='block_1_85' title="bbox 2164 3757 3820 3830">
    <p class='ocr_par' dir='ltr' id='par_1_85' title="bbox 2164 3757 3820 3830">
     <span class='ocr_line' id='line_1_85' title="bbox 2164 3757 3820 3830; baseline 0.002 -18"><span class='ocrx_word' id='word_1_605' title='bbox 2164 3759 2296 3814; x_wconf 88' lang='lat' dir='ltr'><strong><em>solis</em></strong></span> <span class='ocrx_word' id='word_1_606' title='bbox 2317 3759 2550 3830; x_wconf 90' lang='lat' dir='ltr'><strong><em>ponitur</em></strong></span> <span class='ocrx_word' id='word_1_607' title='bbox 2577 3760 2674 3830; x_wconf 90' lang='lat' dir='ltr'><strong><em>qui</em></strong></span> <span class='ocrx_word' id='word_1_608' title='bbox 2724 3765 3023 3830; x_wconf 62' lang='lat' dir='ltr'><strong><em>praesentes</em></strong></span> <span class='ocrx_word' id='word_1_609' title='bbox 3051 3759 3198 3822; x_wconf 87' lang='lat' dir='ltr'><strong><em>estis,</em></strong></span> <span class='ocrx_word' id='word_1_610' title='bbox 3229 3757 3322 3813; x_wconf 89' lang='lat' dir='ltr'><strong><em>sed</em></strong></span> <span class='ocrx_word' id='word_1_611' title='bbox 3341 3759 3466 3830; x_wconf 86' lang='lat' dir='ltr'><strong><em>jam</em></strong></span> <span class='ocrx_word' id='word_1_612' title='bbox 3519 3759 3688 3827; x_wconf 83' lang='lat' dir='ltr'><strong><em>linem</em></strong></span> <span class='ocrx_word' id='word_1_613' title='bbox 3715 3764 3820 3825; x_wconf 86' lang='lat' dir='ltr'><strong><em>rei,</em></strong></span> 
     </span>
    </p>
   </div>
   <div class='ocr_carea' id='block_1_86' title="bbox 2161 3845 3824 3919">
    <p class='ocr_par' dir='ltr' id='par_1_86' title="bbox 2161 3845 3824 3919">
     <span class='ocr_line' id='line_1_86' title="bbox 2161 3845 3824 3919; baseline 0.002 -17"><span class='ocrx_word' id='word_1_614' title='bbox 2161 3863 2263 3919; x_wconf 88' lang='lat' dir='ltr'><strong><em>pro</em></strong></span> <span class='ocrx_word' id='word_1_615' title='bbox 2283 3862 2392 3918; x_wconf 89' lang='lat' dir='ltr'><strong><em>qua</em></strong></span> <span class='ocrx_word' id='word_1_616' title='bbox 2420 3861 2568 3900; x_wconf 85' lang='lat' dir='ltr'><strong><em>nunc</em></strong></span> <span class='ocrx_word' id='word_1_617' title='bbox 2595 3848 2913 3918; x_wconf 82' lang='lat' dir='ltr'><strong><em>satagimus,</em></strong></span> <span class='ocrx_word' id='word_1_618' title='bbox 2945 3845 3246 3902; x_wconf 84' lang='lat' dir='ltr'><strong><em>videmnus.</em></strong></span> <span class='ocrx_word' id='word_1_619' title='bbox 3282 3848 3478 3904; x_wconf 80' lang='lat' dir='ltr'><strong><em>Omnes</em></strong></span> <span class='ocrx_word' id='word_1_620' title='bbox 3510 3849 3686 3918; x_wconf 87' lang='lat' dir='ltr'><strong><em>igitur</em></strong></span> <span class='ocrx_word' id='word_1_621' title='bbox 3708 3849 3824 3906; x_wconf 89' lang='lat' dir='ltr'><strong><em>loco</em></strong></span> 
     </span>
    </p>
   </div>
   <div class='ocr_carea' id='block_1_87' title="bbox 2165 3935 3828 4010">
    <p class='ocr_par' dir='ltr' id='par_1_87' title="bbox 2165 3935 3828 4010">
     <span class='ocr_line' id='line_1_87' title="bbox 2165 3935 3828 4010; baseline 0.003 -21"><span class='ocrx_word' id='word_1_622' title='bbox 2165 3937 2292 3991; x_wconf 83' lang='lat' dir='ltr'><strong><em>huic</em></strong></span> <span class='ocrx_word' id='word_1_623' title='bbox 2314 3935 2576 3992; x_wconf 85' lang='lat' dir='ltr'><strong><em>Cluniaco</em></strong></span> <span class='ocrx_word' id='word_1_624' title='bbox 2598 3935 3004 4006; x_wconf 88' lang='lat' dir='ltr'><strong><em>malefacientes</em></strong></span> <span class='ocrx_word' id='word_1_625' title='bbox 3031 3939 3082 3991; x_wconf 87' lang='lat' dir='ltr'><strong><em>et</em></strong></span> <span class='ocrx_word' id='word_1_626' title='bbox 3110 3943 3302 3991; x_wconf 88' lang='lat' dir='ltr'><strong><em>contra</em></strong></span> <span class='ocrx_word' id='word_1_627' title='bbox 3347 3939 3828 4010; x_wconf 87' lang='lat' dir='ltr'><strong><em>congregationem</em></strong></span> 
     </span>
    </p>
   </div>
   <div class='ocr_carea' id='block_1_88' title="bbox 2166 4023 3827 4096">
    <p class='ocr_par' dir='ltr' id='par_1_88' title="bbox 2166 4023 3827 4096">
     <span class='ocr_line' id='line_1_88' title="bbox 2166 4023 3827 4096; baseline 0.002 -15"><span class='ocrx_word' id='word_1_628' title='bbox 2166 4026 2328 4081; x_wconf 87' lang='lat' dir='ltr'><strong><em>istam</em></strong></span> <span class='ocrx_word' id='word_1_629' title='bbox 2347 4025 2534 4096; x_wconf 86' lang='lat' dir='ltr'><strong><em>inique</em></strong></span> <span class='ocrx_word' id='word_1_630' title='bbox 2561 4031 2798 4094; x_wconf 87' lang='lat' dir='ltr'><strong><em>agentes,</em></strong></span> <span class='ocrx_word' id='word_1_631' title='bbox 2831 4023 3176 4080; x_wconf 81' lang='lat' dir='ltr'><strong><em>anathemate</em></strong></span> <span class='ocrx_word' id='word_1_632' title='bbox 3203 4023 3360 4096; x_wconf 90' lang='lat' dir='ltr'><strong><em>digni</em></strong></span> <span class='ocrx_word' id='word_1_633' title='bbox 3381 4034 3558 4093; x_wconf 90' lang='lat' dir='ltr'><strong><em>erunt,</em></strong></span> <span class='ocrx_word' id='word_1_634' title='bbox 3593 4030 3646 4082; x_wconf 89' lang='lat' dir='ltr'><strong><em>et</em></strong></span> <span class='ocrx_word' id='word_1_635' title='bbox 3679 4028 3827 4084; x_wconf 69' lang='lat' dir='ltr'><strong><em>beati</em></strong></span> 
     </span>
    </p>
   </div>
   <div class='ocr_carea' id='block_1_89' title="bbox 2163 4111 3825 4185">
    <p class='ocr_par' dir='ltr' id='par_1_89' title="bbox 2163 4111 3825 4185">
     <span class='ocr_line' id='line_1_89' title="bbox 2163 4111 3825 4185; baseline 0.002 -17"><span class='ocrx_word' id='word_1_636' title='bbox 2163 4115 2316 4169; x_wconf 86' lang='lat' dir='ltr'><strong><em>Petri</em></strong></span> <span class='ocrx_word' id='word_1_637' title='bbox 2338 4112 2520 4185; x_wconf 89' lang='lat' dir='ltr'><strong><em>gladio</em></strong></span> <span class='ocrx_word' id='word_1_638' title='bbox 2575 4111 2816 4184; x_wconf 83' lang='lat' dir='ltr'><strong><em>feriendi</em></strong></span> <span class='ocrx_word' id='word_1_639' title='bbox 2877 4129 3047 4184; x_wconf 85' lang='lat' dir='ltr'><strong><em>usque</em></strong></span> <span class='ocrx_word' id='word_1_640' title='bbox 3075 4112 3146 4169; x_wconf 85' lang='lat' dir='ltr'><strong><em>ad</em></strong></span> <span class='ocrx_word' id='word_1_641' title='bbox 3197 4113 3633 4172; x_wconf 84' lang='lat' dir='ltr'><strong><em>emendationem</em></strong></span> <span class='ocrx_word' id='word_1_642' title='bbox 3687 4132 3825 4172; x_wconf 86' lang='lat' dir='ltr'><strong><em>con-</em></strong></span> 
     </span>
    </p>
   </div>
   <div class='ocr_carea' id='block_1_90' title="bbox 2159 4202 3828 4276">
    <p class='ocr_par' dir='ltr' id='par_1_90' title="bbox 2159 4202 3828 4276">
     <span class='ocr_line' id='line_1_90' title="bbox 2159 4202 3828 4276; baseline 0.002 -18"><span class='ocrx_word' id='word_1_643' title='bbox 2159 4219 2373 4276; x_wconf 89' lang='lat' dir='ltr'><strong><em>gruam.</em></strong></span> <span class='ocrx_word' id='word_1_644' title='bbox 2419 4202 2612 4258; x_wconf 87' lang='lat' dir='ltr'><strong><em>Omnes</em></strong></span> <span class='ocrx_word' id='word_1_645' title='bbox 2641 4205 2826 4258; x_wconf 88' lang='lat' dir='ltr'><strong><em>autem</em></strong></span> <span class='ocrx_word' id='word_1_646' title='bbox 2856 4202 2971 4256; x_wconf 91' lang='lat' dir='ltr'><strong><em>loco</em></strong></span> <span class='ocrx_word' id='word_1_647' title='bbox 3001 4203 3131 4258; x_wconf 88' lang='lat' dir='ltr'><strong><em>huic</em></strong></span> <span class='ocrx_word' id='word_1_648' title='bbox 3163 4203 3424 4258; x_wconf 84' lang='lat' dir='ltr'><strong><em>Cluniaco</em></strong></span> <span class='ocrx_word' id='word_1_649' title='bbox 3481 4203 3828 4276; x_wconf 83' lang='lat' dir='ltr'><strong><em>benefacien-</em></strong></span> 
     </span>
    </p>
   </div>
   <div class='ocr_carea' id='block_1_91' title="bbox 2159 4291 3824 4366">
    <p class='ocr_par' dir='ltr' id='par_1_91' title="bbox 2159 4291 3824 4366">
     <span class='ocr_line' id='line_1_91' title="bbox 2159 4291 3824 4366; baseline 0.001 -18"><span class='ocrx_word' id='word_1_650' title='bbox 2159 4297 2257 4361; x_wconf 88' lang='lat' dir='ltr'><strong><em>tes,</em></strong></span> <span class='ocrx_word' id='word_1_651' title='bbox 2292 4299 2344 4348; x_wconf 91' lang='lat' dir='ltr'><strong><em>et</em></strong></span> <span class='ocrx_word' id='word_1_652' title='bbox 2389 4307 2520 4363; x_wconf 91' lang='lat' dir='ltr'><strong><em>erga</em></strong></span> <span class='ocrx_word' id='word_1_653' title='bbox 2569 4291 3046 4360; x_wconf 86' lang='lat' dir='ltr'><strong><em>congregationem</em></strong></span> <span class='ocrx_word' id='word_1_654' title='bbox 3077 4293 3242 4346; x_wconf 86' lang='lat' dir='ltr'><strong><em>istam</em></strong></span> <span class='ocrx_word' id='word_1_655' title='bbox 3270 4295 3412 4348; x_wconf 88' lang='lat' dir='ltr'><strong><em>recte</em></strong></span> <span class='ocrx_word' id='word_1_656' title='bbox 3449 4296 3690 4364; x_wconf 84' lang='lat' dir='ltr'><strong><em>agentes,</em></strong></span> <span class='ocrx_word' id='word_1_657' title='bbox 3718 4310 3824 4366; x_wconf 86' lang='lat' dir='ltr'><strong><em>pa-</em></strong></span> 
     </span>
    </p>
   </div>
   <div class='ocr_carea' id='block_1_92' title="bbox 2157 4380 3828 4453">
    <p class='ocr_par' dir='ltr' id='par_1_92' title="bbox 2157 4380 3828 4453">
     <span class='ocr_line' id='line_1_92' title="bbox 2157 4380 3828 4453; baseline 0.001 -16"><span class='ocrx_word' id='word_1_658' title='bbox 2157 4397 2380 4453; x_wconf 88' lang='lat' dir='ltr'><strong><em>cemque</em></strong></span> <span class='ocrx_word' id='word_1_659' title='bbox 2421 4387 2718 4448; x_wconf 88' lang='lat' dir='ltr'><strong><em>servantes,</em></strong></span> <span class='ocrx_word' id='word_1_660' title='bbox 2750 4382 2990 4451; x_wconf 87' lang='lat' dir='ltr'><strong><em>gratiam</em></strong></span> <span class='ocrx_word' id='word_1_661' title='bbox 3044 4387 3096 4436; x_wconf 89' lang='lat' dir='ltr'><strong><em>et</em></strong></span> <span class='ocrx_word' id='word_1_662' title='bbox 3121 4380 3563 4437; x_wconf 89' lang='lat' dir='ltr'><strong><em>misericordiam</em></strong></span> <span class='ocrx_word' id='word_1_663' title='bbox 3612 4380 3828 4440; x_wconf 85' lang='lat' dir='ltr'><strong><em>Christi</em></strong></span> 
     </span>
    </p>
   </div>
   <div class='ocr_carea' id='block_1_93' title="bbox 2159 4469 3829 4542">
    <p class='ocr_par' dir='ltr' id='par_1_93' title="bbox 2159 4469 3829 4542">
     <span class='ocr_line' id='line_1_93' title="bbox 2159 4469 3829 4542; baseline 0.002 -16"><span class='ocrx_word' id='word_1_664' title='bbox 2159 4471 2380 4530; x_wconf 76' lang='lat' dir='ltr'><strong><em>Domini</em></strong></span> <span class='ocrx_word' id='word_1_665' title='bbox 2408 4470 2508 4527; x_wconf 87' lang='lat' dir='ltr'><strong><em>Dei</em></strong></span> <span class='ocrx_word' id='word_1_666' title='bbox 2535 4469 2712 4525; x_wconf 87' lang='lat' dir='ltr'><strong><em>nostri</em></strong></span> <span class='ocrx_word' id='word_1_667' title='bbox 2738 4476 3136 4541; x_wconf 80' lang='lat' dir='ltr'><strong><em>consequentur</em></strong></span> <span class='ocrx_word' id='word_1_668' title='bbox 3157 4473 3501 4542; x_wconf 89' lang='lat' dir='ltr'><strong><em>perpetuam,</em></strong></span> <span class='ocrx_word' id='word_1_669' title='bbox 3556 4479 3610 4527; x_wconf 88' lang='lat' dir='ltr'><strong><em>et</em></strong></span> <span class='ocrx_word' id='word_1_670' title='bbox 3641 4472 3829 4529; x_wconf 87' lang='lat' dir='ltr'><strong><em>beatos</em></strong></span> 
     </span>
    </p>
   </div>
   <div class='ocr_carea' id='block_1_94' title="bbox 401 4557 3831 4632">
    <p class='ocr_par' dir='ltr' id='par_1_94' title="bbox 401 4557 3831 4632">
     <span class='ocr_line' id='line_1_94' title="bbox 401 4557 3831 4632; baseline -0 -14"><span class='ocrx_word' id='word_1_671' title='bbox 401 4561 588 4632; x_wconf 88' lang='lat' dir='ltr'><strong><em>Itaque</em></strong></span> <span class='ocrx_word' id='word_1_672' title='bbox 614 4560 838 4617; x_wconf 88' lang='lat' dir='ltr'><strong><em>termini</em></strong></span> <span class='ocrx_word' id='word_1_673' title='bbox 883 4559 1033 4615; x_wconf 89' lang='lat' dir='ltr'><strong><em>sacri</em></strong></span> <span class='ocrx_word' id='word_1_674' title='bbox 1087 4558 1260 4614; x_wconf 89' lang='lat' dir='ltr'><strong><em>banni</em></strong></span> <span class='ocrx_word' id='word_1_675' title='bbox 1306 4564 1437 4613; x_wconf 89' lang='lat' dir='ltr'><strong><em>sunt</em></strong></span> <span class='ocrx_word' id='word_1_676' title='bbox 1481 4557 1558 4612; x_wconf 91' lang='lat' dir='ltr'><strong><em>hi.</em></strong></span> <span class='ocrx_word' id='word_1_677' title='bbox 1597 4558 1788 4615; x_wconf 89' lang='lat' dir='ltr'><strong><em>Versus</em></strong></span> <span class='ocrx_word' id='word_1_678' title='bbox 1839 4560 2058 4619; x_wconf 64' lang='lat' dir='ltr'><strong><em>Bertia-</em></strong></span> <span class='ocrx_word' id='word_1_679' title='bbox 2091 4567 2138 4632; x_wconf 84' lang='lat'><strong><em>1)</em></strong></span> <span class='ocrx_word' id='word_1_680' title='bbox 2169 4559 2434 4632; x_wconf 76' lang='lat' dir='ltr'><strong><em>apostolos</em></strong></span> <span class='ocrx_word' id='word_1_681' title='bbox 2462 4559 2685 4614; x_wconf 89' lang='lat' dir='ltr'><strong><em>Petrum</em></strong></span> <span class='ocrx_word' id='word_1_682' title='bbox 2710 4565 2760 4613; x_wconf 91' lang='lat' dir='ltr'><strong><em>et</em></strong></span> <span class='ocrx_word' id='word_1_683' title='bbox 2793 4558 3033 4614; x_wconf 87' lang='lat' dir='ltr'><strong><em>Paulum</em></strong></span> <span class='ocrx_word' id='word_1_684' title='bbox 3076 4559 3284 4630; x_wconf 90' lang='lat' dir='ltr'><strong><em>primos</em></strong></span> <span class='ocrx_word' id='word_1_685' title='bbox 3311 4562 3360 4616; x_wconf 87' lang='lat' dir='ltr'><strong><em>et</em></strong></span> <span class='ocrx_word' id='word_1_686' title='bbox 3387 4561 3704 4632; x_wconf 62' lang='lat' dir='ltr'><strong><em>praecipuos</em></strong></span> <span class='ocrx_word' id='word_1_687' title='bbox 3733 4561 3831 4617; x_wconf 88' lang='lat' dir='ltr'><strong><em>ad-</em></strong></span> 
     </span>
    </p>
   </div>
   <div class='ocr_carea' id='block_1_95' title="bbox 400 4645 2054 4712">
    <p class='ocr_par' dir='ltr' id='par_1_95' title="bbox 400 4645 2054 4712">
     <span class='ocr_line' id='line_1_95' title="bbox 400 4645 2054 4712; baseline 0 -6"><span class='ocrx_word' id='word_1_688' title='bbox 400 4665 528 4706; x_wconf 89' lang='lat' dir='ltr'><strong><em>cum</em></strong></span> <span class='ocrx_word' id='word_1_689' title='bbox 557 4649 824 4706; x_wconf 86' lang='lat' dir='ltr'><strong><em>terminus</em></strong></span> <span class='ocrx_word' id='word_1_690' title='bbox 864 4655 944 4704; x_wconf 88' lang='lat' dir='ltr'><strong><em>est</em></strong></span> <span class='ocrx_word' id='word_1_691' title='bbox 972 4645 1042 4702; x_wconf 88' lang='lat' dir='ltr'><strong><em>ad</em></strong></span> <span class='ocrx_word' id='word_1_692' title='bbox 1095 4647 1304 4701; x_wconf 85' lang='lat' dir='ltr'><strong><em>bivium</em></strong></span> <span class='ocrx_word' id='word_1_693' title='bbox 1330 4647 1470 4702; x_wconf 86' lang='lat' dir='ltr'><strong><em>citra</em></strong></span> <span class='ocrx_word' id='word_1_694' title='bbox 1522 4649 1856 4712; x_wconf 85' lang='lat' dir='ltr'><strong><em>Sarratam;</em></strong></span> <span class='ocrx_word' id='word_1_695' title='bbox 1910 4651 2054 4709; x_wconf 87' lang='lat' dir='ltr'><strong><em>unde</em></strong></span> 
     </span>
    </p>
   </div>
   <div class='ocr_carea' id='block_1_96' title="bbox 401 4734 2053 4802">
    <p class='ocr_par' dir='ltr' id='par_1_96' title="bbox 401 4734 2053 4802">
     <span class='ocr_line' id='line_1_96' title="bbox 401 4734 2053 4802; baseline 0.001 -7"><span class='ocrx_word' id='word_1_696' title='bbox 401 4754 517 4795; x_wconf 89' lang='lat' dir='ltr'><strong><em>una</em></strong></span> <span class='ocrx_word' id='word_1_697' title='bbox 543 4737 638 4794; x_wconf 87' lang='lat' dir='ltr'><strong><em>via</em></strong></span> <span class='ocrx_word' id='word_1_698' title='bbox 664 4739 811 4794; x_wconf 84' lang='lat' dir='ltr'><strong><em>venit</em></strong></span> <span class='ocrx_word' id='word_1_699' title='bbox 839 4735 912 4794; x_wconf 87' lang='lat' dir='ltr'><strong><em>ad</em></strong></span> <span class='ocrx_word' id='word_1_700' title='bbox 945 4734 1291 4802; x_wconf 85' lang='lat' dir='ltr'><strong><em>Cluniacum,</em></strong></span> <span class='ocrx_word' id='word_1_701' title='bbox 1333 4735 1514 4791; x_wconf 90' lang='lat' dir='ltr'><strong><em>altera</em></strong></span> <span class='ocrx_word' id='word_1_702' title='bbox 1563 4735 1635 4791; x_wconf 86' lang='lat' dir='ltr'><strong><em>ad</em></strong></span> <span class='ocrx_word' id='word_1_703' title='bbox 1658 4738 1936 4795; x_wconf 86' lang='lat' dir='ltr'><strong><em>Masilias.</em></strong></span> <span class='ocrx_word' id='word_1_704' title='bbox 1990 4743 2053 4798; x_wconf 86' lang='lat' dir='ltr'><strong><em>In</em></strong></span> 
     </span>
    </p>
   </div>
   <div class='ocr_carea' id='block_1_97' title="bbox 2151 4647 3220 4725">
    <p class='ocr_par' dir='ltr' id='par_1_97' title="bbox 2151 4647 3220 4725">
     <span class='ocr_line' id='line_1_97' title="bbox 2151 4647 3220 4725; baseline -0.002 -18"><span class='ocrx_word' id='word_1_705' title='bbox 2151 4653 2361 4725; x_wconf 83' lang='lat' dir='ltr'><strong><em>jutores</em></strong></span> <span class='ocrx_word' id='word_1_706' title='bbox 2383 4649 2620 4706; x_wconf 78' lang='lat' dir='ltr'><strong><em>habeant</em></strong></span> <span class='ocrx_word' id='word_1_707' title='bbox 2649 4647 2794 4722; x_wconf 88' lang='lat' dir='ltr'><strong><em>apud</em></strong></span> <span class='ocrx_word' id='word_1_708' title='bbox 2814 4649 3001 4705; x_wconf 88' lang='lat' dir='ltr'><strong><em>Deum.</em></strong></span> <span class='ocrx_word' id='word_1_709' title='bbox 3034 4649 3220 4705; x_wconf 86' lang='lat' dir='ltr'><strong><em>Amen.</em></strong></span> 
     </span>
    </p>
   </div>
   <div class='ocr_carea' id='block_1_98' title="bbox 2048 4896 2158 4983">
    <p class='ocr_par' dir='ltr' id='par_1_98' title="bbox 2048 4896 2158 4983">
     <span class='ocr_line' id='line_1_98' title="bbox 2048 4896 2158 4983; baseline 0.027 -3"><span class='ocrx_word' id='word_1_710' title='bbox 2048 4896 2158 4983; x_wconf 94' lang='lat' dir='ltr'><strong><em>II.</em></strong></span> 
     </span>
    </p>
   </div>
   <div class='ocr_carea' id='block_1_99' title="bbox 1387 5029 2815 5100">
    <p class='ocr_par' dir='ltr' id='par_1_99' title="bbox 1387 5029 2815 5100">
     <span class='ocr_line' id='line_1_99' title="bbox 1387 5029 2815 5100; baseline 0.002 -11"><span class='ocrx_word' id='word_1_711' title='bbox 1387 5029 1676 5092; x_wconf 75' lang='lat' dir='ltr'><strong><em>ORATIO</em></strong></span> <span class='ocrx_word' id='word_1_712' title='bbox 1718 5032 1822 5094; x_wconf 87' lang='lat' dir='ltr'><strong><em>AD</em></strong></span> <span class='ocrx_word' id='word_1_713' title='bbox 1866 5034 2168 5100; x_wconf 86' lang='lat' dir='ltr'><strong><em>IVONEM</em></strong></span> <span class='ocrx_word' id='word_1_714' title='bbox 2211 5031 2815 5098; x_wconf 76' lang='lat' dir='ltr'><strong><em>CONSECRATUM.</em></strong></span> 
     </span>
    </p>
   </div>
   <div class='ocr_carea' id='block_1_100' title="bbox 464 5145 2044 5220">
    <p class='ocr_par' dir='ltr' id='par_1_100' title="bbox 464 5145 2044 5220">
     <span class='ocr_line' id='line_1_100' title="bbox 464 5145 2044 5220; baseline 0.002 -9"><span class='ocrx_word' id='word_1_715' title='bbox 464 5152 771 5220; x_wconf 81' lang='lat' dir='ltr'><strong><em>Quoniam,</em></strong></span> <span class='ocrx_word' id='word_1_716' title='bbox 803 5151 872 5206; x_wconf 86' lang='lat' dir='ltr'><strong><em>ut</em></strong></span> <span class='ocrx_word' id='word_1_717' title='bbox 900 5145 1216 5215; x_wconf 83' lang='lat' dir='ltr'><strong><em>credimus,</em></strong></span> <span class='ocrx_word' id='word_1_718' title='bbox 1266 5149 1462 5206; x_wconf 85' lang='lat' dir='ltr'><strong><em>divino</em></strong></span> <span class='ocrx_word' id='word_1_719' title='bbox 1491 5155 1548 5206; x_wconf 87' lang='lat' dir='ltr'><strong><em>te</em></strong></span> <span class='ocrx_word' id='word_1_720' title='bbox 1603 5157 1751 5209; x_wconf 87' lang='lat' dir='ltr'><strong><em>nutu</em></strong></span> <span class='ocrx_word' id='word_1_721' title='bbox 1803 5163 2044 5214; x_wconf 86' lang='lat' dir='ltr'><strong><em>vocante</em></strong></span> 
     </span>
    </p>
   </div>
   <div class='ocr_carea' id='block_1_101' title="bbox 391 5233 2041 5319">
    <p class='ocr_par' dir='ltr' id='par_1_101' title="bbox 391 5233 2041 5319">
     <span class='ocr_line' id='line_1_101' title="bbox 391 5233 2041 5319; baseline -0.007 -19"><span class='ocrx_word' id='word_1_722' title='bbox 391 5241 586 5300; x_wconf 84' lang='lat' dir='ltr'><strong><em>clerus</em></strong></span> <span class='ocrx_word' id='word_1_723' title='bbox 609 5244 670 5298; x_wconf 87' lang='lat' dir='ltr'><strong><em>et</em></strong></span> <span class='ocrx_word' id='word_1_724' title='bbox 697 5237 955 5314; x_wconf 86' lang='lat' dir='ltr'><strong><em>populus</em></strong></span> <span class='ocrx_word' id='word_1_725' title='bbox 975 5233 1228 5292; x_wconf 81' lang='lat' dir='ltr'><strong><em>civitatis</em></strong></span> <span class='ocrx_word' id='word_1_726' title='bbox 1271 5237 1430 5294; x_wconf 90' lang='lat' dir='ltr'><strong><em>illius</em></strong></span> <span class='ocrx_word' id='word_1_727' title='bbox 1465 5241 1820 5299; x_wconf 76' lang='lat' dir='ltr'><strong><em>unanimiter</em></strong></span> <span class='ocrx_word' id='word_1_728' title='bbox 1855 5243 2041 5319; x_wconf 68' lang='lat' dir='ltr'><strong><em>elege-</em></strong></span> 
     </span>
    </p>
   </div>
   <div class='ocr_carea' id='block_1_102' title="bbox 387 5327 2044 5406">
    <p class='ocr_par' dir='ltr' id='par_1_102' title="bbox 387 5327 2044 5406">
     <span class='ocr_line' id='line_1_102' title="bbox 387 5327 2044 5406; baseline 0.004 -19"><span class='ocrx_word' id='word_1_729' title='bbox 387 5334 530 5388; x_wconf 86' lang='lat' dir='ltr'><strong><em>runt</em></strong></span> <span class='ocrx_word' id='word_1_730' title='bbox 560 5333 868 5397; x_wconf 83' lang='lat' dir='ltr'><strong><em>rectorem,</em></strong></span> <span class='ocrx_word' id='word_1_731' title='bbox 899 5329 958 5383; x_wconf 88' lang='lat' dir='ltr'><strong><em>et</em></strong></span> <span class='ocrx_word' id='word_1_732' title='bbox 987 5339 1096 5379; x_wconf 88' lang='lat' dir='ltr'><strong><em>nos</em></strong></span> <span class='ocrx_word' id='word_1_733' title='bbox 1127 5339 1316 5397; x_wconf 89' lang='lat' dir='ltr'><strong><em>usque</em></strong></span> <span class='ocrx_word' id='word_1_734' title='bbox 1347 5327 1730 5400; x_wconf 89' lang='lat' dir='ltr'><strong><em>perducentes</em></strong></span> <span class='ocrx_word' id='word_1_735' title='bbox 1751 5334 2044 5406; x_wconf 88' lang='lat' dir='ltr'><strong><em>petierunt</em></strong></span> 
     </span>
    </p>
   </div>
   <div class='ocr_carea' id='block_1_103' title="bbox 387 5413 2044 5496">
    <p class='ocr_par' dir='ltr' id='par_1_103' title="bbox 387 5413 2044 5496">
     <span class='ocr_line' id='line_1_103' title="bbox 387 5413 2044 5496; baseline 0.004 -22"><span class='ocrx_word' id='word_1_736' title='bbox 387 5417 720 5475; x_wconf 84' lang='lat' dir='ltr'><strong><em>consecrari</em></strong></span> <span class='ocrx_word' id='word_1_737' title='bbox 751 5416 1120 5491; x_wconf 85' lang='lat' dir='ltr'><strong><em>episcopum,</em></strong></span> <span class='ocrx_word' id='word_1_738' title='bbox 1153 5416 1210 5468; x_wconf 82' lang='lat' dir='ltr'><strong><em>et</em></strong></span> <span class='ocrx_word' id='word_1_739' title='bbox 1238 5413 1388 5482; x_wconf 89' lang='lat' dir='ltr'><strong><em>ideo,</em></strong></span> <span class='ocrx_word' id='word_1_740' title='bbox 1419 5416 1534 5474; x_wconf 91' lang='lat' dir='ltr'><strong><em>Deo</em></strong></span> <span class='ocrx_word' id='word_1_741' title='bbox 1593 5427 1910 5491; x_wconf 82' lang='lat' dir='ltr'><strong><em>annuente,</em></strong></span> <span class='ocrx_word' id='word_1_742' title='bbox 1943 5441 2044 5496; x_wconf 89' lang='lat' dir='ltr'><strong><em>per</em></strong></span> 
     </span>
    </p>
   </div>
   <div class='ocr_carea' id='block_1_104' title="bbox 387 5498 2042 5580">
    <p class='ocr_par' dir='ltr' id='par_1_104' title="bbox 387 5498 2042 5580">
     <span class='ocr_line' id='line_1_104' title="bbox 387 5498 2042 5580; baseline 0.002 -16"><span class='ocrx_word' id='word_1_743' title='bbox 387 5521 602 5564; x_wconf 86' lang='lat' dir='ltr'><strong><em>manus</em></strong></span> <span class='ocrx_word' id='word_1_744' title='bbox 629 5509 844 5564; x_wconf 69' lang='lat' dir='ltr'><strong><em>nostrae</em></strong></span> <span class='ocrx_word' id='word_1_745' title='bbox 869 5498 1304 5577; x_wconf 86' lang='lat' dir='ltr'><strong><em>impositionem</em></strong></span> <span class='ocrx_word' id='word_1_746' title='bbox 1336 5505 1646 5580; x_wconf 88' lang='lat' dir='ltr'><strong><em>episcopus</em></strong></span> <span class='ocrx_word' id='word_1_747' title='bbox 1668 5516 2042 5568; x_wconf 87' lang='lat' dir='ltr'><strong><em>consecratus</em></strong></span> 
     </span>
    </p>
   </div>
   <div class='ocr_carea' id='block_1_105' title="bbox 389 5590 2042 5663">
    <p class='ocr_par' dir='ltr' id='par_1_105' title="bbox 389 5590 2042 5663">
     <span class='ocr_line' id='line_1_105' title="bbox 389 5590 2042 5663; baseline 0.002 -12"><span class='ocrx_word' id='word_1_748' title='bbox 389 5610 477 5656; x_wconf 86' lang='lat' dir='ltr'><strong><em>es,</em></strong></span> <span class='ocrx_word' id='word_1_749' title='bbox 510 5595 742 5662; x_wconf 88' lang='lat' dir='ltr'><strong><em>amodo,</em></strong></span> <span class='ocrx_word' id='word_1_750' title='bbox 775 5595 954 5651; x_wconf 82' lang='lat' dir='ltr'><strong><em>frater</em></strong></span> <span class='ocrx_word' id='word_1_751' title='bbox 981 5590 1346 5663; x_wconf 85' lang='lat' dir='ltr'><strong><em>charissime,</em></strong></span> <span class='ocrx_word' id='word_1_752' title='bbox 1401 5595 1555 5653; x_wconf 84' lang='lat' dir='ltr'><strong><em>scias</em></strong></span> <span class='ocrx_word' id='word_1_753' title='bbox 1612 5600 1668 5652; x_wconf 90' lang='lat' dir='ltr'><strong><em>te</em></strong></span> <span class='ocrx_word' id='word_1_754' title='bbox 1718 5597 2042 5656; x_wconf 85' lang='lat' dir='ltr'><strong><em>maximum</em></strong></span> 
     </span>
    </p>
   </div>
   <div class='ocr_carea' id='block_1_106' title="bbox 395 5680 2044 5758">
    <p class='ocr_par' dir='ltr' id='par_1_106' title="bbox 395 5680 2044 5758">
     <span class='ocr_line' id='line_1_106' title="bbox 395 5680 2044 5758; baseline 0.002 -20"><span class='ocrx_word' id='word_1_755' title='bbox 395 5681 628 5752; x_wconf 84' lang='lat' dir='ltr'><strong><em>pondus</em></strong></span> <span class='ocrx_word' id='word_1_756' title='bbox 653 5685 985 5758; x_wconf 80' lang='lat' dir='ltr'><strong><em>suscepisse</em></strong></span> <span class='ocrx_word' id='word_1_757' title='bbox 1011 5680 1412 5756; x_wconf 87' lang='lat' dir='ltr'><strong><em>laboris,quod</em></strong></span> <span class='ocrx_word' id='word_1_758' title='bbox 1434 5688 1524 5740; x_wconf 86' lang='lat' dir='ltr'><strong><em>est</em></strong></span> <span class='ocrx_word' id='word_1_759' title='bbox 1553 5684 1783 5741; x_wconf 86' lang='lat' dir='ltr'><strong><em>sarcina</em></strong></span> <span class='ocrx_word' id='word_1_760' title='bbox 1814 5687 2044 5758; x_wconf 88' lang='lat' dir='ltr'><strong><em>regimi-</em></strong></span> 
     </span>
    </p>
   </div>
   <div class='ocr_carea' id='block_1_107' title="bbox 2156 5151 3824 5224">
    <p class='ocr_par' dir='ltr' id='par_1_107' title="bbox 2156 5151 3824 5224">
     <span class='ocr_line' id='line_1_107' title="bbox 2156 5151 3824 5224; baseline -0.002 -10"><span class='ocrx_word' id='word_1_761' title='bbox 2156 5159 2246 5214; x_wconf 77' lang='lat' dir='ltr'><strong><em>nis</em></strong></span> <span class='ocrx_word' id='word_1_762' title='bbox 2279 5157 2632 5224; x_wconf 81' lang='lat' dir='ltr'><strong><em>animarum,</em></strong></span> <span class='ocrx_word' id='word_1_763' title='bbox 2686 5159 2746 5212; x_wconf 88' lang='lat' dir='ltr'><strong><em>et</em></strong></span> <span class='ocrx_word' id='word_1_764' title='bbox 2774 5153 3102 5210; x_wconf 86' lang='lat' dir='ltr'><strong><em>commodis</em></strong></span> <span class='ocrx_word' id='word_1_765' title='bbox 3144 5151 3432 5208; x_wconf 83' lang='lat' dir='ltr'><strong><em>deservire</em></strong></span> <span class='ocrx_word' id='word_1_766' title='bbox 3464 5152 3824 5218; x_wconf 83' lang='lat' dir='ltr'><strong><em>multorum,</em></strong></span> 
     </span>
    </p>
   </div>
   <div class='ocr_carea' id='block_1_108' title="bbox 2153 5241 3828 5317">
    <p class='ocr_par' dir='ltr' id='par_1_108' title="bbox 2153 5241 3828 5317">
     <span class='ocr_line' id='line_1_108' title="bbox 2153 5241 3828 5317; baseline -0.001 -14"><span class='ocrx_word' id='word_1_767' title='bbox 2153 5245 2534 5317; x_wconf 86' lang='lat' dir='ltr'><strong><em>omniumque</em></strong></span> <span class='ocrx_word' id='word_1_768' title='bbox 2568 5244 2688 5299; x_wconf 81' lang='lat' dir='ltr'><strong><em>fieri</em></strong></span> <span class='ocrx_word' id='word_1_769' title='bbox 2724 5242 3037 5298; x_wconf 87' lang='lat' dir='ltr'><strong><em>minimum</em></strong></span> <span class='ocrx_word' id='word_1_770' title='bbox 3071 5246 3245 5316; x_wconf 88' lang='lat' dir='ltr'><strong><em>atque</em></strong></span> <span class='ocrx_word' id='word_1_771' title='bbox 3261 5241 3694 5311; x_wconf 85' lang='lat' dir='ltr'><strong><em>ministrum,et</em></strong></span> <span class='ocrx_word' id='word_1_772' title='bbox 3715 5259 3828 5316; x_wconf 85' lang='lat' dir='ltr'><strong><em>pro</em></strong></span> 
     </span>
    </p>
   </div>
   <div class='ocr_carea' id='block_1_109' title="bbox 2152 5329 3822 5392">
    <p class='ocr_par' dir='ltr' id='par_1_109' title="bbox 2152 5329 3822 5392">
     <span class='ocr_line' id='line_1_109' title="bbox 2152 5329 3822 5392; baseline -0.001 -2"><span class='ocrx_word' id='word_1_773' title='bbox 2152 5334 2370 5392; x_wconf 87' lang='lat' dir='ltr'><strong><em>credito</em></strong></span> <span class='ocrx_word' id='word_1_774' title='bbox 2396 5333 2500 5388; x_wconf 91' lang='lat' dir='ltr'><strong><em>tibi</em></strong></span> <span class='ocrx_word' id='word_1_775' title='bbox 2531 5331 2749 5388; x_wconf 78' lang='lat' dir='ltr'><strong><em>talento</em></strong></span> <span class='ocrx_word' id='word_1_776' title='bbox 2769 5330 2830 5386; x_wconf 91' lang='lat' dir='ltr'><strong><em>in</em></strong></span> <span class='ocrx_word' id='word_1_777' title='bbox 2853 5331 2946 5387; x_wconf 88' lang='lat' dir='ltr'><strong><em>die</em></strong></span> <span class='ocrx_word' id='word_1_778' title='bbox 2977 5330 3155 5387; x_wconf 88' lang='lat' dir='ltr'><strong><em>divini</em></strong></span> <span class='ocrx_word' id='word_1_779' title='bbox 3199 5329 3486 5387; x_wconf 81' lang='lat' dir='ltr'><strong><em>examinis</em></strong></span> <span class='ocrx_word' id='word_1_780' title='bbox 3526 5331 3822 5389; x_wconf 74' lang='lat' dir='ltr'><strong><em>rationem</em></strong></span> 
     </span>
    </p>
   </div>
   <div class='ocr_carea' id='block_1_110' title="bbox 2151 5417 3825 5479">
    <p class='ocr_par' dir='ltr' id='par_1_110' title="bbox 2151 5417 3825 5479">
     <span class='ocr_line' id='line_1_110' title="bbox 2151 5417 3825 5479; baseline -0.001 0"><span class='ocrx_word' id='word_1_781' title='bbox 2151 5420 2542 5479; x_wconf 88' lang='lat' dir='ltr'><strong><em>redditurum.</em></strong></span> <span class='ocrx_word' id='word_1_782' title='bbox 2600 5419 2746 5474; x_wconf 86' lang='lat' dir='ltr'><strong><em>Nam</em></strong></span> <span class='ocrx_word' id='word_1_783' title='bbox 2802 5418 2851 5474; x_wconf 90' lang='lat' dir='ltr'><strong><em>si</em></strong></span> <span class='ocrx_word' id='word_1_784' title='bbox 2906 5417 3168 5476; x_wconf 83' lang='lat' dir='ltr'><strong><em>Salvator</em></strong></span> <span class='ocrx_word' id='word_1_785' title='bbox 3225 5421 3424 5474; x_wconf 88' lang='lat' dir='ltr'><strong><em>noster</em></strong></span> <span class='ocrx_word' id='word_1_786' title='bbox 3453 5418 3642 5477; x_wconf 81' lang='lat' dir='ltr'><strong><em>dixit:</em></strong></span> <span class='ocrx_word' id='word_1_787' title='bbox 3701 5421 3825 5478; x_wconf 88' lang='lat' dir='ltr'><strong><em>Non</em></strong></span> 
     </span>
    </p>
   </div>
   <div class='ocr_carea' id='block_1_111' title="bbox 2149 5507 3824 5588">
    <p class='ocr_par' dir='ltr' id='par_1_111' title="bbox 2149 5507 3824 5588">
     <span class='ocr_line' id='line_1_111' title="bbox 2149 5507 3824 5588; baseline 0.001 -22"><span class='ocrx_word' id='word_1_788' title='bbox 2149 5511 2280 5566; x_wconf 87' lang='lat' dir='ltr'><strong><em>veni</em></strong></span> <span class='ocrx_word' id='word_1_789' title='bbox 2307 5508 2652 5588; x_wconf 73' lang='lat' dir='ltr'><strong><em>ministrari,</em></strong></span> <span class='ocrx_word' id='word_1_790' title='bbox 2695 5508 2787 5564; x_wconf 90' lang='lat' dir='ltr'><strong><em>sed</em></strong></span> <span class='ocrx_word' id='word_1_791' title='bbox 2842 5507 3180 5577; x_wconf 87' lang='lat' dir='ltr'><strong><em>ministrare,</em></strong></span> <span class='ocrx_word' id='word_1_792' title='bbox 3238 5509 3291 5562; x_wconf 89' lang='lat' dir='ltr'><strong><em>et</em></strong></span> <span class='ocrx_word' id='word_1_793' title='bbox 3345 5509 3607 5564; x_wconf 89' lang='lat' dir='ltr'><strong><em>animam</em></strong></span> <span class='ocrx_word' id='word_1_794' title='bbox 3658 5526 3824 5588; x_wconf 76' lang='lat' dir='ltr'><strong><em>suam</em></strong></span> 
     </span>
    </p>
   </div>
   <div class='ocr_carea' id='block_1_112' title="bbox 2146 5595 3820 5673">
    <p class='ocr_par' dir='ltr' id='par_1_112' title="bbox 2146 5595 3820 5673">
     <span class='ocr_line' id='line_1_112' title="bbox 2146 5595 3820 5673; baseline 0.002 -20"><span class='ocrx_word' id='word_1_795' title='bbox 2146 5597 2306 5673; x_wconf 87' lang='lat' dir='ltr'><strong><em>ponit</em></strong></span> <span class='ocrx_word' id='word_1_796' title='bbox 2343 5612 2442 5666; x_wconf 90' lang='lat' dir='ltr'><strong><em>pro</em></strong></span> <span class='ocrx_word' id='word_1_797' title='bbox 2469 5597 2658 5654; x_wconf 86' lang='lat' dir='ltr'><strong><em>ovibus</em></strong></span> <span class='ocrx_word' id='word_1_798' title='bbox 2685 5598 2800 5652; x_wconf 90' lang='lat' dir='ltr'><strong><em>suis</em></strong></span> <span class='ocrx_word' id='word_1_799' title='bbox 2827 5595 3036 5667; x_wconf 85' lang='lat' dir='ltr'><strong><em>(Matth.</em></strong></span> <span class='ocrx_word' id='word_1_800' title='bbox 3069 5595 3191 5667; x_wconf 84' lang='lat' dir='ltr'><strong><em>xx),</em></strong></span> <span class='ocrx_word' id='word_1_801' title='bbox 3220 5599 3443 5668; x_wconf 86' lang='lat' dir='ltr'><strong><em>quanto</em></strong></span> <span class='ocrx_word' id='word_1_802' title='bbox 3465 5597 3664 5672; x_wconf 81' lang='lat' dir='ltr'><strong><em>magis</em></strong></span> <span class='ocrx_word' id='word_1_803' title='bbox 3707 5617 3820 5656; x_wconf 86' lang='lat' dir='ltr'><strong><em>nos</em></strong></span> 
     </span>
    </p>
   </div>
   <div class='ocr_carea' id='block_1_113' title="bbox 2155 5681 3820 5758">
    <p class='ocr_par' dir='ltr' id='par_1_113' title="bbox 2155 5681 3820 5758">
     <span class='ocr_line' id='line_1_113' title="bbox 2155 5681 3820 5758; baseline 0.004 -16"><span class='ocrx_word' id='word_1_804' title='bbox 2155 5681 2436 5742; x_wconf 87' lang='lat' dir='ltr'><strong><em>desidiosi</em></strong></span> <span class='ocrx_word' id='word_1_805' title='bbox 2497 5684 2646 5742; x_wconf 79' lang='lat' dir='ltr'><strong><em>servi</em></strong></span> <span class='ocrx_word' id='word_1_806' title='bbox 2726 5683 2944 5740; x_wconf 83' lang='lat' dir='ltr'><strong><em>summi</em></strong></span> <span class='ocrx_word' id='word_1_807' title='bbox 3004 5683 3446 5758; x_wconf 84' lang='lat' dir='ltr'><strong><em>patrisfamilias</em></strong></span> <span class='ocrx_word' id='word_1_808' title='bbox 3523 5685 3820 5747; x_wconf 85' lang='lat' dir='ltr'><strong><em>debemus</em></strong></span> 
     </span>
    </p>
   </div>
  </div>
