3894 6214
120 296 293 362 585.

1621 294 2065 363 SERMONES.

3421 294 3536 358 566

123 431 400 489 maximo
432 428 647 490 sudore
675 428 1012 490 incumbere
1041 446 1176 490 oves
1201 429 1534 490 Dominicas
1563 431 1732 490 nobis
1759 449 1793 488 a
1819 437 1875 501 Α
1904 437 2072 489 tuum
2102 429 2373 499 elevatur,
2417 446 2523 490 nec
2567 427 2825 488 adversis
2855 427 2912 486 in
2961 428 3156 503 aliquo
3210 427 3534 502 dejiciatur,

124 538 376 578 summo
409 521 644 577 Pastore
673 522 1043 594 consignatas
1075 523 1145 578 ad
1195 522 1341 578 ovile
1398 522 1785 591 Dominicum,

123 612 498 681 suffragante
527 610 725 666 divina
745 611 954 683 gratia,
986 612 1206 683 absque
1224 612 1426 666 morbo
1452 616 1508 667 et
1538 610 1789 667 mancha

122 699 140 770 Ῐ
150 699 418 770 macula]
453 699 814 771 perducere?
860 701 1248 756 Exhortamur
1293 702 1487 772 itaque
1537 701 1788 755 dilectio-

123 803 269 844 nem
303 792 469 844 tuam
497 792 560 843 ut
585 789 758 844 fidem
790 805 967 860 quam
1001 790 1057 844 in
1081 789 1313 846 exordio
1345 795 1454 845 tua)
1486 807 1785 845 consecra-

119 878 315 932 tionis
346 877 601 932 breviter
649 876 1019 949 dilucideque
1068 878 1449 949 digessimus,
1503 878 1784 933 illibatam

121 970 184 1022 et
218 964 619 1022 inviolabilem
642 965 958 1033 custodias,
991 966 1126 1038 quia
1148 967 1292 1022 ﬁdes
1322 972 1412 1022 est
1442 967 1784 1021 fundamen-

121 1059 258 1108 tum
322 1053 590 1109 omnium
650 1055 953 1109 virtutum.
1011 1053 1241 1110 Scimus
1289 1059 1483 1110 autem
1527 1055 1681 1124 quod
1713 1054 1786 1109 ab

122 1141 388 1198 infantia
418 1141 599 1197 sacris
631 1141 1212 1210 litteriseruditus,et
1243 1159 1531 1198 canonum
1559 1143 1787 1199 institu-

115 1232 204 1287 tis
235 1232 530 1298 edoctus;
589 1236 844 1289 attamen
906 1233 1152 1288 breviter
1203 1235 1274 1289 ad
1335 1239 1390 1288 te
1445 1237 1642 1289 noster
1697 1237 1788 1289 est

122 1320 486 1392 dirigendus
516 1337 724 1378 sermo.
761 1321 970 1378 Nullus
1000 1327 1055 1376 te
1104 1323 1265 1379 favor
1311 1323 1576 1390 extollat,
1625 1321 1787 1377 nulla

126 1409 464 1467 adversitas
521 1414 749 1480 atterat,
811 1410 867 1466 id
899 1415 1006 1477 est,
1058 1428 1173 1467 non
1231 1413 1289 1466 in
1330 1411 1628 1484 prosperis
1688 1428 1786 1467 cor

1898 523 1996 580 sed
2029 522 2226 579 omnia
2255 527 2310 579 et
2339 522 2397 578 in
2429 522 2703 578 omnibus
2732 525 2899 576 caute
2929 525 2986 576 et
3013 537 3146 576 cum
3193 520 3538 574 discretione

1895 627 2064 683 agere
2120 615 2175 666 te
2229 610 2522 674 volumus.
2581 615 2646 666 ut
2705 612 2928 682 absque
2970 607 3418 682 reprehensione
3467 609 3537 663 ab

1895 700 2169 756 omnibus
2198 699 2386 754 vivere
2417 699 2834 772 comproberis.
2873 700 3084 754 Sancta
3131 696 3388 752 Trinitas
3423 697 3538 750 fra-

1895 790 2225 844 ternitatem
2256 793 2415 844 tuam
2451 807 2557 844 sua
2574 787 3249 860 protectionecustodiat,
3281 791 3365 853 ut,
3399 785 3540 838 dum

1894 877 1994 932 tali
2025 877 2421 933 moderamine
2453 877 2510 932 in
2543 877 2787 932 Domino
2812 882 3008 932 nostro
3039 893 3189 932 onus
3230 875 3385 946 quod
3410 891 3538 928 sus-

1895 967 2096 1036 cepisti
2160 966 2470 1038 peregeris,
2507 966 2566 1020 in
2617 966 2710 1021 die
2741 970 2964 1021 aeternae
3017 963 3438 1030 retributionis,
3474 979 3539 1016 eo

1894 1055 2142 1119 dicente,
2176 1057 2376 1110 audire
2424 1056 2738 1110 merearis:
2797 1058 2941 1124 Euge
2965 1071 3114 1108 serve
3171 1054 3302 1108 bone
3331 1062 3380 1107 et
3409 1053 3540 1122 ﬁde-

1897 1145 1964 1198 lis
1995 1146 2124 1214 quia
2178 1160 2342 1214 super
2394 1160 2568 1213 pauca
2620 1145 2778 1214 fuisti
2807 1144 3001 1213 ﬁdelis,
3060 1159 3231 1213 supra
3287 1143 3463 1195 multa
3493 1145 3544 1194 te

1891 1235 2247 1296 constituam;
2279 1235 2428 1288 intra
2488 1234 2547 1288 in
2601 1233 2874 1302 gaudium
2924 1233 3145 1289 Domini
3199 1233 3283 1286 tui
3334 1230 3540 1300 (Matth.

1902 1323 2058 1391 xxv.)

847 1671 1288 1733 ORATIONES
1332 1673 1408 1732 IN
1454 1548 2483 1732 CONCILIgIgLAROMONTANO
2527 1670 2842 1731 HABlT/E

1278 1799 1366 1858 De
1393 1796 1786 1876 expeditione
1819 1794 2399 1875 Hierosolymitana.

123 2019 236 2091 (Ex
261 2024 424 2076 temo
455 2018 502 2073 Χ
529 2020 690 2076 Cone.
738 2019 970 2087 LABBEI,
1004 2018 1112 2075 col.
1143 2020 1269 2085 514,
1305 2023 1361 2074 et
1402 2018 1465 2074 D.
1501 2019 1783 2086 Romam,

459 2092 574 2146 Vita
607 2091 830 2159 Urbani,
867 2091 1128 2162 Append.
1164 2108 1294 2163 pag.
1328 2091 1477 2161 369.)

205 2197 580 2264 Audivimus,
609 2197 816 2253 fratres
842 2197 1225 2266 dilectissimi,
1251 2202 1308 2252 et
1331 2197 1600 2264 audistis,
1634 2198 1785 2268 quod

127 2287 265 2342 sine
295 2286 602 2358 profundis
633 2285 990 2358 singultibus
1011 2291 1255 2342 tractare
1276 2303 1642 2359 nequaquam
1664 2303 1790 2358 pos-

127 2391 368 2441 sumus,
403 2374 639 2446 quantis
662 2374 1375 2447 calamitatibus,quantis
1408 2375 1790 2432 incommodi-

127 2463 384 2527 t—atibus,
418 2479 595 2533 quam
614 2462 756 2517 diris
769 2463 1217 2518 contritionibus
1245 2463 1301 2517 in
1314 2463 1635 2520 Jerusalem
1657 2463 1790 2519 etin

129 2550 445 2606 Antiochia
474 2555 531 2606 et
562 2550 620 2604 in
653 2552 873 2607 caeteris
905 2552 1202 2608 orientalis
1235 2552 1414 2624 plagae
1459 2551 1791 2607 civitatibus

131 2639 458 2695 Christiani
494 2638 696 2707 nostri,
759 2642 964 2696 fratres
1023 2641 1227 2705 nostri,
1287 2643 1551 2696 membra
1579 2640 1790 2695 Christi

138 2727 535 2799 flagellantur,
570 2729 1374 2800 opprimuntur,injuriantur
1393 2746 1654 2802 germani
1683 2731 1792 2784 l‘ra—

139 2822 266 2872 tres
293 2816 500 2882 nostri,
534 2817 979 2873 contubernales
1007 2818 1203 2887 vestri,
1257 2819 1537 2873 couterini
1585 2818 1786 2874 vestri:

139 2922 286 2960 nam
317 2909 378 2959 et
408 2903 673 2973 ejusdem
705 2904 918 2959 Christi
950 2912 1006 2960 et
1033 2907 1297 2976 ejusdem
1336 2908 1513 2962 etiam
1558 2907 1656 2962 Dei
1690 2905 1792 2960 filii

139 2994 290 3050 estis
316 3009 329 3047 :
353 2997 412 3046 et
440 2991 499 3043 in
514 2990 657 3060 ipsis
675 2991 797 3046 suis
810 2992 1080 3049 domibus
1098 2995 1477 3051 hmreditariis
1495 2996 1566 3050 ab
1589 2995 1796 3050 alienis

143 3079 408 3138 dominis
442 3078 872 3148 mancipantur,
891 3081 979 3136 vel
1008 3083 1231 3153 exipsis
1262 3084 1671 3162 exploduntur,
1697 3087 1798 3138 aut

146 3172 302 3226 inter
331 3185 434 3224 vos
467 3167 821 3233 mendicant,
857 3175 956 3224 aut
986 3172 1140 3241 quod
1166 3173 1400 3242 gravius
1425 3179 1532 3238 est,
1566 3173 1624 3226 in
1658 3171 1798 3242 ipsis

1821 1928 2088 1997 Bdacta,
2151 1929 2369 2000 Deique
2424 1928 2708 1994 servituti,
2759 1929 2831 1984 ad
2891 1927 3211 2000 ignomiam
3279 1930 3540 1982 nostram

1897 2017 2050 2086 dico,
2082 2017 2372 2073 subducta
2421 2021 2526 2072 est.
2588 2017 2749 2082 Quod
2781 2017 2936 2072 enim
2989 2019 3256 2089 superest
3315 2015 3544 2088 imperii

1900 2107 2082 2160 nostri
2114 2106 2410 2162 tantillum
2443 2111 2552 2174 est,
2607 2106 3071 2162 Christianorum
3124 2106 3222 2177 qui
3274 2105 3386 2160 ista
3413 2123 3542 2176 pro-

1899 2195 2224 2250 meruimus
2274 2200 2364 2250 est
2409 2195 2680 2250 dedecus.
2740 2196 2840 2251 Cui
2885 2196 3061 2250 servit
3092 2211 3246 2248 nunc
3301 2193 3546 2249 ecclesia

1899 2284 2080 2339 beata:
2112 2283 2305 2338 Mariae
2338 2284 2394 2338 in
2431 2301 2547 2354 qua
2598 2284 2723 2355 ipsa
2753 2300 2855 2354 pro
2890 2300 3127 2354 corpore
3176 2282 3406 2354 sepulta
3433 2282 3545 2336 fuit

1900 2373 1958 2428 in
1999 2371 2144 2427 valle
2180 2372 2510 2444 Josaphat?
2542 2373 2651 2427 Sed
2685 2371 2825 2443 quid
2874 2371 3154 2444 templum
3189 2369 3538 2439 Salomonis,

1900 2462 2017 2516 imo
2040 2461 2291 2526 Domini,
2325 2461 2852 2532 praetermittimus,
2877 2460 3065 2531 inquo
3100 2457 3415 2514 simulacra
3435 2475 3544 2513 sua

1900 2551 2156 2606 barbara:
2191 2551 2454 2606 nationes
2485 2556 2688 2605 contra
2701 2551 2802 2622 jus
2833 2555 2889 2606 et
2919 2551 3006 2605 fas
3038 2550 3208 2604 modo
3262 2547 3543 2604 collocata

1901 2640 2297 2695 venerantur?
2324 2640 2402 2695 De
2451 2639 2716 2710 sepulcro
2749 2638 3050 2694 Dominico
3083 2637 3207 2692 ideo
3248 2636 3541 2691 reminisci

1902 2727 2662 2801 supersedemus,quoniam
2688 2727 2873 2783 oculis
2885 2726 3092 2783 vestris
3110 2725 3338 2781 vidistis
3357 2742 3541 2797 quan-

1903 2824 1974 2873 tae
2007 2817 2428 2873 abominationi
2459 2816 2741 2873 traditum
2769 2817 2866 2872 sit.
3204 2835 3205 2838 η

1978 2907 2115 2961 Inde
2135 2906 2415 2962 violenter
2440 2906 2792 2961 abstrahunt
2813 2921 2958 2976 quas
2976 2903 3170 2976 ibipro
3201 2902 3361 2959 cultu
3386 2901 3546 2957 illius

1906 2994 2206 3049 multoties
2230 2994 2868 3050 intulistisoblationes.
2905 2993 2987 3049 Ibi
3021 2993 3300 3047 nimirum
3333 2991 3549 3046 multas

1907 3088 1963 3136 et
1996 3081 2334 3137 innumeras
2367 3081 2632 3154 religioni
2666 3086 2874 3136 nostra:
2927 3081 3199 3152 ingerunt
3227 3080 3550 3135 irrisiones.

1909 3171 1979 3224 Et
2001 3174 2194 3224 tamen
2227 3171 2284 3223 in
2318 3170 2414 3225 illo
2447 3170 2571 3224 loco
2603 3172 2739 3240 (non
2772 3170 2976 3240 ignara
3005 3169 3232 3239 loquor)
3273 3168 3555 3238 requievit

148 3259 278 3316 suis
303 3254 676 3354 patrimoniis
706 3256 938 3356 venales
988 3258 1255 3313 exsulant
1293 3265 1350 3314 et
1379 3260 1673 3332 vapulant.
1704 3259 1797 3314 Ef-
1831 3290 1874 3356 Ο
1911 3259 2097 3356 Deus:
2131 3257 2208 3312 ibi
2237 3275 2339 3329 pro
2373 3258 2538 3313 nobis
2582 3263 2846 3312 mortuus
2899 3261 3008 3312 est.
3039 3258 3235 3354 I‘leque
3285 3256 3555 3353 equidem

149 3345 418 3402 funditur
448 3344 692 3411 sanguis
713 3344 1101 3416 Christianus,
1128 3347 1339 3401 Christi
1397 3347 1679 3418 sanguine
1713 3363 1798 3401 re-

149 3435 446 3504 demptus,
479 3437 536 3488 et
565 3449 696 3488 caro
727 3433 1074 3501 Christiana,
1109 3435 1323 3490 Christi
1347 3435 1800 3505 consanguinea,

154 3519 425 3578 nefandis
441 3520 672 3593 ineptiis
684 3534 741 3577 et
766 3522 1146 3578 servitutibus
1161 3524 1397 3578 nefariis
1413 3523 1800 3594 mancipatur.

157 3609 280 3666 Illis
313 3609 370 3663 in
404 3607 648 3664 urbibus
666 3610 882 3681 ubique
909 3611 1121 3676 luctus,
1145 3612 1360 3682 ubique
1388 3611 1656 3676 miseriae,
1681 3610 1804 3665 ubi-

155 3715 270 3770 que
299 3697 572 3770 gemitus.
598 3698 861 3770 Suspirio
881 3699 1178 3756 haecdico:
1214 3700 1466 3756 ecclesia:
1500 3700 1556 3754 in
1591 3700 1805 3770 quibus

154 3786 297 3842 olim
319 3785 516 3840 divina
546 3786 835 3842 celebrata
884 3793 1023 3842 sunt
1070 3788 1376 3854 saerilicia,
1425 3789 1568 3860 proh
1601 3787 1802 3845 dolori

157 3890 289 3930 ecce
324 3872 680 3930 animalibus
701 3892 900 3930 eorum
934 3882 1071 3931 sunt
1117 3877 1368 3932 stabula.
1416 3878 1678 3948 Nequam
1711 3877 1808 3932 ho-

159 3963 350 4018 mines
367 3967 600 4018 sanctas
626 3980 762 4018 occu
771 3971 1056 4036 paverunt
1079 3966 1359 4022 civitates.
1381 3967 1578 4021 Turcaa
1611 3965 1806 4037 spurci

159 4051 520 4106 etimmundi
542 4052 755 4106 nostris
787 4052 1065 4108 fratribus
1078 4055 1474 4110 dominantur.
1493 4054 1808 4109 Antiochiae

160 4141 368 4195 beatus
417 4140 622 4193 Petrus
684 4141 954 4210 praesedit
1013 4142 1364 4213 episcopus:
1424 4161 1553 4198 ecce
1596 4143 1652 4196 in
1682 4143 1810 4215 ipsa

160 4227 421 4283 Ecclesia
449 4226 696 4298 gentiles
731 4244 872 4282 suas
888 4227 1314 4284 collocaverunt
1342 4231 1810 4300 superstitiones,

160 4324 217 4373 et
247 4316 592 4388 religionem
624 4315 1038 4384 Christianam,
1089 4335 1267 4388 quam
1317 4319 1690 4388 potissimum
1724 4336 1813 4374 co-

161 4405 343 4462 luisse
371 4405 718 4470 debuerant,
753 4405 825 4460 ab
850 4405 982 4461 aula
1014 4411 1123 4461 Deo
1155 4407 1424 4462 dedicata
1455 4408 1700 4478 turpiter
1717 4407 1814 4462 eli-

169 4495 491 4549 minaruut.

231 4583 455 4636 Praedia
478 4587 820 4637 sanctorum
844 4582 1157 4654 stipendiis
1188 4583 1408 4649 dedita,
1439 4587 1497 4638 et
1526 4583 1812 4639 nobilium

1911 3344 1992 3400 ibi
2025 3351 2173 3400 Deus
2224 3346 2331 3400 hoc
2373 3345 2677 3400 annuatim
2729 3344 3118 3416 praetermittit
3165 3345 3351 3398 facere
3384 3344 3557 3399 mira-

1912 3433 2132 3499 culum,
2167 3450 2301 3487 eum
2336 3435 2392 3488 in
2424 3432 2630 3488 diebus
2659 3431 2948 3504 passionis
2973 3450 3090 3489 suae
3121 3432 3418 3489 exstinctis
3441 3449 3560 3487 om-

1915 3521 2087 3577 nibus
2119 3525 2175 3577 et
2207 3522 2263 3576 in
2298 3521 2563 3593 sepulcro
2610 3526 2667 3576 et
2697 3521 2757 3576 in
2783 3520 3027 3576 ecclesia
3057 3521 3436 3576 circumcirca
3468 3520 3555 3576 lu-

1915 3611 2195 3676 minibus,
2220 3611 2637 3682 jubaredivino
2669 3610 2970 3681 lampades
2991 3609 3283 3666 exstinctae
3300 3626 3560 3665 reaccen-

1916 3700 2153 3753 duntur.
2174 3699 2353 3770 Cujus
2379 3704 2582 3769 pectus
2615 3699 2914 3754 silicinum
2935 3699 3153 3755 factum
3189 3702 3418 3754 tantum
3450 3697 3558 3752 mi-

1917 3787 2180 3842 raculum
2215 3805 2327 3842 non
2361 3787 2900 3843 emolliat?Credite
2914 3786 3356 3856 mihi,bestialis
3385 3787 3562 3842 homo

1917 3882 1973 3931 et
2001 3876 2212 3932 insulsi
2237 3877 2444 3947 capitis
2476 3881 2583 3943 est,
2631 3878 2800 3947 cujus
2849 3893 2945 3932 cor
2974 3877 3158 3931 virtus
3205 3875 3562 3931 divina-tam

1919 3982 2176 4037 praesens
2190 3966 2259 4020 ad
2278 3965 2450 4020 fidem
2467 3982 2578 4020 non
2602 3967 2884 4026 verberat.
2917 3969 2973 4020 et
3005 3981 3136 4019 cum
3171 3964 3416 4036 gentiles
3431 3981 3563 4018 cum

1919 4053 2267 4108 Christianis
2296 4052 2376 4107 ita
2407 4053 2638 4108 videant
2669 4052 3079 4120 communiter,
3116 4069 3219 4108 nec
3251 4053 3566 4108 emendan-

1920 4148 2032 4197 tur.
2067 4142 2469 4197 Perterrentur
2498 4142 2772 4212 equidem
2804 4141 2884 4210 hi,
2919 4158 3022 4197 nec
3055 4145 3474 4196 convertuntur
3494 4141 3565 4195 ad

1923 4233 2096 4286 fidem
2123 4249 2135 4285 :
2172 4247 2274 4286 nec
2307 4231 2543 4296 mirum,
2564 4230 2841 4301 quoniam
2867 4231 3079 4285 mentis
3109 4230 3418 4285 obcaecatio
3451 4229 3568 4282 illis

1921 4320 2276 4374 dominatur.
2313 4320 2558 4382 Quantis
2598 4317 3010 4374 afflictionibus
3045 4335 3148 4372 vos
3198 4318 3298 4389 qui
3328 4317 3567 4382 adestis,

1923 4409 2022 4480 qui
2052 4408 2303 4474 redistis,
2339 4408 2694 4474 iuvaserunt,
2729 4425 2830 4462 vos
2853 4407 2960 4478 ipsi
2994 4406 3205 4462 melius
3230 4406 3437 4471 nostis,
3469 4403 3571 4476 qui

1924 4497 2287 4552 substantias
2319 4497 2675 4568 vestras,qui
2697 4497 3043 4568 sanguinem
3065 4501 3321 4552 vestrum
3357 4495 3432 4548 ibi
3457 4495 3571 4548 Deo

1926 4583 2302 4639 immolastis.
2680 4589 2686 4595 '

168 4671 521 4744 patrimonia
551 4671 951 4726 sustentandis
974 4672 1332 4744 pauperibus
1355 4673 1699 4736 contradita,
1725 4690 1819 4744 pa-
1850 4655 1893 4718 Ι)
1996 4673 2125 4727 Haec
2156 4671 2926 4739 idcirco,fratres,diximus,
2948 4677 3012 4725 ut
3041 4689 3141 4726 vos
3173 4673 3331 4743 ipsos
3364 4685 3580 4725 sermo-

168 4776 329 4832 ganae
343 4758 635 4830 tyrannidi
655 4760 1072 4830 subjiciuntur,
1090 4761 1292 4832 eisque
1321 4760 1379 4816 in
1403 4762 1668 4834 proprios
1683 4778 1820 4816 usus

168 4847 421 4903 redactis
453 4847 676 4901 domini
709 4848 975 4905 crudeles
1029 4849 1373 4905 abutuntur.
1424 4849 1822 4906 Sacerdotium

171 4935 268 4990 Dei
303 4933 661 4990 humotenus
690 4936 1096 4993 conculcatum
1129 4943 1240 5004 est,
1291 4939 1690 4994 sanctuarium
1728 4939 1822 4993 Dei

129 5019 138 5027 ’
171 5041 272 5095 per
302 5021 468 5077 nefas
505 5023 721 5094 ubique
753 5025 1122 5097 profanatum
1147 5031 1270 5080 est:
1307 5027 1355 5081 si
1389 5027 1484 5098 qui
1522 5027 1712 5082 adhuc
1747 5026 1823 5080 ibi

170 5110 408 5166 latitant
435 5109 770 5178 Christiani,
818 5112 917 5166 ubi
966 5114 1237 5183 audistis,
1289 5114 1675 5186 exquiruntur
1709 5119 1824 5170 tor-

174 5197 409 5254 mentis.
445 5203 522 5254 De
553 5203 755 5254 sancta
783 5200 1131 5267 Jerusalem,
1186 5204 1389 5258 fratres
1424 5246 1436 5257 .
1474 5245 1486 5258 .
1521 5247 1532 5258 .
1571 5245 1583 5256 .
1623 5245 1634 5257 .
1669 5201 1828 5274 loqui

173 5285 687 5344 dissimulavimus
718 5289 873 5358 quod
908 5290 1070 5344 valde
1101 5292 1172 5346 de
1204 5308 1271 5347 ea
1291 5291 1451 5364 loqui
1476 5291 1831 5364 pertimesci-

176 5393 333 5442 mus,
387 5374 667 5446 quoniam
701 5375 828 5445 ipsa
875 5376 1100 5449 civitas,
1148 5378 1207 5433 in
1258 5397 1392 5452 qua,
1427 5386 1599 5452 prout
1627 5396 1832 5435 omnes

179 5464 384 5530 nostis,
427 5462 603 5518 Jesus
633 5462 899 5519 Christus
943 5481 1047 5535 pro
1079 5467 1247 5522 nobis
1292 5486 1525 5539 passus,
1581 5469 1834 5542 peccatis

179 5551 391 5609 nostris
427 5549 815 5622 exigentibus,
841 5553 950 5608 sub
985 5555 1327 5626 spurcitiam
1355 5575 1716 5630 paganorum
1751 5575 1833 5613 re-

1932 4760 2022 4816 nis
2053 4760 2235 4815 nostri
2267 4764 2443 4816 testes
2471 4761 2814 4816 habeamus.
2847 4759 3048 4814 Plures
3081 4763 3217 4814 sunt
3248 4764 3304 4813 et
3333 4760 3577 4812 fratrum

1933 4853 2265 4905 nostrorum
2281 4849 2549 4915 miseriae,
2583 4854 2640 4903 et
2655 4846 3031 4902 ecclesiarum
3055 4847 3152 4900 Dei
3187 4844 3585 4916 depopulatio-

1935 4955 2058 5005 nes,
2093 4955 2218 5009 quae
2253 4937 2554 5009 sigillatim
2587 4953 2894 5008 possemus
2926 4937 3177 5000 referre;
3211 4935 3310 4989 sed
3361 4934 3587 4988 instant

1935 5027 2202 5098 lacrymze
2217 5043 2280 5080 ac
2297 5025 2572 5097 gemitus,
2598 5026 2892 5081 etinstunt
2912 5023 3166 5095 suspiria
3194 5027 3252 5078 et
3265 5021 3582 5094 singultus.

1937 5117 2257 5182 Ploremus,
2295 5117 2520 5180 fratres,
2555 5115 2644 5169 eia
2675 5113 2992 5186 ploremus,
3025 5118 3082 5169 et
3112 5129 3244 5167 eum
3277 5110 3588 5166 Psalmista

1940 5203 2282 5259 medullitus
2301 5203 2594 5275 plorantes
2614 5201 3092 5275 ingemiscamus,
3109 5218 3214 5256 nos
3246 5197 3465 5263 miseri,
3481 5214 3587 5252 nos

1942 5291 2222 5359 infelices,
2259 5309 2511 5364 quorum
2539 5297 2798 5363 tempore
2829 5291 2928 5346 Dei
2964 5287 3267 5363 prophetia
3300 5286 3411 5339 ista
3432 5301 3593 5341 com-

1940 5381 2096 5454 pleta
2149 5387 2269 5437 est:
2331 5383 2492 5448 Deus,
2550 5387 2814 5435 venerunt
2868 5390 3053 5449 gentes
3105 5381 3162 5431 in
3218 5373 3592 5430 haereditate":

1944 5479 2114 5536 tuam,
2138 5471 2455 5541 polluerunt
2485 5468 2751 5538 templum
2780 5471 3034 5522 .smwtum
3073 5469 3264 5522 tuum;
3290 5465 3596 5533 posuerunt

1943 5559 2245 5614 Jerusalem
2279 5575 2337 5611 in
2362 5571 2648 5627 pomorum
2673 5555 2993 5628 custodiam.
3055 5554 3352 5605 Pasti-erunt
3406 5549 3594 5606 morti’
