3894 6214
320 372 437 434 567

1631 368 1700 431 B.
1746 365 2048 431 URBANI'
2080 364 2142 429 ΙΙ
2177 366 2426 432 ΡΑΡιΕ.

3616 367 3755 434 568

316 507 448 563 cina.
473 511 1007 562 servorum-tuorum
1063 521 1210 562 escas
1244 503 1554 562 volatilibus
1583 503 1725 569 cazli,
1781 517 1974 559 carnes
1999 498 2064 570 Α,
2086 504 2433 560 Sarracenos
2481 500 2743 578 gladium
2781 501 3008 562 vibrare
3034 501 3332 578 singulare
3373 501 3597 563 bonum
3626 507 3747 573 est,

316 597 875 652 sanctorumtuorum
907 595 1092 651 bestiis
1130 599 1314 651 terrae.
1373 595 1696 666 E/Iuderunt
1749 593 1978 664 δαηααί-

320 701 454 742 nem
477 685 724 757 ipsorum
751 689 1022 756 tanquam
1049 702 1249 755 aqum
1283 686 1342 738 in
1372 685 1610 739 circuitu
1648 683 1976 749 Jerusalem,

324 780 513 831 etnon
538 776 662 830 erat
678 774 776 845 qui
831 774 1099 846 sepeliret.
1163 774 1332 844 (Psat.
1368 773 1615 838 Lxxvm).
1653 775 1748 826 Va:
1783 771 1976 839 nobis,

328 860 559 930 fratres,
591 879 708 920 nos
729 862 829 933 qui
853 863 980 934 jam
1009 863 1144 934 facti
1170 878 1360 916 sumus
1387 861 1740 932 opprobrium
1779 862 1981 916 vicinis

327 953 982 1018 nostrismubsamwtio'et
1015 952 1202 1007 illusio
1233 951 1316 1006 his
1337 953 1432 1022 qui
1464 951 1522 1005 in
1552 951 1787 1006 circuitu
1800 957 1980 1006 nostra

333 1049 460 1096 sunt
488 1039 694 1112 (ιω).
725 1039 1150 1096 Condoleamus
1178 1040 1672 1112 etcompatiamur
1699 1039 1980 1096 fratribus

335 1127 574 1196 nostris,
633 1128 838 1185 saltem
869 1128 926 1183 in
983 1127 1277 1201 lacrymis.
1313 1129 1428 1184 Nos
1484 1128 1732 1201 abjectio
1790 1127 1980 1202 plebis

333 1218 488 1286 facti,
522 1220 578 1274 et
602 1218 875 1274 omnibus
906 1217 1243 1284 deteriores,
1293 1217 1790 1274 immanissimum
1839 1235 1977 1274 san-

330 1305 601 1370 ctissimae
617 1309 784 1362 terra:
799 1305 1150 1379 plangamus
1164 1308 1642 1366 devastationem.
1665 1308 1848 1372 Quam
1865 1311 1978 1363 ter-

329 1411 454 1452 ram
487 1394 694 1452 merito
724 1399 990 1452 sanctam
1023 1395 1300 1464 diximus,
1319 1397 1374 1452 in
1400 1414 1516 1468 qua
1545 1413 1660 1452 non
1692 1401 1779 1452 est
1800 1396 1977 1451 etiam

327 1501 540 1558 passus
572 1483 736 1558 pedis
750 1502 925 1557 quem
944 1502 1058 1540 non
1073 1484 1518 1542 illustraveritct
1532 1484 1980 1542 sanctiﬁcaverit

325 1573 416 1630 vel
445 1590 657 1646 corpus
685 1573 776 1630 vel
809 1574 1019 1630 umbra
1046 1574 1388 1643 Salvatoris,
1420 1575 1507 1630 vel
1539 1575 1794 1647 gloriosa
1833 1592 1976 1647 prae-

329 1662 518 1720 sentia
558 1666 786 1719 'sanctae
844 1662 947 1718 Dci
1005 1663 1336 1731 Gcnitricis,
1398 1664 1485 1719 vel
1539 1664 1979 1735 amplectendus

329 1751 727 1824 apostolorum
759 1755 1140 1820 commeatus,
1173 1751 1262 1807 vel
1299 1757 1622 1823 martyrum
1655 1751 1979 1808 cbibcndus

2086 593 2228 663 quia
2255 597 2313 648 et
2341 592 2594 650 charitas
2627 601 2714 651 est
2743 612 2846 666 pro
2864 595 3145 652 fratribus
3163 596 3392 652 animas
3421 596 3744 668 deponere.

2086 682 2169 738 Ne
2197 700 2329 738 vero
2353 685 2424 738 de
2446 684 3134 740 crastiniseventionibus
3147 683 3382 740 solliciti
3413 685 3565 751 sitis,
3587 685 3748 741 scia-

2085 773 2165 827 tis
2191 773 2332 844 quia
2360 773 2706 830 timentibus
2752 775 2936 830 Deum
2978 774 3125 829 nihil
3167 775 3348 844 deest,
3399 790 3503 830 nec
3533 775 3617 831 iis
3639 775 3760 847 qui!

2090 878 2223 917 eum
2258 862 2514 934 diligunt
2543 863 2600 917 in
2633 863 2890 919 veritate.
2946 863 3272 918 Facultates
3311 863 3488 920 etiam
3535 865 3749 922 inimi-

2089 969 2291 1008 corum
2325 956 2658 1008 nostrorum
2678 957 2881 1008 vestrae
2912 957 3100 1020 erunt,
3122 952 3401 1025 quoniam
3422 958 3482 1011 et
3502 953 3748 1012 illorum
3779 956 3785 961 ’

2088 1041 2398 1097 thesauros
2423 1041 2840 1114 exspoliabitis,
2874 1046 2931 1097 et
2962 1041 3046 1097 vel
3075 1042 3368 1099 victoriosi
3401 1045 3474 1098 ad
3502 1044 3750 1116 propria-

2090 1131 2447 1199 remeabitis,
2481 1131 2567 1186 vel
2599 1130 2884 1203 sanguine
2912 1135 3104 1186 vestro
3137 1133 3443 1204 purpurati
3485 1150 3748 1206 perenne

2087 1219 2356 1275 bravium
2389 1219 2813 1293 adipisccmini.
2844 1219 2966 1274 Tali
2994 1219 3330 1292 imperatori
3363 1221 3616 1278 militare
3648 1223 3748 1279 d'e-

2088 1305 2258 1372 betis,
2291 1306 2385 1362 cui
2416 1307 2585 1379 panis
2615 1307 2816 1364 deesse
2830 1323 2945 1363 non
2961 1311 3168 1379 potest,
3197 1309 3289 1364 cui
3305 1326 3433 1382 quae
3456 1312 3746 1383 rependat

2089 1395 2252 1452 nulla
2281 1397 2493 1453 desunt
2521 1395 2958 1469 stipendia.Via-
2973 1396 3162 1452 brevis
3179 1401 3286 1465 est,
3319 1398 3484 1455 labor
3514 1416 3745 1472 perum“

2087 1483 2255 1539 diuus
2285 1488 2396 1548 est,
2428 1483 2528 1555 qui
2559 1483 3315 1542 tamenimmarcescibilem
3345 1487 3510 1543 vobis
3537 1503 3742 1560 repen-

2089 1572 2187 1626 dat
2217 1589 2514 1627 coronam.
2541 1573 2672 1627 Jam
2706 1589 2861 1628 nunc
2887 1589 3026 1645 ergo
3055 1574 3398 1631 auctoritate
3425 1575 3742 1648 loquamur

2087 1660 2423 1731 prophetica
2447 1661 2958 1729 :Accingere,homo
2979 1662 3403 1735 unusquisque,
3435 1664 3630 1733 gladio
3648 1670 3740 1722 tuo

2087 1765 2252 1820 super
2279 1751 2464 1819 femur
2492 1754 2648 1804 tuum
2665 1751 3035 1820 potentissime
3063 1751 3233 1821 (Psal.
3267 1754 3440 1824 xuv).
3489 1755 3740 1827 Accingi-

330 1835 575 1914 sanguis
604 1841 845 1897 effusus.
880 1841 1063 1905 Quam
1085 1841 1257 1911 beati,
1281 1857 1313 1896 o
1344 1841 1631 1913 Stephano
1658 1847 1980 1914 protomar-
2010 1869 2058 1934 Β
2088 1840 2250 1906 mini,
2290 1840 2669 1910 accingimim',
2725 1839 2988 1910 inquam,
3021 1843 3071 1895 et
3130 1843 3295 1896 estote
3324 1842 3432 1910 ﬁlii
3474 1850 3739 1914 potentes,

330 1933 441 2004 tyr,
473 1928 572 2003 qui
603 1933 658 1986 te
704 1929 1114 1986 laureaverunt
1160 1929 1383 2002 lapides
1410 1930 1422 1986 ι
1479 1930 1663 1994 Quam
1699 1930 1913 1999 felices,
1947 1949 1980 1988 o
2010 1928 2052 1934 ”
2091 1929 2351 1998 quoniam
2381 1929 2576 1983 melius
2607 1931 2682 1982 est
2711 1928 2869 1982 nobis
2899 1929 3042 1983 mori
3087 1929 3148 1983 in
3199 1930 3336 1986 bello
3364 1948 3531 2002 quam
3560 1933 3743 1989 videre

332 2023 472 2076 tunc
505 2019 764 2096 Baptista
778 2019 1052 2086 Joannes,
1069 2017 1283 2090 quitibi
1313 2019 1385 2074 ad
1401 2018 1756 2076 Salvatorem
1786 2020 1980 2092 bapti-

331 2109 585 2165 zandum
616 2108 939 2165 servierunt
966 2106 1260 2163 Jordanici
1289 2107 1495 2164 latices
1518 2110 1528 2156 !
1550 2107 1677 2164 Filii
1710 2109 1886 2165 Israel
1909 2111 1980 2166 ab

331 2195 842 2274 Egyptiiseducti,
875 2195 1170 2267 quiBubri
1193 2196 1376 2253 maris
1391 2197 1644 2253 transitu
1674 2214 1775 2253 vos
1802 2200 1983 2271 pra-Ii-

332 2289 706 2360 guraverunt,
722 2288 938 2341 terram
971 2284 1132 2340 illam
1156 2285 1336 2341 armis
1351 2285 1496 2356 suis,
1515 2286 1656 2342 Jesu
1688 2287 1982 2356 duce,sibi

328 2374 772 2432 vindicaverunt
795 2392 807 2443 ;
830 2373 1130 2430 Jebusaeos
1161 2379 1218 2431 et
1249 2373 1393 2431 alios
1411 2391 1698 2432 convenas
1733 2376 1866 2432 inde
1888 2393 1982 2432 ex-

332 2463 627 2538 pulerunt,
661 2467 729 2519 et
747 2462 936 2518 instar
980 2462 1310 2520 Jerusalem
1362 2463 1612 2521 caelestis
1658 2466 1983 2522 Jerusalem

336 2556 629 2610 terrenam
661 2551 1057 2608 excoluerunt.

409 2641 572 2708 Quod
603 2639 878 2707 dicimus,
912 2640 1140 2709 fratres,
1173 2641 1368 2697 audite
1397 2645 1454 2696 et
1492 2641 1816 2715 intelligite.
1870 2643 1986 2699 Vos

347 2730 593 2787 accincti
625 2729 858 2802 cingulo
891 2728 1112 2784 militiae
1163 2745 1377 2802 magno
1427 2730 1733 2802 supercilio
1782 2731 1988 2788 fratres

343 2821 568 2876 vestros
597 2817 917 2885 dilaniatis,
951 2820 1126 2889 atque
1147 2818 1299 2874 inter
1325 2835 1425 2874 vos
1444 2818 1836 2876 dissecamini.
1861 2822 1987 2878 Non

344 2911 434 2964 est
461 2905 583 2962 haec
605 2905 814 2962 militia
837 2905 1048 2962 Christi
1062 2923 1190 2978 qua:
1203 2907 1451 2963 destruit
1480 2908 1625 2964 ovile
1649 2909 1990 2983 Redempto-

346 2994 446 3050 ris.
481 2995 694 3051 Sancta
721 2994 977 3051 Ecclesia
1001 2995 1071 3051 ad
1124 3011 1365 3051 suorum
1405 2995 1846 3070 cpitulationem
1876 2999 1990 3055 sibi

347 3082 660 3140 reservavit
689 3082 960 3139 militiam
993 3084 1079 3155 (ut
1115 3083 1414 3140 veritatem
1465 3085 1772 3155 fateamur)
1817 3088 1989 3158 cujus

345 3187 640 3245 praecones
671 3187 799 3228 esse
829 3171 1129 3228 debemus.
1163 3172 1287 3228 Non
1319 3173 1527 3229 tenetis
1542 3190 1672 3229 vere
1702 3174 1854 3230 viam
1889 3192 1989 3247 per

345 3278 523 3334 quam
555 3259 704 3318 eatis
730 3261 802 3316 ad
843 3259 1090 3317 salutem
1124 3263 1180 3318 et
1226 3261 1428 3317 vitam.
1462 3267 1577 3318 Vos
1626 3263 1984 3336 pupillorum

341 3366 736 3423 oppresorcs,
768 3367 876 3406 vos
899 3349 1208 3406 viduarum
1242 3351 1614 3422 praedatores,
1661 3369 1761 3408 vos
1802 3353 1987 3410 homi-

341 3439 502 3504 cidae,
532 3455 636 3496 ves
665 3437 950 3512 sacrilegi,
981 3455 1084 3494 vos
1116 3437 1286 3494 alieni
1312 3439 1465 3511 juris
1495 3440 1836 3513 direptores,
1886 3460 1986 3499 vos

342 3543 447 3603 pro
477 3528 825 3585 offendendo
857 3527 1144 3599 sanguine
1172 3526 1500 3584 Christiano
1526 3531 1871 3602 exspectatis
1903 3531 1985 3587 la-

344 3616 762 3674 trocinantium
797 3615 1110 3687 stipendia,
1133 3618 1190 3671 et
1219 3615 1638 3674 sicutvultures
1670 3619 1988 3677 odorantur

343 3707 643 3775 cadavera,
660 3704 745 3762 sic
772 3703 1226 3776 longinquarum
1241 3705 1496 3779 partium
1527 3707 1910 3780 auspicamini
1932 3713 1990 3765 et

343 3794 648 3852 sectamini
679 3791 851 3849 bella.
875 3792 1261 3851 Certcviaista
1289 3795 1547 3866 pessima
1576 3801 1683 3864 est,
1707 3799 1986 3869 quoniam

344 3901 380 3940 a
407 3884 524 3940 Deo
557 3880 795 3938 omnino
823 3884 1048 3938 remota
1065 3885 1173 3937 est.
1205 3887 1382 3940 Porro
1400 3884 1448 3938 si
1479 3883 1654 3940 vultis
1676 3885 1987 3943 animabus

341 3971 550 4028 vestris
580 3968 827 4035 consuli,
861 3969 1028 4026 istius
1051 3971 1207 4027 modi
1241 3971 1459 4026 militiae
1477 3972 1776 4046 cingulum
1810 3991 1990 4046 quan-

342 4059 534 4118 tocius
580 4058 873 4132 deponite,
931 4062 988 4116 et
1037 4059 1108 4116 ad
1166 4060 1592 4117 defendendam
1645 4061 1987 4118 orientalem

342 4147 662 4207 Ecclesium
719 4147 972 4205 velocius
1029 4147 1376 4205 concurrite.
1409 4149 1538 4206 Haec
1595 4155 1684 4206 est
1730 4151 1885 4206 enim
1920 4152 1990 4208 de

342 4255 468 4311 qua,
481 4236 659 4294 totius
687 4241 892 4295 vestrae
909 4235 1120 4294 salutis
1149 4242 1566 4295 emanaverunt
1594 4239 1829 4312 gaudia,
1861 4256 1988 4310 quaa

342 4325 645 4384 distillavit
672 4327 729 4384 in
760 4344 826 4384 os
850 4330 1110 4384 vestrum
1142 4325 1320 4382 divini
1379 4327 1547 4382 lactis
1608 4327 1809 4397 ubera,
1861 4345 1986 4399 quae

341 4416 511 4474 nobis
522 4415 1291 4490 propinavitevangeliorum
1309 4420 1680 4472 sacrosancta
1691 4417 1984 4488 dogmata.

341 4507 470 4564 Haec
499 4506 650 4575 ideo,
682 4506 910 4571 fratres,
941 4505 1216 4574 dicimus,
1242 4509 1306 4559 ut
1333 4508 1390 4560 et
1420 4521 1632 4560 manus
1662 4503 1986 4560 homicidas

2089 2017 2241 2070 mala
2269 2018 2448 2088 gentis
2476 2020 2672 2072 nostrae
2687 2023 2737 2071 et
2765 2021 3082 2072 sanctor-um
3113 2018 3340 2086 (IMach.
3365 2023 3469 2087 Ill).
3493 2020 3618 2076 Non
3640 2038 3743 2077 vos

2092 2104 2460 2160 demulceant
2490 2103 2828 2160 illecebrosa
2861 2103 3261 2161 blandimenta
3299 2106 3616 2164 mulierum
3649 2126 3745 2165 re-

2093 2209 2341 2265 rumque
2366 2198 2711 2262 vestrarum,
2745 2193 2886 2264 quin
2929 2193 3113 2266 eatis;
3145 2211 3251 2250 nec
3280 2211 3380 2252 vos
3412 2197 3743 2255 deterreant

2097 2282 2429 2355 perferendi
2461 2281 2709 2348 labores,
2745 2287 3036 2353 quatenus
3068 2271 3438 2340 remaneatis.

2165 2373 2302 2438 Vos,
2332 2372 2540 2428 fratres
2569 2375 2624 2427 et
2635 2371 2980 2443 coepiscopi,
3005 2374 3450 2430 consacerdotes
3469 2378 3527 2430 et
3555 2375 3739 2431 cohae-

2097 2461 2263 2516 redes
2275 2460 2618 2532 Christi,per
2629 2458 2916 2516 Ecclesiae
2928 2459 3092 2516 vobis
3105 2461 3452 2518 commissas
3481 2463 3741 2536 idipsum

2097 2550 2462 2618 annuntiate,
2481 2553 2538 2604 et
2567 2548 2798 2604 viamin
2824 2549 3149 2606 Jerusalem
3181 2554 3300 2606 toto
3331 2569 3428 2608 ore
3449 2552 3744 2611 universa-

2096 2638 2230 2694 Iiter
2259 2638 2585 2711 praedicate.
2617 2637 2876 2694 Confessi
2910 2642 3277 2710 peccatorum
3309 2657 3550 2698 suorum
3585 2643 3746 2717 igno-

2099 2727 2372 2793 rantiam,
2405 2727 2594 2782 securi
2636 2727 2706 2782 de
2737 2726 2964 2783 Christo
3011 2727 3257 2784 celerem
3305 2729 3622 2802 impetrent
3650 2748 3743 2789 ve-

2099 2816 2279 2871 niam.
2313 2816 2430 2871 Vos
2460 2818 2654 2870 autem
2686 2815 2787 2886 qui
2821 2813 2954 2870 ituri
2987 2815 3147 2884 estis,
3183 2815 3472 2874 habebitis
3503 2837 3611 2876 nos
3641 2837 3745 2893 pro

2099 2905 2262 2960 vobis
2295 2909 2574 2969 oratores,
2608 2920 2714 2958 nos
2744 2903 3068 2960 habeamus
3099 2922 3200 2961 vos
3232 2923 3336 2978 pro
3385 2908 3600 2981 populo
3642 2910 3743 2967 Dei

2101 2997 2474 3066 pugnatorcs.
2508 2993 2784 3048 Nostrum
2815 2997 2904 3048 est
2933 3010 3117 3062 orare,
3150 2998 3407 3050 vestrum
3431 3000 3521 3053 est
3542 3003 3746 3054 contra

2098 3082 2449 3138 Amalecitas
2479 3096 2757 3154 pugnare.
2793 3082 2910 3137 Nos
2956 3082 3335 3139 extendamus
3383 3101 3517 3140 cum
3550 3086 3744 3159 Moyse

2101 3190 2310 3233 manus
2359 3172 2682 3228 indefessas
2731 3177 2961 3227 orantes
3010 3172 3066 3226 in
3099 3171 3348 3240 coelum;
3399 3190 3502 3230 vos
3532 3175 3745 3231 exerite

2099 3266 2156 3319 et
2182 3261 2403 3317 vibrate
2434 3260 2707 3332 intrepidi
2736 3260 3090 3332 praeliatores
3122 3260 3180 3315 in
3194 3261 3429 3317 Amalec
3457 3262 3741 3336 gladium.

2094 3354 2273 3407 Amen
2285 3394 2297 3407 .

2888 3437 2954 3492 II.

2096 3529 2324 3603 ((Ioncil.
2376 3527 2508 3583 ibid.
2561 3525 2666 3581 col.
2695 3527 2835 3593 501;
2888 3527 2954 3582 D.
2992 3527 3274 3595 Romam,
3311 3528 3468 3595 ibid.,
3500 3545 3558 3601 p.
3593 3531 3740 3602 373).

2167 3617 2385 3687 Nostis,
2421 3616 2628 3671 fratres
2673 3613 3060 3681 dilectissimi,
3091 3619 3149 3671 et
3178 3620 3430 3672 vestram
3482 3633 3656 3674 nosse
3682 3617 3756 3674 id-

2095 3707 2324 3779 expedit
2343 3705 2706 3772 charitatem,
2723 3704 3014 3774 quomodo
3037 3703 3276 3760 humani
3297 3705 3526 3778 generis
3561 3707 3744 3780 Repa-

2097 3801 2255 3851 rator
2284 3809 2386 3865 pro
2418 3796 2616 3848 nostra
2645 3790 2908 3847 omnium
2941 3791 3127 3847 salute
3149 3808 3380 3849 carnem
3411 3810 3741 3862 assumens,

2096 3888 2152 3940 et
2181 3883 2356 3938 homo
2388 3881 2540 3937 inter
2579 3879 2848 3936 homines
2898 3885 3292 3950 conversatus,
3347 3884 3560 3938 terram
3612 3901 3744 3956 pro-

2099 3969 2417 4037 missionis,
2451 3985 2626 4041 quam
2661 3968 2884 4040 pridem
2916 3969 3182 4041 patribus
3211 3971 3580 4042 promiserat,
3612 3988 3746 4044 pro-

2098 4058 2225 4131 pria
2257 4056 2562 4112 illustravit
2584 4057 2990 4128 praesentia,et
3015 4062 3333 4131 assumpta:
3366 4058 3745 4132 dispensatio-

2098 4148 2190 4203 nis
2221 4145 2516 4218 operibus,
2549 4151 2607 4201 et
2637 4146 2840 4200 crebra
2871 4145 3047 4201 simul
3081 4145 3495 4203 miraculorum
3519 4148 3744 4205 exhibi-

2097 4235 2253 4292 tione
2315 4233 2566 4289 reddidit
2615 4232 2945 4306 specialiter
2997 4233 3328 4308 insignem;
3384 4235 3441 4291 id
3500 4237 3655 4292 enim
3687 4243 3744 4294 et

2095 4323 2318 4380 Veteris
2341 4321 2548 4378 etNovi
2571 4339 2717 4394 pene
2738 4322 2796 4376 in
2819 4321 3094 4379 omnibus
3117 4323 3355 4396 syllabis
3377 4325 3544 4381 docet
3563 4327 3743 4383 series

2095 4410 2474 4470 Testamenti.
2507 4411 2766 4474 Quadam
2800 4427 2942 4466 sane
2985 4410 3313 4468 dilectionis
3363 4415 3745 4487 praerogativa

2096 4507 2318 4560 certum
2343 4505 2432 4556 est
2458 4516 2584 4555 eam
2618 4499 2909 4564 dilexisse,
2944 4500 3025 4555 ita
3057 4503 3120 4556 ut
3149 4517 3278 4556 eam
3310 4501 3468 4558 orbis
3490 4507 3741 4574 partem,

341 4614 375 4654 a
405 4597 659 4652 fraterna
690 4611 827 4651 nece
859 4593 1229 4660 contineatis,
1260 4596 1318 4648 et
1345 4609 1449 4665 pro
1481 4592 1989 4651 ﬁdeidomesticis-
2020 4598 2068 4664 Β
2100 4594 2218 4648 imo
2256 4588 2628 4663 particulam,
2678 4587 3074 4644 haereditatem
3128 4607 3296 4646 suam
3347 4591 3626 4664 dignatus
3655 4598 3744 4650 est

336 4705 440 4746 vos
467 4683 720 4742 externis
747 4683 1082 4740 nationibus
1112 4682 1511 4754 opponatis,et
1526 4681 1634 4737 sub
1664 4681 1803 4737 Jesu
1826 4682 1982 4738 Chri-

339 4780 430 4834 sto
462 4775 609 4831 duce
637 4776 828 4830 vestro
857 4772 1009 4828 acies
1034 4769 1384 4837 Christiana,
1415 4769 1985 4843 aciesinvictissima,

339 4863 551 4921 melius
581 4879 759 4936 quam
786 4861 898 4934 ipsi
925 4864 1146 4917 veteres
1177 4857 1450 4914 Israelita:
1472 4875 1576 4932 pro
1602 4863 1794 4916 vestra
1821 4861 1981 4918 Jeru-

341 4952 524 5010 salem
553 4950 881 5016 decertetis,
916 4952 973 5004 et
1011 4949 1233 5004 Turcos
1265 4947 1363 5019 qui
1391 4947 1449 5002 in
1487 4965 1554 5003 ea
1601 4952 1740 5004 sunt
1787 4950 1982 5007 nefan-

339 5043 531 5098 diores
561 5057 740 5115 quam
768 5035 1022 5094 Jebuszei
1054 5035 1412 5108 impugnatis
1439 5039 1496 5091 et
1523 5039 1884 5111 expugnatis.

407 5129 724 5198 Pulchrum
747 5127 825 5184 sit
851 5124 1017 5181 vobis
1039 5123 1099 5180 in
1134 5122 1232 5180 illa
1252 5124 1481 5180 civitate
1512 5125 1656 5180 mori
1682 5143 1784 5198 pro
1815 5127 1890 5183 Ch
1904 5129 1977 5183 ri-

337 5225 448 5291 sto,
479 5219 536 5276 in
549 5232 782 5292 quapro
798 5213 962 5268 vobis
987 5212 1255 5269 Christus
1282 5218 1549 5269 mortuus
1563 5218 1672 5270 est.
1697 5216 1977 5274 Caeterum

337 5311 385 5365 si
414 5325 518 5366 vos
549 5309 721 5364 antea
750 5301 897 5358 mori
955 5299 1280 5372 contigerit,
1330 5301 1389 5356 id
1433 5301 1627 5374 ipsum
1679 5309 1981 5363 autumate

335 5397 485 5456 mori
511 5395 569 5451 in
597 5395 711 5462 via,
743 5391 792 5447 si
824 5393 1019 5445 tamen
1051 5388 1316 5445 Christus
1341 5389 1400 5445 in
1431 5408 1539 5446 sua
1567 5409 1667 5449 vos
1698 5393 1982 5452 invenerit

334 5484 565 5542 militia.
600 5481 754 5538 Deus
784 5477 941 5533 enim
972 5475 1194 5531 denarii
1226 5479 1543 5536 retributor
1589 5485 1677 5538 est
1705 5481 1896 5554 prima
1926 5487 1982 5540 et

333 5576 480 5631 hora
509 5573 689 5627 sexta.
721 5565 1089 5624 Horrendum
1118 5569 1224 5634 est,
1255 5568 1483 5637 fratres,
1517 5569 1872 5627 horrendum
1893 5575 1983 5628 est

331 5680 434 5722 vos
465 5661 525 5715 in
550 5654 910 5714 Christianos
941 5669 1207 5723 rapacem
1257 5674 1503 5716 manum
1553 5660 1880 5716 extendere.
1917 5660 1980 5716 In

2092 4679 2404 4754 appellare,
2439 4694 2572 4733 cum
2596 4677 2723 4748 ejus
2755 4677 2832 4733 sit
2878 4677 3152 4733 omnibus
3171 4681 3325 4734 terra
3355 4682 3412 4734 et
3439 4678 3743 4752 plenitudo

2098 4771 2246 4842 ejus.
2281 4767 2444 4824 Unde
2476 4783 2576 4839 per
2625 4766 2837 4822 Isaiam
2885 4767 3001 4822 ait:
3065 4768 3358 4824 [hereditas
3407 4784 3529 4825 mea
3577 4770 3747 4828 Israel

2089 4860 2214 4931 (Isa.
2249 4858 2384 4928 xw).
2417 4857 2484 4911 Et
2541 4856 2710 4911 item:
2773 4856 2938 4912 Vinea
2996 4856 3223 4913 Domini
3277 4857 3501 4914 sabaoth
3553 4857 3745 4916 domus

2087 4947 2260 5005 Israel
2287 4953 2365 5002 est
2395 4946 2518 5016 (lca.
2551 4945 2627 5017 v).
2662 4945 2732 4999 Et
2760 4943 2897 5000 licet
2928 4948 3110 5000 totam
3153 4944 3212 5000 in
3262 4948 3490 5018 partem
3539 4948 3742 5020 prisci-

2089 5053 2267 5110 puam
2299 5033 2408 5092 sibi
2440 5033 2791 5090 dedicaverit
2823 5033 2893 5089 ab
2926 5033 3117 5103 initio,
3151 5033 3508 5106 peculiarius
3546 5039 3743 5117 tamen

2090 5126 2295 5180 urbem
2327 5125 2589 5179 sanctam
2608 5121 2718 5178 sibi
2739 5121 3039 5194 adoptavit
3065 5121 3120 5177 in
3143 5122 3461 5196 propriam,
3493 5127 3744 5182 testante

2089 5212 2372 5286 prephcta
2401 5210 2498 5281 qui
2531 5211 2647 5265 ait:
2682 5211 2874 5282 Diligit
2897 5211 3157 5267 Dominus
3188 5214 3376 5283 portas
3407 5211 3538 5268 Sion
3582 5227 3746 5286 super

2090 5303 2277 5359 omnia
2333 5298 2690 5356 tabernacula
2745 5299 2904 5355 Iacob
2960 5299 3127 5371 (Psal.
3192 5300 3434 5372 Lxxxvl).
3491 5301 3572 5357 De
3628 5318 3744 5375 qua

2089 5386 3080 5462 gloriosadicuntur,videlicetquod
3099 5388 3157 5443 in
3190 5404 3258 5444 ea
3288 5387 3741 5462 docens,p‘assus

2091 5485 2147 5534 et
2160 5491 2472 5547 resurgens
2494 5473 3031 5545 Salvator,salutem
3059 5481 3333 5551 operatus
3346 5481 3435 5534 est
3465 5478 3527 5533 in
3551 5479 3742 5537 medio

2089 5572 2274 5623 terrae.
2312 5561 2394 5616 Ad
2424 5560 2534 5616 hoc
2563 5579 2597 5617 a
2626 5563 2853 5620 saeculis
2884 5568 2974 5620 est
3018 5564 3320 5639 praelecta
3349 5568 3416 5620 ut
3444 5569 3742 5626 tantorum

2091 5655 2248 5712 esset
2273 5648 2507 5706 conscia
2533 5655 2589 5707 et
2617 5651 3081 5712 cellafamiliaris
3104 5653 3536 5727 mysteriorum.
3552 5655 3744 5714 Emeta
