3894 6214
291 356 407 421 571

1584 358 1655 424 Β.
1702 356 1998 426 URBANI
2040 354 2094 423 II
2137 358 2383 424 ΡΑΡιΕ.

3571 355 3704 423 872

291 491 662 560 Christianis,
694 491 794 566 qui
834 496 1035 550 contra
1087 506 1186 550 eos
1243 507 1408 549 arma
1463 493 1845 566 susceperint,
1876 497 1934 548 et
1961 496 2016 560 Α
2044 497 2300 566 quantus
2321 491 2784 550 Christianorum
2807 492 2995 566 pudor
3015 493 3053 561 l)
3073 487 3701 565 Syriam,Armeniam,

293 603 444 642 onus
473 584 585 642 sibi
617 584 795 655 hujus
835 583 1314 656 peregrinationis
1345 582 1790 654 assumpserint,
1824 582 1933 636 im-

293 693 529 732 mensas
553 692 656 746 pro
677 673 802 729 suis
823 672 1048 729 delictis
1071 672 1441 744 paenitentiae
1459 671 1806 727 relaxamus.
1827 671 1934 736 Qui

293 771 488 821 autem
520 764 597 819 ibi
632 764 690 818 in
715 780 849 818 vera
880 762 1220 834 poenitentia
1248 759 1620 824 decesserint,
1653 764 1711 813 et
1740 776 1936 830 pecca-

292 859 488 909 torum
512 849 936 922 indulgentiam
963 853 1019 904 et
1041 848 1293 902 fructum
1318 852 1544 901 aeterna:
1570 846 1852 901 mercedis
1874 863 1936 901 se

294 959 410 998 non
433 939 701 996 dubitent
726 939 1052 993 habituros.
1080 936 1310 990 Interim
1337 951 1468 989 vero
1489 951 1588 990 eos
1609 935 1707 1005 qui
1732 935 1936 989 ardore

294 1031 427 1086 ﬁdei
460 1031 530 1084 ad
557 1027 975 1100 expugnandos
1007 1024 1139 1080 illos
1170 1024 1424 1078 laborem
1475 1023 1655 1078 istum
1705 1041 1934 1078 assum-

294 1119 536 1191 pserint.
568 1117 679 1172 sub
711 1113 973 1170 Ecclesizs
1005 1112 1338 1167 defensione
1369 1117 1426 1166 et
1451 1111 1753 1167 beatorum
1787 1112 1935 1168 Petri

291 1212 350 1264 et
397 1205 560 1262 Pauli
613 1203 988 1276 protectione,
1059 1205 1344 1272 tanquam
1404 1217 1550 1255 verae
1595 1199 1935 1256 obedientia

291 1295 443 1351 ﬁlios
474 1293 808 1365 recipimus,
849 1296 907 1346 et
938 1292 1010 1345 ab
1069 1289 1356 1345 universis
1411 1288 1938 1361 inquietationibus

289 1389 408 1440 tam
438 1383 497 1438 in
529 1382 705 1438 rebus
735 1397 912 1452 quam
945 1381 1000 1434 in
1053 1379 1318 1451 personis
1349 1378 1665 1434 statuimus
1703 1395 1937 1434 manere

288 1488 544 1529 securos.
579 1469 637 1525 Si
667 1486 798 1526 vero
829 1467 1126 1540 quispiam
1177 1467 1487 1522 molestare
1533 1483 1632 1522 eos
1663 1483 1809 1522 ausu
1853 1473 1934 1522 te-

288 1560 538 1618 merario
567 1557 1024 1631 praesumpserit.
1061 1572 1161 1627 per
1189 1555 1531 1626 episcopum
1564 1553 1675 1610 loci
1705 1571 1934 1610 excom-

288 1648 682 1706 municatione
709 1646 952 1702 feriatur
983 1649 1040 1700 et
1070 1644 1273 1700 tandiu
1306 1643 1596 1699 sententia
1625 1643 1697 1698 ab
1745 1644 1932 1698 omni-

287 1739 401 1793 bus
431 1737 790 1800 observetur,
831 1734 1015 1787 donec
1047 1737 1104 1787 et
1157 1732 1351 1786 ablata
1406 1731 1744 1799 reddantur,
1778 1736 1834 1786 ct
1862 1733 1932 1788 de

287 1826 467 1882 illatis
497 1823 728 1880 damnis
755 1838 1009 1892 congrue
1039 1821 1380 1876 satisfaciat.

358 1911 627 1986 EpiscOpi
657 1927 790 1967 vero
822 1914 877 1965 et
908 1909 1248 1981 presbyteri,
1291 1909 1390 1980 qui
1450 1907 1667 1964 talibus
1713 1909 1936 1964 fortiter

288 2020 405 2060 non
436 1998 771 2064 restiterint,
803 1997 977 2054 ofﬁcii
1010 1996 1396 2069 suspensione
1428 1996 1808 2064 mulctentur,
1840 1997 1935 2053 do-

289 2107 393 2147 nec
427 2085 882 2146 misericordiam
911 2085 1066 2141 sedis
1095 2083 1426 2156 apostolicae
1458 2085 1779 2140 obtineant.

1065 2235 1161 2291 III.

290 2349 393 2421 (Ex
447 2347 767 2403 WILLELMO
842 2344 1378 2482 Mamsss7ul‘a)mssn
1440 2341 1477 2396 l.
1539 2359 1614 2407 IV,
1688 2360 1814 2415 cap.
1878 2345 1932 2411 2,

1002 2431 1056 2482 p.
1186 2456 1197 2467 .

1002 2431 1056 2486 p.
1110 2431 1197 2468 ιιι.

358 2534 560 2599 Multa,
593 2532 801 2587 fratres
831 2529 1187 2594 cbarissimi,
1219 2527 1428 2585 diebus
1459 2527 1550 2584 his
1587 2528 1752 2584 vobis
1781 2528 1937 2584 dicta

289 2621 562 2689 recolitis,
596 2617 942 2692 quaedamin
966 2616 1209 2672 concilio
1232 2621 1431 2672 nostro
1443 2618 1632 2688 jussa,
1667 2619 1934 2688 quasdam

289 2711 559 2768 inhibita.
594 2708 960 2765 Inconditum
991 2711 1047 2760 et
1076 2707 1387 2761 confusum
1432 2706 1716 2762 scelerum
1760 2707 1936 2764 chaos

289 2800 556 2873 exigebat
585 2795 907 2852 multorum
938 2795 1167 2850 dierum
1219 2793 1632 2863 intcrstitium;
1667 2801 1938 2852 veternus

291 2889 535 2946 morbus
562 2885 791 2941 volebat
826 2882 1169 2939 cauterium.
1202 2883 1352 2938 Dum
1409 2883 1564 2939 enim
1613 2883 1936 2957 indulgenti

292 2973 761 3035 funeclementiaa
774 2972 1128 3028 dimittimus
1149 2971 1384 3038 lineam,
1404 2972 1589 3029 multa
1610 2974 1782 3029 modo
1808 2991 1941 3046 apo-

293 3065 542 3124 stolatus
571 3061 755 3118 nostri
788 3061 1030 3116 offendit
1058 3061 1316 3116 ofﬁcium
1348 3078 1473 3133 qua:
1506 3061 1935 3134 prmscinderet,

291 3154 459 3212 nulla
487 3152 701 3226 quibus
721 3153 998 3222 parceret.
1025 3148 1135 3204 Sed
1168 3149 1638 3205 fuerithactenus
1668 3151 1938 3206 humanae

1964 1858 2012 1922 Β

2043 599 2277 639 omnem
2308 588 2602 656 postremo
2632 584 2829 640 Asiam
2851 583 3137 640 minorem
3165 581 3355 652 (cujus
3378 580 3701 654 provinciae

2044 676 2183 728 sunt
2242 672 2529 745 Bithynia,
2591 672 2858 744 Phrygia,
2911 671 3156 736 Galatia,
3233 670 3431 742 Lydia,
3502 671 3704 736 Caria,

2045 759 2404 830 Pamphylia,
2423 759 2661 825 Isauria,
2680 759 2871 832 Lycia,
2887 759 3107 828 Cilicia)
3129 763 3520 830 occuparunt;
3542 775 3706 814 nunc

2045 849 2337 920 Illyricum
2381 855 2438 904 et
2471 866 2675 904 omnes
2707 847 3010 904 inferiores
3043 853 3227 902 terras
3258 845 3582 902 insolentes
3612 848 3707 902 in-

2046 939 2330 1010 quietant,
2360 955 2547 1010 usque
2571 938 2643 992 ad
2675 953 2834 992 mare
2859 937 3012 1008 quod
3037 936 3318 991 brachium
3332 936 3521 991 Sancti
3540 935 3708 992 Geor-

2043 1028 2126 1097 gii
2145 1032 2402 1082 vocatur.
2429 1025 2576 1090 Quid
2609 1025 2763 1096 quod
2797 1025 3168 1080 Dominicum
3223 1029 3703 1092 monumentum,

2045 1115 2286 1170 unicum
2319 1114 2623 1170 introitum
2650 1113 2971 1186 peregrinis
2996 1112 3210 1169 nostris
3233 1113 3700 1184 venditant,qua:

2046 1203 2187 1258 solis
2218 1204 2564 1259 Christianis
2613 1207 2808 1274 patere
2837 1203 3090 1266 deberet,
3125 1202 3175 1257 si
3225 1202 3461 1273 aliquod
3511 1201 3700 1258 solita)

2044 1293 2276 1348 virtutis
2307 1292 2613 1366 vestigium
2647 1291 2732 1347 eis
2763 1291 2997 1346 inesset.
3035 1291 3150 1346 Hoc
3183 1291 3242 1346 in
3275 1290 3467 1346 solum
3515 1295 3699 1356 esset,

2045 1381 2263 1436 frontes
2293 1387 2524 1436 nostras
2555 1397 2792 1436 onerare
2831 1380 3164 1446 sufﬁceret;
3191 1381 3316 1449 jam
3366 1395 3501 1435 vero
3560 1380 3702 1451 quis

2044 1469 2189 1524 ferat
2221 1469 2330 1524 nisi
2355 1469 2605 1524 multum
2637 1469 2816 1534 iners,
2849 1468 2960 1524 nisi
2992 1468 3336 1523 Christianae
3369 1467 3568 1540 gloria
3601 1468 3696 1523 in-

2041 1559 2233 1626 vidus,
2265 1559 2419 1625 quod
2480 1575 2595 1613 non
2641 1575 2711 1614 ex
2765 1574 2930 1629 (equo
2981 1557 3290 1612 divisimus
3341 1557 3566 1612 orbem.
3604 1556 3695 1612 Illi

2044 1647 2261 1714 Asiam,
2294 1646 2523 1704 tertiam
2584 1647 2790 1702 mundi
2849 1650 3094 1719 partem,
3146 1651 3210 1701 ut
3259 1645 3700 1702 hereditarium

2043 1736 2248 1791 nidum
2279 1735 2630 1803 inhabitant,
2665 1753 2793 1808 qua;
2825 1752 2860 1790 a
2889 1734 3214 1805 majoribus
3247 1734 3468 1790 nostris
3527 1751 3701 1806 aequa

2042 1825 2272 1880 duabus
2303 1824 2555 1880 residuis
2588 1824 2854 1896 partibus
2881 1828 2940 1880 et
2970 1828 3266 1879 tractuum
3299 1822 3696 1896 longitudine,

2043 1918 2100 1969 et
2133 1911 2560 1985 provinciarum
2595 1912 3000 1985 magnitudine
3038 1929 3153 1968 non
3194 1911 3486 1968 immerito
3539 1913 3696 1968 aesti-

2045 2007 2204 2057 mata
2241 2007 2346 2058 est.
2380 2001 2461 2057 Ibi
2494 2001 2632 2058 olim
2664 2001 2984 2057 devotionis
3018 2005 3225 2056 1108th
3257 2000 3405 2057 rami
3436 2000 3696 2072 pullula-

2044 2095 2202 2156 runt,
2235 2091 2313 2145 ibi
2346 2091 2592 2162 apostoli
2625 2107 2849 2156 omnes,
2885 2094 3093 2162 praeter
3120 2091 3288 2158 duos,
3315 2094 3534 2146 mortes
3554 2107 3698 2146 suas

2044 2184 2496 2246 consecrarunt;
2526 2179 2605 2234 ibi
2642 2179 2813 2234 modo
2843 2177 3216 2246 Christicolae,
3250 2178 3301 2234 si
3340 2177 3440 2250 qui
3488 2195 3695 2250 super-

2045 2272 2202 2331 sunt,
2235 2267 2590 2339 pauperculo
2621 2267 2937 2340 agricolatu
2976 2267 3368 2338 transigentes
3412 2267 3694 2334 inediam,

2045 2356 2311 2412 nefandis
2331 2356 2448 2411 illis
2479 2355 2720 2428 vectigal
2749 2355 3065 2428 pensitant,
3095 2355 3182 2411 vel
3207 2355 3400 2410 tacitis
3421 2355 3696 2428 suspiriis

2042 2450 2246 2500 vestrae
2279 2445 2563 2500 libertatis
2603 2445 3002 2500 desiderantes
3056 2443 3497 2511 conscientiam,
3559 2443 3700 2515 quia

2045 2534 2346 2606 perdidere
2369 2550 2555 2588 suam.
2586 2533 2672 2588 Illi
2698 2533 2973 2600 Africam,
2991 2533 3234 2588 alteram
3265 2533 3424 2589 orbis
3445 2536 3693 2604 partem,

2045 2623 2313 2678 ducentis
2331 2623 2456 2693 jam
2489 2623 2656 2677 annis
2685 2627 2743 2677 et
2767 2638 2833 2678 eo
2853 2621 3109 2694 amplius
3141 2621 3321 2678 armis
3354 2637 3692 2694 possessam

2044 2716 2264 2776 tenent,
2311 2711 2466 2782 quod
2515 2709 2642 2766 ideo
2698 2709 3013 2766 Christiani
3067 2710 3308 2766 honoris
3366 2708 3692 2782 periculum

2045 2799 2382 2871 pronuntio,
2415 2797 2552 2870 quia
2579 2798 2754 2854 fuerit
2783 2803 2936 2853 terra
2965 2797 3065 2853 illa
3094 2798 3233 2854 olim
3279 2797 3693 2870 praeclarorum

2045 2887 2414 2959 ingeniorum
2437 2887 2626 2958 altrix,
2649 2903 2776 2958 qua;
2793 2887 3006 2942 divinis
3027 2887 3263 2958 scriptis
3284 2903 3521 2944 omnem
3538 2891 3694 2942 vetu-

2046 2977 2216 3033 statis
2245 2976 2425 3033 situm
2452 2993 2486 3032 a
2516 2993 2578 3032 se
2601 2975 2902 3048 repellent,
2925 2977 3188 3048 quandiu
3221 2975 3396 3031 fuerit
3415 2975 3518 3047 qui
3541 2973 3693 3030 Lati-

2048 3083 2154 3122 nas
2205 3066 2428 3122 litteras
2473 3065 2646 3138 legat.
2697 3066 2925 3120 Norunt
2977 3063 3216 3120 litterati
3260 3065 3416 3136 quod
3467 3063 3692 3136 loquor.

2047 3155 2309 3210 Tertium
2341 3155 2541 3210 mundi
2576 3154 2750 3210 clima
2781 3158 3008 3225 Europa
3027 3158 3223 3220 restat,
3248 3154 3420 3224 cujus
3451 3156 3698 3225 quantu-

291 3223 624 3318 fragilitatis
654 3240 806 3312 quod
840 3237 1144 3312 peccastis,
1177 3238 1742 3309 quodillicebrarum
1773 3239 1938 3294 invo-
1969 3223 2013 3290 C
2051 3245 2165 3300 1am
2199 3247 2424 3317 partem
2462 3243 2863 3298 inhabitamus
2891 3223 3224 3305 christiani,
3279 3223 3414 3298 nam
3462 3223 3697 3298 omnem

293 3333 474 3390 lucris
495 3328 696 3404 sopiti,
718 3327 1010 3384 caelestem
1039 3326 1427 3398 exasperastis
1454 3327 1937 3396 misericordiam,

291 3436 638 3495 suspensam
664 3417 1130 3491 parvipendendo
1150 3415 1536 3471 iracundiam.
1556 3417 1749 3472 Fuerit
1771 3433 1940 3472 mun-

292 3513 455 3568 dana:
511 3507 874 3565 tumulentiae
933 3506 1111 3578 quod,
1173 3504 1436 3578 legitima
1496 3495 1611 3560 non
1670 3511 1942 3562 curantes

294 3597 686 3665 matrimonia,
720 3595 892 3652 alieni
921 3593 1132 3651 cubilis
1162 3611 1277 3650 non
1306 3594 1599 3666 pensastis
1641 3595 1936 3666 injuriam.

294 3689 490 3748 Fuerit
523 3685 820 3743 aviditatis
851 3683 1046 3738 nimiae
1104 3683 1258 3754 quod
1318 3683 1528 3739 fratres
1577 3687 1797 3738 vestros
1843 3683 1942 3740 illo

295 3793 506 3850 magno
536 3779 594 3831 et
617 3774 818 3829 eodem
854 3770 1035 3844 pretio
1067 3775 1316 3843 emptos,
1342 3775 1409 3826 ut
1440 3771 1690 3844 quisque
1720 3777 1947 3844 poterat

295 3865 701 3936 illaqueantes,
761 3858 1181 3915 contumeliose
1252 3859 1516 3930 pecuniis
1575 3861 1940 3916 emunxistis.

294 3955 460 4011 Nunc
491 3949 658 4006 vobis
689 3949 837 4004 inter
866 3949 980 4004 ista
1009 3952 1378 4021 peccatorum
1403 3948 1707 4021 naufragia
1736 3948 1947 4004 consti-

295 4041 440 4098 tutis
462 4044 666 4113 portus
688 4036 925 4110 placida:
948 4035 1160 4108 quietis
1183 4036 1582 4108 aperitur,nisi
1608 4036 1942 4109 negligatis:

299 4129 458 4205 parvi
487 4127 704 4184 laboris
736 4125 792 4181 in
826 4126 1044 4182 Turcos
1067 4125 1411 4197 compendio
1434 4125 1762 4182 retibuetur
1785 4124 1945 4180 vobis

297 4221 587 4294 perpetuae
605 4216 776 4272 statio
791 4214 1368 4287 salutis.Comparate
1382 4231 1538 4270 nunc
1552 4213 1781 4270 labores
1798 4230 1946 4284 quos

2050 3333 2206 3389 illam
2240 3333 2566 3388 barbariem
2599 3349 2728 3403 qua:
2760 3330 2818 3386 in
2850 3331 3088 3386 remotis
3147 3329 3356 3386 insulis
3386 3329 3688 3403 glacialem

2049 3423 2376 3494 frequentat
2409 3422 2724 3488 Oceanum,
2759 3419 2899 3492 quia
2937 3436 3098 3475 more
3145 3418 3406 3475 belluina
3454 3419 3703 3489 victitat,

2049 3509 2440 3566 Christianam
2465 3509 2599 3580 quis
2621 3507 2879 3564 dixerit?
2909 3509 3068 3562 Hanc
3088 3505 3266 3579 igitur
3287 3507 3472 3564 nostri
3497 3505 3698 3562 mundi

2051 3598 2442 3671 portinculam
2496 3597 2668 3652 Turci
2722 3603 2779 3652 et
2837 3595 3141 3652 Sarraceni
3197 3594 3348 3651 bello
3401 3601 3696 3666 premunt,

2048 3688 2288 3758 jamque
2310 3703 2344 3741 a
2364 3686 2641 3741 trecentis
2666 3685 2837 3740 annis
2869 3683 3148 3757 Hispania
3177 3688 3234 3739 et
3253 3683 3594 3740 Balearibus
3620 3684 3700 3739 in-

2053 3775 2200 3831 sulis
2232 3773 2580 3846 subjugatis,
2615 3774 2770 3845 quod
2801 3773 3093 3845 reliquum
3124 3777 3213 3828 est
3250 3789 3353 3844 spe
3399 3773 3699 3840 devorant,

2054 3863 2324 3918 homines
2346 3862 2710 3930 inertissimi,
2744 3867 2802 3918 et
2826 3862 2925 3933 qui
2948 3861 3214 3917 cominus
3237 3861 3537 3934 pugnandi
3557 3862 3699 3917 ﬁdu-

2054 3951 2203 4006 ciam
2218 3966 2332 4004 non
2347 3949 2649 4017 habentes,
2667 3951 2840 4022 fugax
2853 3949 3070 4006 bellum
3086 3949 3697 4022 diligunt.Nunquam,

2055 4038 2210 4094 enim
2233 4039 2461 4094 Turcus
2482 4038 2628 4110 pede
2654 4042 2918 4094 conserto
2943 4043 3189 4094 martem
3214 4038 3420 4106 audet;
3449 4039 3551 4093 sed
3575 4037 3699 4109 pul-

2057 4144 2158 4182 sus
2190 4126 2313 4182 loco
2344 4127 2514 4198 longe
2545 4127 2730 4182 tendit
2767 4143 2973 4182 nervos
3011 4131 3069 4182 et
3125 4126 3411 4198 permittit
3465 4125 3704 4181 vulnera

2054 4213 2243 4270 ventis
2270 4232 2282 4281 ;
2316 4220 2373 4270 et
2399 4215 2539 4286 quia
2559 4214 2737 4271 habet
2765 4215 2882 4271 tela
2897 4215 3194 4271 mortifero
3226 4230 3400 4270 succo
3429 4214 3612 4281 ebria,
3645 4213 3702 4267 in

296 4309 355 4365 in
388 4305 671 4364 scelerum
693 4303 964 4362 exercitio
985 4301 1276 4360 habuistis
1303 4307 1358 4358 et
1377 4320 1476 4359 eos
1493 4319 1641 4374 quos
1665 4303 1722 4381 in
1743 4301 1950 4356 itinere
2057 4303 2355 4359 hominem
2369 4319 2544 4376 quem
2565 4303 2938 4375 percutitnon
2951 4303 3138 4358 virtus
3152 4303 3250 4358 sed
3279 4303 3442 4358 virus
3455 4307 3703 4358 mortem

297 4397 451 4470 quod
475 4393 743 4470 praecipio
779 4392 1035 4448 habituri
1060 4392 1220 4448 estis.
1246 4391 1446 4447 Plures
1466 4390 1553 4446 vel
1577 4388 1841 4446 adulterii
1861 4388 1948 4443 vel
2057 4392 2212 4447 facit.
2232 4391 2527 4463 Quidquid
2559 4391 2739 4463 igitur
2758 4392 2898 4464 agit,
2931 4391 3198 4459 fortunae,
3229 4408 3344 4446 non
3378 4389 3705 4446 fortitudini

297 4485 594 4544 homicidii
619 4481 1034 4539 meditatiodat
1059 4478 1660 4551 timores(nihilenim
1681 4475 1948 4533 timidius
2059 4479 2445 4548 attribuerim,
2487 4485 2545 4535 et
2600 4480 2756 4550 quod
2814 4484 3037 4552 pugnat
3093 4480 3254 4550 fuga,
3305 4494 3527 4534 veneno
3584 4478 3706 4549 [al.,

299 4575 579 4648 nequitia,
615 4578 679 4628 ut
705 4573 787 4627 ait
813 4570 1083 4626 Salomon
1118 4571 1268 4642 [Sap.
1300 4570 1486 4639 xvn]),
1521 4566 1736 4622 multos
1785 4565 1945 4621 labo-
1977 4587 2024 4652 Β
2058 4570 2212 4642 quod
2262 4573 2504 4641 pugnat,
2539 4569 2673 4637 fuga
2730 4573 2788 4623 et
2840 4569 3104 4638 veneno].
3165 4569 3404 4622 Constat
3453 4566 3706 4637 profecto

298 4680 428 4734 res;
461 4662 604 4736 quid
629 4660 785 4718 enim
827 4659 1176 4716 laboriosius
1227 4657 1566 4728 injustitia?
1617 4656 1722 4724 Qui
1761 4659 1948 4712 autem

296 4753 539 4810 ambulat
594 4751 938 4822 simpliciter,
993 4749 1240 4804 ambulat
1287 4745 1618 4815 conﬁdenter
1674 4745 1854 4816 (Prov.
1888 4763 1942 4814 x,

295 4842 374 4912 9.)
404 4841 624 4896 Horum
655 4838 946 4903 laborum,
978 4837 1188 4892 horum
1248 4833 1527 4889 timorum
1578 4833 1768 4890 exitus
1824 4838 1948 4889 erat

298 4933 621 5003 peccatum.
653 4927 999 5000 Stipendium
1025 4929 1220 4980 autem
1244 4923 1458 4995 peccati
1485 4937 1630 4978 mors
1659 4923 1947 4994 (Rom.v1,)

298 5019 412 5088 23,)
442 5033 585 5073 mors
640 5032 773 5072 vero
824 5021 1169 5086 peccatorum
1235 5011 1475 5082 pessima
1521 5011 1687 5081 (Psat.
1749 5028 1944 5080 xxxm,

296 5108 416 5175 22.)
439 5105 602 5161 Nunc
633 5122 667 5160 a
704 5103 870 5158 vobis
922 5119 1026 5172 par
1083 5099 1246 5155 labor
1303 5102 1478 5170 atque
1523 5104 1712 5155 metus
1763 5099 1949 5171 pretio

299 5193 538 5252 meliore
565 5196 864 5267 petuntur.
889 5189 1109 5244 Horum
1131 5187 1397 5243 laborum
1423 5187 1534 5241 erit
1555 5205 1732 5244 causa
1757 5189 1949 5245 chari-

298 5289 414 5350 tas,
444 5282 493 5340 si
523 5283 608 5340 sic
639 5285 923 5354 praecepto
957 5275 1256 5330 Dominico
1275 5275 1556 5330 admoniti
1595 5277 1822 5332 animas
1849 5295 1951 5350 pro

299 5373 578 5428 fratribus
601 5366 832 5442 ponatis
857 5368 902 5435 (I
918 5365 1078 5420 Joan.
1116 5379 1200 5427 HI,
1225 5364 1352 5430 16);
1385 5362 1688 5420 charitatis
1731 5367 1951 5438 stipen-

301 5461 465 5516 dium
495 5458 606 5516 erit
641 5453 833 5528 gratia
885 5450 1025 5514 Dei;
1060 5447 1160 5502 Dei
1219 5449 1467 5522 gratiam
1517 5459 1795 5526 sequetur
1837 5456 1956 5511 vita

300 5555 532 5606 aeterna.
569 5548 649 5600 Ite
681 5558 817 5613 ergo
851 5537 1116 5600 feliciter,
1155 5536 1232 5594 ite
1274 5542 1630 5598 conﬁdenter
1659 5545 1730 5600 ad
1759 5543 1956 5600 inimi-

303 5654 400 5694 cos
434 5635 533 5692 Dei
557 5627 1008 5703 persequendos.
1045 5621 1130 5677 llli
1164 5629 1319 5686 enim
1351 5632 1482 5703 jam
1527 5631 1755 5704 pridem
1789 5633 1956 5704 (proh

2056 4659 2210 4730 quod
2267 4655 2460 4713 omnis
2519 4655 2677 4712 natio
2735 4673 2864 4728 qua:
2920 4656 2979 4711 in
3055 4672 3125 4728 ea
3183 4655 3358 4727 plaga
3427 4653 3705 4721 nascitur,

2056 4747 2237 4803 nimio
2277 4746 2419 4803 solis
2460 4745 2667 4800 ardore
2697 4745 2934 4810 siccata,
2967 4743 3224 4816 amplius
3262 4743 3503 4815 quidem
3535 4742 3706 4814 sapit,

2055 4835 2156 4892 sed
2176 4834 2372 4890 minus
2390 4833 2568 4890 habet
2580 4833 2883 4905 sanguinis
2901 4851 2914 4902 ;
2931 4833 3176 4904 ideoque
3189 4832 3437 4888 vicinam
3453 4846 3709 4904 pugnam

2054 4923 2312 4997 fugiunt,
2346 4921 2487 4994 quia
2518 4939 2727 4994 parum
2771 4921 3079 4994 sanguinis
3133 4937 3195 4977 se
3225 4920 3440 4976 habere
3473 4922 3707 4974 norunt.

2057 5013 2271 5069 Contra
2284 5009 2538 5084 populus
2551 5010 2652 5082 qui
2667 5011 2853 5066 oritur
2876 5011 2934 5064 in
2957 5014 3149 5066 arctos
3177 5009 3498 5082 pruinis,et
3520 5024 3713 5063 remo-

2055 5105 2156 5156 tus
2183 5105 2273 5157 est
2303 5117 2338 5154 a
2365 5097 2508 5154 solis
2542 5098 2873 5167 ardoribus,
2903 5097 3289 5154 inconsultior
3313 5096 3575 5169 quidem,
3613 5095 3712 5151 sed

2059 5189 2219 5261 largo
2241 5193 2298 5244 et
2317 5187 2634 5243 luxurianti
2649 5187 2938 5258 superbus
2961 5183 3712 5258 sanguine,promptissime

2062 5281 2303 5350 pugnat.
2360 5275 2476 5329 Vos
2506 5276 2648 5329 estis
2679 5291 2825 5347 gens
2855 5275 2914 5328 in
2967 5274 3480 5347 temperatioribus
3510 5270 3711 5328 mundi

2063 5363 2379 5440 provinciis
2401 5363 2668 5430 oriunda,
2704 5361 2805 5434 qui
2831 5363 2962 5417 sitis
2981 5368 3039 5418 et
3054 5363 3282 5435 prodigi
3311 5359 3621 5434 sanguinis
3642 5359 3710 5414 ad

2065 5452 2273 5510 mortis
2304 5449 2729 5521 vulnerumque
2765 5455 3188 5523 contemptum,
3223 5455 3280 5506 et
3327 5467 3444 5506 non
3473 5445 3711 5504 careatis

2067 5539 2412 5616 prudentia;
2441 5553 2694 5609 namque
2715 5538 3059 5594 modestiam
3085 5539 3329 5596 servatis
3353 5539 3410 5593 in
3434 5536 3642 5593 castris
3661 5539 3714 5590 et

2072 5633 2132 5686 in
2165 5625 2538 5684 dimicatione
2571 5626 2805 5684 utimini
2836 5627 3117 5685 consiliis.
3149 5631 3349 5699 Itaque
3392 5625 3636 5684 scientia
3661 5627 3715 5678 et
