3894 6214
202 339 324 425 sa:
1716 340 2159 409 SERMONES.
3519 345 3640 408 573

194 462 201 468 ’
860 482 864 486 ’
1016 477 1113 535 v1.
1915 482 1973 548 Α
2003 480 2224 536 ruistis.
2246 481 2409 537 Nunc
2430 481 2591 538 vobis
2622 479 2774 537 bella
2801 481 3184 555 proponimus
3201 498 3332 554 qua:
3350 481 3413 538 in
3443 497 3508 539 se
3532 481 3645 538 ha-

200 560 207 565 ’
258 561 595 646 (Gcstaﬂei
620 580 722 650 per
748 566 1170 694 Frapcoshapg.
1203 565 1509 635 GUIssn'rI,
1541 568 1597 627 S.
1629 568 1821 627 Mariae
1991 570 2131 625 bent
2157 569 2479 642 gloriosum
2508 569 2773 644 martyrii
2800 568 3263 643 munus,quibus
3294 574 3647 643 restat;pra:-

327 635 646 695 Navigant:
673 638 907 695 abbatis.
939 638 1079 695 edit.
1164 655 1405 695 acnsav.
1439 654 1571 695 nae.
1602 640 1756 695 377.)
1995 659 2178 695 ορηιςα
2209 665 2263 695 οι
2297 662 2520 695 ωιοηηα,
2562 658 2754 695 imm.
2776 657 2995 695 mni...
3040 659 3330 695 Dnnnmna
3381 660 3556 695 τηηδη
3588 660 3645 695 ς..

327 635 648 709 Νουὶσθηίῖ
673 638 907 708 abbatis,
939 635 1090 696 edit:
1112 635 1405 705 Daunum,
1436 654 1571 713 pag.
1602 640 1756 713 3‘77.)

2063 635 2188 714 ntis
2209 665 2267 715 et
2294 662 2520 716 aeternae
2562 635 2755 719 laudis
2776 635 3332 715 -titulus.:I’-onamus
3368 635 3556 716 modo
3588 660 3650 715 in

269 734 335 797 Si
367 741 539 799 inter
571 743 854 802 ecclesias
876 748 997 802 toto
1026 746 1165 803 orbe
1186 745 1432 804 diffusas
1451 747 1576 805 alia:
1606 764 1722 820 prae
1753 747 1885 804 aliis
1989 747 2319 805 Jerusalem
2332 747 2845 821 Christum'neque
2866 752 3311 815 mortuum,nec
3331 746 3650 819 sepultum,

194 829 614 889 reverentiam
650 850 754 906 pro
796 834 1063 906 personis
1111 834 1372 908 locisque
1402 841 1701 893 merentur
1733 853 1745 893 :
1780 853 1885 909 pro
1996 852 2102 893 nec
2123 835 2339 893 ibidem
2360 836 2573 894 vixisse
2600 835 2936 909 aliquando.
2958 836 3142 899 Certe.
3167 834 3216 891 si
3241 835 3365 891 biec
3386 835 3657 892 deessent

183 920 514 999 personis,
549 921 823 994 inquam,
849 923 990 981 dum
1024 922 1359 997 apostolicis
1391 924 1633 981 sedibus
1664 924 1889 997 privile-
1995 925 2217 991 omnia,
2239 925 2431 981 solum
2461 925 2717 995 illud,ad
2744 924 3206 983 subveniendum
3232 930 3397 979 terra:
3427 926 3486 979 et
3515 923 3652 980 civi-

195 1008 297 1084 gia
322 1010 1069 1084 majoratradunturypro
1091 1011 1236 1069 locis
1255 1028 1410 1080 vero,
1431 1013 1571 1070 dum
1600 1014 1774 1086 regiis
1796 1029 1889 1069 ur-
1996 1014 2101 1070 tati
2131 1031 2231 1071 vos
2261 1014 2509 1071 excitare
2539 1014 2843 1078 debuerat,
2862 1014 3002 1086 quia
3046 1014 3115 1068 de
3144 1014 3281 1071 Sion
3303 1012 3506 1069 exierit
3536 1010 3647 1081 lex,

188 1090 382 1154 bibus
415 1097 641 1155 eadem
674 1106 802 1171 Quas
839 1100 1105 1172 personis
1121 1101 1415 1174 dignitas,
1447 1102 1533 1158 uti
1550 1106 1653 1157 est
1680 1101 1888 1159 civitas
1995 1106 2054 1159 et
2081 1104 2322 1161 verbum
2352 1102 2585 1159 Domini
2617 1103 2689 1158 de
2706 1102 3029 1158 Jerusalem
3055 1102 3183 1172 (Isa.
3206 1118 3268 1166 τι,
3299 1100 3459 1173 3);si
3490 1102 3649 1157 enim

196 1185 1214 1262 Constantinopolitana,praebetur
1240 1206 1252 1246 :
1279 1188 1362 1247 illi
1380 1190 1759 1263 potissimum
1794 1192 1890 1248 Ec-
1998 1206 2066 1247 ex
2104 1188 2613 1264 Jerosolymitano,
2649 1191 2934 1264 quidquid
2988 1190 3329 1247 Christianas
3371 1189 3657 1262 praedica-

198 1273 905 1340 clesiaa-deberemus,ex
948 1293 1065 1348 qua
1092 1278 1357 1350 gratiam
1390 1279 1808 1351 redemptionis
1830 1283 1889 1335 et
1998 1279 2177 1335 tionis
2235 1286 2326 1336 est
2380 1281 2536 1336 fonte
2594 1280 2870 1344 manavit,
2931 1279 3124 1341 rivuli,
3180 1294 3652 1351 quaquaversum

196 1362 393 1421 totius
428 1363 731 1439 originem
764 1363 1221 1422 Christianitatis
1262 1365 1614 1439 accepimus.
1642 1367 1700 1424 Si
1722 1368 1886 1423 enim
1999 1370 2119 1424 toto
2150 1374 2439 1424 terrarum
2465 1369 2606 1425 orbe
2629 1368 2905 1441 dispersi,
2931 1367 3227 1423 catholicae
3252 1366 3661 1425 multitudinis

199 1467 417 1511 verum
443 1456 688 1509 constat
710 1452 863 1525 quod
888 1469 923 1508 a
952 1453 1195 1510 Domino
1217 1455 1597 1528 dicitur,quia
1624 1456 1893 1513 videlicet
1992 1458 2174 1515 corda
2208 1463 2549 1531 retorquean
2561 1464 2602 1524 t,
2627 1462 2693 1513 ut
2726 1458 2975 1513 solerter
3002 1457 3309 1512 attendant
3334 1456 3476 1528 quid
3496 1455 3654 1511 .fonti

198 1540 373 1599 Salus
422 1557 511 1603 ,εει
556 1539 761 1600 ludatis
789 1548 866 1598 est
898 1542 1073 1613 (Joan.
1099 1560 1175 1611 ιν,
1197 1547 1289 1615 22)
1328 1550 1386 1600 et
1427 1545 1736 1602 Dominum
1787 1546 1891 1601 Sa-

198 1628 389 1689 baoth
426 1647 641 1689 semen
675 1630 843 1687 nobis
876 1631 1183 1703 reliquisse
1222 1637 1472 1699 constat,
1507 1651 1577 1689 ne
1609 1634 1759 1690 sicut
1788 1636 1893 1689 So-
1990 1635 2156 1689 mina
2178 1638 2553 1699 revertuntur,
2581 1639 2641 1688 ut
2673 1636 2871 1689 iterum
2897 1634 3093 1702 ﬂuant,
3113 1635 3282 1702 juxta
3314 1632 3536 1689 dictum
3559 1634 3661 1688 Sa-

202 1718 392 1779 doma
423 1718 628 1777 simus
658 1724 718 1775 et
739 1719 1073 1777 Gomorrhaa
1107 1719 1333 1777 similes
1367 1722 1579 1779 (ianuis
1606 1724 1779 1795 (Rom.
1812 1741 1890 1792 1x,
2003 1721 2254 1777 lomonis
2289 1724 2478 1793 (Eccle.
2506 1739 2545 1785 ι,
2565 1724 2643 1786 7).
2667 1720 2987 1795 gloriosum
3025 1722 3188 1775 vobis
3236 1721 3416 1776 videri
3463 1721 3658 1791 debet,

202 1807 326 1879 29),
364 1812 429 1864 et
487 1824 696 1864 semen
746 1812 1014 1865 nostrum
1047 1809 1316 1865 Christus
1344 1815 1456 1880 est,
1480 1811 1538 1866 in
1569 1828 1685 1883 quo
1732 1810 1894 1869 salus
1916 1851 1973 1918 Β
1998 1810 2052 1865 si
2076 1811 2125 1865 ei
2148 1810 2274 1866 loco
2296 1811 2637 1883 repurgium
2663 1811 2904 1882 possitis
2928 1809 3457 1881 impendere,unde
3474 1809 3660 1882 bapti-

212 1899 263 1918 ΑΛ.
311 1895 592 1918 -_._!-___
650 1896 907 1918 _-_12--_.
962 1897 1283 1918 L___JE-12-
1345 1903 1421 1918 __s
1478 1897 1597 1918 Ξῌᾼ-
1658 1903 1795 1918 A_,,,_
1847 1905 1887 1918 Α.
2010 1901 2207 1918 μᾼ,κι9η
2276 1904 2715 1918 ,.,,,,_,,,,,-,,1,___
2788 1904 2835 1918 ,ι
2898 1898 3028 1918 {9.1-2
3096 1899 3499 1918 J---______a___.-
3554 1913 3655 1918 ----

207 1899 268 1952 et
305 1895 598 1952 omnium
646 1896 912 1969 gentium
962 1897 1291 1953 benedictio
1337 1903 1445 1967 est,
1477 1897 1609 1971 ipsa
1655 1903 1809 1955 terra
1837 1895 2212 1956 etwsmatis
2271 1904 2747 1973 purgamentum,
2781 1904 2840 1955 et
2897 1898 3031 1953 fidei
3089 1899 3506 1955 documentum
3554 1913 3657 1953 vos

209 1983 435 2042 civitas
458 1983 523 2043 in
550 2001 668 2058 qua
700 1985 980 2044 habitavit
1001 1989 1055 2042 et
1084 2003 1296 2058 passus
1328 1990 1436 2056 est,
1454 1987 1894 2061 Scripturarum

206 2072 575 2132 testimonio
596 2077 809 2133 sancta
835 2079 1092 2132 vocatur.
1126 2075 1182 2129 Si
1216 2075 1374 2133 enim
1418 2075 1540 2132 haec
1586 2080 1762 2143 terra,
1794 2077 1893 2134 Dei

208 2161 548 2224 hiet-editas
578 2165 635 2220 et
679 2163 968 2237 templum
1002 2168 1302 2233 sanctum,
1335 2169 1646 2238 antequam
1681 2165 1760 2220 ibi
1793 2167 1895 2222 ob-

216 2247 574 2311 ambularet
604 2268 669 2327 ac
700 2256 1001 2325 pateretur
1034 2252 1338 2310 Dominus.
1374 2253 1433 2309 in
1466 2254 1649 2311 sacris
1679 2258 1735 2310 et
1762 2271 1897 2327 pro-

215 2338 490 2413 pheticis
514 2339 751 2414 paginis
781 2338 1172 2414 legitur,quid
1205 2340 1553 2410 sanctitatis,
1573 2340 1711 2414 quid
1738 2358 1895 2398 reve-

2000 1548 2121 1601 tam
2154 1545 2375 1618 irriguo
2414 1546 2683 1601 debeant.
2713 1545 2772 1599 Si
2806 1546 2875 1600 ad
2906 1546 3084 1600 locum
3126 1544 3520 1613 endoexeunt,
3550 1546 3657 1615 [lup

2005 1985 2270 2043 constitit
2298 1988 2609 2060 accepisse.

2077 2076 2145 2131 Et
2157 2075 2419 2131 estvobis
2438 2080 2711 2147 praeterea
2732 2091 2967 2130 summa
2979 2074 3396 2131 deliberatione
3414 2090 3662 2148 pensan-

2006 2163 2170 2231 dum,
2184 2163 2231 2218 si
2257 2165 2445 2235 ipsam
2464 2169 2712 2219 matrem
2732 2163 3123 2220 Ecclesiarum
3144 2163 3662 2231 Ecclesiam,-vobis

2005 2251 2467 2320 elaborantibus,
2503 2253 2574 2308 ad
2602 2252 3056 2308 Christianitatis
3101 2251 3326 2308 cultum
3365 2252 3660 2318 reﬂorere,

2006 2340 2123 2397 Deo
2142 2357 2356 2414 pervos
2376 2345 2605 2413 agente,
2619 2340 2946 2412 contigerit,
2962 2357 3034 2395 ne
3055 2340 3198 2395 forte
3216 2346 3421 2395 contra
3434 2340 3668 2413 propin-

218 2428 435 2487 rentia:
460 2428 787 2489 obtinuisse
804 2433 942 2486 tunc
959 2428 1235 2497 creditur,
1250 2447 1384 2486 cum
1402 2431 1557 2487 Deus
1574 2431 1899 2503 majestatis

220 2516 459 2576 ibidem
480 2516 905 2595 incorporatur,
927 2518 1204 2585 nutritur,
1218 2517 1519 2588 adolescit,
1536 2524 1593 2575 et
1612 2518 1898 2592 corporali

223 2606 609 2683 vegetatione
639 2606 746 2665 hac
766 2606 1025 2680 .illacque
1069 2607 1438 2680 perambulat
1467 2615 1568 2667 aut
1596 2608 1901 2681 gestetur?

226 2698 311 2765 et,
344 2699 419 2750 ut
466 2697 678 2755 cuncta
719 2713 844 2767 qua:
903 2696 1077 2769 longo
1108 2696 1417 2753 verborum
1476 2714 1616 2772 gyro
1674 2698 1897 2755 narrari

215 2789 518 2857 possunt,
550 2784 728 2859 digna
756 2786 1035 2844 brevitate
1083 2786 1503 2859 constringam,
1528 2787 1626 2844 ubi
1658 2787 1765 2843 Fili
1799 2786 1899 2844 Dei

230 2872 518 2947 sanguis,
551 2872 691 2931 celo
741 2878 1015 2944 terraque
1068 2874 1341 2942 sanctior,
1378 2876 1599 2933 effusus
1644 2880 1765 2945 est;
1798 2876 1899 2932 ubi

232 2976 486 3034 corpus,
510 2960 855 3032 paventibus
879 2960 1182 3017 elementis
1204 2969 1523 3034 mortuum,
1548 2965 1606 3020 in
1634 2963 1902 3038 sepulcro

233 3045 496 3120 quievit,
545 3046 687 3121 quid
736 3054 1023 3121 ,putamus
1079 3050 1467 3109 venerationis
1509 3054 1813 3110 emeruit?
1842 3054 1901 3109 Si

2007 2446 2127 2503 qua
2147 2428 2494 2487 Antichristi
2511 2434 2778 2501 tempora
2792 2429 2864 2483 ad
2883 2428 3057 2483 fidem
3082 2427 3546 2500 partesOrientis
3564 2427 3667 2484 ali-

2009 2534 2155 2591 quas
2174 2517 2402 2573 restitui
2421 2517 2978 2589 velit.-Perspicuum
2999 2532 3253 2589 namque
3268 2520 3358 2572 est
3370 2516 3664 2573 Antichri-

2008 2611 2167 2663 stum
2201 2622 2315 2661 non
2349 2611 2550 2661 contra
2578 2606 2832 2674 Judieos,
2858 2622 2971 2661 non
3005 2609 3205 2660 contra
3233 2604 3482 2677 gentiles
3512 2604 3669 2662 bella

2010 2696 2326 2761 facturum,
2341 2695 2463 2761 sed,
2472 2694 2647 2765 juxta
2666 2693 3079 2767 etymologiam
3101 2691 3190 2748 sui
3211 2692 3487 2761 nominis,
3503 2693 3666 2749 Chri-

2006 2783 2235 2842 stianos
2253 2799 2658 2855 pervasurum.
2678 2783 2765 2849 Et,
2782 2781 2831 2836 si
2856 2780 3246 2837 Antichristus
3266 2780 3485 2836 ibidem
3502 2780 3666 2838 Chri-

2010 2871 2269 2929 stianum
2301 2871 2596 2927 neminem
2628 2871 2804 2927 sicuti
2851 2869 3023 2925 hodie
3051 2869 3146 2923 vix
3176 2867 3387 2942 aliquis
3419 2869 3669 2926 habetur

2009 2962 2286 3029 inveniat,
2308 2978 2421 3016 non
2444 2960 2555 3016 erit
2574 2960 2674 3032 qui
2697 2959 2809 3015 sibi
2830 2959 3173 3030 refragetur,
3197 2962 3300 3013 aut
3334 2974 3510 3030 quem
3540 2958 3667 3029 lure

2011 3050 2308 3122 pervadat.
2357 3049 2535 3104 Juxta
2576 3047 2732 3104 enim
2785 3046 3106 3114 Danielem,
3139 3051 3197 3102 et
3246 3045 3666 3120 Hieronymum

226 3135 381 3209 ipso
412 3135 663 3193 Domino
693 3142 895 3194 nostro
935 3154 1134 3193 recens
1171 3139 1492 3208 interfecto,
1526 3146 1583 3197 et
1612 3159 1648 3198 a
1682 3142 1902 3199 Judmis
2010 3138 2270 3194 Danielis
2309 3137 2710 3208 interpretem,
2732 3136 2967 3191 .ﬁxurus
2999 3139 3089 3191 est
3135 3134 3194 3190 in
3228 3133 3435 3191 Oliveti
3464 3141 3665 3192 monte

234 3221 443 3283 adhuc
474 3222 709 3281 civitate
753 3241 1052 3299 possessa,
1072 3232 1273 3285 sancta
1317 3227 1522 3286 civitas
1553 3230 1624 3287 ab
1655 3246 1903 3304 evange-
1933 3215 1977 3283 C
2016 3227 2287 3292 tentoria,
2320 3232 2377 3282 et
2403 3223 2805 3297 Jerosolymis,
2837 3226 2901 3279 in
2924 3225 3025 3280 Dei
3052 3224 3270 3295 tempto,
3302 3227 3567 3295 tanquam
3593 3226 3669 3280 sit

241 3310 391 3369 lista
422 3316 842 3380 vacatur,.cum
867 3311 1313 3370 diciturzblulla
1341 3332 1565 3388 corpora
1594 3320 1909 3373 sanctorum
2013 3316 2174 3378 Deus,
2206 3317 2430 3369 certum
2488 3317 2595 3379 est,
2644 3311 2920 3384 Apostolo
2976 3311 3225 3378 dicente,
3278 3311 3433 3383 quod
3489 3311 3669 3368 sedeat

241 3401 347 3472 qui
394 3398 753 3473 dormierunt,
778 3405 1164 3468 surrexerunt,
1196 3409 1248 3457 et
1285 3407 1545 3460 venerunt
1574 3404 1633 3459 in
1662 3410 1909 3461 sanctam
2015 3403 2085 3474 (ll
2114 3403 2288 3458 Thess.
2321 3418 2382 3468 ιι,
2418 3402 2491 3472 4),
2523 3406 2576 3455 et
2608 3400 2779 3470 juxta
2827 3399 3098 3455 eumdem
3149 3397 3518 3470 prophetam,
3546 3404 3668 3457 tres

242 3490 551 3558 civitatem,
595 3490 649 3547 et
694 3495 1072 3563 apparuerunt
1118 3491 1309 3547 multis
1339 3491 1545 3559 (Matth.
1575 3509 1749 3555 xxvn.
1779 3495 1906 3562 53);
2015 3507 2183 3567 reges
2231 3491 2389 3561 (Dan.
2436 3505 2534 3551 vn,
2580 3489 2694 3557 24),
2732 3487 2962 3560 Egypti
3009 3486 3297 3558 videlicet,
3347 3487 3552 3544 Alricaa
3600 3500 3668 3545 ac

242 3581 304 3633 et
339 3595 375 3634 a
398 3577 687 3653 propheta
746 3578 898 3635 Isaia
954 3578 1168 3634 dicitur
1209 3596 1223 3634 :
1264 3581 1382 3636 Erit
1438 3581 1747 3651 sepulcrum
1792 3585 1909 3654 ejus
2016 3578 2341 3650 Ethiopian,
2381 3576 2539 3633 haud
2572 3576 2819 3633 dubium
2865 3574 3008 3649 quin
3055 3574 3525 3649 pro-Christiana
3552 3577 3668 3633 ﬁde

243 3666 549 3738 gloriosum
578 3667 810 3739 (Isa.x1,
846 3667 956 3740 10).
998 3683 1128 3723 cum
1179 3668 1307 3741 ipsa
1356 3670 1657 3739 sanctitas,
1691 3670 1908 3728 civitati
2008 3668 2240 3741 primos
2263 3664 2593 3722 interficiat.
2612 3664 3036 3737 Quodquidem
3057 3663 3396 3720 nullatenus
3416 3664 3667 3745 fieripo-

245 3753 430 3812 semel
462 3754 578 3812 Deo
617 3756 749 3829 ipso
780 3756 1208 3814 sanctiﬁcatore
1252 3775 1355 3830 per
1394 3760 1663 3831 seipsum
1694 3759 1903 3827 indita,
2017 3756 2171 3824 terit,
2206 3754 2342 3823 nisi,
2371 3754 2471 3811 ubi
2502 3771 2660 3810 nunc
2703 3753 3088 3826 paganismus
3118 3756 3226 3819 est,
3252 3751 3668 3811 Christianitas

244 3844 412 3902 nullo
434 3843 589 3901 malo
610 3846 1054 3917 superveniente
1084 3844 1369 3903 exinaniri
1398 3849 1606 3916 valeat,
1626 3853 1683 3903 et
1703 3849 1905 3907 eodem
2016 3846 2139 3903 ﬁat.
2162 3845 2221 3900 Si
2255 3861 2390 3917 ergo
2418 3842 2652 3916 piorum
2694 3841 3026 3915 praeliorum
3060 3840 3330 3898 exercitio
3358 3842 3666 3909 studentis,

246 3934 424 3989 modo
451 3933 888 3990 indivisibiliter
908 3935 1160 4008 sepulcri
1181 3935 1368 4009 gloria
1390 3942 1636 4004 constet,
1655 3939 1908 3996 summis

247 4020 488 4089 studiis,
524 4022 729 4079 fratres
759 4022 1296 4089 charissimi,vobis
1326 4023 1745 4083 elaborandum
1796 4031 1905 4094 est,

247 4112 318 4165 ut
338 4110 622 4167 sanctitas
652 4108 923 4177 civitatis,
949 4128 1015 4167 ac
1047 4112 1297 4184 sepulcri
1329 4112 1534 4187 gloria,
1559 4132 1689 4187 qua;
1712 4117 1904 4188 genti-

244 4195 399 4257 lium
440 4197 920 4274 .frequentatione
965 4207 1253 4272 quantum
1285 4200 1343 4258 in
1377 4203 1522 4275 ipsis
1567 4209 1658 4263 est
1703 4205 1907 4261 crebro

245 4285 554 4365 polluitur,
572 4287 626 4345 si
654 4288 723 4343 ad
753 4290 1062 4345 Auctorem
1091 4288 1248 4345 illius
1282 4290 1605 4348 sanctitatis
1630 4298 1687 4348 et
1710 4291 1908 4365 gloria

250 4375 551 4452 aspiratis,
586 4374 635 4431 si
666 4392 735 4431 ea
767 4392 893 4450 quae
926 4377 982 4432 in
1015 4381 1169 4433 terra
1195 4385 1338 4435 sunt
1365 4380 1744 4452 vestigiorum
1780 4384 1910 4453 ejus

253 4464 427 4541 igne
456 4462 724 4540 diligitis,
751 4463 799 4519 si
828 4464 1116 4537 expetitis,
1146 4466 1257 4523 Deo
1302 4484 1403 4524 vos
1450 4474 1761 4540 praeeunte,
1795 4476 1910 4526 Deo

252 4569 356 4625 pro
380 4552 549 4615 vobis
570 4551 897 4627 preliante,
932 4554 1269 4610 mundetur.

308 4639 382 4698 .Si
414 4636 765 4699 Machabeis
794 4639 933 4696 olim
966 4642 1038 4697 ad
1073 4643 1390 4701 maximam
1429 4645 1651 4716 profuit
1679 4646 1912 4719 pietatis

252 4727 510 4797 laudem,
526 4728 665 4801 quia
695 4746 799 4802 pro
830 4730 1195 4788 caaremoniis
1216 4736 1273 4788 et
1303 4730 1518 4805 templo
1550 4739 1906 4808 pugnarunt,

253 4821 311 4874 et
336 4817 525 4884 vobis,
551 4834 584 4873 ο
604 4816 826 4875 milites
848 4818 1186 4887 Christiani,
1211 4820 1468 4895 legitime
1489 4822 1826 4880 conceditur
1847 4827 1912 4880 ut

256 4922 555 4965 armorum
602 4906 797 4964 studio
847 4906 1177 4964 libertatem
1224 4909 1427 4981 patrias
1480 4911 1828 4978 defendatis,
1861 4913 1911 4968 si

250 4992 465 5052 limina
492 4995 668 5057 etiam
700 4996 1122 5068 apostolorum,
1151 4997 1239 5054 vel
1265 5005 1604 5055 sanctorum
1637 5017 1914 5072 quorum-

257 5082 421 5154 libet,
453 5086 614 5141 tanto
667 5084 880 5143 sudore
911 5087 1160 5158 petenda
1188 5089 1431 5161 putatis,
1465 5089 1605 5161 quid
1656 5106 1909 5159 crucem,

258 5172 399 5247 quid
440 5171 812 5247 sanguinem,
846 5176 987 5248 quid
1033 5181 1482 5234 monumentum
1513 5193 1736 5246 eruere,
1770 5181 1912 5251 quid

257 5259 518 5330 visitare,
545 5262 686 5335 quid
710 5279 814 5337 pro
835 5263 928 5321 his
950 5264 1224 5322 eruendis
1246 5260 1576 5323 animarum
1602 5268 1788 5339 pretia
1808 5269 1914 5324 im-

258 5351 533 5426 pendere,
557 5350 927 5410 detrectatis?
948 5354 1209 5413 Indebita
1236 5354 1520 5413 hactenus
1536 5354 1701 5413 bella
1728 5357 1914 5430 gessi-

261 5438 390 5507 stis,
416 5439 477 5494 in
510 5443 748 5498 mutuas
779 5441 984 5512 caedes,
1002 5459 1218 5499 vesana
1247 5442 1558 5516 aliquoties
1588 5443 1703 5501 tela
1732 5444 1915 5503 solius

263 5526 601 5601 cupiditatis
644 5533 746 5585 aut
788 5530 1074 5604 superbiae
1122 5548 1302 5591 causa
1350 5533 1635 5601 torsistis;
1681 5551 1751 5589 ex
1798 5552 1915 5609 quo

263 5619 575 5698 perpetuos
600 5616 892 5693 interitus,
911 5623 968 5677 et
997 5624 1154 5680 certa
1177 5618 1570 5683 damnationis
1594 5621 1769 5684 exitia
1798 5640 1917 5685 me-

2015 3938 2082 3991 ut
2110 3934 2263 3991 sicut
2292 3934 2363 3989 ab
2392 3930 2772 4003 Jerosolymis
2791 3930 2892 3986 Dei
2914 3930 3132 3987 notitias
3163 3929 3549 3986 seminarium
3573 3947 3668 3987 ac-

2013 4021 2273 4095 cepistis,
2288 4021 2370 4076 ita
2392 4019 2509 4075 illic
2532 4024 2796 4075 mutuate
2818 4017 3265 4075 redhibitionem
3284 4018 3489 4092 gratiae
3504 4019 3670 4075 resti-

2016 4112 2306 4178 tuatis,-ut
2335 4125 2438 4181 per
2473 4125 2576 4164 vos
2625 4124 2837 4165 nomen
2888 4107 3241 4164 catholicum
3292 4111 3667 4181 propagetur,

2016 4199 2171 4273 quod
2192 4196 2533 4254 Antichristi
2558 4194 3273 4269 Antichristianorumque
3299 4196 3552 4269 perfidia
3570 4212 3669 4252 ιΓΒ·

2015 4289 2293 4361 fragetnr.
2322 4286 2462 4352 Quis
2493 4303 2609 4342 non
2640 4285 2927 4357 conjicere
2954 4290 3145 4357 potest
3173 4285 3325 4356 quod
3357 4284 3535 4350 Deus,
3566 4284 3670 4356 qui

2012 4377 2426 4434 universorum
2456 4392 2620 4447 spem
2654 4374 3031 4430 exuberantia
3069 4373 3302 4429 virtutis
3331 4379 3668 4443 exsuperat,

2013 4483 2121 4542 per
2140 4462 2455 4521 scintillam
2479 4466 2729 4519 vestram
2752 4465 2926 4517 tanta:
2948 4460 3302 4535 paganitatis
3323 4459 3672 4517 arundineta

1938 4579 1988 4644 υ
2018 4556 2346 4620 consumat,
2382 4557 2446 4608 ut
2483 4551 2816 4644 Egyptum,
2867 4551 3124 4606 Africam
3157 4548 3669 4644 .A‘Jthiepiamque,

2021 4660 2149 4717 quae
2181 4660 2213 4697 a
2237 4646 2447 4697 nostras
2479 4639 2841 4697 credulitatis
2872 4638 3287 4695 communione
3316 4635 3668 4703 desciscunt,

2021 4733 2178 4789 intra
2207 4730 2386 4801 hujus
2414 4729 2750 4785 rudimenta
2772 4727 2925 4800 legis
2956 4727 3235 4793 includat,
3258 4730 3319 4783 et
3342 4726 3517 4783 homo
3542 4740 3672 4798 pec-

2021 4825 2200 4886 cator,
2225 4819 2381 4873 filius
2412 4816 2754 4891 perditionis
2786 4814 3016 4886 aliquos
3049 4813 3293 4870 rebelles
3325 4812 3618 4870 inveniat?

2091 4910 2160 4965 Et
2178 4925 2309 4964 ecce
2336 4905 2706 4978 Evangelium
2730 4903 2941 4959 clamat
2967 4902 3293 4960 Jerusalem
3326 4901 3670 4959 calcandam

2021 5016 2055 5055 a
2097 4997 2390 5070 gentibus,
2426 4997 2609 5051 donec
2650 4992 3008 5066 impleantur
3060 4992 3367 5048 nationum
3410 4996 3676 5065 tempora

2023 5090 2174 5158 (Luc.
2195 5102 2313 5151 xxi,
2330 5086 2441 5157 24).
2460 5083 2735 5139 Bit'ariam
2757 5082 3000 5154 intelligi
3019 5084 3269 5154 possunt
3284 5085 3549 5153 tempora
3569 5096 3673 5136 na-

2022 5179 2270 5243 tionum,
2284 5178 2389 5231 aut
2403 5173 2541 5247 quia
2557 5170 2907 5228 Christianis
2928 5170 3239 5227 dominatus
3257 5173 3397 5227 sunt
3413 5168 3484 5224 ad
3502 5167 3675 5240 placi-

2022 5271 2246 5336 tum,et
2277 5281 2379 5337 pro
2410 5261 2537 5319 suis
2568 5259 2910 5317 libidinibus
2939 5259 3374 5332 turpitudinum
3406 5257 3673 5313 omnium

2020 5353 2327 5411 volutabra
2351 5354 2578 5408 sectam
2600 5353 2759 5416 sunt,
2775 5354 2832 5406 et
2853 5349 2910 5405 in
2932 5349 3157 5405 cunctis
3179 5346 3274 5403 his
3297 5343 3522 5401 nullum
3547 5343 3675 5399 obi-

2024 5460 2149 5500 cem
2171 5443 2527 5506 habuerunt,
2544 5443 2779 5510 tempus
2794 5439 2952 5495 enim
2974 5454 3147 5494 suum
3165 5435 3379 5492 habere
3396 5433 3672 5490 dicuntur

2024 5533 2240 5607 quibus
2271 5532 2342 5587 ad
2373 5534 2572 5584 votum
2615 5532 2825 5583 cuncta
2853 5528 3192 5600 suppetunt,
3226 5530 3293 5582 ut
3341 5527 3431 5582 est
3475 5521 3617 5578 illud
3656 5538 3669 5577 :

2025 5622 2247 5697 Tempus
2270 5635 2448 5679 meum
2476 5617 2719 5675 nondum
2736 5614 2984 5684 advenit;
3011 5616 3221 5692 tempus
3242 5621 3421 5674 autem
3441 5619 3674 5675 vestrum
