3894 6214
246 365 362 424 ὕ79

1536 362 1607 422 Β.
1654 362 1949 424 UBBA-NI
1998 364 2047 423 II
2095 365 2340 426 PAP.’E.

3534 336 3657 417 580

238 514 448 569 semper
469 505 723 569 parat-um
754 505 830 551 est
853 498 1029 569 (Joan.
1055 513 1152 563 vn,
1176 498 1253 564 6),
1280 496 1432 551 unde
1454 502 1506 549 et
1530 495 1890 566 voluptuosis
1920 500 1973 565 Α
2005 514 2106 568 pro
2138 496 2355 553 sanctis
2408 496 2551 553 locis
2590 496 2759 568 agite,
2787 494 2941 549 unde
2988 492 3152 548 vobis
3203 490 3435 563 pietatis
3483 490 3653 543 rudi-

242 585 388 642 solet
423 586 535 641 dici
564 602 576 640 :
609 587 703 642 Vos
732 587 942 641 habetis
974 589 1180 657 tempus
1224 588 1459 639 vestrum
1488 601 1506 637 :
1539 588 1639 637 aut
1666 600 1890 651 rursus,

2002 590 2199 641 menta
2226 589 2534 653 venerunt;
2569 587 2701 639 ante
2730 598 2854 647 vos,
2886 582 2943 636 in
2977 597 3085 637 sua
3125 577 3279 635 bella
3309 577 3651 645 mittendos,

236 679 505 748 tempora
535 674 843 730 nationum
878 680 1015 729 sunt
1042 673 1431 747 plenitudines
1453 671 1739 745 gentium,
1764 688 1891 743 quas
2000 672 2295 730 Christum
2326 675 2446 731 fore
2495 672 2837 747 signiferum
2873 668 3274 727 indubitanter
3324 666 3565 734 credite,
3598 669 3655 723 et

237 768 552 836 antequam
580 762 757 819 Israel
780 762 976 819 salvus
1004 763 1121 829 fiat,
1142 761 1557 817 subintraturaa
1580 763 1746 827 sunt;
1772 759 1892 815 bth
2000 780 2418 835 pra-cursorem
2450 761 2840 818 individuum.

236 857 522 925 tempora,
551 852 758 909 fratres
788 850 1144 918 charissimi,
1175 850 1348 906 modo
1392 848 1634 906 forsitan
1681 847 1889 921 imple-

237 942 478 1008 buntur,
502 941 642 996 dum
687 958 789 1012 per
816 957 938 1007 vos,
962 939 1076 995 Deo
1118 942 1480 1012 cooperante,
1522 952 1887 1009 paganorum

237 1029 508 1103 potentiae
531 1028 903 1101 repellentur,
928 1032 985 1083 et
1017 1029 1128 1083 ﬁne
1156 1026 1349 1083 saeculi
1376 1027 1501 1097 jam
1536 1026 1885 1098 propinquo,

235 1123 292 1175 et
319 1118 365 1174 si
397 1123 597 1191 gentes
628 1116 893 1173 desinent
923 1117 1175 1172 converti
1229 1116 1300 1171 ad
1352 1114 1688 1182 Dominum,
1725 1116 1885 1187 quia,

226 1209 398 1279 juxta
434 1206 798 1279 Apostolum,
830 1209 1038 1278 oportet
1086 1206 1210 1274 ﬁeri
1264 1222 1297 1259 a
1345 1204 1451 1275 ﬁde
1506 1203 1888 1260 discessionem

233 1296 306 1365 (11
325 1297 495 1350 Thess.
516 1312 577 1363 ιῐ,
596 1295 671 1365 3).
693 1294 951 1349 Primum
973 1299 1170 1349 tamen
1192 1310 1426 1349 necesse
1448 1294 1739 1364 est,juxta
1761 1311 1888 1365 pro-

230 1386 457 1458 phetas,
477 1390 609 1439 ante
642 1385 957 1439 adventum
979 1383 1339 1449 Antichristi,
1363 1383 1422 1438 in
1446 1382 1564 1438 illis
1597 1382 1885 1455 partibus,

230 1478 331 1529 aut
361 1489 463 1546 per
488 1490 611 1542 vos,
655 1476 756 1528 aut
803 1489 903 1546 per
933 1489 1081 1545 quos
1130 1474 1244 1529 Deo
1284 1471 1589 1544 placuerit,
1620 1472 1881 1527 renovari

229 1562 684 1619 Christianitatis
715 1561 1051 1633 imperium,
1077 1564 1141 1616 ut
1171 1561 1436 1616 omnium
1469 1559 1754 1616 malorum
1789 1577 1882 1615 ca-

229 1657 353 1724 put,
377 1652 476 1723 qui
510 1651 724 1706 ibidem
759 1651 918 1721 regni
953 1650 1230 1705 thronum
1272 1649 1583 1704 habiturus
1613 1653 1719 1715 est,
1748 1648 1880 1704 fidei

228 1740 447 1813 aliquid
483 1743 685 1795 contra
714 1740 871 1810 quod
900 1744 1118 1811 pugnet
1148 1739 1398 1811 reperiat
1428 1738 1877 1795 nutrimentum.

298 1828 557 1935 Cogitate
583 1828 779 1899 itaque
801 1829 953 1935 a‘pud
978 1845 1078 1883 vos
1103 1827 1255 1899 quod
1281 1844 1383 1882 vos
1405 1825 1786 1935 Ompipotens
1807 1827 1877 1883 ad
1911 1870 1959 1935 B

228 1918 338 1975 hoc
368 1918 615 1974 fortasse
646 1917 963 1989 provideat,
988 1921 1278 1989 quatenus
1298 1914 1624 1972 Jerusalem
1659 1932 1760 1987 per
1779 1933 1882 1973 vos

229 2026 263 2064 a
307 2012 471 2063 tanta
510 2005 947 2062 conculcatione
989 2005 1278 2061 restituat.
1316 2004 1494 2077 Rogo,
1542 2004 1880 2077 perpendite

229 2096 445 2169 quibus
474 2096 748 2152 cordibus
793 2095 1008 2167 gaudia
1037 2093 1136 2149 illa
1165 2097 1441 2166 poterunt
1478 2091 1723 2166 concipi,
1747 2109 1879 2149 cum

228 2189 493 2241 sanctam
552 2182 842 2240 civitatem
897 2186 1088 2239 vestro
1155 2181 1511 2238 adminiculo
1560 2181 1880 2238 viderimus

228 2273 522 2340 suscitari,
538 2276 593 2328 et
613 2271 952 2344 prophetica
973 2270 1189 2327 nostris
1213 2270 1593 2343 temporibus,
1614 2269 1730 2326 imo
1753 2287 1879 2326 ora-

227 2361 359 2417 cula
402 2361 618 2428 divina,
653 2359 952 2431 compleri.
989 2360 1212 2414 Moveat
1253 2359 1597 2415 memoriam
1626 2364 1877 2415 vestram

227 2450 382 2524 quod
412 2466 548 2506 voce
580 2448 769 2522 ipsius
800 2448 1029 2504 Domini
1070 2449 1141 2503 ad
1175 2448 1493 2504 Ecclesiam
1527 2448 1741 2503 dicitur
1765 2465 1776 2503 :
1802 2450 1878 2503 Ab

227 2540 442 2596 Oriente
465 2538 729 2593 adducam
758 2554 939 2593 semen
968 2540 1210 2599 tuum,et
1230 2538 1299 2592 ab
1334 2537 1621 2595 Oceidmde
1649 2554 1879 2606 congre-

224 2630 359 2698 gabo
392 2629 593 2699 te(lsa.
617 2644 774 2694 xun,
797 2628 873 2697 5).
901 2628 1107 2681 Semen
1137 2631 1407 2681 nostrum
1441 2626 1596 2682 Deus
1634 2625 1880 2682 adduxit

226 2718 299 2773 ab
322 2717 576 2784 Oriente,
593 2715 731 2787 quia
756 2714 976 2785 duplici
999 2715 1177 2769 modo
1192 2713 1492 2769 orientalis
1522 2712 1622 2769 illa
1643 2713 1877 2785 provin-

226 2806 315 2862 cia
333 2804 518 2861 edidit
549 2803 842 2875 primitiva
871 2804 1230 2859 incrementa
1254 2803 1422 2859 nobis
1452 2801 1742 2858 Ecclesiaa.
1766 2802 1876 2858 Sed

224 2895 295 2951 ab
327 2892 638 2949 Occidente
665 2907 794 2946 eam
827 2895 1161 2964 congregat,
1184 2891 1324 2947 dum
1358 2908 1460 2963 per
1487 2907 1586 2947 eos
1608 2890 1709 2962 qui
1741 2891 1879 2946 ulti-

224 2983 329 3049 mi,
349 2982 481 3037 ﬁdei
512 2980 863 3037 documenta
892 2986 1207 3051 coeperunt,
1228 2979 1627 3036 Occidentales
1658 2979 1879 3036 scilicet

225 3070 403 3143 (quod
437 3086 540 3142 per
562 3083 683 3134 vos,
710 3072 1021 3141 praestante
1046 3069 1177 3136 Deo,
1203 3069 1325 3125 ﬁeri
1352 3085 1521 3141 posse
1553 3069 1873 3142 putamus),

223 3158 711 3231 Jerosolymitana
742 3159 958 3213 damna
988 3161 1296 3214 restaurat.

2757 866 2879 924 VII.

1998 959 2173 1030 (Petri
2211 960 2529 1025 TUDEBODI,
2561 956 2871 1030 sacerdotis,
2912 955 3279 1030 Suriaeensis,
3304 952 3546 1030 Historia
3586 951 3656 1008 de

2070 1024 2555 1102 Hrerosolymitano
2582 1031 2801 1102 itinere,
2836 1028 2872 1083 l.
2905 1045 2944 1093 1,
2969 1043 3019 1081 c.
3055 1027 3105 1095 1,
3129 1025 3283 1098 apud
3316 1024 3650 1091 Ducaesus,

2068 1102 2263 1174 Seript.
2294 1100 2488 1157 Franc.
2525 1102 2618 1167 IV,
2647 1100 2802 1172 777.)

2067 1210 2317 1275 Fratres,
2346 1212 2571 1281 oportet
2601 1224 2709 1263 nos
2734 1204 2919 1261 multa
2948 1203 3066 1277 pati
3096 1219 3199 1276 pro
3225 1201 3462 1258 nomine
3482 1199 3651 1257 Chri-

1994 1298 2090 1365 sti,
2113 1297 2379 1353 videlicet
2401 1296 2669 1352 miserias
2690 1298 3121 1367 paupertatum,
3145 1290 3646 1365 persecutionum,

1993 1392 2341 1459 egestatum,
2364 1385 2420 1441 in
2433 1385 2796 1451 firmitatum,
2822 1381 3126 1449 nuditatis,
3146 1380 3320 1436 famis
3341 1384 3398 1435 et
3418 1379 3571 1447 sitis,
3594 1382 3653 1436 et

1992 1475 2138 1532 alias
2180 1474 2541 1547 hujusmodi,
2564 1474 2717 1529 sicut
2758 1473 2912 1528 idem
2946 1470 3231 1527 Dominus
3262 1468 3387 1525 suis
3418 1465 3519 1534 ait,
3555 1466 3649 1523 di-

1993 1582 2130 1620 cens
2162 1582 2175 1619 :
2212 1565 2427 1636 Oportet
2466 1580 2553 1619 vos
2592 1564 2713 1635 pati
2756 1578 2858 1634 pro
2908 1561 3124 1615 nomine
3152 1573 3302 1620 meo;
3332 1561 3389 1613 et
3420 1572 3433 1610 :
3467 1555 3649 1615 Nolite

1991 1655 2299 1710 erubescere
2331 1655 2480 1725 loqui
2508 1656 2633 1707 ante
2673 1652 2840 1723 facies
2884 1651 3198 1715 hominum;
3230 1663 3325 1716 ego
3356 1661 3480 1701 vero
3509 1644 3649 1701 dabo

1988 1744 2138 1798 vobis
2167 1759 2224 1797 os
2253 1750 2303 1797 et
2332 1743 2679 1813 sapientiam,
2713 1756 2779 1794 ac
2811 1739 3084 1810 deinceps
3116 1737 3512 1808 subsequatur
3539 1750 3644 1790 vos

1990 1830 2150 1904 larga
2181 1831 2505 1887 retributio.

2746 1916 2891 1971 VIII.

2016 2008 2366 2077 (Ducnesua,
2402 2008 2633 2062 Histoire
2659 2005 2724 2060 de
2754 2010 2871 2060 tous
2902 2000 3312 2077 lesfeardinaua:
3344 2002 3616 2073 [νίκης-αἱς,

2202 2085 2242 2134 t.
2280 2080 2345 2146 II,
2371 2096 2427 2151 p.
2463 2080 2549 2143 43,
2576 2083 2633 2132 et
2664 2077 2856 2144 meo,
2891 2075 3071 2130 Gallia
3094 2077 3429 2147 purpurata.

2062 2184 2456 2241 Existimastis
2487 2184 2653 2249 forte,
2686 2182 2785 2255 qui
2817 2182 2911 2237 hic
2941 2179 3047 2237 loci
3082 2179 3153 2236 ad
3184 2196 3293 2236 nos
3323 2178 3489 2236 acciti
3512 2194 3647 2234 con-

1987 2273 2249 2340 venistis,
2274 2273 2392 2328 veri
2419 2271 2754 2339 Christiani,
2774 2270 2959 2326 solam
2986 2269 3167 2325 fuisse
3187 2266 3267 2324 rei
3292 2265 3645 2323 ecclesiasti-

1988 2380 2065 2418 ca:
2089 2364 2160 2418 ad
2184 2378 2447 2418 normam
2471 2360 2602 2416 ﬁdei
2628 2359 2925 2433 religionis
2942 2356 3358 2433 componenda:
3379 2371 3639 2423 causam,

1988 2469 2112 2522 quae
2140 2468 2231 2507 me
2259 2452 2328 2506 ab
2352 2450 2499 2506 Urbe
2518 2450 2713 2504 venire
2734 2445 3113 2521 compulerit;
3141 2446 3250 2501 fuit
3279 2443 3552 2518 equidem
3584 2444 3642 2499 in

1987 2557 2052 2596 eo
2084 2540 2303 2613 aliquid
2335 2555 2542 2605 causae,
2576 2538 2675 2593 sed
2720 2536 2835 2592 alia
2871 2534 3199 2609 urgentior,
3230 2539 3287 2590 et
3317 2550 3436 2606 qua
3464 2533 3654 2605 major

1988 2628 2107 2685 ulla
2166 2628 2281 2684 dici
2338 2644 2452 2683 non
2510 2626 2717 2699 possit,
2751 2642 2853 2681 nec
2914 2622 3248 2696 excogitari,
3282 2639 3389 2679 nos
3445 2620 3643 2677 traxit.

1988 2718 2207 2773 Paucos
2237 2721 2370 2773 ante
2413 2732 2619 2783 annos,
2653 2730 2797 2788 gens
2827 2731 2861 2769 a
2890 2712 3124 2769 Perside
3153 2713 3441 2786 Agarena,
3469 2725 3648 2783 quam

1988 2810 2259 2879 corrupte
2315 2811 2686 2861 Sarracenam
2746 2802 2961 2867 dicitis,
3023 2805 3290 2857 sanctam
3351 2799 3645 2855 civitatem

1986 2893 2372 2959 Hierusalem,
2418 2896 2801 2964 sanctamque
2847 2896 3058 2946 terram
3110 2889 3415 2956 invadens,
3467 2887 3642 2961 cepit,

1986 2982 2249 3057 diripuit,
2275 2982 2557 3045 incendit,
2583 2984 3023 3037 sacrosanctum
3050 2977 3281 3034 Domini
3306 2976 3643 3050 sepulcrum

1985 3072 2164 3145 (quod
2191 3072 2315 3128 sine
2356 3070 2631 3142 lacrymis
2662 3070 2854 3125 dicere
2884 3066 3223 3140 nequimus)
3245 3066 3642 3139 profanatum,

1986 3162 2199 3217 fcedata
2214 3160 2388 3215 etiam
2410 3158 2664 3217 ecclesias
2683 3157 2916 3225 sacella,
2933 3155 3268 3229 templaque
3285 3154 3434 3211 ritus
3454 3157 3641 3213 nostri

294 3248 354 3305 Si
375 3247 809 3321 Scripturarum
827 3264 929 3303 vos
946 3263 1061 3302 non
1080 3245 1642 3313 excitantdicta,nec
1669 3250 1871 3303 nostra
1899 3232 1943 3299 C
1983 3253 2084 3305 aut
2115 3248 2237 3305 solo
2260 3251 2489 3320 aequata
2508 3250 2666 3315 sunt,
2692 3251 2793 3303 aut
2826 3246 2880 3300 in
2908 3246 3181 3319 profanos
3207 3260 3355 3299 usus
3376 3259 3643 3300 commu-

220 3343 446 3395 vestros
467 3336 697 3393 animos
717 3340 1020 3409 penetrant
1041 3336 1282 3402 monita,
1297 3336 1503 3391 excitet
1524 3335 1730 3393 saltem
1752 3353 1874 3406 vos,

222 3442 424 3483 eorum
474 3425 576 3499 qui
624 3430 826 3481 sancta
875 3424 1002 3481 loca
1054 3424 1215 3481 adire
1272 3424 1609 3480 desiderant
1664 3441 1880 3498 magna

223 3515 480 3572 miseria.
515 3514 859 3587 Perpendite
898 3530 998 3570 eos
1048 3514 1145 3586 qui
1176 3512 1639 3587 peregrinantur,
1674 3518 1730 3569 et
1777 3530 1880 3587 per

222 3605 643 3661 Mediterranea
685 3602 827 3659 illuc
864 3603 1107 3671 vadunt,
1144 3601 1434 3675 siquidem
1485 3601 1878 3676 opulentiores

223 3698 382 3763 sunt,
434 3692 670 3765 quantis
726 3690 1243 3760 redhibitionibus,
1305 3691 1544 3764 quantis
1586 3689 1877 3748 violentiis

222 3782 547 3854 subjacent,
563 3782 702 3836 dum
728 3796 873 3853 pene
895 3796 998 3851 per
1014 3778 1248 3853 singula
1272 3778 1549 3835 milliaria
1567 3780 1878 3853 pensiones

227 3874 533 3943 coguntur,
558 3873 616 3924 et
640 3868 861 3923 tributa
884 3868 1227 3941 dependere,
1253 3884 1356 3941 per
1384 3884 1648 3941 quasque
1677 3869 1875 3925 civita-

222 3960 299 4016 tis
330 3963 549 4032 portas,
574 3974 677 4029 per
706 3956 1082 4013 ecclesiarum
1104 3962 1161 4013 et
1190 3956 1543 4029 templorum
1575 3958 1878 4031 ingressus

225 4046 656 4120 redemptiones
704 4046 1031 4114 exsolvere;
1065 4047 1137 4103 ad
1187 4062 1453 4119 quasque
1500 4047 1570 4104 de
1615 4047 1757 4105 locis
1804 4048 1876 4105 ad

221 4137 349 4193 loca
370 4135 846 4208 demigrationes,
870 4136 1091 4191 inflicta
1113 4134 1374 4208 qualibet
1398 4138 1784 4204 accusatione,
1805 4137 1878 4193 ad

223 4224 680 4297 redemptionem
704 4223 1092 4298 compellere?
1112 4222 1250 4280 dare
1267 4241 1399 4281 vero
1421 4242 1667 4283 munera
1687 4226 1878 4281 detra-

221 4318 469 4372 ctantes.
498 4315 789 4387 quomodo
820 4312 1129 4385 gentilium
1164 4314 1415 4386 prefecti
1447 4313 1875 4383 consueverint,

220 4403 558 4461 verberibus
590 4403 951 4460 truculenter
981 4402 1225 4476 urgere?
1260 4403 1407 4469 Quid
1438 4406 1510 4461 de
1537 4405 1633 4460 his
1665 4402 1877 4459 dicturi

221 4509 450 4559 sumus,
483 4494 580 4567 qui
615 4492 762 4548 nihil
815 4508 1057 4564 prorsus
1104 4491 1385 4550 habentes
1433 4494 1605 4549 nudas
1659 4490 1878 4547 ﬁducia

1986 3343 2125 3394 tata.
2149 3334 2351 3394 Abacti
2379 3337 2515 3392 inde
2544 3334 2878 3402 Christiani,
2904 3351 3039 3408 pars
3069 3332 3316 3407 fragilis,
3340 3335 3398 3389 et
3418 3331 3641 3388 crucia-

1984 3432 2154 3484 tuum
2201 3426 2514 3500 impatiens
2572 3423 2746 3481 saluti
2795 3421 3250 3490 abrenuntiavit,
3290 3420 3638 3478 circumciso

1986 3516 2269 3590 praeputio
2293 3516 2443 3571 facta
2464 3518 2553 3571 est
2575 3514 2913 3581 Sarracena,
2930 3528 3088 3585 pars,
3107 3511 3168 3567 in
3201 3510 3313 3567 ﬁde
3338 3514 3638 3577 constans,

1986 3623 2090 3679 per
2112 3606 2300 3662 varios
2325 3603 2529 3660 mortis
2552 3602 2757 3658 modos
2786 3600 3023 3657 lacerati
3053 3599 3394 3672 laniatique,
3419 3602 3487 3655 ut
3507 3597 3639 3656 felix

1986 3694 2182 3763 fuerit,
2207 3709 2382 3765 quem
2428 3691 2686 3747 carnifex
2729 3690 2977 3763 petitum
3017 3687 3212 3761 gladio
3250 3686 3637 3744 obtruncavit.

1986 3782 2260 3840 Mulieres
2280 3780 2641 3847 Christianas,
2662 3779 2719 3833 in
2743 3778 2988 3834 urbibus
3010 3776 3358 3850 oppidisque
3374 3777 3641 3849 frequen-

1986 3871 2249 3938 tissimis,
2275 3885 2422 3941 quas
2465 3886 2533 3925 ex
2576 3867 2785 3924 vestris
2824 3867 3238 3940 quorumdam,
3262 3865 3363 3938 qui
3412 3864 3636 3933 astatis,

1985 3959 2235 4015 urbibus
2265 3940 2321 4013 et
2349 3957 2579 4030 oppidis
2611 3956 2839 4013 devotio
2861 3956 2933 4013 ad
2964 3959 3166 4011 sancta
3186 3954 3555 4027 inspicienda
3582 3940 3639 4009 et

1986 4046 2284 4103 adoranda
2311 4043 2439 4101 loca
2467 4061 2569 4118 per
2598 4048 2682 4101 tot
2710 4049 2895 4101 terras
2927 4046 3202 4111 traxerat,
3226 4041 3425 4099 omnia
3452 4057 3637 4115 passa!

1986 4139 2127 4193 sunt
2147 4151 2275 4207 quae
2298 4133 2459 4190 dictu
2485 4134 2757 4190 obscaena
2776 4132 3031 4189 crudelis
3051 4130 3269 4188 Christi
3288 4130 3497 4198 hostis,
3521 4146 3636 4187 non

1986 4224 2057 4281 ad
2085 4239 2253 4279 suam
2276 4222 2465 4296 magis
2485 4221 2830 4295 explendam
2858 4220 3180 4288 libidinem,
3200 4220 3353 4293 quod
3375 4218 3450 4277 ad
3471 4217 3638 4275 Chri-

1986 4312 2311 4369 stianorum
2361 4312 2614 4369 dedecus
2664 4310 2987 4384 excogitare
3020 4309 3227 4383 potuit.
3252 4308 3341 4378 Et,
3372 4306 3423 4364 si
3471 4306 3637 4364 Chri-

1986 4401 2183 4470 stiani,
2216 4401 2336 4458 imo
2366 4400 2412 4457 si
2446 4401 2554 4455 viri
2586 4400 2749 4467 estis,
2773 4416 2878 4456 nec
2900 4415 3063 4471 aequo
3086 4398 3289 4455 audire
3321 4397 3518 4455 animo
3543 4414 3639 4470 po-

1981 4491 2171 4557 testis,
2198 4508 2302 4546 nec
2331 4490 2621 4563 patienter
2647 4488 2913 4545 tolerare.
2937 4488 2999 4543 In
3022 4504 3149 4560 quae
3182 4486 3399 4554 omnia,
3423 4491 3491 4542 ut
3519 4485 3637 4542 illis

219 4583 752 4657 paupertatis,dum
785 4581 867 4636 nil
900 4584 1105 4653 praeter
1128 4579 1877 4655 corporavidenturhabere
1904 4603 1953 4669 Β
1985 4596 2089 4653 pro
2122 4578 2401 4653 dignitate
2446 4577 2701 4635 nominis
2737 4576 3051 4633 Christiani
3090 4576 3392 4648 providere
3418 4574 3634 4642 velitis,

220 4671 375 4745 quod
397 4672 664 4745 perdant,
687 4671 796 4725 iter
817 4668 960 4725 illud
984 4669 1309 4743 arripiunt?
1332 4672 1475 4726 Dum
1499 4670 1571 4725 ab
1594 4669 1679 4725 eis
1700 4686 1875 4741 pecu-

220 4760 336 4829 nia,
362 4777 491 4833 quze
522 4777 638 4816 non
686 4762 794 4828 est,
827 4759 1133 4832 suppliciis
1178 4758 1561 4815 intolerandis
1599 4758 1869 4831 exigitur,

220 4851 362 4906 dum
383 4849 561 4906 callos
588 4848 838 4905 talorum
863 4865 933 4905 ne
955 4849 1099 4904 forte
1118 4847 1421 4920 quidpiam
1448 4847 1529 4902 ibi
1560 4846 1868 4917 insuerint,

219 4938 562 4995 dissecando
594 4955 659 4993 ac
701 4938 1026 4993 revellendo
1058 4938 1367 5001 rimantur,
1400 4936 1736 5005 credulitas,
1772 4955 1869 4994 ne-

219 5028 530 5084 fandorum
564 5028 635 5083 ad
669 5027 775 5083 hoc
817 5042 1003 5099 usque
1053 5023 1392 5097 perducitur
1421 5030 1485 5081 ut
1533 5042 1731 5081 aurem
1781 5027 1871 5083 vel

218 5120 528 5190 argentum
551 5116 796 5173 miseros
817 5112 1193 5170 abeorhuisse
1215 5115 1508 5184 putantes,
1533 5119 1635 5169 aut
1654 5114 1790 5171 data
1809 5115 1869 5171 in

217 5209 422 5279 potum
448 5205 768 5275 scamonia,
791 5217 982 5274 usque
1003 5200 1076 5255 ad
1097 5200 1401 5268 vomitum,
1424 5201 1513 5257 vel
1540 5202 1715 5258 etiam
1738 5219 1868 5259 eru-

217 5294 474 5368 ptionem
505 5309 605 5350 eos
634 5292 903 5349 vitalium
944 5290 1176 5359 urgent,
1206 5288 1294 5343 vel
1343 5289 1513 5355 ferro,
1549 5291 1705 5363 quod
1754 5292 1868 5349 dici

217 5382 381 5439 nefas
399 5386 509 5451 est,
525 5380 789 5438 discissis
808 5374 1130 5442 ventribus,
1154 5374 1563 5434 intestinorum
1587 5397 1867 5452 quorum-

216 5487 451 5545 cunque
480 5469 781 5526 involucra
802 5462 1224 5529 distendentes,
1250 5464 1538 5538 quidquid
1563 5468 1737 5528 habet
1763 5491 1867 5530 na-

214 5565 350 5618 tura
378 5558 605 5626 secreti,
628 5552 892 5613 horribili
917 5548 1246 5607 concisione
1278 5554 1565 5627 aperiunt.
1593 5558 1864 5635 Recolite,

213 5665 439 5732 precor,
461 5662 663 5704 eorum
692 5641 879 5703 millia
897 5636 1000 5717 qui
1021 5636 1438 5706 detestabiliter
1465 5647 1782 5728 perierunt,
1811 5657 1868 5714 et

1985 4669 2277 4741 majorum
2297 4666 2581 4741 exempla,
2607 4665 2949 4736 maximum,
2973 4667 3127 4738 quod
3150 4663 3421 4721 imminet
3452 4662 3636 4738 negli-

1982 4757 2278 4831 gentibus,
2313 4755 2662 4830 periculum,
2694 4759 2751 4812 et
2793 4755 3167 4828 praemiorum
3197 4771 3355 4827 spes,
3384 4769 3488 4809 vos
3519 4769 3634 4809 non

1981 4849 2190 4903 ducere
2222 4846 2410 4919 magis
2442 4861 2620 4918 quam
2650 4844 2878 4900 trahere
2904 4843 3219 4900 debebunt.
3244 4840 3472 4898 Etenim
3494 4842 3637 4898 sub-

1973 4937 2163 5008 jectas
2193 4934 2489 5007 quondam
2521 4934 2916 4990 Romanorum
2967 4931 3212 5005 imperio
3264 4930 3547 4997 civitates,
3580 4932 3639 4986 et

1981 5030 2195 5081 terram
2228 5028 2490 5080 sanctam
2524 5039 2557 5078 a
2575 5022 2783 5078 Turcis
2804 5019 3257 5092 Sarracenisque
3289 5019 3509 5076 nostris
3529 5018 3636 5074 ho-

1979 5114 2169 5170 stibus
2194 5111 2499 5186 possideri,
2524 5110 2821 5167 neminem
2842 5125 2970 5167 esse
2989 5112 3252 5165 vestrum
3274 5108 3375 5181 qui
3404 5107 3635 5182 ignoret

1978 5206 2203 5259 certum
2260 5201 2565 5257 habemus.
2608 5200 2762 5265 Quas
2809 5215 2943 5255 vero
2990 5198 3232 5270 Europae
3280 5195 3630 5270 provincias,

1979 5307 2127 5364 quas
2156 5291 2331 5347 urbes
2378 5288 2557 5345 iidem
2605 5292 2893 5360 premant,
2922 5291 3225 5359 occupent,
3259 5284 3630 5357 lacerentque

1978 5378 2274 5446 inﬁdeles;
2308 5378 2357 5434 si
2401 5392 2606 5434 omnes
2655 5376 2831 5432 simul
2881 5373 3186 5449 ignoratis,
3221 5373 3629 5446 unusquisque

1976 5469 2035 5525 in
2069 5486 2177 5525 sua
2206 5465 2505 5541 provincia
2536 5464 2714 5530 novit,
2746 5464 2806 5519 ni
2847 5464 2992 5520 forte
3021 5480 3144 5528 vos,
3167 5462 3317 5520 Galli
3354 5462 3629 5518 remotio-

1977 5577 2094 5628 res,
2127 5558 2247 5613 haec
2280 5570 2395 5610 non
2447 5552 2696 5622 sentitis,
2720 5552 2821 5625 qui
2867 5552 3260 5624 Hispanorum
3305 5551 3629 5624 Aquitano-

1978 5660 2249 5722 rumque,
2272 5642 2347 5702 ab
2374 5657 2441 5700 ea
2470 5644 2640 5714 gente
2668 5656 3103 5717 oppressorum,
3128 5639 3270 5699 dum
3301 5638 3362 5700 in
3383 5638 3625 5699 servitu-
