3894 6214
180 323 287 395 581

985 330 1478 402 EPITAPHIUM
1524 330 1842 402 SlMONlS
1888 337 2200 400 COMlTlS
2246 337 2824 403 CRESPEIENSIS.

3491 349 3610 409 582

181 472 296 523 tem
331 469 684 540 rapiuntur,
718 472 777 529 in
815 472 1067 529 Africam
1123 474 1516 541 abducuntur,
1567 472 1850 528 clamores
1879 473 1934 540 Α
1971 489 2109 527 num
2143 473 2297 544 quod
2322 473 2537 529 nostris
2560 475 2921 546 temporibus
2948 477 3015 531 ad
3053 494 3290 549 parvum
3325 482 3480 537 orbis
3503 501 3610 538 an-

181 555 571 630 ejulatusque
606 560 877 633 singulos
924 577 1025 634 per
1054 562 1178 618 dies
1208 563 1410 618 audire
1463 562 1707 618 debetis.
1739 561 1850 616 Sed

183 648 454 719 nunquid
486 666 624 715 vos,
661 651 956 716 Germani,
988 652 1264 718 Saxones,
1316 651 1538 718 Poloni,
1591 649 1850 717 Bohemi,

181 735 472 809 Hungari,
508 738 629 793 etsi
666 740 888 795 Turcas
937 744 993 795 et
1035 741 1386 795 Sarracenos
1434 739 1590 795 intra
1635 739 1857 794 viscera

180 825 382 882 saevire
403 831 617 882 vestra
633 829 897 884 nondum
910 829 1162 898 sentitis,
1178 846 1355 900 quam
1379 847 1412 884 a
1435 829 1599 884 vobis
1617 829 1852 893 distent,

181 914 267 969 vel
299 915 494 982 fretis,
531 917 627 971 vel
664 917 1008 972 fluminibus
1046 917 1371 990 ignoratis?
1421 917 1645 973 Italiam
1701 933 1855 972 nunc

180 1003 475 1076 alloquor,
512 1020 707 1076 quam
740 1005 957 1061 multos
988 1011 1120 1061 ante
1151 1023 1337 1061 annos
1368 1006 1668 1062 Sarraceni
1688 1005 1857 1060 dimi-

179 1093 338 1148 diam
372 1110 533 1165 pene
567 1100 956 1166 ncouparunt,
974 1095 1031 1148 in
1053 1112 1298 1167 eamque
1313 1095 1457 1150 adeo
1480 1098 1859 1166 penetrarunt

179 1187 243 1238 ut
271 1181 769 1238 Christianorum
791 1187 986 1254 caput.
1020 1183 1170 1238 Petri
1201 1185 1400 1240 sedem
1420 1185 1685 1250 Romam,
1711 1199 1860 1238 mar-

177 1275 378 1344 tyrum
411 1271 722 1344 sanguine
746 1271 935 1327 adhuc
954 1273 1585 1340 madentem,invasam
1616 1273 1858 1327 obsede-

179 1362 318 1427 rint,
357 1365 705 1433 oaptasque
721 1360 1123 1433 apostolorum
1146 1361 1292 1416 Petri
1311 1365 1366 1415 et
1391 1360 1554 1416 Pauli
1586 1359 1860 1416 basilicas

176 1449 665 1521 inquinaverint.
699 1450 947 1505 Venetos
961 1449 1054 1505 hic
1081 1450 1266 1517 video,
1294 1448 1610 1514 Dalmatas,
1638 1455 1694 1504 et
1714 1448 1859 1504 alios

178 1539 352 1594 sinus
386 1538 691 1593 Adriatici
723 1538 972 1603 accolas,
1025 1537 1145 1609 qui,
1199 1539 1338 1592 dum
1395 1545 1674 1610 perpetua
1724 1553 1856 1591 cum

179 1626 540 1684 Sarracenis
577 1627 797 1700 praelia,
830 1632 887 1682 et
918 1644 979 1682 se
1021 1631 1314 1686 tueantur.
1365 1631 1651 1691 exercent,
1704 1627 1856 1697 quod

181 1723 272 1773 est
302 1716 492 1771 Italiae
527 1716 828 1788 reliquum
877 1716 1203 1771 defensant.
1255 1715 1402 1780 Quid
1450 1714 1700 1770 multis?
1750 1715 1861 1769 fuit

180 1806 482 1862 hactenus
531 1805 597 1860 in
650 1805 922 1861 extremis
970 1806 1041 1859 ad
1094 1802 1545 1875 septentrionem
1592 1803 1860 1875 partibus

183 1895 432 1967 Europae
489 1893 1212 1965 Constantinopolitanum
1262 1891 1572 1964 imperium
1625 1891 1768 1947 obex
1807 1896 1864 1946 et

181 1987 481 2056 tanquam
517 2000 752 2049 murus,
785 1983 884 2054 qui
916 1983 1136 2037 Turcas
1166 1985 1340 2052 atque
1354 1980 1702 2035 Sarracenos
1725 1997 1862 2035 con-

182 2071 365 2128 tinuit
397 2079 462 2129 et
476 2071 889 2146 prohibuil,nn
919 2071 1244 2142 Hungaros,
1263 2068 1526 2130 Polonos,
1551 2068 1859 2134 Bohemos,

182 2160 478 2234 ipsosque
514 2161 872 2218 Alemannos
905 2159 1118 2232 primo,
1153 2157 1360 2213 deinde
1392 2161 1632 2212 caeteros
1655 2156 1860 2211 obrue-

180 2254 313 2306 rent
347 2250 752 2307 Christianos.
804 2247 1015 2304 Pulsus
1069 2263 1204 2302 vero
1246 2250 1380 2302 ante
1429 2261 1643 2317 paucos
1677 2260 1861 2299 annos

177 2338 320 2395 Asia
350 2339 711 2412 imperator,
745 2339 814 2393 de
844 2336 1163 2393 retinendis
1195 2334 1861 2405 Constantinopolitanis

178 2429 435 2501 Europae
472 2429 816 2501 regionibus
870 2426 1114 2481 laborat.
1151 2426 1208 2480 Si
1263 2440 1420 2478 nunc
1467 2439 1535 2478 ea
1567 2421 1860 2492 respicitis

179 2518 704 2588 consideratisque
735 2515 860 2571 sola
899 2532 1027 2587 quas
1081 2519 1213 2569 ante
1244 2513 1443 2568 oculos
1496 2515 1654 2579 sunt,
1706 2510 1753 2566 si
1782 2510 1857 2566 ir-

178 2605 422 2662 ruituro
488 2606 643 2661 brevi
706 2607 905 2660 Turcze
937 2609 994 2658 et
1048 2603 1367 2658 Sarraceno
1422 2599 1706 2656 obsistere
1739 2616 1855 2654 non

178 2695 464 2767 pergitis,
516 2694 614 2766 qui
664 2710 897 2749 sacrum
969 2689 1195 2746 Domini
1245 2688 1601 2760 sepulcrum,
1649 2703 1853 2744 sanam

177 2781 321 2838 Jesu
359 2782 584 2839 Christi
614 2787 828 2837 terram
857 2780 1100 2853 pedibus
1123 2779 1520 2834 conculcatam
1545 2777 1855 2849 aspureis-

179 2871 343 2927 sima
378 2873 557 2943 gente
577 2875 662 2924 tot
688 2868 1180 2939 annosinquinari
1199 2865 1555 2938 neglexistis,
1587 2867 1852 2921 eamdem

177 2959 241 3014 in
275 2963 557 3014 vestrum
591 2961 764 3027 caput
793 2957 1008 3010 irruere
1038 2956 1193 3009 brevi
1227 2954 1510 3023 sentietis,
1555 2960 1853 3010 matronas

174 3063 213 3101 a
246 3043 572 3115 complexu
603 3049 815 3108 vestro,
835 3048 1054 3097 vestras
1085 3042 1361 3114 virgines,
1382 3042 1455 3096 ab
1471 3058 1671 3097 earum
1694 3043 1849 3109 sinu,
1869 3073 1874 3081 -

175 3149 413 3206 pueros
447 3136 504 3187 et
556 3130 952 3187 adolescentes
1001 3137 1220 3185 vestros
1259 3131 1315 3185 in
1368 3131 1709 3186 servitutem
1756 3147 1849 3185 vo-

1975 560 2180 632 gulum
2214 563 2610 636 coangustari,
2639 567 2695 618 et
2739 565 2997 635 quotidie
3035 567 3106 620 de
3136 567 3353 624 excidio
3384 571 3611 641 pericli-

1961 649 2069 704 tari
2100 650 2390 718 videmus,
2414 652 2523 706 Sed
2544 651 2960 724 propinquiora
2980 655 3610 725 attingamus,Carolus

1965 737 2098 802 iste,
2151 745 2538 811 cognomento
2571 757 2820 813 magnus
2864 747 3069 808 vester,
3123 746 3414 811 Germani,
3467 765 3610 820 pene

1964 826 2116 880 avita
2145 826 2403 898 origine:
2436 828 2658 895 Vester,
2688 830 2912 898 Franci,
2948 849 3062 898 rex,
3094 837 3351 889 vestrum
3403 836 3610 908 ingens

1965 915 2162 979 decus,
2199 916 2508 988 Hispaniae,
2533 917 2854 989 Aquitaniae
2886 925 2942 975 et
2960 921 3101 991 ipsis
3121 923 3373 980 Francius
3395 925 3611 982 ﬁnibus

1965 1003 2371 1060 incumbentes
2385 1006 2733 1062 Sarracenos
2753 1008 2806 1061 in
2819 1009 2980 1062 ﬁnita
2996 1011 3329 1068 mortalium
3345 1014 3613 1070 examina

1965 1093 2312 1148 deturbavit.
2345 1095 2584 1150 Carolus
2615 1100 2960 1152 Sarracenos
2986 1099 3149 1156 Italia
3187 1103 3277 1172 (ut
3326 1104 3482 1159 fama
3511 1121 3611 1161 vos

1965 1180 2236 1253 vulgatis)
2271 1187 2426 1237 terra
2455 1187 2658 1238 sancta
2706 1185 3224 1260 Hierosolimisque
3271 1192 3509 1264 expulit.
3546 1195 3610 1248 Et

1966 1285 2082 1340 quo
2110 1269 2398 1324 audebitis
2428 1275 2594 1341 pacto
2617 1272 2889 1342 posthaec
2911 1274 3120 1339 dicere,
3155 1276 3337 1332 solam
3370 1297 3498 1336 esse
3524 1281 3611 1337 vel

1967 1356 2306 1428 primariam
2339 1363 2572 1430 gentem
2606 1360 2930 1424 Franciam,
2963 1380 3138 1434 quam
3171 1381 3300 1421 vere
3333 1367 3615 1424 Christia-

1967 1462 2102 1500 nam
2137 1446 2634 1518 appellareliceat,
2669 1449 2716 1503 si
2748 1449 2886 1504 inea
2911 1468 3037 1522 qua:
3058 1453 3222 1509 vobis
3252 1455 3434 1524 adest,
3467 1474 3612 1529 opu-

1967 1533 2163 1600 lentia,
2199 1536 2547 1590 Sarracenos
2570 1542 2626 1590 et
2655 1539 2893 1604 'l‘urcas,
2930 1545 3307 1613 posteaptum
3343 1545 3612 1617 inquina-

1968 1627 2214 1694 tumque
2248 1624 2472 1677 Domini
2505 1641 2734 1679 sacrum
2787 1628 3144 1697 sepulcrum,
3196 1632 3393 1704 populi
3437 1635 3611 1689 etiam

1967 1711 2295 1767 Christiana
2328 1713 2604 1784 reliquias
2636 1716 2760 1785 capi
2794 1716 3160 1789 apprimique
3191 1736 3293 1791 per
3321 1721 3612 1793 ignaviam

1971 1801 2392 1872 permiseritis?
2444 1803 2945 1872 Expergiscimini,
2988 1806 3370 1878 obtestamur,
3418 1815 3476 1866 et
3515 1828 3616 1884 per

1971 1889 2194 1944 viscera
2223 1889 2634 1946 misericordiae
2663 1892 2760 1946 Dei
2794 1895 2976 1948 nostri
3009 1912 3268 1967 oramus,
3300 1898 3406 1954 viri
3439 1901 3614 1957 fortes

1970 1977 2092 2032 orbi
2126 1976 2456 2034 Christiano
2477 1981 2803 2051 exemplum
2823 1983 3389 2059 incitamentumque
3409 1989 3612 2058 futuri,

1970 2083 2135 2122 arma
2191 2067 2399 2137 capite,
2432 2073 2676 2135 turmas,
2712 2071 3005 2140 cohortes,
3054 2073 3311 2146 legiones
3363 2077 3612 2146 educite,

1969 2159 2088 2209 tam
2135 2156 2354 2210 multos
2403 2155 2656 2212 habituri
2716 2175 3017 2230 sequaces,
3076 2179 3250 2234 quam
3281 2163 3338 2219 id
3389 2167 3614 2222 ardenti

1971 2244 2166 2298 animo
2200 2245 2385 2299 facere
2412 2246 2751 2301 ostendetis.
2785 2248 2985 2303 Aderit
3031 2250 3196 2307 vobis
3245 2254 3615 2326 omnipotens

1969 2331 2144 2394 Deus,
2170 2331 2410 2404 angelos
2439 2349 2578 2388 suos
2610 2339 2742 2388 ante
2775 2335 2979 2390 faciem
3017 2342 3292 2405 vestram,
3327 2342 3427 2412 qui
3481 2342 3616 2396 diri-

1967 2425 2108 2492 gant
2137 2437 2376 2492 gressus
2406 2427 2648 2487 vestros,
2683 2422 2825 2477 ccelo
2869 2425 3142 2480 dimittet.
3193 2427 3393 2500 Capite
3442 2429 3617 2502 igitur

1966 2514 2024 2564 et
2054 2510 2487 2580 arripitearma,
2521 2509 2855 2582 Christiani,
2877 2512 3247 2570 Dominicum
3279 2516 3612 2589 sepulcrum

1965 2595 2293 2663 liberaturi,
2329 2598 2386 2652 in
2419 2616 2534 2670 quo
2566 2616 2770 2655 omnes
2800 2606 3073 2658 aeternam
3106 2603 3270 2660 vobis
3310 2621 3615 2678 compara-

1964 2687 2103 2742 bilis
2133 2686 2540 2759 gloriam,tum
2573 2688 2747 2744 etiam
2765 2705 2958 2748 rerum
2986 2691 3215 2748 saeculis
3245 2693 3616 2767 incompara-

1964 2776 2112 2832 biles
2125 2775 2358 2831 divitias
2384 2777 2687 2848 parabitis.
2711 2778 2826 2833 Nos
2843 2777 3091 2851 denique
3113 2782 3184 2837 de
3213 2783 3616 2840 misericordia

1965 2865 2084 2932 Dei,
2122 2866 2424 2920 beatorum
2462 2867 2606 2921 Petri
2665 2871 2722 2921 et
2753 2866 2918 2922 Pauli
2981 2871 3328 2926 auctoritate
3385 2873 3612 2940 conﬁsi,

1966 2954 2236 3009 ﬁdelibus
2263 2954 2631 3021 Christianis,
2679 2956 2779 3026 qui
2828 2962 3031 3012 contra
3078 2975 3336 3032 paganos
3386 2977 3616 3017 venera-

1964 3043 2105 3098 bilia
2135 3042 2260 3098 loca
2291 3042 2630 3114 hujusmodi
2673 3045 3002 3102 detinentes
3030 3064 3193 3102 arma
3225 3051 3614 3122 susceperint,

1961 3135 2202 3186 cunctas
2233 3131 2346 3186 sibi
2380 3148 2481 3202 pro
2521 3131 2750 3187 delictis
2794 3134 2918 3188 suis
2969 3137 3343 3206 paenitentiae
3393 3137 3613 3195 relaxa-

174 3205 428 3277 biscum
460 3221 584 3292 rapi
617 3219 880 3275 dolentes
908 3219 1218 3289 mmstique
1239 3219 1527 3274 videbitis.
1556 3218 1764 3274 Melius
1796 3224 1852 3275 et
1882 3205 1924 3271 C
1965 3237 2121 3274 mus.
2155 3219 2389 3274 Interim
2427 3236 2578 3284 vero,
2629 3235 2728 3274 eos
2759 3222 2859 3292 qui
2911 3205 3118 3278 ardore
3168 3224 3300 3279 ﬁdei
3353 3225 3611 3283 laborem

179 3310 405 3381 majori
438 3326 571 3365 cum
604 3307 790 3382 gloria
833 3307 1016 3363 nostri
1063 3308 1462 3379 progenitores
1512 3307 1846 3362 inchoatam

181 3401 390 3456 Romae
419 3404 476 3454 et
505 3399 563 3454 in
597 3397 762 3453 Italia
793 3403 850 3453 et
880 3414 982 3469 per
1027 3397 1316 3467 Europam
1375 3397 1740 3467 dignitatem,
1774 3397 1844 3451 ad

178 3489 373 3546 totius
412 3487 570 3544 orbis
601 3487 1002 3543 monarchiam
1027 3484 1380 3545 extulerunt,
1401 3501 1503 3556 per
1532 3485 1702 3554 cujus
1723 3501 1846 3538 om-

185 3595 293 3635 nes
326 3578 656 3651 provincias
682 3583 739 3633 et
769 3577 1036 3649 regiones
1069 3591 1278 3630 nomen
1331 3575 1524 3630 ﬂoruit
1569 3573 1848 3630 Christia-

1955 3307 2134 3362 istum
2169 3308 2578 3377 assumpserit,
2627 3308 2738 3362 sub
2788 3308 3052 3364 Ecclesiae
3105 3312 3375 3367 Romanae
3425 3321 3613 3386 prote-

1958 3396 2167 3462 ctione,
2196 3401 2474 3466 tanquam
2508 3411 2652 3450 verae
2682 3396 3024 3452 obedientiaa
3049 3398 3198 3454 ﬁlios
3227 3401 3606 3475 suscipimus,

1959 3490 2015 3540 et
2067 3485 2141 3539 ab
2190 3485 2478 3540 universis
2526 3485 3052 3557 inquietationibus
3099 3495 3219 3545 tam
3251 3491 3311 3546 in
3362 3509 3614 3564 persona

1960 3589 2137 3646 quam
2160 3573 2219 3629 in
2252 3575 2427 3629 rebus
2458 3574 2775 3630 statuimus
2807 3592 3040 3633 manere
3072 3594 3332 3636 securos.

1297 3950 1607 4037 EPITA
1620 3949 1985 4037 PHIUM
2046 3947 2398 4036 SIMON
2404 3949 2500 4037 IS

1485 4144 1772 4200 COMITIS
1813 4143 2315 4202 CRESPEIENSIS

674 4317 951 4388 Scriptum
983 4318 1043 4371 in
1065 4313 1356 4388 pyramide
1384 4315 1648 4388 ejusdem,
1679 4331 1712 4368 α
1742 4314 1936 4370 domno
1961 4331 2104 4386 papa
2140 4314 2374 4383 Urbano,
2405 4323 2755 4386 cognomento
2788 4315 2967 4373 Odone
2995 4317 3128 4389 (66).

193 4663 393 4720 Simon
425 4664 651 4720 habens
683 4681 917 4733 nomen,
955 4665 1245 4737 majorum
1275 4661 1564 4736 sanguine
1595 4659 1773 4728 claro,

263 4757 617 4809 Francorum
651 4770 976 4825 procerum,
1008 4769 1144 4824 pars
1165 4767 1271 4824 ego
1306 4767 1518 4823 magna
1551 4751 1654 4806 fui.

198 4839 558 4913 Paupertatis
587 4858 814 4906 amans,
848 4841 1094 4912 patriam
1129 4841 1534 4912 mundumque
1567 4839 1793 4912 reliqui,

262 4929 559 4988 Christum
590 4931 807 4986 divitiis
841 4929 1115 4985 omnibus
1146 4929 1495 4985 anteferens.

199 5017 331 5075 Post
360 5020 432 5074 ad
465 5019 840 5091 apostolicam
874 5017 1126 5074 caelestis
1158 5017 1438 5090 principis
1469 5017 1664 5074 aulam

265 5107 530 5164 Eximius
559 5108 706 5164 tanti
738 5124 829 5164 me
863 5107 1049 5181 patris
1080 5108 1200 5180 egit
1230 5124 1413 5163 amor.

198 5197 318 5262 Quo
349 5196 494 5251 duce
525 5213 860 5269 promerear
889 5197 1127 5252 tandem
1159 5213 1334 5268 super
1365 5200 1526 5252 astra
1553 5195 1766 5252 levari:

333 5284 608 5356 Hospitor
636 5285 732 5342 hic
762 5302 959 5342 sacras
990 5285 1262 5341 conditus
1291 5289 1424 5341 ante
1455 5285 1624 5342 fores.

189 5529 192 5531 _
260 5463 374 5533 (66)
404 5461 554 5537 Illud
575 5464 950 5537 epitaphium
979 5464 1445 5537 habeturgetiam
1476 5464 1531 5519 in
1565 5465 1691 5520 cod.
1726 5481 1838 5521 ms.

193 5534 530 5619 monasterii
563 5534 1097 5619 Clarimarj'scensis
1127 5535 1186 5591 in
1218 5535 1489 5591 Flandria
1518 5552 1652 5592 cum
1683 5537 1839 5619 ejus-

193 5604 324 5666 dem
357 5604 614 5666 Simonis
642 5607 796 5666 Vita.
831 5607 1051 5667 Verum
1091 5622 1192 5666 sex
1237 5623 1440 5667 versus
1489 5604 1840 5685 posteriores

1877 4663 1923 4728 D
1956 4660 2106 4716 Olim
2141 4662 2294 4718 facta
2325 4663 2506 4736 patris
2539 4680 2822 4719 renovans
2853 4664 3168 4720 dictamine
3199 4663 3394 4720 fratris

1957 4750 2274 4822 Discipulis
2306 4769 2572 4808 normam
2609 4752 2815 4824 scripsi
2848 4757 3244 4826 subpaupere
3276 4753 3494 4821 forma;

1954 4839 2064 4894 Sed
2097 4841 2233 4910 quia
2265 4858 2367 4895 nec
2399 4842 2621 4912 spernit
2652 4841 2806 4896 Deus
2835 4841 2978 4907 haec,
3012 4860 3113 4897 nec
3149 4843 3514 4915 pauperiore,

1953 4927 2217 4982 Ostendit
2241 4929 2488 5001 Moyses,
2517 4930 2674 5002 operi
2709 4930 2990 5001 capiendo
3024 4930 3267 4985 minora.

1956 5019 2143 5082 Quare
2174 5016 2446 5072 lectorem
2479 5018 2720 5090 cupiens
2752 5017 3180 5088 auxiliatorem,

1952 5105 2040 5162 Me
2070 5104 2225 5178 legat
2245 5106 2546 5161 absentem
2580 5123 2755 5178 posco
2785 5107 3000 5164 virtute
3032 5111 3346 5164 carentem.

1950 5463 2224 5542 videntur
2251 5462 2668 5542 essenauetoris
2719 5462 2880 5542 Vitae,
2918 5462 3017 5542 qui
3066 5477 3165 5517 eos
3209 5453 3500 5532 prioribus
3529 5447 3602 5507 ab

1954 5535 2184 5594 Urbano
2215 5533 2487 5610 pontiﬁce
2518 5533 2690 5592 editis
2723 5533 3007 5604 adiunxit.
