3894 6214
400 342 515 404 387

1131 340 1319 406 SAZC.
1365 344 1441 405 XI
1486 342 1715 408 AUCT.
1762 340 2078 408 INCERTI
2125 343 2315 409 ANNI
2360 343 2461 410 ET
2505 345 2806 412 SCRIPT.
2856 354 3078 407 ’AAEZII.

3689 349 3808 416 588

399 476 629 556 publica
659 480 693 532 ὰ
720 478 967 556 Ἰςςρχνθες-ζ
990 476 1031 532 Il
1064 476 1371 556 les_in§era
1399 480 1606 556 depuis
1629 480 1784 556 dans
1811 482 2370 556 son_ouvr_age_des_
2389 482 2573 556 Saian
2593 491 2675 556 __et
2719 485 3016 556 antiquitas
3064 483 3156 540 des
3206 485 3414 555 Vosges,
3445 484 3728 556 imprime
3774 492 3807 544 ὲ

396 548 601 619 Epinal
630 565 701 604 en
734 548 891 604 463i.
928 548 1199 617 Francois
1229 548 1645 675 Riguetﬁrand
1680 552 1878 622 prévbt
1906 550 1976 604 de
2006 548 2324 617 Sain't-Dié,
2355 551 2441 609 les
2471 553 2672 624 publia
2701 557 2735 610 ξι
2762 548 2869 612 son
2901 559 3052 622 tour,
3084 572 3155 612 en
3205 548 3359 622 1679,
3393 548 3499 613 sur
3533 548 3807 616 l'édition

399 620 470 673 de
501 620 718 675 Nancv.
752 620 919 675 Enfin
949 620 1032 675 les
1065 637 1435 675 successeurs
1505 638 1535 675 e
1565 620 1878 675 Bollandus
1909 620 1992 675 les
2023 627 2125 675 ont
2154 623 2376 675 donnés
2402 641 2505 675 sur
2533 623 2828 675 Dlusieurs
2860 626 3236 675 manuscrits-
3270 626 3657 675 cnllatinnnén
3698 648 3805 675 mn

399 620 718 692 deNancy.
752 620 919 675 Enfin
949 620 1032 675 les
1065 637 1435 692 successeurs

1505 620 1878 696 e_B_ollandus
1909 620 1992 675 les
2023 627 2125 677 ont
2154 623 2376 679 donnés
2402 620 2505 680 sur
2533 623 2828 696 plusieurs
2859 620 3237 695 manuscrits,
3270 620 3657 686 collationnés
3696 648 3809 689 aux

397 690 650 746 editions
670 690 1075 763 'précédentes,
1108 695 1165 747 et
1193 691 1277 748 les
1301 696 1402 748 ont
1432 691 1685 748 enrichis
1705 692 1774 747 de
1806 698 2074 749 savantes
2107 700 2271 749 notes
2301 700 2358 750 et
2387 690 2786 752 observatione
2826 690 3275 770 préliminaires.

397 843 3268 879 Ἥ

3268 850 3802 882 tu:

1401 987 1665 1074 VITA
1726 987 2056 1075 SANC'I
2087 990 2125 1073 Ι
2181 990 2816 1078 HILDULPHI

960 1189 1278 1247 EPISCOPI
1315 1189 1782 1247 TREVIRENSIS
1820 1191 1913 1247 ET
1955 1191 2413 1249 FUNDATORIS
2455 1193 3234 1253 MEDIANI-MONASTERII

1675 1369 1954 1442 (ΜΑΒἸἙΝ.
1987 1370 2182 1427 Anecd.
2216 1371 2312 1440 III,
2342 1370 2526 1443 4093.)

1894 1557 2291 1568 ——_—_—_

928 1677 1160 1735 CAPUT
1199 1677 1506 1733 PRIMUM.

468 1824 528 1876 S.
565 1821 790 1892 Hildulﬁ
832 1819 1153 1893 primordia.
1202 1850 1270 1861 —
1323 1820 1650 1890 [Quoniam]
1708 1820 2045 1892 quicunque

402 1910 677 1983 baptizati
738 1909 1035 1966 Christum
1091 1907 1280 1963 induti
1320 1913 1475 1963 'sunt
1526 1908 1665 1977 (Gal.
1719 1926 1791 1973 IV,
1847 1911 1959 1979 27),
1987 1914 2044 1965 et

401 1999 797 2055 hereditatem
830 1997 1027 2053 animo
1058 1997 1430 2069 suspirarunt
1459 2001 1681 2052 aeternas
1720 1996 1945 2065 salutis,
1980 2002 2045 2052 ut

400 2088 717 2160 aliquando
750 2087 910 2143 illam
940 2085 1197 2142 valerent
1225 2084 1623 2157 consequi,usi
1655 2090 1794 2141 sunt
1822 2084 2044 2143 lumine

398 2176 698 2233 charitatis
727 2193 828 2249 per
852 2192 1029 2248 quam
1063 2174 1271 2231 unicus
1303 2174 1403 2230 Dei
1451 2173 1649 2242 Filius,
1698 2191 1831 2230 cum
1881 2174 2043 2231 solus

397 2271 554 2321 esset
586 2267 643 2320 in
676 2283 851 2338 regno
883 2264 1069 2320 Patris
1100 2264 1320 2329 (sterni,
1354 2267 1418 2318 ut
1449 2262 1776 2319 cohaeredes
1803 2263 2045 2320 haberet

397 2354 686 2421 homines,
739 2355 949 2409 fratres
996 2353 1108 2408 sibi
1158 2352 1474 2425 adoptavit,
1526 2352 1741 2423 quibus
1771 2352 1831 2407 in
1869 2353 2042 2409 domo

396 2442 583 2497 Patris
614 2443 702 2497 sui
731 2442 1066 2497 mansiones
1096 2440 1514 2497 collocaret.Ad
1538 2440 1687 2495 hanc
1717 2456 1853 2513 ergo
1883 2439 2041 2496 festi-

400 2536 629 2598 nantes,
661 2532 814 2587 viros
844 2531 941 2586 Dei
975 2530 1130 2585 solos
1169 2527 1363 2584 venire
1401 2528 1628 2600 puduit,
1662 2545 1792 2584 cum
1827 2530 2045 2586 scirent

397 2636 497 2675 eos
528 2621 626 2692 qui
660 2636 862 2676 secum
892 2619 1040 2675 alios
1071 2617 1368 2673 traherent
1396 2621 1611 2673 certam
1635 2634 1871 2674 manere
1892 2634 2043 2673 mer-

396 2710 769 2778 cedem,adeo
799 2713 863 2763 ut
891 2724 1007 2779 quo
1037 2706 1235 2779 plures
1254 2706 1620 2773 veherent,eo
1662 2705 1865 2778 majori
1899 2723 2043 2778 prae-

396 2799 515 2853 mio
545 2794 1103 2863 cumularenturﬁsi
1133 2794 1234 2851 illa
1263 2794 1650 2862 attestatione,
1694 2811 1813 2867 qua
1842 2811 2044 2852 servus

394 2887 493 2943 ille
523 2886 916 2960 evangelicus,
945 2883 1230 2941 talentum
1258 2882 1369 2939 sibi
1400 2883 1686 2940 creditum
1718 2898 1851 2939 cum
1881 2883 2043 2940 lucro

396 2977 675 3046 referens,
709 2975 923 3049 gaudio
950 2974 1167 3030 domini
1201 2973 1294 3028 sui
1324 2973 1576 3028 donatus
1607 2976 1715 3027 est.
1745 2973 1828 3028 Ad
1863 2972 2042 3044 hujus

2070 1682 2122 1747 Α
2152 1678 2418 1735 videlicet
2447 1679 2495 1735 si
2528 1680 2599 1735 de
2631 1680 2834 1736 mundi
2869 1680 3111 1737 scientia
3139 1682 3445 1756 quidpiam
3485 1659 3799 1758 attigerint,

2153 1766 2286 1823 inde
2317 1767 2424 1822 iste
2455 1768 2645 1824 adhuc
2677 1769 2839 1824 bona:
2871 1768 3084 1825 indolis
3116 1786 3281 1842 puer,
3313 1772 3592 1829 omnibus
3622 1776 3800 1832 excel-

2152 1855 2361 1911 lentior
2392 1858 2663 1923 faclus,in
2687 1858 2811 1914 dies
2833 1858 3170 1929 proficiebat
3193 1858 3415 1933 integer
3435 1862 3506 1917 ab
3531 1862 3628 1919 his
3651 1864 3802 1921 vitiis

2153 1946 2669 2017 quibusjuvenilis
2701 1951 2838 2002 aetas
2872 1947 3235 2020 implicatur;
3271 1949 3411 2005 dum
3443 1952 3606 2007 enim
3640 1953 3803 2009 multi

2152 2034 2360 2089 talium
2394 2036 2805 2090 controversiis
2838 2036 3190 2103 forensibus,
3214 2037 3310 2092 alii
3344 2036 3501 2095 ludis
3524 2039 3806 2114 multipli-

2151 2122 2336 2188 cibus,
2372 2122 2493 2187 alii,
2528 2122 2661 2178 licet
2707 2124 3024 2179 admodum
3081 2126 3219 2190 rari,
3272 2126 3329 2180 in
3383 2127 3805 2201 investigandis

2152 2210 2521 2266 saecularium
2554 2212 2723 2267 nobis
2755 2211 3223 2284 disciplinarum,
3269 2214 3476 2271 intenti
3527 2217 3805 2291 obstupe-

2151 2303 2337 2361 scant.
2358 2298 2453 2354 hic
2483 2298 2724 2371 pervigil
2756 2300 2813 2355 in
2845 2300 3228 2367 orationibus,
3268 2302 3548 2360 assiduus
3571 2303 3807 2363 lectioni

2150 2391 2292 2454 erat,
2327 2390 2501 2459 atque
2534 2387 2686 2443 ultra
2710 2388 2863 2444 vires
2890 2386 3166 2461 operibus
3199 2391 3580 2448 misericodiaa
3613 2394 3807 2451 inten-

2153 2479 2249 2531 tus
2282 2492 2619 2531 succurrere
2678 2476 3102 2545 laborantibus,
3136 2495 3306 2552 opem
3372 2481 3518 2537 ferre
3581 2485 3805 2554 egenis,

2154 2563 2385 2619 miseris
2418 2564 2690 2620 assistere
2721 2564 3019 2637 diligebat.
3053 2566 3284 2623 Talium
3330 2584 3469 2642 ergo
3516 2570 3805 2628 virtutum

2150 2652 2530 2708 incrementis
2560 2652 2699 2725 quid
2747 2654 2981 2710 futurus
3030 2661 3229 2727 pastor
3278 2656 3542 2714 Ecclesia
3591 2659 3809 2717 faceret

2152 2741 2641 2811 permonstrabat.

2805 2855 3038 2913 CAPUT
3079 2857 3147 2914 II.

2223 2971 2317 3024 Iv'it
2346 2970 2577 3026 clericus
2604 2987 2703 3026 nec
2750 2972 2917 3028 multo
2959 2977 3083 3045 post
3124 2975 3437 3033 monachus.
3473 3006 3542 3018 ——
3575 2975 3807 3037 Interea

396 3066 593 3138 itaque
640 3043 837 3137 gaudii
889 3061 1239 3121 ineffabilem
1288 3060 1656 3116 dulcedinem
1709 3059 1806 3117 ille
1854 3043 2042 3118 bonus
2074 3043 2119 3111 Β
2150 3056 2834 3116 moribusecclesiasticis
2855 3043 3223 3119 assuefactus
3236 3065 3391 3137 apud
3407 3067 3614 3124 urbem
3632 3068 3806 3142 vulgo

396 3155 564 3209 Pater
588 3152 839 3209 familias
869 3168 1074 3209 omnes
1099 3150 1297 3207 volens
1328 3148 1712 3217 introducere,
1742 3149 1943 3206 missis
1982 3150 2042 3206 in

400 3242 688 3298 mundum
721 3241 902 3297 servis
935 3241 1084 3305 suis,
1116 3242 1356 3295 cunctos
1388 3236 1661 3310 praecepit
1681 3237 1932 3307 invitari,
1961 3242 2040 3306 et,

397 3350 471 3389 ne
502 3332 563 3388 in
590 3332 686 3387 via
733 3331 1047 3387 deficerent
1092 3332 1195 3384 aut
1236 3330 1515 3393 errarent,
1546 3320 1758 3383 'tritico
1804 3326 1936 3383 vita:
1984 3330 2043 3384 et

396 3422 666 3495 lampade
696 3420 999 3477 charitatis
1030 3417 1275 3491 geminre
1301 3415 1640 3482 sustentari;
1658 3432 1910 3489 cumque
1932 3416 2040 3472 hoc

395 3511 564 3567 Omni
572 3509 828 3583 potentis
857 3505 1144 3563 divinitati
1177 3504 1275 3560 diu
1299 3520 1469 3577 agere
1488 3503 1890 3576 placuisset,ut
1911 3521 2042 3561 con-

393 3599 577 3656 servis
606 3598 734 3655 suis
763 3613 870 3652 suo
901 3596 959 3650 in
988 3599 1251 3666 tempore
1300 3593 1427 3649 trici
1468 3608 1803 3649 mensuram
1837 3609 2037 3668 eroga-

394 3693 499 3754 ret,
533 3688 603 3743 ad
633 3685 892 3741 laborem
926 3682 1226 3756 praesentis
1270 3681 1398 3736 vitae
1448 3682 1711 3737 futurum
1745 3687 2037 3754 pastorem

391 3793 494 3849 po;
512 3776 646 3842 ulis,
698 3772 1079 3844 Hildulphum
1128 3769 1593 3841 nomine,jussit
1638 3771 1892 3842 prodire,
1936 3771 2038 3844 qui

387 3864 544 3921 claro
573 3863 915 3919 Nerviorum
944 3877 1152 3935 genere
1182 3865 1369 3926 ortus,
1401 3858 1554 3915 inter
1586 3858 1882 3916 scholares
1910 3859 2035 3916 alas

386 3970 563 4011 sacrae
598 3951 816 4008 militiae
847 3949 1023 4006 alitus
1055 3954 1162 4006 est.
1191 3949 1379 4021 [Circa
1408 3947 1567 4004 illius
1595 3948 1875 4020 temporis
1903 3952 2035 4004 aeta-

383 4048 501 4098 tem
537 4039 888 4098 Garibaldus
934 4039 1171 4112 regebat
1215 4038 1481 4094 eamdem
1521 4037 1884 4101 Noricorum,
1922 4036 2031 4091 hoc

381 4135 472 4187 est
528 4129 926 4198 Bavariorum,
983 4131 1237 4201 gentem,
1298 4126 1470 4197 cujus
1530 4125 1735 4194 ﬁliam,
1794 4124 2031 4181 nomine

379 4215 1139 4290 Trudelindam,Agilulfus,
1154 4230 1254 4270 rex
1282 4213 1821 4285 Longobardorum,
1855 4212 2027 4266 sorti-

376 4314 472 4364 tus
504 4309 691 4364 fuerat
719 4304 1175 4375 uxorem.Huius
1204 4303 1381 4358 etiam
1411 4300 1623 4375 Agilufl
1654 4300 1727 4355 ad
1770 4299 2025 4355 obsidio-

374 4416 506 4454 nem
556 4398 719 4454 urbis
771 4393 1100 4450 festinantis
1149 4390 1724 4464 przecellentissimus
1762 4388 2017 4445 domnus
2047 4408 2091 4475 ο

307 4464 313 4471 ’
371 4505 522 4560 papa
550 4483 864 4557 Gregorius
918 4481 1271 4538 mentionem
1317 4480 1454 4535 facit
1498 4479 1580 4549 (In
1629 4486 1913 4534 comment.
1956 4481 2017 4535 in

367 4575 748 4644 Ezechielem).
783 4572 863 4627 Ea
893 4586 1125 4643 quoque
1154 4572 1498 4640 tempestate
1546 4566 1867 4621 Austrasiis
1903 4566 2013 4623 im-

347 4664 607 4738 perabat
636 4660 1097 4726 Theudebertus,
1129 4674 1197 4713 ex
1225 4654 1592 4712 Chidelberto
1621 4653 2013 4712 Brunichildis

363 4754 485 4819 filio
515 4754 875 4824 procreatus,
907 4748 1079 4819 cujus
1123 4746 1183 4800 in
1231 4743 1368 4798 aula
1414 4742 1776 4799 educabatur
1803 4743 2008 4802 beatus

359 4840 665 4907 Arnulfus,
713 4836 984 4892 Arnoaldi
1038 4832 1122 4889 vel
1167 4831 1407 4888 Arnoldi
1459 4831 1569 4886 sub
1618 4829 1868 4886 Clotario
1923 4832 2007 4888 vel

302 4931 309 5003 ξ
360 4928 683 5001 Dagoberto
714 4922 965 4988 illustris
994 4921 1100 4976 viri
1134 4920 1387 4984 filius,rx
1419 4919 1854 4989 majoredomus
1879 4926 2008 4993 post

328 5018 601 5073 .modum
660 5010 1108 5070 Mediomatricos
1166 5008 1296 5065 urbi
1360 5008 1618 5081 pontifex
1656 5007 2000 5080 destinatus;

355 5107 571 5180 quique
603 5105 675 5160 ad
708 5106 1030 5158 extremum
1066 5097 1407 5155 renuntians
1433 5096 1579 5168 apici
1606 5096 1748 5152 tanti
1768 5099 2001 5170 pontiﬁ-

303 5212 309 5219 ·
354 5200 538 5260 catus,
573 5186 991 5247 anachoretica;
1021 5185 1149 5241 vita:
1179 5189 1435 5241 sectator
1479 5184 1718 5241 effectus
1764 5191 1855 5242 est
1901 5188 1999 5243 de-

303 5344 308 5348 .
352 5288 540 5340 votas.
569 5279 785 5336 Verum
814 5292 959 5348 puer
981 5274 1078 5331 Dei
1102 5275 1176 5331 ab
1200 5274 1330 5345 ipso
1350 5273 1655 5330 Conditore
1676 5275 1999 5349 perelectus

350 5367 807 5429 misericorditer
840 5362 1214 5436 Ilildulphus]
1236 5366 1292 5416 et
1313 5377 1443 5418 mox
1475 5363 1705 5419 futurus
1727 5363 1999 5421 Christia-

349 5479 436 5517 na:
464 5458 740 5513 defensor
767 5452 1065 5526 religionis
1095 5469 1162 5508 ac
1195 5452 1396 5507 doctor
1424 5452 1636 5509 studiis
1668 5451 1995 5511 litterarum

344 5548 623 5613 traditus,
654 5544 851 5599 divina
880 5543 1069 5616 gratia
1114 5546 1480 5615 cooperante,
1512 5542 1570 5597 in
1602 5541 1761 5598 brevi
1798 5542 1994 5599 efﬁca-

2151 3145 2534 3219 Regensburg
2559 3149 2637 3219 (2)
2667 3148 2883 3205 dictam
2923 3149 3232 3208 clericatus
3279 3152 3497 3211 honore
3548 3156 3804 3214 donatus

2150 3238 2257 3290 est.
2292 3234 2440 3300 Quia
2464 3251 2596 3291 vero
2629 3252 2828 3292 semen
2864 3242 3031 3293 rectae
3064 3238 3406 3297 intentionis
3438 3242 3624 3300 semel
3647 3245 3803 3317 jece-

2150 3327 2240 3379 rat
2268 3323 2637 3396 omnipotens
2654 3325 2924 3398 Agricola
2944 3326 3001 3381 in
3019 3327 3173 3384 bono
3190 3345 3324 3385 arvo
3342 3332 3596 3402 pectoris
3620 3331 3800 3405 illius,

2147 3409 2434 3483 paulatim
2464 3413 2811 3485 assurgebat
2839 3414 2898 3469 in
2925 3432 2991 3471 eo
3024 3416 3273 3473 robustae
3295 3420 3659 3490 operationis
3689 3424 3805 3480 cul-

2148 3516 2302 3568 mus,
2323 3501 2606 3556 attonitus
2632 3517 2840 3574 nempe
2868 3507 2926 3557 et
2954 3503 3160 3561 avidus
3189 3521 3294 3561 nec
3319 3506 3538 3563 surdus
3554 3510 3802 3568 auditor

2146 3587 2401 3645 existens
2431 3588 2878 3662 Evangelii,non
2910 3592 3192 3648 remissus
3222 3594 3534 3652 obauditor
3554 3600 3802 3657 ardebat

2146 3676 2292 3744 fieri,
2325 3676 2472 3733 illud
2506 3678 2876 3735 Dominicum
2908 3680 3034 3737 sine
3054 3680 3489 3741 intermissione
3520 3685 3799 3760 ingerens

2146 3763 2257 3819 sibi
2294 3782 2309 3821 :
2344 3767 2451 3834 Qui
2476 3768 2763 3839 reliquerit
2785 3768 3024 3838 domum,
3057 3779 3154 3827 aut
3175 3776 3520 3843 patrem,aut
3542 3785 3798 3846 matrem,

2144 3856 2239 3908 aut
2293 3855 2513 3925 fratres,
2545 3858 2641 3910 aut
2693 3872 2919 3925 sorores,
2963 3862 3059 3914 aut
3113 3876 3275 3931 agros
3325 3864 3551 3934 propter
3599 3881 3802 3923 nomen

2141 3957 2343 4008 meum,
2376 3945 2689 4015 centuptum
2720 3947 2947 4017 accipiet
2976 3955 3028 4004 et
3055 3950 3230 4004 vitam
3256 3957 3515 4007 aeternam
3552 3955 3798 4025 posside-

2143 4030 2219 4085 bit
2248 4031 2455 4100 (Matth.
2489 4049 2606 4102 xxx,
2649 4033 2759 4103 29).
2809 4034 2969 4090 Talia
3017 4036 3174 4093 enim
3223 4054 3351 4111 qua:
3398 4039 3637 4098 videbat
3685 4044 3799 4099 sibi

2140 4118 2364 4190 adesse,
2394 4119 2717 4193 plurimum
2751 4140 2870 4178 sum
2901 4124 3300 4183 arbitrabatur
3328 4128 3672 4200 perfectioni
3695 4132 3797 4189 ob-

2136 4224 2285 4276 esse;
2318 4209 2514 4266 uxoris
2538 4226 2674 4268 vero
2706 4211 3080 4286 ﬁliorumque
3109 4230 3290 4272 causa
3318 4233 3434 4273 non
3477 4218 3613 4289 ejus
3665 4221 3794 4277 ani-

2136 4313 2299 4353 mum
2348 4298 2710 4369 stimulabat,
2758 4302 2975 4374 quibus
3026 4303 3309 4360 hactenus
3357 4306 3613 4363 carebat.
3664 4308 3792 4365 Non

2133 4386 2384 4459 denique
2396 4384 2652 4460 perillud
2674 4392 2908 4462 tempus
2929 4393 3050 4445 tam
3067 4380 3466 4450 indifferenter
3477 4394 3793 4457 distribue-

2127 4474 2342 4531 bantur
2379 4476 2615 4534 ordines
2670 4475 3049 4545 ecclesiastici
3106 4480 3262 4538 sicut
3317 4481 3618 4541 cernimus
3676 4482 3786 4541 hac

2122 4567 2323 4621 nostra
2352 4569 2518 4621 aetate
2546 4565 2951 4638 distribui,sed
2974 4573 3320 4641 perpetuum
3339 4571 3775 4643 professoribus

2120 4653 2478 4710 castimoniae
2528 4657 2630 4710 aut
2673 4654 3047 4728 virginitatis.
3093 4658 3205 4714 Sed
3247 4658 3335 4714 vir
3382 4659 3492 4716 iste
3538 4661 3774 4730 beatus,

2116 4742 2367 4814 Spiritus
2397 4744 2585 4799 sancti
2617 4744 2805 4818 gratia
2826 4742 3218 4817 prieventus,a
3241 4748 3552 4807 cunabulis
3576 4749 3775 4808 illiba-

2114 4833 2241 4886 tum
2273 4848 2307 4886 a
2336 4832 2706 4904 corruptione
2738 4832 2930 4888 carnis
2960 4836 3210 4891 servavit
3238 4840 3464 4909 pectus,
3496 4838 3558 4895 in
3596 4840 3773 4912 cujus

2114 4917 2355 4975 latebris
2387 4924 2641 4975 mentem
2680 4937 2847 4976 suam
2901 4922 3253 4980 informabat
3282 4930 3338 4980 et
3368 4925 3582 4985 alebat.
3616 4931 3771 4983 Prae-

2113 5009 2313 5065 missis
2342 5016 2401 5065 et
2428 5009 2558 5065 aliis
2587 5009 2930 5084 evangelica:
2961 5011 3353 5069 institutionis
3381 5014 3599 5084 verbis,
3626 5034 3769 5090 pru-

2110 5095 2314 5153 denter
2344 5098 2649 5154 advertens
2680 5114 2796 5155 non
2829 5100 3020 5154 solum
3050 5100 3271 5158 sanctis
3308 5101 3430 5158 haec
3479 5103 3640 5160 dicta
3662 5107 3771 5161 aut

2109 5185 2325 5241 donata
2353 5185 2652 5257 apostolis,
2681 5202 2884 5242 verum
2925 5187 3101 5243 etiam
3149 5190 3379 5246 cunctis
3428 5190 3489 5247 in
3539 5193 3770 5250 unitate

2108 5274 2242 5330 ﬁdei
2270 5274 2588 5346 apostolica
2604 5275 2978 5348 suggestione
3000 5275 3549 5347 fundatus,tandem
3572 5298 3770 5338 exem-

2107 5362 2201 5435 plo
2232 5362 2420 5419 ﬁdelis
2450 5362 2691 5419 Abrahae
2723 5369 2897 5431 terra,
2928 5358 3273 5438 cognatione
3322 5367 3616 5442 domoque
3657 5386 3764 5443 pa-
3868 5398 3869 5415 ι

2105 5456 2338 5509 rentum
2369 5467 2661 5523 egressus,
2693 5453 2805 5510 iter
2831 5452 3080 5526 arripuit
3109 5454 3498 5514 Sicambriam
3528 5474 3764 5529 versus,

2103 5539 2399 5611 subiitque
2428 5539 2717 5596 civitatem
2749 5541 3051 5612 Trevirim,
3085 5559 3262 5616 quam
3292 5548 3437 5602 tunc
3478 5547 3763 5621 copiosus

297 5690 302 5697 _
345 5636 583 5692 cissime
612 5631 1031 5707 claruiLAtque
1066 5635 1214 5690 unde
1240 5630 1409 5687 multi
1439 5648 1542 5704 per
1562 5630 1812 5702 abrupta
1832 5630 1994 5687 vitio«
2100 5627 2390 5683 incolebat
2413 5627 2699 5700 populus;
2733 5630 3156 5688 monachorum
3185 5631 3363 5688 etiam
3412 5635 3581 5692 bona:
3618 5637 3760 5711 ,ορί-

346 5738 479 5777 rum
511 5720 794 5792 deﬂuunt,
843 5728 898 5782 et
935 5722 995 5780 in
1038 5740 1200 5781 coeno
1253 5720 1545 5794 superbia!
1584 5718 1989 5790 devolvuntur,
2100 5716 2296 5777 nionis
2327 5716 2567 5778 odorem
2598 5717 2979 5781 circumcirca
3006 5719 3410 5799 spargentium
3440 5722 3764 5791 decorabat

416 5895 530 6000 ‘12)
558 5896 623 5957 In
650 5903 762 5961 vet.
794 5920 907 5966 ms.
937 5905 1048 5986 leg.
1080 5898 1543 5980 Regenesbuorch.
