3894 6214
87 341 198 405 ἤ89
957 339 961 343 ’
1153 333 1544 398 VALCANDI
1590 333 1770 395 Vl'l‘A
1816 335 1880 394 S.
1929 333 2374 398 HILDULPHI.
3335 337 3456 399 590

91 476 390 532 conventus.
439 469 680 536 Quibus,
731 486 894 540 spem
940 469 1135 524 saeculi
1182 468 1430 523 irridens
1481 469 1691 540 imper-
1726 470 1778 535 Α
1808 467 2074 523 omnium
2123 469 2338 535 sonuit,
2390 470 2543 540 quod
2583 469 2667 524 vir
2710 473 2862 524 esset
2913 467 3145 537 nobilis,
3208 468 3457 525 scientia

92 563 298 621 territus
325 557 668 632 agonotheta
696 557 932 624 Christi,
979 557 1260 624 sociatus,
1284 557 1695 625 monasticam,

93 665 324 708 normam
350 647 701 721 professione
731 645 980 719 explevit
1023 650 1081 701 et
1127 645 1384 714 actibus;
1437 647 1697 716 adeoque

95 740 282 796 frixura
307 737 482 794 sancti
514 735 642 804 zeli,
676 736 830 791 circa
855 733 1240 791 monasticam
1286 735 1694 806 perfectionem

92 828 282 885 exussit
311 843 404 882 cor
432 826 560 896 ejus
586 829 650 880 ut
703 824 912 880 terrori
962 829 1018 880 et
1065 823 1328 895 exemplo
1346 824 1695 888 minoribus,

89 914 403 972 venerationi
424 929 560 969 vero
589 917 645 968 et
674 912 858 968 amori
892 913 1066 968 fuerit
1095 912 1439 982 majoribus.
1498 912 1699 982 Itaque

91 1003 204 1062 Milo
233 1002 301 1073 (3)
332 1002 625 1057 reverendi
660 1001 922 1056 Lutroini
954 1001 1110 1057 ﬁlius
1136 1006 1274 1056 tunc
1313 1000 1700 1072 archiepisco-

86 1109 195 1166 pus,
224 1091 577 1165 perpendens
610 1089 767 1145 hunc
800 1094 1069 1146 sanctum
1101 1089 1294 1145 virum
1313 1088 1565 1145 scientia
1587 1087 1698 1142 ful-

88 1178 554 1248 tum,discretione
575 1179 1335 1245 maturum,conversatione
1347 1176 1699 1250 angelicum,

86 1270 528 1340 diversarumque
559 1267 840 1323 virtutum
872 1268 1108 1324 tendere
1139 1267 1418 1340 gradibus
1451 1267 1520 1321 ad
1573 1283 1701 1338 per-

87 1357 320 1413 fectionis
351 1356 660 1412 cumulum
692 1356 954 1412 cmnobio
981 1357 1336 1412 abstractum
1369 1371 1569 1411 secum
1615 1372 1701 1411 re-

86 1447 242 1501 tinere
263 1444 452 1511 voluit,
480 1449 656 1517 atque
679 1445 995 1500 secundam
1021 1462 1054 1499 a
1074 1461 1135 1499 se
1149 1445 1347 1500 sedem
1365 1445 1414 1500 ei
1435 1443 1702 1511 indulsit,

82 1538 335 1604 quatenus
366 1533 488 1589 vice
518 1532 706 1606 ipsius
736 1533 1026 1604 postorale
1077 1530 1551 1588 subministraret
1580 1532 1704 1587 ofﬁ-

86 1622 240 1690 cium,
272 1622 565 1677 sarcinam
597 1622 938 1693 perferendo
971 1621 1084 1677 sibi
1117 1621 1468 1677 creditarum
1487 1621 1703 1687 ovium,

81 1710 218 1766 sanis
241 1714 294 1766 et
323 1711 578 1767 debibus
609 1709 964 1765 consulendo
997 1710 1323 1765 secundum
1363 1710 1514 1780 quod
1562 1726 1694 1764 sen-

1804 557 2088 622 eruditus,
2130 557 2333 629 lingua
2381 559 2665 624 urbanus,
2709 559 2826 613 vita
2884 557 3262 629 moribusque
3313 557 3452 628 [Deo

1806 645 2040 718 placita,
2075 646 2414 726 hominibus
2446 648 2766 720 approbata
2797 664 2862 703 ac
2896 646 3161 703 moribus
3201 644 3354 701 clero
3404 647 3463 700 et

1805 733 1958 808 plebi
1992 735 2264 807 protlcuis
2293 737 2681 808 congruisque
2699 734 3240 809 compositus].Mox
3261 749 3459 789 sermo

1806 825 1866 880 in
1898 825 2033 880 aula
2063 825 2217 898 regis
2249 825 2598 897 percrebuit,
2632 831 2806 897 atque
2837 825 2976 880 exiit
3006 824 3263 880 edictum
3287 826 3352 878 ut
3369 820 3459 877 vir

1808 913 1944 970 talis
1973 931 2039 969 ac
2070 919 2270 970 tantus
2302 915 2592 988 pastorale
2624 915 2846 971 subiret
2876 912 3288 970 ministerium.
3332 911 3456 976 Quo

1808 1002 2114 1075 completo,
2149 1004 2235 1058 vir
2263 1004 2362 1060 Dei
2396 1003 2454 1059 in
2485 1005 2713 1060 diversa
2744 1003 2937 1059 nitens
2971 1001 3196 1076 [versus
3247 997 3459 1056 nativi-

1809 1091 1946 1147 tatis
1978 1109 2094 1148 suze
2127 1092 2316 1148 solum
2340 1093 2539 1164 fugam
2589 1091 2871 1164 arripuit;
2915 1090 3212 1163 siquidem
3262 1088 3462 1145 anxia-

1811 1181 2046 1236 bundus
2071 1186 2342 1252 suspecto
2369 1181 2586 1237 honore
2615 1179 3028 1236 sublimandus
3061 1176 3356 1251 refugiens
3400 1175 3462 1231 in

1811 1270 2132 1343 peregrinis
2147 1271 2311 1342 quasi
2328 1271 2641 1344 ignobilem
2659 1286 2719 1325 se
2735 1286 2905 1342 posse
2918 1267 3254 1324 delitescere
3267 1264 3464 1338 suspi-

1813 1359 2058 1414 cabatur
2088 1359 2146 1413 in
2171 1359 2445 1432 prepriis]
2479 1376 2614 1414 nam
2638 1375 2900 1415 eremum
2934 1355 3328 1429 concupierat.
3349 1352 3465 1409 nisi

1813 1448 2010 1522 populi
2063 1448 2286 1504 devotio
2338 1464 2669 1519 praecavens
2716 1446 3057 1503 obstitisset.
3111 1445 3197 1501 Ab
3245 1441 3466 1499 Histria

1814 1539 1993 1610 igitur
2022 1542 2222 1609 raptus
2238 1536 2486 1592 Galliam
2510 1535 2802 1609 Belgicam
2824 1551 3010 1607 usque
3031 1534 3318 1590 deductus
3353 1533 3462 1586 est.

1815 1627 2016 1698 [Cujus
2038 1625 2364 1681 secundum
2397 1624 2785 1691 desiderium,
2821 1621 2957 1678 licet
2988 1621 3164 1676 fuerit
3216 1618 3466 1676 dilatum

1818 1733 1931 1770 non
1956 1719 2148 1769 tamen
2173 1718 2260 1769 est
2280 1712 2588 1784 ablatum.]
2614 1713 2701 1768 Fit
2722 1717 3041 1767 conventus
3061 1709 3242 1765 totius
3277 1705 3465 1780 regni,

73 1803 202 1854 serat
229 1815 578 1872 congruum.
613 1799 774 1862 Quod
807 1815 984 1870 quam
1016 1799 1106 1870 pie
1130 1814 1308 1869 quam
1341 1802 1577 1853 Strenue
1599 1814 1694 1853 ex-
1734 1836 1782 1900 B
1819 1807 2133 1858 accurrunt
2162 1802 2454 1874 principes
2486 1819 2619 1857 cum
2651 1800 2962 1874 episcopis,
2997 1802 3182 1854 enatus
3228 1795 3465 1852 clerico-

82 1892 287 1943 secutus
316 1893 421 1956 est,
461 1888 761 1960 sequentis
791 1888 970 1942 series
1002 1887 1268 1942 lectionis
1289 1886 1627 1942 declarabit.

696 1976 930 2031 CAPUT
973 1976 1064 2030 III.

145 2066 433 2126 Trevirensi
480 2066 599 2122 sedi
642 2067 961 2136 praeﬁcit-ur.
995 2096 1063 2104 ——
1094 2065 1215 2120 Sub
1265 2065 1373 2119 hoc
1422 2068 1702 2135 tempore,

86 2155 219 2226 apud
240 2154 455 2212 Gallias
480 2157 832 2211 Francorum
861 2155 1096 2226 regibus
1122 2171 1154 2208 a
1173 2152 1343 2209 solita
1367 2153 1707 2207 fortitudine

79 2245 124 2295 et
151 2243 382 2300 scientia
411 2243 922 2316 degenerantibus,
959 2242 1018 2296 hi
1063 2243 1162 2314 qui
1214 2242 1464 2313 majores
1497 2241 1708 2296 domus

80 2330 267 2402 regalis
297 2349 425 2388 esse
455 2334 824 2397 videbantur,
860 2331 1369 2387 administratione
1401 2330 1560 2402 regni
1614 2347 1711 2401 po-

79 2419 317 2488 tentiam,
351 2425 408 2477 et
439 2420 727 2494 quidquid
757 2421 986 2492 regibus
1019 2437 1186 2492 agere
1236 2436 1364 2475 mos
1411 2424 1500 2474 est
1545 2435 1711 2491 cepe-

87 2511 235 2572 runt;
263 2509 480 2583 quippe
494 2527 626 2566 cum
641 2509 868 2565 coalitus
883 2512 1038 2564 esset
1052 2508 1292 2580 disposit
1307 2525 1401 2562 um
1419 2509 1487 2563 ad
1504 2507 1713 2562 horum

78 2597 392 2668 progeniem
427 2597 1092 2655 Francorumtransvehi
1136 2614 1400 2668 regnum.
1466 2597 1714 2668 Eratque

81 2686 550 2746 illisindiehusin
574 2685 1244 2759 regiopalatioAngisus,
1278 2683 1500 2740 Arnulﬁ
1536 2684 1713 2751 ﬁlius,

73 2777 131 2832 de
155 2780 391 2836 nomine
423 2777 687 2833 Anchisa:
718 2775 1015 2847 quondam
1039 2775 1298 2844 Trojani,
1350 2779 1412 2828 ut
1479 2777 1719 2845 putatur

76 2869 415 2939 appellatus,
450 2865 866 2921 administrans
899 2863 1288 2934 principatum
1322 2864 1432 2918 sub
1477 2863 1712 2918 nomine

81 2957 559 3027 majorisdomus,
591 2952 759 3020 cujus
785 2967 1014 3022 quoque
1044 2955 1270 3006 aetatem
1330 2951 1523 3023 attigit
1543 2952 1718 3006 Hera-

75 3043 233 3108 clius,
269 3044 548 3097 Romanae
601 3037 928 3109 reipublicae
979 3041 1295 3110 Augustus,
1345 3040 1440 3108 qui
1495 3041 1712 3094 revexit

74 3131 458 3188 sanctissimis
478 3127 667 3183 crucis
699 3126 923 3198 lignum
953 3143 988 3181 a
1008 3127 1299 3182 Chrosroaa
1326 3129 1558 3199 tyranni
1584 3145 1714 3200 par-

69 3222 231 3276 tibus.
265 3217 555 3292 Pippinus
579 3219 711 3288 post
739 3213 988 3269 multum
1021 3215 1298 3285 temporis
1321 3216 1470 3286 patri
1498 3215 1712 3287 Angiso
1744 3199 1788 3266 C

69 3309 359 3366 decedenti
374 3306 848 3370 succedens,rem
857 3302 1152 3374 publicam
1165 3303 1484 3359 Galliarum
1505 3303 1715 3373 guber-

71 3398 218 3452 navit
244 3395 686 3460 ﬂorentissime,
717 3392 804 3447 vir
833 3408 1060 3462 magnae
1100 3391 1388 3462 potentiae,
1440 3391 1717 3462 mirasque

67 3484 282 3556 pietatis
313 3489 372 3541 et
402 3481 678 3548 audaciae,
715 3480 816 3553 qui
850 3480 1047 3535 hostes
1079 3496 1218 3534 suos
1251 3479 1452 3533 statim
1503 3495 1715 3552 aggre-

68 3574 265 3630 diendo
297 3573 574 3630 contrivit
601 3569 956 3643 saepissime;
992 3585 1128 3624 nam
1177 3585 1355 3638 super
1402 3567 1716 3639 quemdam

71 3679 232 3719 suum
265 3661 670 3720 adversarium
704 3659 971 3714 Rhenum
1005 3663 1410 3728 transgressus
1431 3674 1564 3711 cum
1600 3673 1717 3710 uno

73 3755 288 3807 tantum
321 3751 573 3808 satellite
607 3765 715 3804 suo
762 3747 951 3814 irruit,
1003 3762 1138 3801 eum
1191 3746 1250 3799 in
1297 3761 1404 3800 suo
1449 3744 1716 3799 cubiculo

75 3840 414 3896 residentem
438 3855 570 3894 cum
595 3837 719 3892 suis
742 3835 1084 3902 trucidavit;
1111 3833 1263 3888 bella
1286 3850 1516 3905 quoque
1535 3833 1718 3888 multa

72 3943 194 3985 cum
215 3929 547 3986 Saxonibus
570 3930 628 3982 et
649 3925 899 3980 maxime
921 3941 1056 3978 cum
1078 3922 1381 3977 Rathbedo
1395 3923 1714 3976 Fresonum

77 4033 197 4088 rege
229 4019 456 4073 fortiter
486 4014 685 4088 gessit.
719 4014 823 4068 Hic
855 4017 910 4067 et
936 4011 1080 4066 alios
1100 4011 1252 4066 ﬁlios
1276 4011 1500 4076 habuit,
1526 4012 1626 4065 sed
1649 4027 1718 4065 ex

75 4103 158 4160 his
189 4107 520 4179 praecipuus
552 4104 793 4158 Carolus
824 4101 1070 4165 exstitit,
1104 4100 1205 4171 qui
1237 4099 1285 4155 ei
1323 4103 1453 4171 post
1484 4099 1542 4153 in
1561 4099 1718 4170 prin-

75 4193 254 4264 cipatu
287 4193 596 4251 successit.
633 4191 794 4258 Quod
828 4189 1042 4244 idcirco
1077 4189 1342 4244 fortassis
1374 4187 1508 4259 plus
1550 4189 1714 4259 justo

75 4281 252 4338 visum
283 4288 375 4339 est
405 4279 700 4354 prosequi,
734 4294 804 4333 ne
838 4276 1159 4332 similitudo
1177 4275 1482 4331 nominum
1506 4277 1715 4331 decur-

77 4369 266 4443 sioque
282 4378 614 4444 temporum
628 4369 687 4422 in
702 4365 1083 4439 sequentibus
1097 4364 1320 4435 injiciat
1336 4363 1713 4435 secrupulum

77 4457 284 4528 lectori,
319 4476 531 4532 nempe
565 4458 840 4530 prmfatus
858 4455 974 4510 dux
991 4452 1232 4509 Carolus
1255 4452 1424 4524 primi
1451 4469 1518 4507 ex
1543 4454 1714 4508 Fran-

78 4548 153 4603 cis
183 4550 382 4623 magni
417 4545 790 4620 imperatoris
822 4541 1252 4599 Caroliexstitit
1271 4559 1432 4596 avus.
1461 4541 1718 4598 Publicis

79 4635 246 4709 igitur
271 4637 628 4695 utilitatibus
661 4631 998 4705 invigilante
1027 4631 1244 4702 Angiso
1269 4632 1396 4701 jam
1447 4631 1601 4686 dicto
1641 4631 1717 4702 (4)

79 4731 130 4780 et
155 4727 364 4783 Milone
396 4724 834 4796 archiepiscopo
863 4719 1294 4776 Trevirensium
1320 4719 1495 4774 rebus
1517 4718 1720 4774 huma-

80 4814 164 4870 nis
191 4820 386 4882 exuto,
439 4813 810 4869 Trevirenses
860 4808 1106 4882 praesule
1154 4807 1516 4879 indigebant.
1571 4807 1720 4864 Grex

79 4902 264 4975 itaque
312 4902 562 4970 Domini,
617 4904 847 4973 pastore
895 4896 1238 4961 destitutus,
1284 4912 1596 4951 conversus
1648 4898 1717 4952 ad

80 4990 389 5048 Dominum
423 4991 563 5047 totis
596 4989 868 5062 precibus
898 4985 1210 5052 incumbit,
1243 4991 1299 5039 et
1343 4991 1404 5039 ut
1456 4984 1722 5040 Ecelesize

82 5096 212 5147 suae,
261 5080 501 5136 turbine
552 5077 748 5133 saeculi
796 5075 1126 5140 ﬂuctuanti,
1180 5078 1462 5129 rectorem
1507 5074 1726 5130 tribuat

83 5168 354 5240 exposcit.
403 5168 567 5223 Tunc
615 5165 810 5222 subito
860 5162 1160 5236 Hildulphi
1213 5178 1424 5218 nomen
1475 5178 1580 5235 per
1625 5181 1726 5220 ora

97 5330 223 5401 ΑΒ)
274 5329 412 5385 Milo
446 5329 554 5386 iste
604 5323 1310 5401 pseudoarchiepiscopus
1361 5324 1580 5401 exstitit
1609 5330 1726 5401 tar-

87 5395 331 5472 diusque
352 5401 493 5456 vixit
522 5395 697 5472 quam
731 5404 796 5472 ut
825 5398 980 5453 vices
1013 5395 1151 5452 suas
1185 5395 1438 5472 llildult‘o
1457 5399 1726 5472 commit-

87 5419 331 5472 Ulusque
352 5419 493 5456 νιΧιι
563 5419 697 5456 nam
731 5419 796 5454 un
825 5419 980 5453 V1638
1013 5419 1151 5452 SL185
1185 5419 1438 5450 IlllUUlIU
1457 5419 1726 5452 υυωωιι-

85 5475 197 5597 ἱεπὲ
226 5419 738 5600 pqtuerit.‘ltaque
771 5470 970 5542 lapsus
1003 5473 1091 5524 est
1141 5472 1344 5522 auctor
1387 5467 1444 5520 in
1494 5468 1729 5525 nomine

91 5557 156 5599 an
185 5560 234 5599 ιε
266 5561 284 5598 ι
315 5560 390 5599 1s.

154 5613 234 5699 (ὁ)
259 5618 375 5676 Pro
398 5613 490 5673 his
519 5631 647 5690 quae
679 5611 908 5675 ansulis
940 5609 1315 5681 clauduntur,
1349 5608 1472 5670 hinc
1497 5613 1728 5682 tantum

1816 1909 1945 1947 rum
1981 1892 2517 1962 monachorumque
2549 1907 2680 1945 cum
2712 1888 3064 1962 populorum
3092 1886 3305 1957 turbis,
3349 1900 3470 1940 una

1812 1981 2076 2036 omnium
2100 1979 2440 2034 acclamatio
2457 1979 2582 2034 Hild
2593 1977 2840 2050 ulphum
2855 1994 2983 2034 esse
3002 1977 3220 2032 honore
3249 1973 3470 2047 episco-

1815 2070 1928 2143 pali
1963 2068 2400 2141 dignissimum,
2424 2085 2556 2123 cum
2586 2067 2677 2122 vir
2705 2067 2804 2123 Dei
2836 2083 2866 2122 e
2896 2066 3123 2122 diverso
3155 2061 3472 2122 soomnino

1817 2158 2158 2214 reclamaret
2178 2158 2485 2230 indignum
2508 2176 2521 2223 ;
2548 2173 2682 2211 nam
2703 2155 2984 2228 lpersaepe
2999 2155 3078 2222 (5)
3100 2151 3470 2224 ]fragilitatis

1819 2249 2096 2303 robustus
2118 2251 2454 2318 prospector
2471 2245 2855 2316 semetipsum
2882 2243 2940 2297 in
2964 2259 3025 2298 se
3047 2241 3339 2297 metiendo
3359 2238 3470 2294 sibi

1818 2337 2084 2401 timebat,
2119 2333 2257 2405 quia
2287 2351 2413 2405 quae
2431 2333 2694 2404 etqualis
2716 2334 2792 2387 sit
2817 2331 2959 2387 ratio
2982 2329 3311 2385 animarum
3346 2326 3471 2381 red-

1821 2425 2010 2480 denda
2041 2424 2348 2496 cogitabat.
2383 2422 2536 2494 quod
2570 2421 2616 2476 si
2641 2437 2795 2476 nunc
2817 2419 3084 2475 homines
3113 2416 3471 2490 perpendere

1820 2513 2051 2582 vellent,
2075 2513 2216 2566 dum
2240 2509 2405 2566 liberi
2422 2515 2478 2565 et
2498 2510 2692 2581 quiete
2711 2509 2898 2563 vivere
2921 2509 3188 2578 possunt,
3209 2503 3471 2575 regimen

1823 2600 2307 2665 ecclesiasticum,
2342 2599 2412 2653 ad
2446 2599 2600 2670 quod
2630 2597 2734 2652 viri
2770 2595 2952 2652 sancti
2975 2595 3067 2650 vix
3089 2594 3471 2665 cogebantur,

1825 2706 2194 2763 nequaquam
2228 2693 2344 2744 tam
2381 2691 2643 2759 prompte
2667 2683 2930 2758 pecuniis
2953 2686 3273 2738 mercatum
3298 2680 3468 2734 irent.

1826 2781 1937 2836 Sed
1970 2779 2204 2834 tandem
2235 2777 2372 2832 vicit
2393 2777 2594 2832 devota
2643 2773 2841 2847 populi
2891 2770 3231 2828 acclamatio
3281 2766 3470 2843 ﬁdelis

1827 2875 2000 2940 atque
2031 2866 2359 2940 apostolicae
2392 2882 2493 2938 per
2523 2864 2718 2920 omnia
2740 2863 3140 2918 conformatus
3165 2857 3298 2914 ﬁdei
3339 2859 3472 2928 post

1828 2957 2063 3012 beatum
2099 2954 2450 3010 Eucharium
2477 2953 2626 3009 Petri
2648 2950 2894 3024 apostoli
2916 2947 3275 3020 discipulum
3304 2945 3472 3001 trice-

1829 3045 2239 3099 simustertius
2261 3043 2558 3098 communi
2580 3042 2843 3097 omnium
2879 3037 3176 3095 voluntate
3213 3034 3475 3090 Treviro-

1834 3150 1962 3187 rum
1996 3133 2378 3186 conﬁrmatus
2400 3129 2662 3184 antistes.
2687 3127 2888 3194 Qualis
2911 3142 3044 3181 vero
3059 3126 3184 3195 jam
3204 3123 3400 3192 fuerit,
3422 3123 3482 3176 et

1826 3220 2059 3291 qualem
2093 3237 2154 3274 se
2184 3219 2412 3274 cunctis
2446 3216 2772 3289 praebuerit,
2806 3215 2945 3287 quia
2965 3211 3206 3268 difﬁcile
3225 3209 3478 3281 explica-

1827 3309 2007 3374 bitur,
2041 3311 2326 3362 attentare
2354 3323 2641 3361 veremur.

2467 3393 2698 3448 CAPUT
2729 3392 2819 3447 IV.

1899 3487 2027 3553 Eius
2078 3488 2136 3540 in
2174 3486 2487 3556 episcopatu
2540 3485 2783 3538 virtutes.
2884 3479 3068 3552 Igitur
3112 3479 3319 3534 beatus
3364 3474 3474 3531 vir.

1827 3593 1941 3630 non
1977 3575 2149 3629 modo
2189 3575 2259 3628 de
2299 3573 2436 3627 boni
2479 3571 2671 3644 operis
2704 3572 2828 3641 [seu
2881 3567 3187 3624 monastici
3241 3564 3474 3638 rigoris]

1829 3665 2123 3736 proposito
2155 3662 2332 3718 semel
2375 3666 2602 3733 arrepto
2652 3659 2873 3731 aliquid
2920 3674 3035 3712 non
3086 3654 3321 3721 minuit,
3371 3652 3474 3709 sed

1825 3752 1982 3808 velut
2009 3750 2467 3823 centuplicatum
2500 3747 2918 3821 augmentavit.
2946 3746 3250 3802 Enimvero
3301 3741 3474 3815 quasi

1827 3858 1973 3913 puer
1997 3845 2096 3895 aut
2115 3840 2454 3895 adolescens
2469 3837 2756 3910 quidquid
2780 3836 3170 3908 ubiquejacet
3194 3831 3482 3888 scelerum

1826 3934 2240 4001 perpetrasset,
2291 3927 2480 3983 sicin
2542 3926 2966 3999 paenitudinem
3033 3937 3348 3979 conversus
3415 3935 3482 3976 se

1826 4023 2031 4073 contra
2061 4035 2121 4072 se
2151 4016 2352 4072 erexit.
2377 4015 2617 4071 Videres
2640 4014 2937 4070 hominem
2957 4009 3476 4082 exesumjejuniis,

1825 4107 1917 4161 vix
1946 4107 2180 4162 ossibus
2213 4105 2449 4170 haerere,
2484 4105 2555 4159 ad
2592 4107 2930 4160 sanctorum
2962 4100 3278 4157 memorias
3316 4099 3481 4154 inde-

1826 4195 2046 4250 fessum
2072 4196 2287 4264 jacere,
2324 4192 2675 4248 inundantia
2698 4191 3092 4264 lacrymarum
3124 4187 3327 4245 sedulo
3348 4203 3480 4242 ma-

1826 4285 1981 4350 dere,
2015 4289 2214 4339 noetes
2244 4284 2542 4338 insomnes
2570 4282 2800 4336 ducere.
2835 4279 2984 4344 Quid
3016 4277 3173 4333 enim
3212 4275 3478 4330 dicemus

1823 4390 1958 4428 eum
1990 4389 2292 4444 pauperes,
2328 4372 2647 4426 mediocres
2669 4373 2725 4425 et
2773 4368 2980 4424 divites
3009 4381 3244 4422 summo
3289 4363 3484 4420 studio

1825 4462 2100 4533 omnique
2132 4461 2436 4533 diligentia
2465 4459 2716 4515 curare?
2741 4455 3036 4528 Quidquid
3069 4453 3180 4511 sibi
3202 4457 3327 4509 erat
3365 4468 3487 4508 om-

1747 4564 1795 4630 ι)
1825 4551 1998 4606 nibus
2025 4566 2335 4606 commune
2367 4549 2630 4615 faciebat,
2665 4546 2945 4602 divitibus
2967 4549 3026 4601 et
3083 4541 3281 4616 egenis
3328 4541 3486 4598 idem

1829 4657 2060 4712 semper
2089 4643 2230 4695 erat.
2265 4638 2368 4693 His
2396 4636 2765 4709 praecipiebat
2793 4652 2907 4690 non
2957 4632 3205 4705 superbe
3262 4647 3496 4714 sapere,

1828 4746 2017 4801 neque
2048 4743 2280 4800 sperare
2313 4727 2371 4781 in
2390 4727 2607 4780 incerto
2634 4723 2991 4784 divitiarum.
3015 4721 3118 4776 sed
3139 4721 3199 4776 in
3223 4720 3494 4802 Domino,

1830 4819 1930 4890 qui
1959 4818 2060 4872 dat
2089 4816 2362 4879 omnibus
2395 4813 2592 4869 omnia
2622 4813 2928 4869 afﬂuenter
2967 4811 3014 4878 (Ι
3061 4811 3193 4864 Tim.
3242 4825 3320 4878 vr,
3377 4811 3490 4883 17),

1831 4913 1887 4964 et
1917 4913 1981 4963 ut
2011 4922 2207 4962 rerum
2227 4902 2585 4960 abundantia
2607 4916 2932 4976 pauperum
2960 4899 3218 4971 inopiam
3250 4899 3494 4971 supple-

1833 5003 1940 5061 ret,
1973 4999 2261 5066 quatenus
2295 4993 2352 5046 in
2381 4993 2576 5047 futuro
2598 5005 2921 5064 pauperum
2944 4987 3306 5044 abundantia
3348 4986 3495 5042 divi-

1835 5091 1959 5141 tum
1985 5084 2190 5156 inopiaz
2226 5084 2389 5138 ﬁeret
2422 5080 2928 5154 supplementum)
2962 5079 3010 5134 II
3057 5077 3176 5134 Cor.
3228 5093 3349 5146 vm,
3379 5079 3488 5145 14).

1835 5173 2088 5231 Omnino
2137 5177 2332 5228 autem
2399 5187 2687 5243 pauperes
2760 5169 2935 5224 rebus
3007 5166 3360 5223 admonebat
3430 5166 3495 5218 ut

1836 5322 1897 5376 in
1929 5319 2065 5374 Vita
2093 5335 2204 5374 ms.
2239 5315 2529 5387 leguntur.
2560 5313 2832 5387 Pippinus
2860 5313 3207 5387 itaque_tunc_
3224 5305 3496 5387 tempori:

1835 5395 1923 5448 vir
1951 5404 2171 5461 magna?
2197 5378 2438 5461 Ρίθίξῖίίξρ
2482 5378 2699 5461 genu-0:"
2743 5378 2992 5461 υίάξιίςέί
3041 5378 3232 5461 Curat?
3281 5378 3492 5461 Magni,

1837 5447 2233 5522 rempublicam
2288 5447 2594 5514 Galliarum
2639 5452 3073 5522 ﬂorentissiman
3129 5447 3496 5520 gubernabat.

1909 5527 1995 5604 (5)
2029 5533 2092 5590 in
2125 5535 2238 5588 vet.
2273 5546 2385 5587 ms.
2419 5527 2529 5602 leg.
2547 5527 2815 5601 propria.
