3894 6214
429 352 539 410 591

1161 352 1349 416 ΞᾸΞΕ.
1395 354 1472 416 XI
1516 354 1746 416 AUC'l‘.
1793 349 2109 417 INCEBTI
2156 351 2342 415 ANNI
2386 350 2489 416 ET
2533 350 2833 416 SCRIPT.
2881 357 3104 411 ’AAEZII.

3690 353 3801 419 $92

429 482 642 537 scirent
663 484 871 555 spiritu
897 503 1321 560 pauperesesse
1341 486 2062 558 ,etinhumilitategratias
2095 490 2148 554 Α
2178 487 2496 541 lotionibus
2529 503 2587 540 se
2617 487 2940 553 admoneri,
2965 492 3254 558 quatenus
3284 485 3565 542 aediﬁcata
3589 486 3802 548 basilica

426 587 598 643 agere
635 572 776 640 Deo,
825 574 1052 631 dicente
1098 575 1226 648 ipso
1275 576 1556 632 Domino:
1609 579 1765 632 Beati
1802 591 2070 648 paupere:

415 661 618 730 spiritu
643 662 848 730 (Matth,
880 679 932 732 ν,
965 665 1040 735 3).
1077 665 1454 737 Perquirebat
1495 681 1671 736 quem
1729 668 2068 720 sanctorum

420 746 481 802 in
509 748 706 822 aliquo
736 751 888 806 bono
919 751 1136 808 imitari
1166 753 1402 817 valeret,
1435 769 1572 808 cum
1603 753 1759 808 diem
1793 770 1854 808 se
1877 753 2065 824 perdi-

422 835 580 894 disse
603 840 974 910 querebatur,
998 857 1113 912 quo
1137 857 1344 913 parum
1359 841 1578 913 aliquid
1605 859 1717 896 non
1731 841 2070 914 profecisset

419 925 482 980 in
511 927 758 996 actibus,
793 945 894 984 seu
927 929 985 984 in
1039 929 1330 986 mandatis
1381 929 1499 984 Dei.
1550 929 1914 986 Sacriﬁcium
1963 945 2068 1002 pro

420 1013 610 1070 salute
640 1015 844 1071 mundi
879 1015 1055 1072 totius
1086 1021 1144 1072 et
1174 1018 1373 1089 requie
1421 1018 1856 1082 defunctorum,
1907 1018 2068 1074 nullo

421 1101 624 1158 offerre
654 1103 770 1160 Deo
799 1105 1281 1177 praetermittebat
1311 1107 1424 1172 die,
1467 1105 1660 1162 sciens
1710 1123 1773 1162 se
1824 1107 2068 1163 Domino

423 1190 613 1246 dicere
637 1211 650 1248 :
674 1193 998 1249 Benedicam
1021 1197 1309 1250 Dominum
1329 1197 1391 1250 in
1409 1197 1563 1250 omni
1583 1199 1842 1267 tempore,
1861 1211 2072 1267 semper

423 1280 548 1334 laus
574 1282 690 1352 ejus
720 1284 778 1336 in
805 1297 898 1336 ore
924 1299 1040 1338 meo
1074 1285 1244 1344 (Psal.
1266 1301 1464 1349 xxxiii,
1497 1288 1584 1351 2);
1619 1291 1702 1338 et:
1758 1285 2072 1341 Voluntaria

421 1369 736 1440 sacriﬁcabo
762 1372 978 1426 nomini
1007 1375 1119 1440 tuo,
1163 1373 1386 1428 Domine
1435 1374 1696 1445 quoniam
1747 1373 1944 1429 bonum
1993 1381 2072 1428 est

427 1458 593 1528 (Psal.
647 1475 762 1526 Lm,
814 1461 890 1530 8).
942 1460 1236 1532 Quidquid
1284 1461 1373 1516 vir
1425 1461 1518 1517 Dei
1568 1461 1746 1532 igitur
1793 1461 1915 1517 ﬁeri
1957 1462 2067 1518 sibi

424 1545 676 1612 volebat,
702 1549 872 1628 juxta
902 1549 1300 1621 evangelicum
1332 1555 1708 1622 praeceptum,
1730 1549 1874 1606 nulli
1901 1567 2071 1622 nega-

428 1634 526 1689 bat
557 1636 656 1690 sed
704 1636 866 1691 omni
913 1637 1174 1709 poscenti
1225 1654 1286 1694 se
1331 1637 1718 1695 libentissime
1754 1639 2066 1708 tribuebat,

426 1729 660 1795 portum
682 1725 904 1781 scilicet
923 1725 1349 1795 laborantibus,
1373 1726 1796 1783 consolatorem
1821 1727 2068 1799 mmstis,

427 1813 606 1868 nudis
648 1819 1044 1885 coepertorem
1084 1820 1482 1887 susceptorem
1531 1815 1871 1872 viatoribus.
1931 1817 2070 1880 Quis

422 1901 581 1958 enim
613 1918 876 1973 unquam
909 1901 1144 1974 expetiit
1171 1908 1228 1959 et
1259 1904 1387 1975 ejus
1432 1903 1748 1960 bonitatem
1798 1910 2071 1977 expertus

426 2007 544 2046 non
573 1989 704 2045 est?
753 1990 1103 2054 Quotidiano
1148 1991 1316 2050 illum
1363 1991 1697 2050 sollicitudo
1739 1993 2070 2050 animarum

428 2078 624 2150 aliquo
657 2083 936 2151 pereunte
980 2079 1369 2152 compellebat
1410 2098 1683 2153 gemere;
1733 2097 2073 2154 quanquam

430 2172 604 2222 tanta:
635 2173 788 2224 esset
837 2167 1072 2240 pietatis
1118 2176 1198 2236 ut,
1255 2171 1462 2242 quovis
1508 2170 1942 2226 scandalizante
1989 2188 2072 2237 se,

430 2256 689 2312 crederet
712 2256 1052 2322 offendisse;
1085 2262 1140 2312 et
1171 2259 1448 2330 quoniam
1483 2257 1734 2314 incolam
1755 2267 1885 2315 seet
1911 2275 2072 2332 pere-

428 2345 664 2416 grinum
714 2345 808 2401 hic
855 2352 1092 2401 noverat
1139 2347 1311 2416 (Paul.
1365 2362 1554 2412 cxvm,
1613 2349 1722 2418 19),
1793 2348 1890 2404 ubi
1958 2366 2072 2404 non

428 2431 640 2489 habere
671 2450 734 2489 se
763 2439 1094 2490 manentem
1127 2435 1430 2490 civitatem
1451 2435 1672 2490 sciebat
1719 2436 1898 2505 (Hebr.
1950 2453 2071 2503 xm,

428 2523 539 2594 14),
567 2523 784 2578 ostium
814 2539 990 2584 suum
1023 2523 1222 2578 viatori
1257 2541 1560 2596 nunquam
1600 2523 1831 2593 clausit,
1885 2541 2074 2596 neque

427 2610 714 2667 bucellam
749 2629 918 2668 suam
947 2610 1109 2668 solus
1139 2612 1500 2668 comedebat.
1553 2612 1649 2684 [Ut
1694 2612 2075 2669 dulcissimus

427 2705 593 2770 pater
623 2700 777 2755 ﬁlios
809 2700 1144 2772 spirituales
1174 2700 1420 2756 dulciter
1448 2701 1838 2771 admonendo,
1871 2707 2074 2774 quate-

429 2805 544 2845 nus
571 2789 792 2846 caalesis
821 2789 1022 2862 patria:
1052 2788 1374 2844 hmreditati
1423 2789 1715 2846 inhiarent
1761 2808 1874 2846 non
1917 2791 2072 2847 desi-

431 2877 656 2945 stebat;
689 2877 896 2932 divina
929 2876 1075 2950 legis
1105 2877 1352 2949 gratiam
1399 2877 1460 2932 in
1515 2883 1746 2950 pectore
1784 2879 2072 2950 gestabat,

429 2981 499 3020 ex
526 2967 695 3037 cujus
723 2965 842 3022 sale
875 2983 1204 3022 sermonem
1234 2966 1322 3020 sui
1357 2967 1474 3022 oris
1515 2967 1844 3023 condiebat.
1899 2967 2073 3024 Vani-

429 3059 604 3110 tatem
639 3055 840 3110 mundi
873 3055 954 3110 sic
985 3055 1358 3111 horrescebat
1389 3059 1452 3111 ut
1491 3057 1752 3112 crederet
1801 3073 1868 3112 ac
1907 3059 2076 3129 proﬁ-

2177 591 2390 648 corpus
2419 579 2687 631 sanctum
2719 575 2854 631 inde
2903 574 3264 643 transferret,
3318 573 3478 630 omni
3527 573 3801 649 diligentia

2178 663 2601 736 perliciendum
2625 663 2679 720 id
2731 669 2951 720 censet.
2997 663 3148 736 Ergo
3203 662 3476 719 maximis
3520 663 3803 736 impendiis

2177 757 2510 808 constructo
2541 751 2814 818 oratorio,
2846 751 3234 824 vigilantique
3257 751 3454 808 studio
3483 751 3557 808 ad
3577 769 3802 826 unguem

2179 841 2481 913 producto,
2516 840 2681 898 adest
2713 839 2907 896 clerus
2949 845 3198 897 cunctus
3253 856 3391 896 cum
3435 840 3665 913 populo,
3711 843 3804 899 Nec

2179 947 2345 986 mora
2375 928 2722 986 venerabilis
2751 928 2998 986 antistes
3029 947 3166 986 cum
3208 929 3443 986 duobus
3477 930 3804 1004 coepiscopis

2185 1019 2308 1074 suis
2339 1018 2633 1074 Clemente
2661 1022 2718 1074 et
2745 1018 3054 1074 Chotberto
3103 1017 3359 1075 enormis
3413 1017 3806 1091 magnitudinis

2178 1105 2521 1179 coeperculo
2551 1123 2761 1162 manus
2786 1107 3074 1174 admovet,
3124 1107 3280 1179 quod
3330 1110 3494 1162 tanta
3541 1105 3804 1164 celeritate

2178 1195 2480 1251 sublatum
2506 1200 2594 1250 est
2623 1211 2729 1251 ceu
2778 1196 3032 1268 pondere
3085 1198 3342 1264 careret;
3392 1195 3588 1268 ipsum
3633 1199 3802 1252 tamen

2177 1286 2606 1356 cooperculum,
2641 1289 2772 1356 post
2796 1301 2831 1340 a
2859 1283 3136 1340 trecentis
3165 1283 3310 1340 viris
3351 1288 3412 1339 et
3441 1283 3803 1358 quadraginta

2180 1373 2355 1429 boum
2386 1373 2624 1445 paribus
2643 1377 2952 1440 tentatum,
2969 1373 3189 1428 mansit
3209 1372 3546 1428 immotum.
3573 1373 3801 1429 Tandem

2177 1463 2526 1518 venerandis
2555 1463 2801 1516 artubus
2833 1461 3168 1528 honorifice,
3194 1464 3259 1515 ut
3285 1461 3554 1529 decebat,
3595 1459 3652 1516 in
3689 1477 3803 1517 arca

2179 1551 2494 1606 reconditis
2521 1551 2876 1622 cypressina,
2910 1555 2966 1605 et
2997 1549 3080 1604 sic
3110 1549 3170 1604 in
3219 1563 3572 1617 marmorea,
3621 1555 3803 1622 quarto

2179 1640 2470 1694 Kalendas
2499 1638 2658 1694 Junii
2690 1639 2940 1694 oratorio
2973 1637 3190 1707 intulit,
3223 1638 3379 1710 quod
3411 1655 3446 1694 a
3491 1637 3803 1694 fundamen-

2178 1728 2254 1784 tis
2286 1734 2621 1800 susceperat
2646 1733 2704 1782 et
2735 1727 2807 1783 ad
2841 1728 3160 1800 perfectum
3191 1726 3567 1799 produxerat.
3597 1726 3655 1782 In
3701 1743 3798 1799 quo

2179 1817 2300 1890 pari
2311 1816 3562 1888 terimpositasunttrecentorummartyrum
3587 1815 3796 1872 Thebes

2179 1905 2424 1978 legionis
2456 1922 2697 1976 corpora
2733 1919 2907 1976 quem
2939 1903 3133 1960 locum
3185 1919 3269 1960 sle
3338 1902 3658 1959 nobilitavit
3707 1919 3794 1958 su-

2181 1991 2448 2066 pellectili
2482 2009 2546 2046 ac
2582 1993 2798 2056 fundis,
2830 1991 3066 2064 replevit
3090 1991 3415 2060 cmnobitis,
3473 1996 3537 2048 ut
3585 2007 3650 2048 ex
3686 1994 3801 2046 tunc

2182 2081 2514 2136 nullatenus
2546 2081 2782 2136 inferior
2809 2082 3076 2137 videatur
3099 2079 3396 2154 episcopio
3421 2079 3610 2154 ipsius
3643 2079 3798 2136 urbis.

2181 2170 2344 2226 Circa
2369 2187 2540 2242 quem
2575 2169 2764 2225 locum
2797 2169 2938 2224 dum
2967 2168 3058 2222 vir
3083 2169 3291 2225 beatus
3333 2167 3404 2224 de
3436 2169 3533 2224 die
3574 2169 3630 2224 in
3670 2168 3804 2223 diem

2181 2259 2364 2314 nimio
2397 2259 2730 2314 insudasset
2763 2257 2991 2331 pietatis
3023 2257 3255 2322 affectu,
3283 2256 3608 2330 pravidens
3635 2257 3806 2312 futura

2182 2349 2376 2418 sagaci
2421 2348 2656 2420 spiritu,
2699 2347 2916 2402 veritus
2967 2345 3294 2419 superfluas
3347 2345 3807 2420 tyrannidessuc-

2182 2453 2503 2509 cessorum,
2537 2436 2880 2509 praedictum
2922 2439 3110 2490 totum
3156 2435 3317 2508 regio
3360 2435 3506 2506 jure
3551 2432 3808 2491 nobilitati

2184 2524 2450 2591 tradidit,
2485 2529 2548 2580 ut
2575 2524 2822 2580 habetur
2851 2523 2908 2580 in
2929 2523 3223 2596 praesenti.

2842 2664 3074 2722 CAPUT
3102 2663 3173 2720 VI

2251 2793 2634 2864 EpiscOpatum
2659 2789 2905 2846 dimittit.
2942 2819 3008 2830 —
3041 2789 3108 2844 Et
3140 2793 3272 2860 post
3309 2794 3431 2845 tam
3483 2787 3808 2862 multiplices

2185 2897 2287 2953 pro
2307 2895 2480 2952 grege
2501 2877 2712 2935 Christi
2734 2878 2982 2946 labores,
3005 2876 3141 2934 licet
3155 2877 3214 2932 in
3240 2878 3595 2950 pontiﬁcatu
3611 2877 3808 2950 positus

2185 2969 2329 3025 nihil
2361 2971 2440 3040 (6)
2463 2967 2757 3040 possidere
2781 2966 2979 3036 voluit,
3008 2966 3297 3040 quidquid
3319 2971 3520 3024 tamen
3543 2967 3682 3024 illud
3701 2970 3804 3023 erat

2183 3059 2339 3130 quod
2391 3057 2715 3129 [occasione
2761 3071 2864 3112 seu
2910 3060 3192 3128 praetextu
3241 3055 3572 3129 regiminis]
3620 3056 3804 3112 habere

432 3147 652 3198 teretur
680 3143 924 3200 miseros
963 3160 1092 3200 esse
1139 3149 1432 3200 amatores
1478 3145 1628 3214 ejus.
1677 3144 2074 3220 Eleemosynis
2123 3217 2137 3220 Α
2182 3147 2272 3205 vel
2323 3144 2768 3220 praesumpsisse
2809 3143 2946 3217 sibi]
2999 3143 3308 3201 videbatur
3357 3143 3710 3218 relinquens,
3753 3145 3804 3198 ut

432 3233 683 3288 maxime
713 3233 1048 3298 insudabat,
1079 3231 1476 3304 hospitalitate
1523 3231 1874 3305 largissime,
1909 3217 1975 3290 ac
2025 3235 2074 3291 si
2107 3217 2150 3284 Ο
2187 3217 2548 3294 olim'animo
2579 3239 2943 3305 conceperat,
2977 3243 3240 3289 eremurn
3273 3238 3467 3306 petere
3497 3231 3802 3290 destinavit.

431 3323 581 3377 hanc
604 3322 714 3394 ipsi
746 3322 978 3377 Christo
1008 3321 1324 3389 exhiberet,
1355 3319 1682 3377 insistebat.
1707 3324 1888 3388 Quem
1918 3323 2074 3381 vide-

432 3411 533 3466 bat
577 3412 802 3466 tristem
851 3415 909 3465 et
952 3408 1266 3478 dolentem,
1321 3409 1740 3466 consolationis
1789 3411 1964 3468 verbo
2018 3417 2078 3468 et

433 3499 696 3557 subsidio
747 3499 1076 3556 necessario
1122 3497 1502 3566 exhilarabat,
1555 3497 1954 3556 discordantes
1999 3502 2071 3557 ad

431 3590 803 3647 concordiam
836 3587 1166 3645 reducebat.
1201 3587 1217 3660 ]
1249 3587 1526 3644 Carterum
1560 3589 1836 3645 omnibus
1877 3590 2075 3646 omnia

430 3697 494 3738 se
525 3679 790 3745 faciebat,
824 3681 890 3732 ut
918 3693 1122 3733 omnes
1147 3675 1340 3732 salvos
1371 3676 1585 3732 faceret
1615 3679 1664 3741 (Ι
1687 3681 1811 3735 Cor.
1843 3695 1921 3748 x1,
1956 3682 2070 3748 2'2),

431 3773 490 3825 et
511 3771 574 3823 ut
594 3767 786 3822 bonus
807 3770 1027 3838 pastor,
1041 3764 1324 3837 quidquid
1346 3764 1752 3838 gregidicebat
1780 3769 2073 3840 agendum

429 3871 671 3929 operum
703 3853 1056 3910 exhibitione
1085 3854 1468 3910 monstrabat.

1082 3996 1316 4052 CAPUT
1349 3997 1412 4052 V.

499 4123 710 4195 Corpus
739 4121 794 4177 S.
827 4122 1124 4178 Maximini
1141 4124 1422 4192 transfert.
1473 4153 1539 4166 —-
1563 4123 1708 4179 Cum
1729 4121 2071 4193 huiusmodi

421 4217 878 4282 ceterarumque
899 4211 1178 4268 virtutum
1191 4209 1763 4268 eminentiaantistiti
1789 4225 2074 4281 congrue-

423 4307 572 4371 rent,
603 4301 868 4358 omnium
895 4299 1043 4357 mira
1073 4297 1374 4354 colebatur
1403 4300 1792 4356 veneratione.
1812 4297 1914 4352 Vir
1951 4302 2074 4353 erat

421 4393 578 4448 enim
633 4389 937 4446 nobilitate
983 4405 1327 4462 generosus,
1377 4387 1654 4461 religione
1717 4385 2070 4460 praecipuus,

421 4480 664 4537 consilio
693 4485 923 4546 cautus,
951 4477 1226 4550 operibus
1259 4476 1550 4545 famosus;
1586 4477 1738 4531 inter
1761 4475 2072 4548 magniﬁca

431 4585 688 4640 namque
718 4583 913 4640 opera,
937 4583 1066 4638 quae
1097 4563 1449 4664 multi-plicia
1477 4563 1680 4664 gessit,
1714 4579 1926 4664 corpus
1949 4563 2072 4663 bna-
2103 4585 2150 4655 υ

423 4658 638 4714 tissimi
695 4658 896 4728 [atque
958 4653 1392 4728 gloriosissimi]
1445 4649 1706 4722 praesulis
1767 4649 2066 4708 Maximini

423 4749 596 4820 cujus
619 4747 742 4818 ipse
762 4760 1068 4801 successor
1083 4739 1546 4810 babebaturjam
1577 4745 1718 4795 tunc
1759 4739 2070 4798 vicesimus

383 4823 390 4832 ’
423 4835 622 4908 magni
657 4835 846 4889 meriti
880 4849 948 4888 ex
975 4829 1294 4902 Aquitania
1322 4833 1611 4884 revectum
1658 4827 2066 4897 tumulaverat,

421 4924 479 4978 in
521 4925 762 4979 domum
818 4937 936 4994 qua
989 4934 1144 4974 nunc
1195 4920 1506 4972 veneratur
1553 4917 1870 4974 transtulit.
1921 4920 2069 4986 Quia

383 5057 390 5064 .
418 5012 575 5068 enim
606 5012 808 5068 eadem
841 5012 1044 5081 crypta
1067 5005 1336 5063 insolitas
1365 5006 1667 5062 evomebat
1711 5024 1894 5078 aquas
1939 5026 2065 5080 quae

421 5102 614 5158 tribus
645 5099 882 5153 altiores
913 5093 1128 5150 cubitis
1150 5111 1216 5150 su
1226 5095 1498 5166 perﬁcem
1519 5095 1702 5149 totius
1755 5095 2067 5168 pavimenti

418 5193 548 5262 ejus
578 5187 1025 5258 occupaverant,
1057 5199 1161 5238 nec
1191 5187 1385 5240 tamen
1418 5183 1490 5238 ad
1523 5181 1889 5240 mausoleum
1911 5201 2058 5242 reve-

419 5279 737 5336 rendorum
781 5276 1018 5328 artuum
1049 5269 1342 5326 licentiam
1372 5270 1682 5340 habebant,
1737 5272 1838 5328 sed
1886 5273 2069 5332 solide

418 5368 572 5423 sicut
603 5377 810 5418 murus
837 5357 974 5414 hinc
1003 5356 1140 5413 inde
1177 5357 1320 5413 illud
1361 5359 1692 5439 tangebant,
1745 5363 2069 5434 perpendes

417 5457 506 5519 vir
531 5454 740 5510 beatus
769 5453 890 5503 tam
923 5444 1092 5514 signo
1122 5445 1231 5500 hoc
1255 5463 1430 5519 quam
1462 5447 1733 5522 plurimis
1762 5449 1894 5508 aliis
1917 5467 2066 5510 reve.

489 5631 568 5720 (6)
599 5627 663 5686 In
692 5627 803 5682 vet.
835 5637 948 5682 me.
973 5619 1100 5682 licet
1126 5625 1186 5685 in
1214 5630 1364 5690 omni
1390 5631 1506 5692 vita
1529 5629 1696 5692 nihil.

2186 3325 2535 3398 [Monasticij
2567 3323 3010 3396 siquidem[uon
3033 3322 3344 3380 immemor
3364 3323 3506 3394 voti]
3532 3321 3806 3396 reputabat

2181 3420 2348 3471 actus
2379 3429 2517 3470 suos
2547 3411 2660 3469 sibi
2692 3411 2888 3467 minus
2917 3427 3088 3483 posse
3119 3411 3391 3492 sufﬁcere.
3426 3413 3503 3467 ad
3555 3411 3802 3472 salutem.

2179 3520 2315 3559 cum
2345 3502 2629 3558 Dominus
2657 3499 2896 3557 dixerit:
2928 3501 3054 3556 Nisi
3079 3501 3202 3570 quis
3231 3501 3634 3556 renuntiaverit
3652 3498 3801 3554 omni-

2182 3593 2278 3648 bus
2321 3606 2448 3663 quae
2487 3587 2740 3662 possidet,
2787 3604 2904 3644 non
2945 3591 3118 3660 potest
3163 3604 3316 3644 mea:
3363 3605 3480 3644 esse
3523 3587 3802 3660 discipule:

2181 3681 2336 3752 (an.
2365 3695 2479 3746 xiv,
2511 3677 2622 3749 33).
2655 3675 2930 3750 [Oculati]
2963 3677 3178 3750 quippe
3205 3675 3462 3733 scelestis
3493 3675 3661 3749 quasi
3706 3671 3806 3731 ani-

2182 3766 2355 3822 malis
2383 3763 2968 3838 circumspeetionem
3020 3765 3298 3832 retinens,
3350 3781 3468 3821 non
3512 3763 3804 3821 revertebat

2181 3855 2478 3921 incedens,
2513 3871 2578 3910 ac
2607 3871 2806 3910 eorum
2839 3871 2966 3927 quae
2991 3858 3143 3910 retro
3163 3857 3304 3909 sunt
3319 3853 3560 3921 oblitus,
3589 3852 3644 3908 in
3669 3855 3806 3907 ante-

2180 3944 2338 4000 riora
2359 3943 2652 3999 ferebatur
2679 3947 2954 4000 extensus
3001 3941 3172 4014 (Phil.
3219 3957 3304 4010 m,
3390 3942 3501 4013 13).
3551 3937 3808 4012 Equidem

2181 4035 2418 4088 noverat
2435 4030 2720 4104 plurimos
2742 4035 2875 4088 ante
2891 4031 3154 4086 humana
3165 4029 3393 4102 judicia
3415 4029 3650 4086 interim
3671 4031 3810 4084 stan-

2178 4125 2267 4176 tes
2294 4119 2475 4174 videri
2495 4136 2599 4192 per
2626 4120 2912 4176 bonorum
2941 4134 3184 4192 operum
3223 4117 3678 4184 exsecutionem,
3717 4112 3808 4170 sed

2180 4212 2313 4264 ante
2343 4207 2762 4280 omnipotentis
2790 4207 2888 4263 Dei
2911 4207 3112 4264 oculos
3141 4205 3434 4264 corruisse
3466 4222 3570 4278 per
3621 4203 3806 4261 melio-

2180 4312 2299 4352 rem
2333 4295 2836 4361 deliberationem,
2868 4311 2934 4351 eo
2960 4297 3118 4368 quod
3149 4295 3372 4352 bonum
3419 4310 3571 4368 opus
3615 4291 3806 4350 talium

2180 4385 2376 4441 minus
2406 4385 2523 4441 Deo
2550 4385 2696 4440 foret
2725 4383 3030 4456 placitum,
3050 4401 3166 4458 quo
3181 4399 3286 4457 per
3303 4384 3517 4440 mentis
3541 4381 3806 4438 delibera-

2175 4473 2396 4531 tionem
2427 4474 2486 4529 in
2520 4473 2745 4529 meliori
2777 4473 2961 4547 gradu
2989 4473 3400 4530 incunctanter
3427 4477 3520 4528 est
3545 4471 3802 4544 positum.

2177 4563 2260 4620 Ne
2280 4579 2416 4636 ergo
2446 4561 2822 4635 postmodum
2854 4562 3072 4618 frustra
3099 4567 3460 4634 quereretur
3480 4555 3804 4632 hujusmodi

2177 4652 2597 4710 detrimentum
2628 4668 2748 4708 suae
2779 4651 2958 4708 menti
2988 4651 3380 4723 subrepsisse,
3422 4643 3807 4706 unicam-deli-

2181 4740 2538 4798 berationem
2575 4756 2754 4812 quam
2797 4739 2911 4795 sibi
2947 4739 3302 4812 suspirabat
3345 4739 3543 4794 adhuc
3599 4737 3806 4798 deesse,

2177 4829 2536 4886 accelerabat
2573 4828 2867 4901 perﬁcere.
2919 4828 3082 4893 Quod
3131 4844 3266 4885 cum
3319 4827 3578 4901 primum
3623 4837 3806 4881 rumor

2177 4919 2249 4975 ad
2272 4935 2444 4974 aures
2461 4917 2618 4990 vulgi
2641 4915 2868 4982 detulit,
2885 4915 3054 4989 quasi
3069 4915 3334 4972 barbaris
3348 4912 3804 4987 insequentibus.

2177 5007 2371 5062 omnis
2401 5012 2538 5062 rotas
2568 5005 2878 5077 omnisque
2905 5021 3080 5062 sexus
3101 5005 3164 5062 in
3191 5006 3398 5062 urbem
3417 5003 3560 5074 ruit,
3583 5003 3804 5070 visoque

2158 5095 2298 5152 ‘viro
2328 5095 2448 5160 Dei,
2477 5095 2698 5150 clamor
2717 5095 2777 5150 in
2809 5093 3019 5150 cretum
3053 5092 3362 5162 attollitur,
3393 5097 3460 5150 et
3481 5083 3807 5166 quasiomni

2178 5183 2488 5257 provincia:
2513 5181 2754 5240 exitium
2784 5183 3136 5252 immineret,
3170 5199 3326 5240 unus
3363 5180 3632 5239 omnium
3673 5178 3806 5234 fere-

2178 5273 2356 5329 batur
2381 5271 2596 5329 luctus.
2629 5273 2746 5328 Cur
2773 5271 2848 5344 (7)
2893 5271 3087 5345 gregis
3128 5271 3233 5328 tibi
3295 5271 3623 5328 custodiam
3667 5279 3812 5324 com-

2178 5361 2424 5418 missam
2437 5359 3040 5433 derelinquis?quare,
3053 5372 3236 5432 quare
3247 5363 3547 5417 tantarum
3562 5356 3809 5414 futurum

2179 5449 2496 5507 discrimen
2522 5465 2637 5504 non
2659 5449 2874 5506 metuis
2891 5450 2919 5504 ?
2940 5452 3112 5522 putas
3130 5447 3230 5523 qui
3251 5445 3615 5522 erunthujus
3635 5441 3812 5504 Eccle-

2253 5628 2329 5706 (7)
2360 5627 2424 5690 ln
2447 5631 2562 5690 vet.
2595 5644 2708 5692 me.
2728 5628 2841 5708 leg.
2861 5631 2975 5702 cui,
2995 5634 3182 5694 Pater.
3232 5658 3237 5663 ·
