3894 6214
77 307 182 373 593
1147 304 1539 372 VALGANDI
1584 302 1733 369 νιτε

1925 304 2376 372 HILDULPHI.
3341 309 3459 372 594

71 444 162 503 sic
183 439 490 499 saevissimi
519 444 842 500 vastatores
863 442 890 498 ?
920 458 1182 516 namque
1202 440 1572 498 dilaniabunt
1587 456 1710 514 gre-
1739 439 1793 510 Α
1824 437 2011 496 simus
2024 440 2572 515 archiepiscopus,ci
2582 458 2677 498 rca
2698 445 2932 516 tempus
2957 441 3098 500 illud
3112 442 3468 504 Senoniense

79 551 194 608 gem
226 537 391 588 tuum
425 530 549 604 lupi
577 549 834 605 rapaces.
868 532 1108 590 Talibus
1130 533 1324 603 itaque
1351 532 1440 586 vir
1469 535 1708 587 sanctus

79 620 602 686 lamentationibus,
636 622 921 693 praecipue
967 621 1195 694 piarum
1247 620 1567 693 supradicti
1599 619 1708 674 loci

81 710 254 768 ovium
285 713 636 775 commotus,
671 713 736 764 ut
763 714 888 765 erat
916 711 1129 782 pietate
1171 709 1398 782 plenus,
1435 710 1491 764 in
1527 708 1708 781 lacry-

79 815 190 855 mas
217 796 549 853 resolvitur.
593 797 1036 869 Conversusque
1076 799 1148 853 ad
1184 798 1410 871 plebem
1463 799 1547 854 sic
1579 803 1705 853 tan-

80 889 192 943 dem
224 886 527 958 profatur:
562 909 589 935 «
624 886 740 942 Vos
767 886 1019 958 populus
1066 887 1164 942 Dei
1199 892 1255 942 et
1299 905 1433 943 oves
1483 905 1707 959 pascuae

79 976 190 1045 ejus
217 974 392 1041 estis;
426 973 555 1046 ipse
579 991 682 1030 vos
713 974 1020 1042 custodiet,
1056 975 1153 1046 qui
1189 976 1358 1030 nobis
1401 975 1706 1049 promittit,

81 1065 278 1120 dicens.
294 1066 426 1119 Ecce
449 1077 549 1133 ego
580 1061 853 1118 vobiscum
897 1079 1020 1117 sum
1041 1064 1295 1118 erunibus
1326 1064 1513 1119 diebus
1543 1080 1711 1134 usque

80 1153 138 1208 ad
163 1151 1118 1220 consuminalionemswculi(Matth.
1153 1169 1350 1217 xxvui,
1381 1154 1492 1220 20).
1522 1175 1547 1200 υ
1562 1152 1708 1208 Nam

79 1241 318 1296 custodia
349 1255 481 1295 mea
513 1238 798 1296 hactenus
832 1239 972 1294 nulli
1007 1240 1242 1311 profuit,
1276 1240 1374 1312 qui
1401 1257 1493 1295 me
1517 1240 1709 1312 ipsum

79 1329 254 1385 minus
284 1327 764 1399 circumspexi,si
792 1328 932 1399 quid
947 1333 1144 1384 autem
1176 1329 1712 1401 deincepsinsuper

77 1423 154 1474 est
177 1417 475 1489 temporis,
492 1417 671 1472 sinite
690 1420 753 1472 ut
780 1415 1040 1488 expleam
1060 1434 1174 1489 quo
1207 1422 1264 1472 et
1296 1419 1440 1474 mihi
1471 1424 1528 1474 et
1547 1418 1711 1474 vobis

77 1507 294 1580 prosim.
326 1505 738 1578 [Ubﬁrmatus]
770 1505 1537 1578 igituradversuslugubres
1570 1523 1708 1579 que-

76 1595 208 1651 reias
235 1595 428 1668 gregis
463 1611 530 1650 se
552 1594 1161 1666 prosequentis,quasi
1178 1596 1570 1651 tenacioribus
1588 1596 1712 1650 vin-

76 1684 226 1754 culis,
256 1700 382 1756 quee
412 1683 750 1739 libertatem
784 1682 963 1738 animi
995 1684 1124 1754 ejus
1155 1684 1266 1738 sibi
1298 1683 1567 1755 subigere
1592 1688 1712 1738 ten-

1819 530 2151 586 emnobium
2179 530 2238 585 in
2269 531 2618 588 Grandiavio
2650 550 2683 588 a
2714 550 2774 589 se
2806 537 3209 589 constructum
3243 553 3310 589 ex
3345 535 3472 590 reli-

1819 623 1920 673 cta:
1955 620 2116 674 urbis
2130 620 2412 675 vocabulo
2427 621 2844 676 denominavit.
2862 621 3092 677 Primus
3125 623 3278 677 Bodo
3295 624 3471 679 etiam

1809 707 1936 778 jam
1968 707 2105 763 dicti
2136 708 2312 764 Jacob
2341 711 2610 766 decessor
2631 711 2826 766 Leucae
2851 711 3040 766 bonus
3073 716 3273 782 pastor
3303 711 3468 784 virgi-

1818 796 1943 852 neis
1970 797 2236 865 catervis,
2273 797 2487 868 quibus
2517 799 2708 853 locum
2743 799 2939 854 studio
2963 817 3069 855 suo
3102 800 3173 854 ad
3208 816 3465 872 unguem

1819 887 2166 957 productum
2184 887 2519 958 repleverat.
2541 905 2833 959 quemque
2848 906 2954 943 suo
2987 889 3056 943 de
3072 889 3309 944 nomine
3325 907 3471 944 nun-

1818 979 2099 1047 cupatum
2132 975 2199 1030 iri
2233 982 2559 1045 censuerat,
2614 993 2862 1047 praeesse
2910 976 3090 1031 voluit
3138 977 3351 1032 Christi
3383 977 3466 1032 fa-

1820 1063 2043 1118 mulam
2074 1064 2464 1136 Tietbergam,
2514 1083 2691 1136 quam
2725 1069 2858 1120 ante
2905 1065 3237 1136 pontiﬁcale
3288 1067 3466 1120 decus

1820 1156 2156 1222 susceperat
2177 1169 2245 1207 ex
2269 1153 2462 1207 debito
2481 1153 2735 1225 conjugii
2766 1153 2992 1222 ﬁliam]
3025 1155 3180 1209 Inter
3204 1155 3312 1210 hos
3331 1171 3467 1226 ergo

1820 1239 2038 1295 athleta
2067 1239 2277 1294 Christi
2303 1241 2656 1313 Hildulphus
2689 1242 2946 1313 praedicti
2979 1241 3084 1297 viri
3119 1243 3297 1298 Jacob
3330 1260 3467 1298 con-

1821 1327 1980 1384 sultu
2006 1327 2466 1384 adminiculante
2500 1329 2695 1385 locum
2728 1331 3108 1386 habitationis
3129 1331 3322 1403 elegit.

2437 1418 2667 1472 CAPUT
2709 1419 2852 1475 VIII.

1891 1506 2616 1562 Medianum-Menasterium
2673 1507 2876 1562 condit.
2910 1538 2977 1546 —
3028 1507 3332 1578 Enimvero
3383 1511 3473 1563 est

1820 1595 2062 1651 locusin
2093 1595 2322 1667 Vosego
2382 1595 2683 1650 montibus
2733 1596 2991 1667 undique
3040 1600 3261 1666 septus,
3296 1612 3471 1666 quem

1823 1684 2033 1740 fluvius
2047 1684 2287 1754 quidam
2301 1684 2375 1739 ob
2393 1683 2649 1740 validum
2663 1700 2926 1750 cursum,
2961 1683 3196 1739 Rabado
3211 1683 3472 1752 nomine,

75 1773 272 1840 labant,
305 1771 620 1844 disruptis,
653 1771 1128 1843 Nicomadum(8)
1149 1771 1257 1827 sibi
1289 1789 1710 1839 successorem,
1744 1810 1792 1874 B
1824 1773 2156 1846 praeterﬂuit
2193 1774 2324 1842 (11),
2367 1790 2545 1844 super
2575 1790 2750 1844 quem
2783 1773 2892 1843 [vir
2938 1778 3198 1840 sanctus]
3248 1774 3471 1844 Spiritu

73 1861 258 1917 ovibus
287 1876 423 1916 vero
455 1858 585 1916 suis
603 1858 920 1932 designans
939 1865 1256 1932 pastorem,
1291 1865 1423 1932 post
1441 1860 1711 1916 ultimum
1745 1858 1792 1874 ”
1823 1865 2026 1917 sancto
2058 1861 2601 1917 dictanteecclesias
2620 1861 3169 1933 fundavit,primam
3200 1861 3473 1916 videlicet

75 1947 201 2014 vale,
231 1949 530 2013 animum,
557 1947 759 2003 oculos
791 1964 855 2003 ac
878 1949 1053 2020 pedes
1077 1954 1310 2020 accepto
1341 1948 1533 2003 itineri
1553 1949 1716 2004 resti-
1825 1949 2058 2006 nomine
2115 1955 2292 2004 beaten
2343 1950 2440 2006 Dei
2501 1949 2800 2022 genitricis
2833 1955 2890 2004 et
2940 1967 3172 2020 semper
3225 1950 3472 2022 virginis

77 2035 192 2100 tuit,
225 2040 456 2092 tantum
476 2035 740 2092 elevatus
758 2036 1022 2102 scientia,
1049 2041 1390 2109 assumptus
1422 2037 1717 2104 vita,indi-
1827 2039 2040 2102 Marize,
2075 2055 2251 2109 quam
2278 2045 2333 2094 et
2373 2045 2486 2103 [vm
2524 2039 2648 2093 Kal.
2684 2039 2896 2108 Martii]
2949 2039 3258 2105 dedicavit,
3313 2056 3472 2094 eam-

76 2123 331 2196 gnatione
362 2124 612 2196 spiritus
643 2125 733 2180 sui
766 2141 1004 2180 amarus
1058 2125 1280 2193 abiens,
1337 2142 1561 2197 pennas
1605 2125 1715 2181 sibi
1825 2144 1939 2199 que
1961 2127 3065 2198 Medianum-Monasteriumappellavit
3090 2145 3102 2193 ;
3127 2127 3302 2182 aliam
3333 2144 3467 2182 vero

77 2213 185 2268 dari
211 2213 502 2268 columbae
532 2214 938 2284 gemebundus
989 2209 1311 2285 expetebat,
1360 2215 1575 2285 quibus
1619 2231 1715 2269 vo-
1826 2232 1894 2270 ex
1925 2215 2160 2269 nomine
2198 2215 2347 2270 beati
2381 2214 2534 2270 Petri
2577 2214 2858 2286 principis
2889 2215 3154 2269 omnium
3187 2213 3476 2285 apostolo-

79 2301 680 2374 lando-requiesceret,
707 2305 764 2356 et
793 2302 1009 2373 quibus
1041 2302 1366 2375 elongando
1399 2302 1628 2374 fugiens
1660 2303 1717 2357 in
1829 2320 1958 2357 rum
1993 2303 2212 2357 honore
2245 2304 2383 2372 [xvu
2414 2302 2537 2358 Kal.
2571 2303 2933 2371 Novembris]
2965 2303 3341 2358 consecravit.
3370 2302 3475 2358 His

79 2390 443 2446 solitudinem
473 2395 736 2446 maneret
765 2391 937 2460 (Psal.
975 2409 1080 2459 LIV,
1114 2393 1168 2457 7,
1201 2392 1276 2463 8).
1330 2392 1718 2456 Quemadmo-
1829 2392 1909 2446 ita
1939 2391 2198 2457 statutis,
2259 2395 2372 2445 Deo
2429 2390 2660 2462 sibique
2713 2390 2900 2446 vivere
2955 2391 3168 2462 coepit;
3223 2406 3478 2460 cumque

78 2478 206 2534 dum
236 2479 392 2535 enim
431 2484 542 2535 Deo
573 2479 789 2550 dignus
821 2497 972 2552 papa
1025 2481 1339 2551 Gregorius
1390 2481 1506 2535 ait:
1543 2479 1721 2536 Dulce
1830 2479 2184 2552 praeconium
2237 2484 2449 2534 sanctae
2491 2478 2747 2534 nominis
2777 2479 2906 2549 ejus
2958 2479 3112 2534 fama
3156 2478 3477 2534 multorum

75 2575 152 2623 est
177 2585 305 2624 esse
336 2567 396 2623 in
431 2568 606 2623 rebus
636 2567 932 2635 humanis,
950 2569 1050 2624 sed
1085 2569 1340 2624 eiadhue
1370 2570 1468 2641 qui
1502 2570 1572 2624 de
1602 2586 1720 2624 cm-
1829 2569 1999 2640 longe
2029 2568 2259 2640 lateque
2290 2569 2560 2635 deferret,
2587 2567 2695 2622 viri
2727 2572 2992 2639 potentes
3032 2571 3088 2622 et
3137 2566 3369 2622 nobiles
3397 2567 3481 2623 vi-

75 2654 307 2712 lestibus
333 2657 554 2729 gaudia
567 2656 726 2711 nulla
742 2659 996 2730 gustavit
1018 2676 1029 2723 ;
1052 2663 1109 2712 at
1142 2657 1190 2712 si
1223 2658 1355 2729 quis
1377 2660 1502 2729 jam
1529 2657 1721 2713 cordis
1830 2656 2324 2728 sitationisgratia
2341 2658 2411 2712 ad
2428 2674 2559 2712 eum
2583 2655 2795 2728 saepius
2827 2656 3485 2726 conﬂuebant,cumque

73 2761 158 2799 ore
188 2746 516 2817 gustaverit
544 2761 671 2816 que:
704 2746 781 2801 sit
810 2745 908 2800 illa
939 2745 1187 2802 dulcedo
1217 2745 1542 2801 cmlestium
1575 2762 1719 2817 prae-
1830 2763 1860 2801 e
1891 2746 2134 2801 diversis
2168 2745 2431 2818 partibus
2461 2745 2631 2800 multi
2665 2749 3055 2811 accurrerent,
3091 2743 3375 2814 aliquanti
3408 2743 3480 2798 ad

72 2833 338 2901 miorum,
373 2832 514 2887 huic
546 2838 763 2903 quanto
794 2834 938 2888 illud
961 2834 1130 2889 dulce
1162 2835 1239 2889 sit
1271 2835 1426 2906 quod
1457 2835 1617 2889 intus
1635 2835 1718 2888 vi—
1829 2834 1956 2889 vitae
1987 2833 2096 2888 iter
2124 2833 2350 2889 accensi
2374 2850 2509 2888 cum
2540 2832 2660 2888 viro
2683 2833 2776 2888 Dei
2811 2848 3046 2887 manere
3077 2832 3475 2886 decreverunt:

77 2922 182 2986 det,
215 2925 390 2976 tanto
419 2920 477 2972 in
496 2921 921 2976 amaritudines
940 2925 1243 2977 vertuntur
1273 2928 1562 2994 quotquot
1584 2922 1722 2979 foris
1831 2923 1993 2988 Quod
2027 2939 2160 2978 cum
2195 2922 2281 2977 vir
2311 2922 2425 2977 Deo
2458 2922 2664 2993 plenus
2685 2921 2925 2985 videret,
2963 2937 2996 2975 a
3026 2920 3339 2975 Dominoid
3357 2917 3480 2974 ﬁeri

74 3010 347 3064 sustinet.
385 3006 630 3061 Rixatur
660 3024 854 3064 secum
878 3010 948 3064 de
969 3011 1370 3066 rememoratis
1401 3011 1721 3082 iniquitati-

75 3099 196 3164 bus,
233 3095 693 3168 reprehenditse
723 3097 1278 3167 decogitationibus,
1313 3099 1726 3170 insequiturde

1833 3011 2148 3066 arbritatus
2181 3017 2290 3076 est;
2316 3016 2392 3077 et,
2427 3010 2705 3080 quoniam
2737 3009 2861 3080 ipse
2879 3009 3018 3064 olim
3053 3009 3352 3079 professus
3371 3023 3491 3064 mo-

1840 3099 2092 3154 nachum
2127 3100 2334 3164 fuerat,
2368 3097 2762 3153 habitationes
2794 3096 3101 3152 monachis
3133 3096 3306 3152 utiles
3329 3096 3498 3166 caepit

75 3187 281 3250 verbis,
316 3188 376 3239 et
409 3183 578 3255 punit
611 3185 800 3240 ﬂendo
859 3185 931 3240 de
965 3185 1151 3240 factis.
1214 3187 1414 3258 Itaque
1474 3187 1584 3242 nisi
1619 3187 1728 3242 hoc
1757 3171 1800 3237 Ο
1839 3186 2147 3242 aediﬁcare.
2185 3187 2243 3241 ld
2278 3202 2409 3241 vero
2434 3186 2686 3256 populus
2717 3202 2851 3240 cum
2883 3184 3287 3255 comperisset,
3321 3185 3490 3238 devo-

79 3276 240 3330 modo
270 3272 533 3346 Spiritus
555 3277 791 3328 sanctus
816 3278 1069 3327 mentem
1090 3273 1196 3328 viri
1227 3275 1405 3344 hujus
1433 3275 1491 3330 in
1523 3275 1730 3330 amari-

78 3363 336 3418 tudinem
370 3361 783 3431 temporalium
817 3366 874 3417 et
905 3361 1347 3417 delectationem
1382 3369 1730 3419 aeternorum

81 3449 736 3515 commovisset,terram
751 3449 1043 3505 desertam
1059 3456 1117 3505 et
1147 3449 1365 3505 inviam
1397 3455 1559 3506 tanto
1585 3456 1729 3507 aestu

79 3539 260 3594 cordis
292 3554 411 3592 non
444 3538 773 3608 quaesisset.

711 3626 943 3681 CAPUT
982 3626 1102 3681 νη.

148 3717 380 3771 Favenle
413 3715 650 3769 Tullensi
697 3718 943 3787 episcopo
998 3717 1058 3769 in
1095 3717 1357 3786 Vosagum
1409 3715 1627 3771 secedit.
1663 3747 1728 3755 —

83 3802 180 3858 Per
208 3803 354 3858 illud
390 3807 622 3874 tempus
654 3803 834 3858 Jacob
865 3805 942 3875 (9)
972 3804 1060 3858 vir
1089 3805 1526 3859 conversatione
1559 3805 1730 3859 mori-

83 3891 300 3964 busque
330 3890 699 3946 admirabilis
730 3892 980 3947 Lcucam
1022 3893 1261 3964 regebat
1305 3892 1728 3964 [ecclesiarum]

89 3981 303 4046 urbem,
337 3979 438 4051 qui
471 3981 627 4050 [cum
660 3997 763 4051 pro
795 3982 885 4036 sui
918 3980 1226 4036 sanctitate
1250 3981 1306 4035 in
1340 3998 1440 4037 ora
1463 3981 1725 4036 omnium

85 4069 368 4136 penderet,
385 4067 621 4139 regibus
637 4070 1238 4141 quoque]:stupendus
1268 4074 1409 4125 erat.
1443 4071 1526 4125 Ad
1553 4087 1727 4142 quem

88 4171 210 4210 cum
240 4157 327 4210 vir
358 4156 458 4211 Dei
492 4155 848 4229 Hildulphus
879 4158 1148 4222 venisset,
1183 4164 1247 4213 ut
1277 4158 1559 4214 charitate
1608 4177 1728 4215 me-

87 4242 271 4300 diante
303 4249 591 4299 secretum
628 4244 708 4298 illi
745 4246 1071 4316 provideret
1101 4245 1292 4301 locum
1338 4245 1731 4303 libentissime

85 4331 468 4388 collaboravit.
502 4333 559 4387 Si
592 4334 829 4404 quidem
865 4352 899 4390 a
932 4335 1354 4406 praedecessore
1385 4336 1514 4406 ejus
1547 4352 1731 4406 quon-

89 4418 213 4475 dam
263 4420 559 4492 pontiﬁce,
611 4421 888 4478 Girbaldo
935 4424 1046 4491 (10)
1093 4421 1350 4490 nomine,
1403 4422 1522 4478 viro
1569 4441 1732 4496 aeque

93 4509 476 4577 sanctissimo,
513 4510 803 4566 Deodatus
835 4511 922 4566 vir
951 4528 1196 4568 summae
1230 4511 1560 4567 sanctitatis
1591 4512 1728 4568 olim

87 4595 445 4654 Nivernsnsis
475 4599 786 4670 cpiscopus
835 4600 1184 4654 renuntiatis
1217 4599 1454 4670 saeculo,
1486 4600 1543 4654 in
1579 4600 1733 4655 saltu

90 4682 287 4758 Vosagi
319 4685 512 4742 locum
537 4687 890 4754 obtinuerat,
924 4687 1022 4743 ubi
1042 4687 1733 4745 sanctissimeconversa-

89 4775 176 4827 tus
206 4774 356 4846 [est],
374 4776 728 4831 monasteria
741 4775 963 4846 statuit,
984 4781 1157 4848 atque
1171 4781 1303 4847 post
1331 4776 1621 4832 diutinam
1641 4777 1724 4833 in-

90 4858 290 4918 Christi
319 4880 503 4935 agone
535 4863 808 4920 militiam
843 4865 971 4920 vitae
1003 4871 1276 4920 senatum
1308 4864 1614 4921 laureatus
1637 4865 1722 4920 in-

93 4950 272 5004 travit.
307 4951 368 5006 In
401 4968 518 5023 quo
551 4953 726 5007 etiam
760 4952 913 5009 saltu
944 4953 1200 5008 virorum
1252 4959 1587 5009 sanctorum
1619 4954 1728 5009 cel-

96 5034 216 5094 lula:
247 5039 492 5095 inerant.
526 5041 1253 5115 [DeniqueSanctivagium
1278 5044 1404 5114 jam
1437 5047 1577 5097 tunc
1608 5047 1730 5099 erat

97 5126 371 5195 spirituali
403 5129 820 5184 monachorum
855 5129 1128 5185 exercitio
1160 5130 1519 5186 institutum.
1554 5132 1730 5187 Porro

98 5213 336 5271 domnus
369 5216 821 5274 Gundelbertusi
870 5218 1009 5274 olim
1061 5224 1354 5274 Senonum
1405 5219 1731 5290 praeclaris-

262 5357 658 5442 I‘n‘re‘centieri
692 5375 800 5442 ms.
835 5359 946 5442 leg.
988 5360 1354 5442 ἰνιξοτηαιίιᾳηἶ
1428 5432 1438 5442 ι

163 5425 236 5506 ς9)
262 5427 508 5513 Fallitpr
533 5429 627 5485 hic
648 5425 929 5513 auctor
962 5432 1318 5513 assignando
1339 5425 1607 5504 ‘episcOpi
1639 5450 1738 5489 no-

104 5498 268 5583 mine,
301 5498 402 5583 qui
431 5498 602 5583 longe
633 5506 764 5583 post
792 5498 1116 5583 Hinldull‘urfi
1150 5503 1308 5559 vixit.

165 5567 272 5638 (10)
302 5567 366 5625 In
397 5575 511 5627 vet.
533 5567 656 5629 ‘ms'.
690 5573 800 5646 leg.
837 5572 1149 5630 Garibatdo.

1840 3276 1996 3331 tione
2045 3290 2332 3338 crescens,
2368 3273 2502 3344 plus
2559 3271 2732 3328 solito
2783 3272 3151 3338 conﬂuebat;
3219 3288 3357 3326 nam
3390 3288 3492 3342 per

1839 3363 2046 3417 merita
2075 3360 2176 3416 viri
2213 3360 2398 3416 sancti
2432 3360 2662 3431 sibique
2693 3360 3114 3430 subjectorum,
3148 3359 3280 3414 caeci
3313 3359 3393 3414 ibi
3417 3359 3486 3413 il-

1839 3451 2304 3514 luminabantur,
2376 3449 2566 3504 claudi
2627 3447 3126 3513 eonvalescebant,
3188 3448 3487 3504 daemones

1839 3539 2215 3610 fugabantur.
2279 3537 2438 3593 Unde
2473 3537 2677 3592 turbas
2735 3535 3154 3592 confluentium
3212 3536 3308 3590 vix
3338 3536 3487 3590 ferre

1837 3628 2232 3691 valens,ext_ra
2245 3626 2503 3682 claustra
2531 3625 2838 3680 ecclesiam
2855 3625 2914 3680 S.
2935 3625 3181 3680 Joannis
3214 3625 3486 3696 Baptistae

1839 3715 2136 3770 aediﬁcans
2167 3714 2472 3780 dedicavit,
2508 3718 2683 3785 atque
2705 3714 2931 3779 domos,
2965 3713 3024 3767 in
3051 3712 3268 3784 quibus
3290 3729 3489 3784 super-

1837 3804 2136 3860 venientes
2170 3804 2586 3875 reciperentur,
2620 3802 2896 3857 instituit.

2479 3890 2712 3946 CAPUT
2755 3891 2840 3945 IX.

1912 3982 2259 4051 Congregutz‘s
2316 3981 2608 4052 discipulis
2662 3979 2918 4034 abbatem
2959 3980 3204 4050 prafecit
3261 3979 3488 4034 Leubal-

1836 4071 1990 4125 dum.
2023 4101 2090 4109 ——
2121 4075 2374 4123 Cernens
2404 4067 2625 4123 interea
2680 4067 2768 4121 vir
2815 4065 3004 4122 ﬁdelis
3035 4066 3262 4121 Domini
3289 4082 3490 4122 servus

1838 4158 2252 4229 hujuscemodi
2288 4157 2625 4212 solitudinis
2660 4160 2883 4227 partem
2917 4172 3032 4210 non
3066 4155 3374 4210 minimam
3398 4155 3493 4209 ad-

1838 4252 2046 4303 ventus
2079 4245 2168 4302 sui
2202 4245 2505 4301 occasione
2537 4243 2819 4316 paulatim
2872 4241 3186 4312 excultam,
3218 4259 3285 4296 ac
3334 4241 3494 4296 velut

1841 4335 2085 4392 novellis
2117 4334 2402 4390 olivarum
2420 4331 2826 4404 spiritualibus
2848 4330 2988 4385 ﬁliis
3021 4329 3078 4383 in
3111 4328 3360 4384 circuitu
3383 4345 3491 4384 suo

1839 4424 2128 4491 vestitam,
2163 4421 2360 4477 anima
2391 4422 2519 4492 ejus
2565 4437 2742 4492 super
2789 4419 3020 4475 Domini
3067 4416 3349 4474 salutaris
3398 4416 3492 4472 sui

1769 4533 1812 4598 Ι)
1847 4509 2781 4598 praesentiadelectationemconci
2793 4508 2987 4580 piebat
3000 4505 3494 4598 maximamgum

1789 4592 1803 4606 ⁷
1844 4617 1980 4655 vero
2009 4600 2232 4654 dudum
2267 4599 2496 4653 deserta
2524 4602 2582 4652 et
2611 4596 2842 4668 impexa
2870 4611 3101 4651 eremus
3131 4594 3308 4649 aleret
3336 4592 3497 4649 Chri-

1845 4689 1920 4745 sti
1952 4703 2237 4760 pauperes
2270 4685 2638 4757 singulorum
2670 4701 2957 4738 annorum
3001 4681 3400 4756 proventibus,
3424 4698 3498 4737 ne

1845 4779 2159 4833 deﬁcerent
2190 4774 2249 4828 in
2282 4773 2372 4828 via
2403 4772 2598 4828 saeculi
2628 4772 2822 4838 istius,
2850 4770 3208 4841 etiamjuxta
3238 4769 3498 4824 litteram

1841 4863 2119 4936 compleri
2155 4861 2445 4934 gaudebat
2471 4860 2624 4931 quod
2650 4858 2786 4914 olim
2841 4857 3128 4930 propheta
3176 4858 3247 4912 de
3281 4857 3500 4912 veteris

1837 4953 1981 5026 legis
2016 4950 2310 5022 mysteriis
2340 4955 2396 5004 et
2425 4948 2555 5002 novi
2611 4947 2812 5020 populi
2872 4945 3182 5002 refectione
3227 4945 3502 5016 pradixe-

1838 5047 1954 5098 rat.
1989 5041 2230 5096 Deserta
2264 5038 2323 5092 in
2357 5037 2684 5092 ubertatem
2717 5053 2883 5092 versa
2913 5036 3145 5091 advenae
3168 5034 3498 5096 comedent,

1841 5132 2114 5201 frequens
2148 5143 2380 5199 quoque
2403 5123 2612 5196 vulgus
2640 5124 2904 5180 ﬁdelium
2937 5122 3142 5179 scdulo
3172 5121 3364 5174 virum
3397 5117 3500 5174 Dei

1843 5219 2198 5274 invisentum
2225 5229 2539 5270 numerosa
2556 5216 2960 5269 construxerat
2983 5207 3320 5267 habitacula
3346 5207 3502 5262 circa

1915 5361 2026 5430 (11)
2078 5357 2268 5427 Hujus
2317 5353 2526 5430 capitis
2574 5353 2812 5430 initium
2845 5353 2928 5407 ita
2957 5350 3097 5430 legit
3129 5348 3308 5430 codex
3348 5344 3499 5430 anti-

1846 5419 2042 5503 qu‘ior':
2079 5419 2250 5503 Quén}
2278 5419 2528 5503 videlicet
2585 5427 2763 5503 locum
2792 5419 3091 5503 frientur—us
3140 5419 3379 5503 undiqu
3409 5429 3528 5503 se:

1840 5483 1994 5575 item
2033 5483 2307 5575 lﬂiwiol-us
2337 5495 2588 5575 ﬂuidam
2617 5496 2681 5549 ob
2716 5495 2960 5549 validum
3001 5505 3243 5556 cursum,
3289 5483 3503 5559 Τίτιρὶἁο

1846 5569 2086 5639 nomine,
2115 5569 2464 5641 prater/luit.
