3894 6214
335 373 452 440 895

1070 378 1258 442 ΒΕΘ.
1302 378 1378 440 ΧΙ
1422 377 1650 444 AUGT.
1698 373 1990 442 INCER'I‘?

2167 377 2240 440 NI
2284 380 2386 441 ET
2431 380 2729 443 SCRIPT.
2780 387 3002 439 ’Aasnn.

3619 377 3743 442 398

337 512 515 570 cellas
572 516 909 569 sanctorum
970 520 1204 586 propter
1257 514 1611 570 vicinitatem
1661 531 1862 570 eorum
1893 513 1980 569 vel
2008 513 2064 579 Α
2094 515 2363 586 praeconii
2393 516 2522 586 ejus
2551 515 2998 589 circumpositas
3017 499 3201 571 terras
3234 509 3627 582 transvolans,
3658 529 3747 570 re-

334 601 700 658 habilitatem
731 601 1011 658 locorum.
1047 603 1156 658 Sed
1191 603 1274 657 vir
1305 603 1402 657 Dei
1435 602 1710 674 quoniam
1735 603 1857 672 jam
1878 618 1980 674 gu-

335 694 521 748 starat
551 694 607 747 et
635 692 861 747 viderat
882 708 1115 747 suavem
1137 709 1265 747 esse
1296 691 1724 755 Dominum,nil
1747 690 1979 745 dulcius

2091 603 2364 660 motiores
2395 621 2628 676 quoque
2663 609 3062 676 penetraverat
3090 623 3103 673 ;
3138 620 3391 676 cumque
3421 618 3452 658 e
3494 603 3746 660 diversis

2089 692 2356 764 partibus
2387 693 2552 747 multi
2587 693 2658 748 ad
2708 693 2895 748 virum
2949 693 3047 748 Dei
3104 692 3386 758 venirent,
3433 691 3739 748 Erhardus

336 780 609 849 habebat,
643 797 822 852 quam
869 797 1069 836 vacare
1101 785 1158 835 et
1213 781 1408 835 videre
1455 779 1823 834 ineti'abilitcr
1854 795 1981 834 esse
2086 779 2205 835 vita
2234 781 2408 836 etiam
2443 782 2875 849 sanctissimus,
2909 799 3081 838 carne
3129 781 3367 854 quidem
3418 782 3589 837 beato
3618 781 3745 837 Hile

339 869 510 925 Dei...
543 869 838 942 pracellit.
869 870 1212 925 Nostrorum
1247 869 1444 939 itaque
1493 870 1854 923 accrescente
1901 867 1981 922 ibi

344 975 589 1014 numero
621 959 887 1025 fratrum,
921 961 1158 1012 sanctus
1208 957 1325 1022 ille,
1359 961 1422 1010 ut
1452 973 1681 1028 semper
1728 957 1980 1011 circum-

345 1050 598 1119 spectus;
632 1051 828 1102 custos
860 1045 951 1102 sui
984 1049 1252 1101 metuens
1280 1050 1424 1112 erat,
1465 1062 1607 1101 cura
1653 1062 1852 1101 eorum
1884 1050 1986 1101 aut

345 1136 673 1208 frequentia
730 1134 1094 1193 szscularium
1127 1152 1162 1190 a
1191 1135 1403 1190 dilecta
1451 1134 1648 1206 quiete
1697 1151 1814 1190 suae
1847 1150 1982 1189 con-

343 1223 740 1295 templationis
773 1241 1006 1296 quoquo
1047 1225 1218 1280 modo
1249 1222 1460 1289 divelli,
1495 1227 1850 1295 quapropter
1877 1223 1985 1277 do-

346 1329 552 1368 mnum
583 1312 940 1369 Leubaldum
959 1312 1348 1368 venerabilem
1378 1313 1570 1366 virum
1590 1312 1859 1367 abbatem
1887 1313 1984 1366 de-

345 1401 615 1474 signavit,
649 1418 826 1473 quem
885 1401 1218 1456 divinarum
1259 1405 1314 1455 et
1362 1401 1757 1455 humanarum
1791 1417 1985 1456 rerum

345 1489 556 1546 notitia
582 1489 741 1546 haud
773 1506 951 1562 parva
983 1489 1296 1561 praeditum
1344 1487 1646 1556 intellexit,
1695 1497 1986 1560 quatenus

347 1579 624 1634 fratribus
655 1577 930 1650 pastorali
975 1576 1274 1650 vigilantia
1322 1582 1615 1648 praeesset,
1667 1579 1986 1633 adventan-

345 1667 495 1723 tium
535 1682 663 1723 sese
693 1665 939 1738 negotiis
998 1666 1360 1738 impertiret;
1396 1666 1495 1738 qui
1545 1683 1837 1738 quamque
1896 1668 1989 1722 de-

344 1760 494 1825 vote,
528 1771 823 1828 quamque
854 1758 1088 1810 strenue
1120 1755 1176 1809 id
1209 1753 1380 1810 officii
1414 1754 1858 1821 administrarit,
1881 1772 1988 1809 au-

348 1845 588 1900 ctoritas
620 1844 1012 1916 promoventis
1043 1842 1297 1898 credulis
1337 1843 1631 1898 mentibus
1681 1844 1986 1909 satisfacit,

350 1931 630 2006 quoniam
662 1935 900 1988 sanctus
928 1932 1173 1988 antistes
1203 1932 1359 1987 hunc
1392 1949 1768 2003 nequaquam
1814 1937 1989 1987 tanta:

349 2026 588 2078 catervae
611 2021 1030 2078 monachorum
1050 2025 1432 2093 promoveret,
1455 2020 1564 2075 nisi
1599 2038 1736 2093 prae,
1767 2021 1991 2076 cei-teris

351 2112 424 2166 ad
454 2111 562 2167 hoc
591 2111 836 2184 dignum
861 2110 1208 2182 judicasset.

1003 2199 1233 2255 CAPUT
1271 2199 1330 2253 Χ.

417 2287 722 2362 Spinulum
746 2291 1012 2346 Joannem
1065 2291 1114 2342 et
1142 2289 1448 2355 Benignum
1501 2289 1645 2342 viros
1689 2289 1809 2358 pios
1847 2289 1990 2342 rcci-

342 2380 521 2453 pit.—
543 2379 614 2434 At
643 2393 775 2432 vero
805 2393 938 2432 cum
967 2392 1168 2432 rumor
1198 2376 1444 2431 fratrum
1499 2376 1576 2430 ibi
1609 2381 1986 2444 accresceret,

347 2468 500 2524 inter
527 2466 785 2539 reliquos
813 2465 941 2520 vitae
961 2463 1209 2521 caelestis
1226 2468 1516 2520 amatores
1546 2468 1665 2520 tres
1683 2470 1987 2530 venerunt,

349 2573 600 2630 quorum
631 2553 1190 2628 primusSpinulus;
1218 2553 1427 2624 reliqui
1450 2570 1581 2608 vero
1612 2554 1712 2624 qui
1745 2571 1917 2609 carne
1936 2558 1993 2609 et

349 2645 563 2718 spiritu
594 2642 856 2717 germani
869 2641 1219 2714 erant,prior
1231 2642 1506 2708 Joannes,
1528 2641 1673 2696 alter
1696 2643 1989 2715 Benignus

349 2733 539 2790 vocati
570 2735 729 2801 sunt,
765 2730 884 2801 [qui
915 2746 982 2784 ex
1010 2728 1270 2784 cmnobio
1301 2728 1624 2784 beatissimi
1664 2729 1988 2795 Maximini,

351 2822 508 2894 quod
536 2820 847 2892 praedictus
874 2822 1039 2873 Pater
1077 2817 1435 2883 fundaverat,
1489 2816 1792 2872 advenisse
1846 2818 1987 2873 refe-

348 2915 581 2978 runtur,
615 2910 1053 2978 statuerentque
1067 2921 1241 2978 penes
1258 2905 1444 2961 virum
1459 2905 1556 2961 Dei
1591 2907 1818 2977 degere,
1833 2908 1988 2978 quod

348 3001 478 3072 ejus
507 2996 938 3055 conversatione
969 2999 1026 3051 et
1055 2995 1337 3050 charitate
1364 2993 1613 3049 nimium
1641 2994 1991 3051 delectaren-

345 3093 461 3145 tur.
495 3088 713 3144 Horum
736 3103 868 3142 vero
892 3083 1176 3140 miracula
1205 3084 1262 3138 in
1281 3083 1775 3154 subsequentibus
1796 3083 1990 3140 multi-

349 3175 600 3250 plicibus
620 3175 887 3248 quaedam
914 3172 1380 3246 explanabimus,
1405 3175 1471 3226 ut
1501 3173 1702 3243 quanti
1736 3173 1853 3228 sint
1874 3190 1990 3228 me-

349 3262 445 3319 riti
476 3263 630 3335 apud
661 3263 847 3318 Deum
877 3262 981 3317 fiat
1010 3260 1140 3316 luce
1169 3259 1408 3330 clarius]
1439 3261 1622 3330 [nam]
1652 3277 1686 3315 a
1713 3261 1835 3316 viro
1887 3261 1988 3317 Dei

349 3352 598 3426 benigne
626 3350 906 3424 suscepti,
934 3353 1174 3423 paterne
1204 3348 1499 3418 instructi,
1532 3348 1761 3420 ipsique
1792 3349 1994 3404 devote

350 3441 857 3509 conversantes,ad
870 3440 1023 3494 viam
1035 3438 1164 3494 vitae
1183 3437 1618 3505 anhelabant,et
1651 3453 1992 3509 quanquam

352 3530 617 3588 omnium
643 3529 924 3585 virtutum
983 3527 1232 3600 negotiis
1273 3543 1334 3582 se
1364 3525 1620 3581 vicissim
1670 3526 1991 3597 praecedere

351 3618 586 3691 vellent,
619 3617 952 3674 humilitate
982 3620 1179 3671 tamen
1213 3619 1271 3670 et
1302 3615 1635 3670 obedientia
1677 3631 1738 3670 se
1769 3615 1990 3669 alteru-

349 3713 505 3765 trum
537 3709 766 3764 vincere
795 3705 1170 3762 festinabant.
1227 3703 1474 3758 Assidue
1507 3703 1564 3757 in
1609 3719 1706 3758 ore
1754 3701 1988 3758 illorum

345 3797 633 3864 Christus,
651 3794 874 3867 jugiter
902 3793 1029 3848 vitae
1051 3797 1274 3848 aeternae
1302 3793 1583 3864 praeconia
1614 3793 1986 3859 resonabant,

342 3889 523 3958 utque
539 3883 858 3940 monachos
871 3883 1053 3948 decet,
1079 3884 1251 3953 juxta
1267 3885 1620 3954 praaceptum
1653 3881 1840 3935 Patris
1865 3898 1988 3935 om-

334 3974 434 4030 nia
463 3971 809 4030 exercebant
829 3971 1075 4042 [absque
1093 3969 1601 4042 pusillanimitate,
1637 3985 1877 4023 rancore
1902 3968 1987 4023 vel

335 4058 751 4128 amaritudine,
783 4059 1034 4132 subjecti
1067 4059 1125 4114 in
1178 4059 1385 4114 timore
1417 4063 1474 4112 et
1519 4073 1718 4112 amore
1748 4056 1984 4126 Christi,

331 4147 578 4224 jejuniis
598 4152 657 4205 et
684 4147 898 4222 vigiliis
945 4152 1132 4204 semet
1181 4150 1568 4213 macerantes,
1620 4143 1986 4200 orationibus

341 4237 595 4306 contriti,
627 4237 1064 4310 humilitathue
1095 4237 1287 4293 cordis
1326 4235 1616 4290 indefesse
1673 4235 1983 4299 instantes,

341 4326 639 4386 malebant
655 4326 938 4400 quidquid
953 4343 1206 4400 usquam
1223 4329 1465 4397 putatur
1481 4322 1842 4378 intolerabile
1864 4339 1988 4393 per-

341 4417 490 4473 ferre
522 4433 699 4489 quam
732 4415 1028 4472 Christum
1059 4416 1119 4470 in
1152 4414 1346 4485 aliquo
1377 4412 1715 4481 offendere]
1748 4411 1817 4465 Et
1847 4428 1986 4482 quo-

341 4505 502 4564 niam
532 4505 750 4562 invidia
778 4504 993 4562 diaboli
1026 4521 1185 4560 mors
1238 4500 1494 4557 introivit
1523 4499 1584 4554 in
1634 4499 1835 4555 orbem
1868 4505 1981 4555 ter-

340 4611 542 4652 rarum
573 4595 722 4668 (Sap.
754 4612 818 4664 ιι,
848 4596 960 4664 24),
994 4595 1184 4651 sciens
1216 4591 1318 4647 Dei
1343 4589 1587 4679 athleta
1628 4587 1985 4679 Hildulphus
2017 4614 2064 4679 D

341 4699 404 4740 se
431 4700 690 4756 suosque
747 4684 1096 4756 quandoque
1141 4681 1274 4736 Adae
1323 4677 1585 4734 debitum
1629 4678 1984 4747 reddituros,

2090 870 2310 941 dulpho
2341 887 2678 943 germanus,
2711 873 2914 927 ordine
2942 887 3076 926 vero
3099 870 3478 943 coepiscopus
3503 871 3745 926 nomine

2091 959 2271 1030 hujus
2302 960 2541 1030 [ascitus
2573 961 2707 1033 (12)]
2743 960 3017 1016 accurrit.
3051 960 3159 1015 Diu
3192 959 3389 1031 itaque
3420 959 3743 1031 quaesitum

2092 1064 2223 1103 cum
2259 1049 2594 1118 invenisset,
2628 1050 2813 1105 labori
2842 1051 2971 1122 ejus
3016 1046 3454 1121 congratulans,
3506 1048 3741 1119 inquit:

2094 1138 2254 1205 Ecce,
2290 1137 2486 1206 frater,
2517 1139 2870 1195 desiderium
2897 1139 3088 1194 cordis
3110 1137 3194 1192 tui
3207 1136 3416 1192 tribuit
3435 1137 3542 1191 tibi
3561 1137 3742 1203 Deus,

2093 1230 2150 1280 et
2201 1226 2494 1283 voluntate
2551 1232 2653 1282 tua
2716 1246 2830 1283 non
2876 1231 2931 1283 te
2986 1227 3275 1282 fraudavit
3305 1227 3478 1295 (Psal.
3535 1243 3629 1294 xx,
3665 1227 3742 1295 3).

2094 1317 2274 1379 Quem
2307 1315 2458 1370 enim
2494 1315 2592 1371 diu
2627 1316 3158 1388 concupistilocum
3183 1318 3295 1370 tum
3314 1315 3744 1370 conversationi

2095 1403 2349 1460 habilem
2385 1405 2674 1461 invenisti.
2723 1407 2807 1461 Tu
2851 1423 2987 1477 ergo
3019 1409 3110 1460 sta
3156 1403 3399 1459 viriliter
3428 1403 3484 1458 in
3518 1403 3654 1471 ﬁde,
3691 1407 3748 1459 et

2096 1491 2421 1547 confortare
2453 1491 2510 1545 in
2537 1491 2785 1547 Domino
2819 1493 2988 1562 (Psal.
3024 1508 3177 1558 xxvx,
3217 1492 3327 1561 14),
3363 1495 3421 1546 et
3447 1490 3509 1546 in
3542 1496 3749 1563 poten—

2093 1579 2175 1634 tia
2230 1581 2460 1636 virtutis
2517 1583 2644 1651 ejus
2699 1585 2918 1648 certus,
2975 1581 3129 1652 quod
3163 1580 3263 1650 qui
3295 1579 3754 1651 perseveraverit

2097 1685 2284 1740 usque
2317 1669 2375 1723 in
2410 1669 2586 1724 finem
2646 1669 2739 1724 hic
2799 1668 2996 1724 salvus
3045 1667 3156 1724 erit
3186 1668 3398 1740 (Matth.
3433 1685 3585 1735 xxiv,
3643 1668 3750 1739 13).

2099 1757 2204 1811 Per
2235 1762 2457 1824 [annos]
2494 1758 2672 1830 igitur
2715 1757 2940 1828 aliquot
2989 1757 3343 1829 [continuos]
3393 1773 3596 1812 secum
3628 1773 3751 1812 ma-

2100 1849 2322 1912 nentes,
2357 1851 2580 1901 aeternaa
2601 1846 2727 1901 vitae
2761 1846 3019 1902 vicissim
3039 1846 3392 1902 resonabant
3427 1846 3750 1912 [fratribus-

2099 1949 2211 2004 que
2239 1935 2350 2005 (13)
2373 1935 2738 2007 congregatis
2761 1934 3005 2007 utriqum
3025 1934 3153 1988 vita;
3177 1933 3509 1990 necessaria
3538 1935 3742 2007 praevi-

2099 2023 2333 2089 debant,
2366 2027 2425 2080 et
2453 2023 2832 2080 tabernacula
2857 2023 3209 2096 erigebant.]

2721 2140 2956 2195 CAPUT
2995 2143 3122 2193 XII.

2172 2246 2357 2303 milia?
2413 2247 2650 2300 Eticonis
2703 2245 2856 2300 ducis
2907 2246 3047 2315 ﬁli}?
3101 2247 3282 2300 visum
3333 2253 3384 2301 et
3419 2245 3756 2317 baptismum

2097 2334 2329 2407 confert.
2361 2364 2429 2374 ——
2457 2334 2540 2388 Ad
2568 2351 2770 2389 eorum
2795 2334 3005 2390 merita
3033 2349 3166 2390 vero
3193 2334 3556 2390 ostendenda
3589 2352 3759 2392 reno-

2095 2427 2309 2477 vantur
2339 2440 2372 2478 a
2403 2427 2515 2479 Deo
2545 2422 2827 2478 miracula
2858 2423 3170 2494 stupenda.
3193 2422 3372 2494 [Viris
3403 2423 3621 2480 etenim
3643 2424 3750 2480 Dei

2098 2510 2179 2566 ibi
2210 2510 2400 2566 adhuc
2449 2511 2664 2582 pariter
2715 2512 3240 2582 conversantibus,]
3292 2511 3546 2567 Eticonis
3578 2512 3760 2568 ducis

2097 2599 2330 2654 Elisacii
2363 2598 2484 2654 ﬁlia
2513 2616 2659 2655 caeca
2691 2604 2827 2655 nata
2855 2601 2926 2655 ad
2945 2601 3097 2656 viros
3128 2599 3228 2655 Dei
3261 2600 3540 2668 defertur,
3564 2605 3761 2672 utque

2098 2689 2226 2759 ejus
2253 2688 2640 2742 misereantur
2660 2705 2694 2742 a
2722 2688 2948 2743 maestis
2977 2688 3324 2760 parentibus
3341 2687 3551 2743 humili
3584 2706 3761 2761 prece

2098 2781 2437 2849 poscuntur.
2455 2778 2640 2841 Quam
2662 2793 2794 2831 cum
2808 2777 3000 2832 adhuc
3028 2776 3302 2849 gentilem
3336 2777 3447 2848 (14)
3481 2794 3614 2834 esse
3627 2795 3757 2834 res-

2096 2865 2334 2934 cissent,
2368 2881 2527 2919 more
2572 2864 2965 2920 ecclesiastico
3013 2863 3514 2921 catechizaverunt
3570 2870 3755 2938 atque

2099 2955 2169 3008 ad
2202 2954 2522 3009 orationem
2539 2953 2813 3025 prostrati
2831 2971 2934 3025 pro
2948 2953 3138 3009 salute
3151 2953 3356 3025 puellae
3371 2952 3746 3010 clementiam

2097 3041 2326 3098 Domini
2360 3042 2764 3114 precabantur.
2797 3042 3034 3098 Monitis
3065 3042 3260 3114 itaque
3289 3041 3588 3098 catholicae
3611 3044 3744 3099 ﬁdei

2097 3131 2386 3197 edoctam,
2417 3134 2657 3186 sanctus
2676 3129 3030 3202 Hildulphus
3047 3130 3386 3202 baptizavit,
3405 3147 3654 3202 eamque
3675 3133 3744 3188 de

2020 3248 2062 3315 α
2101 3236 2264 3315 sacro
2295 3221 2450 3276 fonte
2477 3223 2673 3315 mente
2700 3223 2758 3315 et
2788 3236 2959 3315 carne
2988 3218 3381 3315 illuminatam
3412 3220 3620 3276 beatus
3650 3221 3750 3315 lir-

2101 3308 2324 3364 hardus
2353 3308 2594 3379 excepit,
2627 3312 2684 3362 et
2716 3307 2848 3362 dato
2898 3307 3134 3362 nomine
3189 3305 3425 3362 Otiliam
3473 3308 3704 3363 vocavit
3732 3325 3746 3362 :

2100 3399 2251 3469 [quae
2284 3397 2342 3451 in
2375 3395 2772 3451 sanctimoniae
2823 3396 3128 3451 sanctitate
3181 3412 3554 3467 permanens,
3607 3396 3755 3452 boni

2102 3486 2358 3556 rectique
2386 3484 2668 3539 imitatrix
2699 3500 2814 3539 non
2867 3483 3235 3539 mediocriter
3282 3483 3556 3552 existens,
3593 3502 3754 3541 nunc

2093 3575 2217 3645 jam
2237 3591 2368 3628 cum
2389 3573 2617 3628 Christo
2644 3589 2895 3646 regnans
2908 3571 3076 3628 datin
3092 3573 3264 3628 terris
3295 3572 3749 3630 innumerorum

2099 3663 2401 3734 signorum
2434 3661 2718 3716 miracula
2745 3660 2994 3734 dietim.)
3029 3662 3164 3725 Quae
3197 3677 3289 3716 res
3330 3661 3625 3716 intantum
3653 3679 3752 3718 va-

2097 3750 2207 3805 luit
2233 3755 2295 3804 ut
2325 3767 2439 3805 non
2473 3749 2812 3815 mediocres,
2827 3766 3028 3805 verum
3047 3749 3222 3805 etiam
3255 3766 3514 3820 persona:
3540 3755 3751 3823 poten-

2097 3844 2184 3894 tes
2215 3839 2402 3893 virum
2437 3839 2532 3894 Dei
2565 3837 2947 3910 Hildulphum
2995 3841 3411 3893 venerarentur
3439 3855 3507 3892 ac
3536 3838 3750 3912 dilige-

2098 3932 2246 3989 rent,
2272 3927 2441 3998 eique
2468 3927 2538 3980 ad
2567 3929 2953 3998 augmentum
2986 3925 3095 3980 loci
3129 3924 3346 3981 auxilia
3395 3926 3749 3997 praeberent.

2097 4017 2253 4086 [Erat
2283 4015 2438 4070 enim
2470 4014 2651 4070 totius
2708 4014 3036 4070 honestatis
3092 4015 3298 4070 decore
3355 4015 3747 4087 compositus,

2095 4104 2396 4176 aequaliter
2425 4121 2486 4161 se
2517 4103 2808 4159 affabilem
2841 4102 3121 4158 exhibens
3151 4103 3474 4173 omnibus]

2706 4217 2939 4273 CAPUT
2980 4217 3122 4273 XIII.

2163 4328 2238 4382 De
2268 4327 2498 4395 Begonis
2527 4325 2682 4381 donis
2737 4327 2786 4380 et
2812 4326 2904 4397 pio
2935 4325 3084 4379 obitu
3122 4325 3178 4379 S.
3233 4324 3472 4396 Spinuli.
3507 4357 3576 4364 ——
3607 4326 3747 4392 Qui-

2093 4417 2228 4473 dam
2261 4413 2454 4483 [enim]
2516 4413 2606 4468 vir
2637 4414 2810 4486 Bego,
2869 4411 3061 4468 dictus
3107 4413 3362 4480 nomine,
3417 4412 3606 4468 sancti
3637 4412 3748 4468 viri

2095 4504 2428 4564 necessitati
2474 4502 2940 4568 communicans,
2992 4518 3188 4557 rerum
3233 4518 3473 4557 suarum
3516 4501 3746 4575 aliquid

2097 4595 2303 4651 usibus
2334 4593 2578 4648 fratrum
2613 4591 2724 4646 sub
2755 4590 2920 4646 beato
2949 4589 3070 4645 viro
3087 4589 3200 4646 Deo
3234 4587 3622 4646 militantium
3645 4591 3746 4646 de-

2096 4682 2288 4757 legare
2301 4681 2526 4752 statuit,
2542 4683 2716 4751 ntque
2734 4678 2925 4734 locum
2945 4678 3049 4750 qui
3076 4694 3262 4750 usque
3275 4678 3447 4734 hodie
3459 4677 3745 4751 Begonis-

339 4771 653 4845 sepulturae
683 4771 876 4829 locum
936 4785 1191 4844 quaerere
1225 4766 1556 4823 destinavit.
1590 4767 1698 4824 Sed
1752 4768 1892 4840 quia
1923 4773 1987 4824 ut
2095 4773 2252 4830 Cella
2308 4771 2539 4838 dicitur,
2605 4772 2661 4824 et
2717 4773 2942 4840 partem
3001 4767 3215 4840 Vosagi
3265 4784 3392 4839 quaa
3443 4766 3746 4824 Folchoéi-

339 4860 401 4916 in
431 4859 795 4918 convallibus
827 4859 1000 4927 solet,
1031 4858 1183 4912 circa
1215 4857 1636 4913 monasterium
1697 4874 1985 4929 aquarum
2096 4864 2288 4934 Rupes
2319 4857 2664 4932 appellatur,
2698 4856 3029 4912 destinavit.
3064 4856 3324 4927 Denique
3377 4855 3462 4910 vir
3490 4856 3592 4912 Dei
3628 4855 3744 4912 Hil-

339 4954 464 5006 erat
493 4949 876 5016 abundantia,
912 4946 1153 5003 minime
1182 4951 1384 5020 aptum
1429 4947 1754 5002 coemeterio
1791 4944 1984 5000 locum
2095 4950 2354 5022 dulphus
2386 4949 2444 5002 in
2476 4946 2620 5003 cella
2641 4947 2767 5017 jam
2791 4945 2944 5000 dicta
2973 4949 3186 5003 sanctae
3208 4943 3430 5000 scilicet
3460 4944 3624 5000 cruci
3655 4945 3744 5000 di-

331 5037 618 5110 judicavit
640 5058 653 5108 ;
682 5040 753 5096 ad
774 5040 1040 5094 austrum
1069 5054 1202 5094 vero
1219 5035 1384 5094 collis
1404 5034 1757 5091 monasterio
1790 5033 1983 5087 immi-
2095 5044 2222 5094 cata
2249 5039 2439 5092 virum
2455 5052 2699 5091 summae
2718 5033 3068 5089 humilitatis
3087 5036 3144 5088 et
3157 5032 3501 5089 obedientiaa
3524 5032 3741 5106 Spinu-

340 5131 459 5194 Ποῖ,
491 5144 667 5200 super
697 5141 870 5198 quem
893 5125 980 5179 vir
1009 5131 1247 5182 sanctus
1274 5123 1581 5181 ecclesiam
1614 5124 1983 5190 construens,
2092 5126 2236 5194 lum,
2270 5125 2505 5181 nomine
2527 5121 2849 5188 constituit,
2871 5121 2929 5175 in
2962 5137 3076 5192 qua
3099 5119 3254 5176 idem
3287 5120 3460 5175 homo
3494 5120 3744 5177 fideliter

341 5231 410 5270 ex
441 5215 677 5273 nomine
707 5211 863 5270 beati
894 5212 1152 5286 Gregorii
1185 5230 1346 5286 papae
1378 5207 1756 5274 consecravit,
1810 5213 1984 5279 atque
2092 5217 2206 5271 Deo
2237 5215 2492 5270 serviens
2524 5210 3020 5284 postmultiplices
3046 5210 3102 5264 in
3125 5209 3340 5265 Christi
3372 5208 3738 5282 agonelabo-

338 5304 560 5362 Circum
592 5303 743 5360 hanc
775 5302 1171 5358 cmmeterium
1203 5296 1518 5355 benediXit-
2092 5322 2184 5361 res
2217 5321 2282 5359 ac
2305 5318 2617 5357 numerosa
2631 5299 3047 5354 miraculorum
3076 5297 3332 5371 insignia
3361 5297 3493 5354 vitae
3513 5301 3740 5355 mternae

979 5389 1210 5445 CAPUT
1252 5387 1350 5440 ΧΙ-
2089 5392 2439 5447 consecutus
2471 5389 2560 5442 est
2582 5386 2838 5457 praemia.
2873 5388 3057 5452 Quem
3084 5385 3457 5458 omnipotens
3478 5385 3741 5441 Trinitas

406 5485 480 5540 Ab
537 5481 747 5540 Erardo
799 5480 1041 5550 episcopo
1097 5478 1374 5531 visitatur.
1425 5501 1493 5510 ——
1538 5471 1716 5527 Fama
1759 5472 1980 5532 interea
2090 5479 2245 5550 apud
2276 5492 2337 5530 se
2359 5473 2746 5545 gloriﬁcatum
2767 5473 2824 5528 in
2858 5474 3048 5545 terris,
3080 5473 3403 5546 gloriosum
3433 5473 3745 5530 ostendere

428 5593 516 5657 12)
542 5590 610 5661 In
643 5591 758 5641 vet.
795 5599 906 5637 ms.
941 5583 1225 5661 emcilatus.
2158 5582 2272 5659 (llr)
2291 5577 2588 5661 .(ieptile‘m
2611 5576 2706 5661 hic
2736 5579 3054 5661 improprie
3084 5577 3338 5661 appellat
3370 5581 3598 5661 auctor,
3625 5595 3742 5661 non

428 5593 516 5657 12)
549 5592 610 5644 In
643 5592 758 5641 vet.
795 5599 906 5637 ms.
941 5592 1225 5638 exczlatus.
2158 5592 2588 5659 (tyouemuem
2613 5592 2706 5633 mc
2736 5595 3054 5661 improprie
3084 5592 3338 5705 agpellat
3370 5592 3598 5661 auctor,
3625 5595 3740 5634 non

398 5592 510 5730 (13)
540 5659 604 5714 In
637 5660 749 5710 vet.
786 5668 900 5708 ms.
928 5666 1030 5722 per
1058 5652 1190 5709 dies.
2087 5667 2254 5724 quasi
2288 5647 2444 5704 idola
2463 5648 2692 5715 coleret,
2710 5651 2810 5705 sed
2847 5667 3109 5726 quianon
3159 5665 3255 5704 um
3271 5653 3399 5704 erat
3425 5650 3740 5721 baptizata.
