3894 6214
126 309 237 372 89⁸1

1209 304 1603 376 VALCANDI
1646 302 1834 369 VITA
1875 305 1942 370 S.
1988 304 2437 373 HILDULPHI.

3399 300 3517 372 598

126 439 312 500 volens
333 440 391 497 in
425 438 606 507 ccelis,
641 457 744 515 per
800 438 1195 499 ministerium
1228 441 1555 517 angelicum
1587 441 1756 499 beato
1784 439 1840 507 Α
1869 443 1984 500 Deo
2016 441 2262 517 propitio
2285 440 2602 514 stabilitus,
2630 439 3108 515 pessumdabitur
3125 440 3407 500 funditus.
3429 444 3517 500 Li-

128 530 432 604 Hildulpho
455 531 736 602 notificat,
769 537 835 587 ut
889 531 1120 605 glebam
1151 532 1335 588 sancti
1367 533 1436 588 ad
1472 537 1763 588 monaste-

127 619 698 678 riumtumulandum
731 621 982 688 revehat,
1000 622 1174 693 [sicut
1203 623 1328 694 ipse
1357 622 1562 677 beatus
1576 621 1765 677 adhuc

125 711 307 767 vivens
359 709 643 766 fratribus
699 726 834 765 cum
893 709 1080 765 multa
1135 727 1304 782 prece
1343 710 1762 782 mandaverat]

127 801 229 856 Nec
255 815 418 855 mora
449 814 627 855 senex
657 797 968 871 imperanti
1023 800 1302 856 obediens
1349 799 1603 854 cinerem
1646 817 1760 871 quo

125 888 379 960 fatigatos
410 891 579 944 artus
626 887 1002 944 collocaverat
1039 889 1274 957 excutit,
1317 889 1760 959 convocatisque

124 977 387 1034 fratribus
447 976 714 1032 hominis
770 977 871 1033 Dei
929 978 1162 1033 nuntiat
1218 977 1463 1040 obitum,
1498 976 1598 1048 qui
1629 977 1761 1032 licet

120 1069 266 1121 tanto
321 1064 520 1120 fratris
575 1063 789 1120 auxilio
849 1066 1110 1122 destituti
1174 1070 1511 1132 maererent,
1561 1071 1756 1121 tamen

121 1152 298 1226 gloria
326 1154 456 1225 ejus
515 1154 983 1226 congaudebant,
1041 1155 1418 1227 accensisque
1454 1154 1634 1211 cereis
1681 1157 1754 1211 ad

121 1242 256 1298 beati
287 1241 414 1314 [viri
447 1241 709 1315 glebam]
741 1244 1049 1316 exsequias
1082 1244 1488 1317 properabant.

728 1384 957 1441 CAPUT
986 1385 1126 1441 XIV.

176 1491 251 1546 Ad
277 1493 434 1563 cujus
463 1492 747 1547 tumulum
789 1493 929 1563 ﬁunt
977 1494 1264 1548 miracula.
1303 1524 1370 1534 —
1415 1493 1516 1548 Vis
1556 1493 1752 1565 itaque

113 1584 402 1637 ventorum
423 1580 566 1654 plus
587 1580 755 1637 solito
778 1581 1318 1649 inhorruerat,adeo
1340 1586 1404 1637 ut
1433 1599 1546 1638 non
1579 1583 1750 1662 modo

115 1669 354 1738 frutices,
386 1686 598 1726 verum
630 1671 800 1726 etiam
829 1688 1082 1726 annosae
1103 1688 1354 1743 quercus
1377 1670 1749 1742 excelsaeque

114 1758 315 1815 abietes
346 1759 696 1815 eradicaret.
732 1760 793 1814 In
841 1759 940 1814 tali
975 1775 1111 1831 ergo
1141 1759 1374 1815 turbine
1396 1763 1530 1814 ante
1561 1758 1745 1814 sancti

112 1847 205 1902 viri
226 1847 457 1920 glebam
486 1847 762 1903 ardentes
781 1847 927 1902 cerei
953 1863 1140 1919 usque
1181 1847 1251 1902 ad
1280 1847 1474 1902 locum
1501 1845 1750 1918 sepulcri

112 1935 272 1993 delati
286 1941 447 1993 sunt.
486 1935 797 2007 Sepultum
816 1935 995 2008 igitur
1020 1935 1284 2000 terris,ut
1299 1935 1454 2006 apud
1479 1951 1540 1988 se
1565 1934 1754 1990 vivere

111 2025 252 2082 Deus
272 2027 704 2081 demonstraret
725 2023 781 2078 in
809 2023 990 2092 ccelis,
1011 2024 1286 2079 omnibus
1317 2023 1752 2078 infirmantibus

112 2113 176 2168 ad
203 2115 388 2171 sancti
421 2113 534 2169 viri
565 2111 863 2169 tumulum
893 2113 1259 2168 venientibus
1287 2111 1469 2168 voluit
1490 2111 1754 2168 subveni-

112 2217 181 2257 re.
212 2203 423 2267 Quanti
446 2203 531 2257 ibi
565 2201 868 2274 paralytici
887 2201 1050 2258 venis
1073 2202 1482 2274 redintegratis
1517 2199 1750 2256 solidati

112 2295 257 2359 sunt,
286 2292 464 2347 verbo
488 2293 592 2346 aut
612 2289 829 2362 scripto
852 2308 967 2347 non
998 2289 1165 2346 facile
1195 2289 1598 2362 explicabitur,
1633 2307 1752 2345 om-

113 2379 193 2434 nis
212 2379 441 2435 caacitas
461 2378 780 2434 clariﬁcata
801 2379 932 2449 [est,
958 2384 1108 2446 cum]
1130 2378 1352 2434 lumine
1367 2377 1519 2435 diem
1542 2378 1752 2434 mirata

111 2467 424 2540 obstupuit,
460 2465 765 2522 universas
783 2465 1053 2523 debilitas
1071 2467 1150 2522 ibi
1176 2483 1306 2523 recu
1318 2466 1530 2538 peratis
1545 2467 1750 2522 usibus

109 2555 275 2611 robur
291 2555 585 2611 amissum
619 2557 950 2626 persensit;
985 2557 1138 2612 unde
1170 2555 1358 2612 turbis
1390 2556 1751 2612 irruentibus

108 2648 324 2717 reperta
356 2649 452 2700 est
473 2659 627 2714 aqua
656 2643 1002 2701 salsissima.

739 2785 969 2842 CAPUT
993 2786 1106 2843 XV.

164 2901 300 2969 Quae
321 2914 536 2955 cessare
560 2900 792 2970 imperat
841 2902 899 2956 S.
933 2902 1212 2973 IIildut/us
1241 2918 1310 2957 ne
1328 2905 1566 2974 fratrum
1596 2907 1753 2961 tran-

100 2991 346 3059 quillitas
371 2987 644 3042 turbetur.
675 3016 743 3026 —
763 2988 1088 3060 Cupiditate
1119 2991 1296 3062 igitur
1326 2991 1558 3057 salutis,
1591 2992 1755 3048 habi-

101 3074 374 3149 litateque
399 3073 824 3146 loci,aquarum
850 3076 1214 3134 abundantia
1235 3080 1431 3152 populi
1464 3081 1754 3137 conﬂuen.

1875 537 1964 589 cet
1992 533 2292 602 enim,Deo
2311 537 2675 604 cooperante,
2702 532 2964 589 subsidia
2989 549 3296 604 corporum
3320 538 3516 589 nostro

1873 623 2246 679 conferantur
2268 622 2414 692 loco,
2448 627 2641 678 tamen
2691 622 3020 679 animarum
3064 623 3340 677 timemus
3371 622 3517 693 peri-

1871 711 2035 781 cula;
2070 713 2224 768 unde
2280 712 2756 768 concurrentium
2811 712 3132 784 comprime
3186 712 3410 776 turbas,
3465 713 3518 765 et

1870 801 2115 857 hilarem
2150 801 2603 873 afﬂuentemque
2635 802 2895 858 datorem
2936 802 3117 856 Deum
3151 799 3419 873 implore,
3453 803 3518 854 ut

1869 889 2289 946 benedictionis
2319 891 2446 946 eius
2478 891 2801 946 sentiamus
2833 890 3520 961 gratiam,quatenuspe-

1867 980 2038 1034 nuria
2068 979 2378 1035 necessarii
2409 980 2597 1034 victus
2629 996 2695 1035 ac
2718 979 2962 1034 vestitus
2991 976 3512 1050 expulsa,occasio-

1866 1084 2055 1139 neque
2075 1067 2312 1139 laqueos
2342 1068 2698 1139 deceptionis
2730 1066 3350 1140 optandiinvidissimo
3382 1065 3506 1120 dia-

1864 1155 1994 1210 bolo
2025 1156 2276 1220 sublata,
2310 1155 2663 1228 impleamus
2693 1161 2903 1212 nostrae
2935 1155 3314 1226 professionis
3346 1159 3500 1209 vota.

1861 1245 2023 1299 Tunc
2049 1261 2180 1299 vero
2206 1245 2431 1299 videres
2470 1244 2742 1315 spiritum
2793 1261 2965 1300 carne
2992 1243 3270 1309 solutum,
3305 1247 3362 1298 et
3390 1243 3507 1298 vita

1863 1333 2110 1405 potitum
2142 1334 2375 1389 obedire
2405 1333 2660 1400 mortali,
2693 1351 2758 1388 ac
2789 1334 2836 1389 si
2870 1334 3023 1389 idem
3056 1337 3352 1389 teneretur
3379 1332 3532 1386 vin-’

1861 1421 1991 1477 culo
2018 1422 2245 1477 mortis.
2279 1423 2422 1476 Nam
2467 1422 2652 1494 signis
2683 1423 3070 1488 cessantibus,
3103 1421 3382 1492 venisque
3412 1437 3505 1476 co-

1859 1509 2064 1567 hibitis
2081 1509 2424 1577 salinarum,
2462 1511 2788 1582 frequentia
2817 1528 3049 1582 quoque
3081 1510 3293 1566 desinit
3323 1527 3509 1581 popu-

1858 1597 2161 1654 lorum.Ad
2193 1599 2617 1654 confutandum
2649 1603 2844 1655 tamen
2879 1600 3278 1670 impudentem
3310 1614 3510 1669 garru-

1857 1685 2079 1742 litatem
2111 1687 2438 1742 invidorum
2475 1691 2532 1742 et
2577 1687 3038 1753 incredulorum,
3074 1688 3250 1741 datur
3289 1685 3507 1740 ibidem

1858 1793 2046 1847 usque
2077 1775 2247 1831 hodie
2280 1775 2530 1848 prospici
2586 1775 3026 1832 evidentissima
3076 1775 3295 1830 indicia
3324 1775 3506 1829 trium

1861 1866 2156 1936 quondam
2191 1869 2520 1937 puteorum.
2555 1867 2815 1937 Denique
2842 1870 3082 1920 sanctus
3113 1864 3280 1919 ﬁnita
3332 1877 3503 1934 prece

1861 1971 1928 2009 ac
1955 1954 2341 2025 querimonia,
2367 1953 2559 2009 alacer
2580 1971 2645 2009 ac
2665 1955 2850 2011 fidens
2881 1972 2944 2010 se
2965 1955 3091 2024 jam
3125 1955 3505 2008 consecutum

1860 2045 2075 2112 optata,
2111 2043 2183 2096 ad
2231 2043 2435 2096 fratres
2493 2059 2792 2114 regressus
2851 2042 3130 2098 sollicitos
3186 2039 3507 2112 vigilesque

1860 2130 2106 2186 orationi
2138 2130 2407 2186 insistere
2438 2131 2724 2197 hortatur,
2785 2149 2900 2203 quo
2956 2147 3225 2202 repressa
3263 2145 3506 2184 concur-

1861 2222 2026 2272 eante
2046 2218 2220 2273 turba
2267 2218 2341 2272 ab
2367 2218 2775 2290 Omnipotente
2823 2218 3140 2274 consolatio
3171 2215 3506 2271 voluntariae

1861 2305 2220 2379 paupertatis
2254 2306 2489 2361 aliunde
2519 2323 2721 2362 eorum
2742 2307 3110 2379 dirigeretur.

2483 2439 2715 2494 CAPUT
2741 2439 2884 2494 XVI.

1933 2548 2258 2602 Donationes
2285 2548 2445 2618 facta;
2487 2547 2838 2612 monasterio,
2873 2544 2927 2599 S.
2982 2543 3268 2615 Hildulphi
3315 2543 3505 2597 morti-

1859 2636 2060 2706 ﬁcatio,
2091 2635 2202 2691 sibi
2227 2639 2362 2706 fuga
2398 2635 2650 2690 consulit.
2676 2665 2743 2673 —
2767 2632 3044 2689 Precibus
3066 2648 3320 2703 namque
3351 2629 3505 2685 beati

1857 2724 2084 2798 Spinuli
2112 2724 2451 2796 meritisque
2482 2723 2632 2779 beati
2655 2722 2760 2778 viri
2785 2739 2917 2777 mox
2939 2722 3253 2778 subsecuta
3287 2723 3376 2774 est
3405 2719 3506 2773 be-

1860 2813 2111 2870 nedictio
2143 2813 2392 2870 Domini.
2427 2813 2572 2867 Nam
2602 2812 2861 2868 nondum
2901 2817 3124 2882 septem
3157 2809 3364 2865 diebus
3402 2807 3505 2862 de—

1861 2903 2072 2968 cursis,
2105 2902 2284 2975 Hegio
2330 2901 2414 2956 vir
2472 2900 2737 2968 illustris,
2773 2901 2870 2972 qui
2905 2903 2961 2954 et
2989 2898 3361 2970 Flariulphus
3393 2895 3505 2967 (l5)

1863 2991 2086 3046 solebat
2107 2990 2412 3061 cognomin
2422 2990 2501 3044 ari
2517 2991 2584 3044 ad
2596 2989 2796 3053 fuit,ac
2813 2988 3118 3059 cujusdam
3137 2986 3348 3043 nobilis
3367 3003 3509 3058 prae-

1865 3080 1944 3134 dii
1969 3079 2242 3134 Berchem
2274 3078 2382 3149 (l6)
2407 3077 2541 3132 dicti
2566 3079 2883 3132 maximam
2913 3081 3138 3147 partem
3166 3075 3506 3132 contulitlo-

101 3165 406 3231 tes,forum
439 3163 518 3218 ibi
551 3166 808 3218 statuere
865 3168 1252 3232 tentaverunt,
1314 3185 1489 3238 quam
1523 3168 1753 3239 inquie-
1783 3171 1826 3237 C
1864 3184 1930 3223 co
1951 3167 2009 3222 S.
2045 3166 2231 3232 Petri;
2283 3166 2453 3236 cujus
2493 3164 2725 3220 traditio
2748 3163 3088 3220 solemnitcr
3107 3166 3253 3229 acta,
3288 3166 3506 3217 extem-

102 3255 363 3309 tudinem
396 3251 484 3306 vir
505 3252 605 3308 Dei
635 3251 990 3324 Hildulphus
1023 3254 1279 3310 sentiens
1324 3256 1596 3322 indoluit,
1631 3257 1752 3326 [ba-

107 3341 226 3398 culo
257 3345 431 3397 artus
476 3343 734 3412 regente]
780 3339 1084 3396 ecclesiam
1119 3342 1269 3397 beati
1302 3343 1583 3415 Gregorii,
1614 3348 1677 3398 ut
1706 3344 1759 3399 ei

114 3431 289 3486 moris
319 3432 446 3486 erat
474 3432 745 3486 oraturus
805 3429 1061 3497 intravit,
1122 3431 1331 3486 deinde
1375 3431 1632 3488 oratione
1664 3448 1757 3487 ex-

116 3518 262 3590 pleta
294 3518 568 3586 surrexit,
602 3522 660 3574 et
684 3519 756 3574 ad
782 3518 1079 3574 tumulum
1108 3520 1165 3574 S.
1201 3519 1429 3590 Spinuli
1459 3520 1636 3587 venit,
1670 3526 1761 3576 at-

118 3623 239 3678 que,
272 3612 338 3662 ut
365 3610 490 3663 erat
541 3606 648 3678 pias
709 3607 945 3675 mentis,
1007 3625 1108 3663 ora
1140 3608 1412 3679 perfusus
1460 3608 1757 3681 lacrymis,

116 3693 337 3767 inquit:
371 3693 620 3773 Gratias,
656 3695 833 3751 frater
876 3695 1136 3767 Spinule,
1170 3695 1286 3751 Deo
1316 3697 1568 3768 agimus,
1603 3697 1758 3768 quod

117 3783 252 3838 tein
286 3783 448 3856 pacis
505 3782 738 3854 regione
794 3783 1092 3856 quiescere
1151 3785 1467 3851 credimus,
1519 3789 1576 3840 et
1606 3785 1758 3858 apud

119 3871 565 3945 omnipotentem
611 3876 790 3927 Deum
822 3889 996 3945 posse
1022 3872 1346 3944 plurimum
1378 3873 1754 3939 confidimus,

121 3975 282 4016 nosce
298 3965 354 4015 te
375 3959 552 4016 etiam
577 3960 819 4028 scimus,
854 3962 1146 4032 quomodo
1194 3965 1250 4016 et
1271 3979 1449 4034 quare
1482 3979 1588 4017 nos
1618 3962 1756 4032 [sci-

120 4045 244 4103 licet
271 4047 561 4104 desiderio
590 4048 833 4104 liberius
862 4050 1107 4105 vacandi
1166 4050 1530 4105 orationibus
1562 4067 1627 4105 ac
1661 4051 1758 4106 de-

123 4135 399 4191 serviendi
430 4136 569 4209 Deo]
627 4136 885 4191 tumultu
946 4137 1296 4208 populorum
1355 4138 1553 4194 relicto
1610 4138 1762 4194 hanc

125 4221 492 4279 solitudinem
515 4223 967 4280 devenimus.Tu
1001 4224 1180 4297 igitur
1207 4226 1629 4297 tranquillitate
1661 4245 1759 4299 po-

126 4310 275 4378 titus,
305 4313 491 4368 nostri
543 4313 642 4384 qui
679 4313 737 4368 in
768 4313 861 4368 via
883 4313 1090 4368 mortis
1116 4331 1344 4380 sumus,
1376 4314 1605 4370 etinter
1634 4317 1760 4387 ejus

128 4400 373 4470 pericula
404 4400 778 4468 fluctuamus,
815 4401 1088 4456 miserere
1119 4419 1379 4469 oramus,
1415 4403 1555 4474 quin
1587 4404 1760 4460 etiam

1868 3255 1962 3327 plo
1978 3259 2067 3309 est
2089 3253 2295 3308 litteris
2314 3253 2610 3316 innodata,
2644 3252 2998 3323 prafatoque
3022 3249 3338 3306 Leutbaldo
3368 3254 3508 3306 tunc

1867 3341 2148 3413 temporis
2176 3341 2368 3396 abbati
2394 3346 2482 3395 est
2502 3339 2965 3409 credita,quibus
2985 3339 3440 3405 convinceretur,
3461 3339 3510 3392 si

1869 3429 2066 3502 aliqua
2108 3430 2456 3501 quandoque
2483 3429 2619 3483 hinc
2654 3427 3086 3482 machinaretur
3127 3425 3511 3482 violentorum

1869 3517 2453 3575 controversia.Multi
2476 3517 2686 3572 deinde
2709 3515 2994 3571 nobilium
3018 3515 3174 3586 juris
3191 3515 3280 3570 sui
3301 3515 3515 3586 praadia

1869 3609 2106 3680 prmfato
2137 3607 2259 3661 loco
2292 3606 2798 3672 contulerunt,nec
2821 3603 3007 3658 multo
3031 3607 3163 3676 post
3182 3603 3518 3674 aliquapor-

1869 3697 1949 3751 tio
1971 3695 2116 3750 villae
2133 3694 2638 3765 Hundinis-Heym
2663 3696 3011 3764 nuncupatze
3033 3692 3220 3748 eidem
3244 3691 3367 3746 loco
3398 3707 3517 3747 ces-

1870 3785 1945 3840 sit
1967 3786 2100 3855 jure
2133 3783 2507 3856 possessoris.
2570 3783 2894 3854 Perpendat
2953 3780 3146 3853 digne,
3209 3781 3308 3852 qui
3343 3779 3512 3847 valet,

1870 3890 2046 3945 quam
2071 3871 2359 3944 profunda
2388 3870 2598 3926 viriste
2622 3869 3069 3926 mortiﬁcatione
3099 3869 3211 3936 sui,
3229 3869 3343 3924 Deo
3364 3869 3519 3924 vite-

1869 3978 1982 4033 que
2003 3977 2122 4016 suae
2142 3957 2776 4030 inhaesissetApostolo
2798 3958 3090 4029 equidem,
3124 3958 3398 4030 quodque
3429 3963 3518 4014 est

1869 4048 2264 4115 excellentius,
2300 4049 2409 4120 ipsi
2430 4047 2655 4103 Christo
2675 4047 2906 4102 videtur
2943 4047 3276 4112 crucifixus,
3312 4052 3517 4118 potens

1869 4136 2061 4191 dicere
2086 4133 2235 4190 veris
2266 4134 2445 4190 animi
2472 4135 2710 4190 vocibus
2734 4151 2746 4188 :
2799 4133 2936 4190 Mihi
2960 4135 3197 4190 mundus
3220 4136 3517 4206 cruciﬁxus

1868 4233 1964 4290 est,
1999 4234 2050 4279 et
2097 4241 2193 4292 ego
2244 4225 2448 4280 mundo
2495 4224 2636 4295 (Gal.
2668 4238 2748 4290 v1,
2778 4223 2887 4295 44).
2921 4224 2992 4279 Et
3025 4241 3036 4278 :
3077 4226 3220 4291 Vivo,
3258 4226 3381 4294 jam
3411 4240 3519 4277 non

1870 4314 2126 4382 cgo,vivit
2153 4329 2276 4368 vero
2306 4315 2366 4367 in
2387 4330 2472 4366 me
2503 4313 2748 4367 Christus
2774 4312 2913 4383 (Gal.
2947 4327 3008 4378 ιι,
3040 4313 3154 4382 20).
3198 4311 3521 4366 Crucifixus

1872 4402 2087 4474 quippe
2127 4402 2240 4474 ipsi
2303 4401 2492 4457 fuerat
2552 4401 2811 4456 mundus
2861 4401 2920 4454 in
2979 4399 3236 4472 maligno
3293 4399 3522 4470 positus

129 4485 172 4541 si
194 4487 276 4544 fas
291 4492 379 4544 est
399 4488 688 4561 exigimus
720 4488 970 4561 illaipea
1003 4489 1214 4545 virtute
1258 4489 1542 4562 praeclarae
1576 4493 1762 4548 maxi-
1798 4524 1844 4588 D
1877 4494 1924 4561 (Ι
1941 4496 2101 4547 Joan.
2137 4508 2194 4555 v,
2237 4491 2346 4560 19),
2381 4490 2479 4561 qui
2524 4507 2626 4544 nec
2648 4489 2891 4545 adversa
2915 4488 3382 4560 pertimescebat,
3419 4505 3523 4544 nec

131 4592 338 4649 meaque
388 4577 750 4646 obedientia,
785 4595 911 4650 quas
949 4579 1006 4632 in
1029 4583 1085 4634 te
1116 4577 1347 4635 refulsit
1377 4579 1518 4635 dum
1544 4584 1763 4652 tempo-

131 4664 315 4721 raliter
341 4664 582 4732 viveres,
643 4668 813 4738 cujus
845 4683 1079 4739 quoque
1135 4668 1345 4722 merito
1396 4667 1763 4735 aeternaliter,

131 4755 190 4806 ut
208 4754 569 4810 evidentibus
615 4759 672 4810 et
693 4754 1053 4826 quotidianis
1081 4754 1267 4827 signis
1297 4753 1498 4827 liquet,
1523 4757 1765 4828 gaudes,

134 4855 197 4894 ne
223 4842 602 4914 popularibus
635 4844 884 4916 negotiis
902 4843 1168 4916 religioni
1190 4843 1530 4900 monasticae
1562 4843 1767 4899 indici-

135 4927 256 4984 bilis
287 4930 728 5004 periclitationis
748 4932 1060 5005 procellam
1085 4933 1352 4988 suscites.
1384 4931 1441 4987 Si
1473 4932 1629 4988 enim
1661 4933 1769 4988 hac

138 5019 470 5090 populorum
501 5021 856 5077 conﬂuentia
886 5021 1072 5093 pressi
1107 5021 1414 5084 fuerimus,
1435 5037 1545 5075 non
1564 5038 1769 5093 parum

138 5121 168 5158 a
190 5109 476 5180 proposito
490 5109 1083 5180 declinabimus,quin
1103 5108 1387 5182 paulatim
1403 5108 1770 5165 saecularium

133 5191 331 5266 jurgiis
362 5201 418 5250 et
447 5197 642 5252 causis
669 5215 735 5252 ac
790 5197 836 5252 si
895 5198 1075 5252 nimio
1109 5196 1341 5269 pulvere
1375 5197 1568 5252 infecti
1597 5202 1772 5268 atque

141 5278 341 5349 fosdati,
362 5283 626 5341 omnium
659 5285 1052 5341 mundissimo
1083 5286 1324 5341 minime
1357 5284 1772 5341 inhazrebimus

136 5367 394 5438 Creatori,
423 5373 696 5445 quodque
727 5373 916 5429 absit!
957 5372 1098 5428 ordo
1137 5372 1498 5430 monasticus
1532 5373 1625 5428 hic
1644 5372 1770 5444 jam

199 5500 306 5577 (lii)
338 5501 400 5577 in
431 5505 733 5577 recentiori
759 5521 870 5561 me.
922 5504 1134 5577 legitur
1163 5505 1522 5577 Hariulphus.

201 5569 306 5642 (16)
342 5571 424 5629 Ita
457 5573 516 5631 in
543 5569 1395 5646 ms.Mediani-Monasterii,ita
1415 5578 1591 5634 etiam
1625 5577 1775 5632 infra

1877 4595 2156 4650 prospera
2178 4579 2504 4650 appetebat.
2533 4579 2658 4650 Ipse
2689 4577 2900 4634 deinde
2930 4579 3148 4633 mundo
3181 4593 3353 4648 quem
3386 4577 3523 4632 abo-

1879 4667 2214 4723 minabatur
2261 4672 2548 4732 mortuus,
2583 4684 2651 4722 ex
2702 4669 2864 4738 parte
2895 4666 3129 4732 diaboli,
3161 4666 3329 4736 cujus
3361 4665 3525 4721 blan—

1878 4755 2093 4810 dientis
2114 4755 2337 4811 viscum
2371 4754 2590 4820 vitavit,
2627 4754 2914 4809 saevientis
2934 4754 3216 4826 impetum
3247 4771 3364 4810 non
3396 4754 3528 4810 hor-

1879 4844 2015 4910 ruit,
2049 4843 2318 4898 honorari
2349 4859 2553 4898 verens
2584 4843 2638 4897 in
2673 4841 2943 4914 propriis,
2977 4841 3271 4897 commisit
3315 4859 3375 4898 se
3429 4861 3527 4915 pc—

1881 4930 2148 5003 regrinis,
2186 4931 2244 4984 in
2277 4931 2491 5002 quibus
2523 4948 2584 4986 se
2639 4929 2953 5002 gloriﬁcari
3008 4933 3318 5001 postquam
3354 4931 3527 4987 intel-

1849 5066 1851 5068 .
1881 5019 2193 5092 lexit,fugze
2216 5019 2543 5086 consuluit;
2578 5019 2680 5075 sed
2710 5019 3291 5075 tandeminsecutum
3321 5019 3526 5092 gloria,

1881 5108 2114 5163 ﬂentem
2133 5114 2189 5163 et
2220 5106 2600 5164 reluctantem
2622 5107 2900 5163 violenter
2921 5107 3306 5179 retinuit,qua
3335 5113 3530 5164 tamen

1879 5212 1945 5250 se
1979 5213 2092 5250 non
2128 5196 2309 5250 multo
2341 5197 2473 5266 post
2503 5194 2822 5261 excutiens,
2852 5195 3000 5250 hanc
3031 5193 3208 5249 eremi
3230 5193 3530 5247 habitatri-

1883 5300 2005 5340 cem
2039 5284 2158 5339 fore
2189 5283 2482 5350 difﬁdens,
2527 5282 2716 5339 invias
2759 5281 3077 5356 exploravit
3136 5281 3324 5335 sedes.
3391 5279 3534 5334 Illuc

1883 5371 2060 5426 etiam
2093 5388 2198 5427 nec
2246 5374 2386 5426 tunc
2417 5371 2654 5444 quidem
2698 5370 2883 5443 gloria
2912 5371 2983 5426 ab
3015 5369 3379 5424 insecutione
3410 5373 3533 5423 tam

1884 5503 2101 5643 inegitu’:
2128 5504 2187 5584 in
2209 5519 2335 5575 cap.
2367 5503 2434 5558 19
2455 5520 2468 5568 ;
2491 5503 2670 5558 codex
2691 5506 2886 5556 tamen
2911 5499 3370 5556 Paderbonensis
3400 5497 3542 5569 legit

1927 5589 2055 5629 ere-n
2104 5591 2181 5628 ηι.

1927 5589 2181 5629 erennnz.
