3894 6214
326 381 442 446 399
1059 383 1248 447 SEC.
1295 383 1377 447 XI
1422 383 1650 447 AUCT.
1696 380 2008 445 INCERTI
2051 380 2241 442 ANNI
2285 382 2386 444 ET
2431 384 2730 448 SCRIPT.
2774 393 3001 444 ’AAEZII.
3617 379 3758 444 δυο·

323 515 640 573 laudabilis
670 516 897 590 fugitivi
919 517 1574 591 fatigata,quasisaltem
1597 516 1978 589 egentissimo
2007 514 2061 582 Α
2093 515 2210 570 tius
2227 518 2558 584 committit,
2591 523 2655 574 ut
2671 518 2755 575 eis
2784 537 2887 591 pro
2910 535 3080 591 posse
3102 516 3254 573 intra
3271 519 3328 572 et
3376 519 3541 572 extra
3569 513 3750 572 fidele

330 604 507 662 totius
527 606 656 678 opis
678 605 906 662 facilius
930 623 1303 679 persuasura,
1337 615 1392 664 et
1443 609 1594 679 quod
1629 607 1820 678 majus
1849 608 1974 660 erat
2075 605 2334 676 jugeque
2358 607 2692 677 praesidium
2719 609 2812 675 sit,
2843 609 2996 680 quod
3023 607 3108 664 vir
3152 608 3266 663 Deo
3306 606 3516 678 plenus
3549 605 3747 661 liben-

330 695 728 765 subjectorum
756 696 1217 768 pecuniaria,qui
1244 713 1612 768 nequaquam
1637 694 1976 749 movebatur
2081 693 2309 749 tissime
2333 695 2578 766 annuit].
2613 697 2868 751 Tandem
2887 697 3087 752 dulces
3119 695 3175 750 in
3209 694 3512 767 amplexus
3544 709 3735 749 ruen-

334 781 532 838 suasio
571 799 803 855 quoque
833 801 948 839 non
986 789 1101 840 stat
1149 785 1364 839 conﬁsa
1397 789 1620 856 paratu,
1663 783 1976 852 subrepere
2085 786 2264 844 tes,ac
2298 785 2522 839 mutuis
2555 785 2874 857 multisque
2924 785 3158 840 ﬂetibus
3189 801 3251 840 se
3291 783 3745 856 perfundentes,

334 869 420 926 illi
443 871 840 944 qumsivit(l7)
862 873 1192 928 divinorum
1225 874 1526 944 signorum
1560 871 1799 935 amictu,
1831 887 1975 941 qua-

334 963 507 1016 tenus
526 964 831 1016 veneretur
851 961 936 1016 vir
956 960 1051 1016 ille
1075 978 1135 1016 se
1165 961 1464 1032 culpatum
1499 960 1591 1031 iri,
1625 960 1672 1015 si
1706 958 1976 1030 repudia-

340 1052 427 1104 ret
446 1049 910 1121 quasidivinitus
950 1050 1275 1122 procuratis
1304 1050 1539 1105 interim
1571 1048 1781 1103 fulciri.
1816 1045 1976 1113 Quis,

341 1153 558 1207 quaso,
578 1137 982 1210 religiosorum
1006 1139 1113 1194 hac
1132 1144 1330 1194 nostra
1350 1142 1694 1210 tempestate
1727 1153 1839 1191 non
1855 1151 1978 1190 am-

341 1225 463 1280 biat
508 1226 756 1298 negotiis
775 1226 971 1282 seaculi
1019 1244 1108 1283 res
1133 1245 1270 1283 suas
1297 1227 1518 1299 augeri,
1541 1224 1979 1281 adventantium

341 1314 726 1370 concursibus
746 1315 938 1370 extolli
968 1316 995 1369 '?
1025 1315 1156 1387 quis
1175 1332 1342 1387 porro
1375 1315 1514 1370 talia
1534 1314 1644 1370 sibi
1676 1315 1982 1385 suppetere

341 1403 564 1474 videns,
598 1420 713 1460 non
747 1405 946 1460 credat
968 1421 1030 1460 se
1056 1404 1280 1461 coalitus
1306 1405 1600 1469 honorari,
1633 1417 1983 1458 enumerans

343 1492 457 1548 sibi
478 1492 565 1549 vel
595 1492 789 1564 potius
813 1494 1040 1564 ﬁngens
1075 1495 1146 1550 de
1168 1511 1229 1550 se
1259 1495 1525 1566 quaedam
1550 1491 1982 1561 maxima,-quae

338 1581 460 1651 jam
483 1582 636 1654 apud
658 1585 837 1638 Deum
862 1587 1132 1638 constant
1158 1583 1404 1637 minima
1426 1587 1525 1637 aut
1543 1581 1705 1635 nulla
1725 1581 1752 1635 ?
1769 1585 1984 1634 Verum

343 1670 578 1726 Deicola
604 1671 790 1728 instar
808 1672 960 1726 beati
981 1671 1222 1727 Abraha:
1247 1687 1360 1726 non
1384 1687 1625 1726 casurus
1651 1669 1987 1724 tentabatur

347 1776 382 1814 a
410 1759 658 1816 Domino
707 1760 923 1816 sciente
971 1760 1059 1816 vel
1091 1761 1231 1832 quid
1263 1761 1383 1832 ipse
1407 1764 1561 1815 esset
1585 1760 1867 1824 facturus,
1899 1757 1983 1813 vel

2084 870 2343 926 oratione
2361 873 2574 942 pariter
2603 873 2752 941 fusa,
2779 890 2889 929 non
2907 873 3032 929 sine
3054 873 3304 928 maxima
3319 871 3511 928 cordis
3525 871 3756 927 contri-

2088 960 2241 1015 tione
2257 965 2459 1016 mutua
2470 959 2690 1017 visione
2704 962 3180 1017 caruere.Beatus
3199 964 3394 1016 autem
3416 960 3748 1028 Erhardus,

2089 1049 2288 1104 Rheno
2322 1051 3098 1124 transvadato,ltegensborg
3120 1051 3236 1121 (18)
3252 1049 3547 1104 civitatem
3570 1065 3750 1105 suam

2089 1139 2285 1193 sedem
2303 1139 2569 1194 videlicet
2588 1143 2702 1195 tam
2726 1145 2924 1196 sancto
2969 1139 3216 1211 praesule
3243 1137 3528 1194 celebrem
3583 1139 3749 1192 futu-

2092 1244 2214 1282 ram
2265 1227 2462 1282 subiit.
2525 1232 2588 1282 ln
2649 1246 2766 1300 qua
2814 1246 2927 1284 non
2961 1233 3092 1300 post
3121 1227 3373 1300 plurima
3404 1231 3747 1299 temporum

2093 1317 2384 1371 curricula
2415 1321 2574 1372 sexto
2636 1319 2774 1374 Idus
2802 1317 3063 1373 Januarii
3120 1317 3191 1372 de
3243 1318 3427 1371 morte
3455 1317 3526 1370 ad
3558 1314 3749 1371 vitam

2092 1405 2342 1460 transiit.
2368 1406 2619 1460 Sanctus
2651 1423 2782 1460 vero
2803 1405 3156 1477 Hildulphus
3189 1405 3261 1460 ab
3294 1420 3466 1475 opere
3489 1403 3588 1458 Dei
3623 1420 3748 1457 non

2095 1493 2418 1558 deficiebat,
2452 1495 2551 1548 sed
2576 1493 2820 1564 jejuniis
2851 1499 2906 1549 et
2937 1493 3239 1549 laboribus
3273 1493 3544 1564 fatigatos
3576 1497 3749 1548 artus

2095 1581 2324 1653 spiritui
2347 1583 2560 1637 servire
2590 1583 2851 1654 cogebat,
2886 1582 3166 1638 fratribus
3197 1582 3308 1636 sibi
3363 1581 3646 1652 subjectis
3678 1599 3749 1636 ac

2096 1671 2348 1724 maxime
2375 1671 2584 1725 Joanni
2645 1676 2702 1726 et
2756 1671 3014 1743 Benigno
3072 1672 3348 1742 [quorum
3381 1670 3747 1725 mentionem

2096 1776 2274 1830 supra
2319 1760 2608 1830 fecimus],
2643 1777 2790 1830 quos
2838 1759 3097 1831 quotidie
3129 1759 3199 1813 ad
3234 1757 3478 1813 meliora
3505 1758 3751 1813 tendere

348 1847 777 1920 quidlateretin
797 1849 1016 1905 famulo
1035 1854 1459 1921 suo,quatenus
1480 1849 1646 1904 nobis
1667 1847 1988 1919 aperiretur
2019 1875 2064 1939 Β
2095 1849 2404 1919 gaudebat,
2438 1865 2586 1920 quos
2618 1848 2794 1902 etiam
2835 1865 2948 1903 non
2991 1847 3181 1904 solum
3211 1848 3445 1920 publica
3473 1847 3752 1902 exhorta-

346 1936 598 1993 nimium
627 1937 838 1995 intima
880 1940 1008 2010 ejus
1026 1937 1413 2003 mortificatio,
1450 1939 1548 1992 sed
1569 1939 1694 2008 jam
1727 1935 1989 1991 calamus

344 2026 623 2083 reddatur
652 2026 810 2099 operi
840 2033 1048 2099 coepto.

947 2143 1180 2199 CAAUT
1219 2143 1385 2198 XVII.

420 2252 687 2320 Defuncto
716 2249 905 2305 abbate
934 2250 1223 2304 Leutbalrto
1255 2251 1478 2304 resumi!
1529 2266 1718 2303 curam
1737 2252 1989 2316 pastora-

348 2340 454 2394 lem
481 2341 540 2393 in
568 2339 875 2394 monachos.
906 2370 966 2379 —
991 2338 1276 2394 Dominus
1295 2338 1532 2393 tandem
1557 2335 1909 2392 Leutbaldus
1933 2339 1994 2389 ti-

347 2426 553 2483 deliter
567 2431 740 2500 atque
772 2428 1088 2498 prudenter
1109 2426 1514 2481 administrato
1535 2424 1993 2497 dispensationis

349 2515 460 2570 sibi
487 2516 715 2571 credita:
735 2517 1018 2585 ofticio,ex
1042 2515 1221 2586 hujus
1237 2515 1364 2569 vita:
1385 2516 1720 2569 subtractus
1745 2512 1990 2582 lubrico,

347 2607 510 2661 artus
531 2604 956 2676 solo,spiritum
980 2605 1231 2660 reddidit
1258 2603 1420 2665 coelo,
1449 2603 1780 2675 perenniter
1810 2602 1992 2656 inhie—

347 2709 553 2748 surum
583 2694 850 2762 Domino,
883 2693 975 2748 cui
1023 2693 1168 2748 nihil
1216 2692 1470 2764 praetulit
1498 2692 1553 2746 in
1589 2692 1827 2745 mundo.
1864 2691 1994 2745 Mox

347 2781 768 2837 monachorum
786 2781 956 2836 anxia
982 2781 1156 2836 turba
1178 2781 1364 2836 idonei
1385 2781 1636 2852 pastoris
1666 2779 1992 2852 provisione

345 2869 1040 2942 temporalidestituta,ad
1060 2869 1294 2940 pietatis
1312 2869 1643 2941 pontificem
1663 2869 1992 2937 recursitat,

348 2962 406 3014 et
426 2973 560 3014 eum
583 2957 852 3012 luctuosa
896 2957 1186 3012 reflectere
1218 2973 1383 3029 prece
1414 2957 1700 3028 quaaritat,
1735 2973 1805 3011 ne
1837 2956 1994 3010 dedi-

348 3049 627 3120 gnaretur
647 3046 842 3101 ovium
868 3062 1162 3102 resumere
1185 3046 1498 3112 sarcinam,
1517 3062 1618 3117 pro
1641 3045 1857 3116 quibus
1887 3062 1994 3116 pa-

349 3140 576 3192 storum
594 3135 800 3191 Pastor
830 3136 1120 3207 probrosa:
1153 3134 1358 3190 mortis
1390 3136 1691 3207 amplexus
1721 3139 1808 3189 est
1839 3134 1992 3203 inju—

348 3225 740 3284 riam.Verum
761 3224 849 3279 vir
869 3223 1157 3292 docibilis,
1183 3224 1278 3279 Dei
1305 3224 1506 3278 cedere
1529 3239 1748 3294 gnarus
1771 3221 1988 3294 pietati,
2022 3233 2064 3300 ρ

349 3330 464 3370 non
487 3317 683 3378 autem
704 3313 957 3369 emeritae
974 3313 1099 3383 jam
1121 3312 1402 3368 senectuti
1426 3312 1883 3383 haudquaquam
1895 3311 1990 3380 ju-

349 3402 563 3460 dicavit
593 3403 966 3459 refutandum
999 3403 1153 3474 quod
1177 3401 1675 3458 animadvertebat
1694 3399 1987 3455 Christum

340 3494 570 3564 jubere,
603 3493 675 3548 de
733 3509 976 3548 suorum
1016 3491 1350 3562 praecordiis
1397 3507 1618 3562 pauper
1658 3489 1986 3561 pastoralis.

343 3584 540 3652 Itaque
593 3579 789 3652 gregis
839 3593 1012 3651 grave
1042 3594 1215 3633 onere
1248 3581 1438 3632 denuo
1471 3582 1764 3649 suscepto,
1799 3577 1988 3631 tribus

339 3670 646 3728 solumodo
705 3667 875 3724 annis
918 3667 1135 3738 quibus
1194 3671 1489 3738 superstes
1548 3666 1656 3720 fuit
1687 3665 1742 3719 in
1776 3663 1987 3720 saeculo

338 3761 628 3816 instanter
647 3755 902 3829 porrexit
922 3755 1200 3810 fratribus
1216 3755 1437 3824 virgam
1453 3753 1834 3825 correptionis
1851 3769 1987 3807 cum

335 3845 780 3906 sustentationis
799 3843 1027 3910 baculo,
1055 3858 1121 3898 eo
1153 3842 1444 3913 siquidem
1477 3843 1546 3896 ad
1592 3842 1986 3897 emetiendum

334 3934 612 3993 curriculi
644 3931 968 4005 pauxillum
1002 3931 1155 4002 quod
1194 3931 1449 3985 restabat
1481 3931 1830 3986 reddebatur
1867 3929 1984 3984 ala~

334 4025 488 4082 crior
512 4039 628 4095 quo
678 4023 942 4092 correpto
969 4018 1156 4091 spatio
1178 4023 1428 4090 coeperat
1462 4018 1658 4074 bravio
1690 4019 1812 4073 fieri
1845 4017 1984 4073 vici-
2060 4045 2066 4050 -

333 4112 485 4167 nior.

926 4195 1157 4252 CAPUT
1196 4194 1390 4251 XVIII.

405 4307 461 4363 S.
493 4304 734 4362 Erardus
764 4305 874 4377 ipsi
905 4303 1177 4360 valedicil.
1211 4304 1431 4358 —[nde
1454 4305 1656 4359 beatus
1690 4302 1986 4358 Erhardus

337 4399 672 4454 constructa
718 4392 963 4450 ecclesia
991 4410 1060 4450 ex
1090 4392 1325 4448 nomine
1357 4392 1414 4448 S.
1463 4391 1814 4448 confessoris
1847 4391 1983 4462 Apri

336 4503 450 4542 non
483 4483 683 4558 procul
713 4501 748 4539 a
777 4481 1230 4552 monasterio,ad
1263 4480 1463 4537 laevam
1479 4481 1697 4536 scilicet
1724 4481 1846 4550 jam
1870 4479 1982 4534 dic-

2099 1936 2382 2000 tione,sed
2407 1937 2556 1991 inter
2571 1937 2712 1992 dum
2729 1937 2952 2009 privata
2970 1954 3034 1992 ac
3051 1936 3342 1991 amicabili
3358 1935 3751 1992 collocutione

2098 2025 2192 2088 sui
2241 2041 2530 2081 memores
2561 2026 2681 2080 fore
2703 2027 2996 2092 monebat,
3031 2042 3133 2097 pro
3165 2029 3320 2081 statu
3353 2024 3750 2080 Ecclesiarum

2100 2113 2220 2181 Dei,
2255 2130 2359 2185 pro
2391 2130 2531 2186 pace
2565 2130 2766 2186 regum
2824 2118 2881 2168 et
2931 2114 3121 2169 salute
3182 2114 3534 2185 populorum
3580 2129 3753 2169 orare

2099 2203 2400 2268 suadebat,
2431 2203 2584 2257 viam
2626 2219 2759 2258 vero
2779 2202 2906 2256 vita;
2941 2220 3116 2274 quam
3157 2202 3336 2258 semel
3375 2202 3758 2274 arripuerant

2101 2291 2346 2346 fideliter
2371 2308 2622 2358 currere,
2649 2296 2705 2345 et
2721 2291 2919 2346 bravio
2941 2308 3204 2363 supernae
3251 2290 3755 2346 remunerationis

2100 2380 2349 2434 scienter
2377 2379 2670 2446 anhelare,
2710 2379 2850 2435 illud
2891 2380 3261 2436 Dominicum
3293 2380 3541 2435 sollicito
3571 2380 3757 2434 corde

2102 2469 2337 2524 assidue
2369 2468 2700 2540 replicando
2735 2487 2746 2522 ε
2784 2471 2944 2524 Nemo
2976 2471 3192 2524 mittens
3221 2485 3453 2523 manum
3483 2485 3646 2525 suam
3677 2469 3758 2522 ad

2099 2560 2347 2611 aratrum
2375 2561 2424 2610 et
2457 2559 2748 2627 respiciens
2788 2566 2950 2622 retro,
2983 2562 3140 2628 aptus
3169 2561 3247 2612 est
3278 2573 3440 2628 regno
3470 2558 3569 2611 Dei
3595 2558 3756 2626 (Luc.

2103 2663 2178 2715 1x,
2211 2647 2321 2715 62).
2355 2645 2558 2700 Aiebat
2583 2646 2735 2700 enim
2763 2663 2776 2700 :
2843 2645 3052 2700 Fidelis
3077 2651 3167 2701 est
3213 2645 3387 2712 Deus,
3422 2649 3481 2700 et
3511 2644 3758 2700 mentiri

2103 2733 2307 2800 nescit,
2357 2734 2525 2788 bonis
2566 2734 2828 2788 moribus
2860 2734 3200 2790 consuefieri
3235 2735 3558 2800 studerent,
3592 2733 3758 2789 victu

2102 2841 2165 2877 ac
2197 2823 2407 2877 vestitu
2462 2822 2736 2878 mediocri
2795 2823 3052 2878 contenti
3101 2839 3230 2878 esse
3260 2823 3571 2890 discerent,
3614 2823 3760 2878 obe-

2102 2911 2380 2966 dientiam
2415 2910 2699 2965 humilem
2732 2915 2936 2966 mutuo
2996 2910 3104 2967 sibi
3141 2927 3207 2966 ac
3241 2911 3486 2967 solerter
3513 2911 3762 2966 exhibe.-

2103 3003 2248 3065 rcnt,
2284 2999 2496 3055 Christi
2532 3000 2789 3071 vestigiis
2813 3004 2944 3054 ante
2969 3000 3166 3054 omnia
3189 2999 3545 3064 insisterent,
3580 2999 3760 3055 insti-

2103 3088 2313 3143 tutioni
2340 3088 2491 3143 beati
2513 3089 2802 3143 Benedicti
2836 3087 3101 3143 alacriter
3132 3089 3493 3153 insudarent,
3529 3089 3757 3144 discre-

2102 3178 2245 3233 tioni
2279 3193 2381 3249 per
2410 3177 2608 3232 omnia
2637 3177 2879 3232 docebat
2925 3176 3250 3250 invigilare,
3309 3193 3487 3248 quam
3535 3177 3760 3247 smpius

2106 3265 2433 3321 inculcabat
2460 3269 2703 3320 matrem
2735 3264 2845 3335 (19)
2877 3265 3157 3320 virtutum
3189 3280 3317 3320 esse
3359 3283 3371 3333 ;
3407 3281 3757 3320 murmura-

2100 3353 2293 3420 tionis,
2325 3353 2737 3421 animositatis,
2761 3354 3154 3423 verbositatis,
3180 3352 3578 3418 detractionis,
3603 3353 3757 3410 otio-

2099 3442 2404 3514 sitatisque
2438 3440 2658 3496 malum
2681 3458 2784 3496 nec
2816 3441 2872 3495 in
2916 3441 3079 3512 plebe
3106 3441 3364 3497 fidelium
3390 3442 3625 3496 dicebat
3649 3442 3754 3498 de-

2099 3531 2604 3602 prehendendum,
2662 3534 2880 3601 quanto
2915 3530 3109 3584 minus
3141 3529 3199 3584 in
3233 3529 3506 3585 claustris
3535 3546 3753 3585 mona-

2098 3619 2362 3675 chorum.
2397 3619 2490 3673 Sic
2515 3619 2720 3674 bcatus
2743 3634 2918 3674 senex
2959 3635 3062 3690 per
3091 3619 3353 3674 ordinem
3399 3623 3611 3674 cuncta
3632 3619 3756 3676 dis-

2098 3725 2340 3780 ponens,
2375 3707 2625 3779 plusque
2672 3707 2934 3778 exemplo
2993 3708 3200 3761 fratres
3241 3723 3414 3778 quam
3448 3707 3626 3761 verbo
3660 3707 3753 3762 in-

2097 3803 2351 3864 struens,
2385 3796 2458 3851 ad
2481 3812 2652 3850 omne
2684 3812 2830 3865 opus
2862 3795 3078 3850 bonum
3111 3799 3411 3868 promptos
3441 3799 3498 3850 et
3527 3794 3756 3851 alacres

2100 3887 2394 3951 reddebat,
2429 3901 2686 3956 namque
2717 3901 2999 3939 manuum
3035 3902 3275 3939 suarum
3311 3883 3506 3939 Iiabore
3549 3883 3752 3939 cibum

2097 3993 2216 4030 sua:
2241 3978 2456 4029 sancta:
2479 3973 2760 4028 senectuti
2809 3976 2932 4028 erat
2977 3973 3349 4044 conquirens,
3374 3971 3599 4045 jugiter
3627 3977 3751 4028 tam

2097 4063 2206 4118 sibi
2231 4078 2407 4134 quam
2440 4061 2571 4117 aliis
2592 4061 2752 4116 illam
2795 4061 3174 4134 apostolicam
3206 4061 3556 4116 sententiam
3591 4062 3755 4134 inge-

2096 4168 2264 4206 rens:
2327 4152 2430 4220 Qui
2459 4167 2569 4206 non
2595 4152 2710 4205 vult
2740 4152 2960 4221 operari
3001 4167 3098 4206 nec
3127 4150 3418 4206 manducet
3447 4151 3521 4219 (II
3574 4151 3752 4207 Thess.

2095 4257 2176 4308 III,
2213 4241 2320 4308 10).

2714 4363 2940 4418 CAPUT
2999 4363 3146 4420 XIX.
3234 4399 3237 4402 -

2170 4483 2295 4552 Ejus
2324 4481 2634 4550 disciplima
2662 4495 2716 4534 se
2745 4479 2923 4534 subdit
2956 4480 3042 4533 vir
3067 4479 3302 4533 illustris
3354 4477 3746 4534 Theudoaldus.

334 4573 377 4630 ti
403 4573 688 4641 ﬂuminis,
721 4572 884 4627 fratri
932 4588 1036 4627 suo
1059 4571 1179 4626 viro
1201 4569 1300 4625 Dei
1350 4573 1480 4640 post
1520 4567 1980 4624 exhortationem
2016 4597 2060 4661 D
2096 4603 2162 4610 —
2185 4571 2446 4640 Cumque
2470 4567 2778 4623 luculenta:
2805 4567 3262 4622 conversationis
3291 4567 3420 4636 ejus
3448 4571 3753 4637 speculare

334 4664 392 4719 in
425 4661 714 4720 Creatoris
745 4660 956 4716 militia
985 4661 1130 4716 dixit
1163 4677 1176 4714 :
1226 4657 1510 4713 Dominus
1564 4657 1822 4729 possedit
1875 4657 1983 4713 tibi
2016 4655 2052 4661 ”
2088 4659 2286 4729 jubar,
2320 4656 2437 4712 veri
2459 4655 2600 4711 solis
2623 4656 2932 4725 trajectum
2965 4671 3433 4726 quaquaversum
3459 4656 3751 4713 evibraret

331 4752 868 4820 locum,adfuturus
889 4751 1164 4805 omnibus
1183 4762 1308 4818 qua:
1331 4745 1519 4817 egeris
1538 4763 1549 4800 :
1566 4750 1757 4800 tamen
1775 4763 1982 4803 moneo

332 4845 389 4898 et
416 4844 548 4913 peto
581 4843 647 4895 ut
667 4839 1121 4894 novissimorum
1165 4834 1390 4907 jugiter
1420 4833 1722 4906 nostrique
1755 4851 1982 4891 memor

333 4931 436 4995 sis,
469 4945 563 4984 me
593 4945 734 4984 sane
763 4930 988 5000 oportet
1038 4923 1295 4997 separari
1339 4941 1374 4979 a
1429 4927 1504 4988 te,
1563 4929 1800 4996 aspectu
1863 4942 1978 4979 non

332 5017 678 5087 corde,facie
703 5034 820 5072 non
853 5019 1045 5070 mente
1072 5031 1086 5080 ;
1115 5011 1360 5085 angelus
1391 5017 1584 5069 autem
1618 5012 1847 5068 Domini
1877 5013 1978 5067 bo-

333 5125 444 5164 nus
467 5108 637 5179 juxta
657 5104 1086 5177 beneplacitum
1128 5102 1257 5172 ejus
1294 5119 1489 5156 comes
1515 5101 1615 5155 ﬁat
1644 5117 1783 5154 mere
1818 5117 1978 5171 pere-

333 5195 680 5271 grinationis
711 5195 908 5251 sedem
941 5191 1235 5264 propriam
1281 5189 1530 5245 revisere
1590 5189 1973 5257 disponentis.

333 5285 457 5357 [Cui
517 5288 738 5350 contra,
795 5282 988 5345 frater,
1041 5281 1250 5336 beatus
1307 5278 1551 5332 antistes
1583 5275 1734 5328 inter
1776 5281 1981 5331 caetera

334 5379 689 5430 secretorum
716 5369 1038 5427 caelestium
1071 5365 1394 5434 colloquia,
1429 5363 1638 5416 fratres
1687 5379 1832 5433 quos
1865 5364 1979 5421 Deo

332 5461 765 5532 venerabilique
797 5461 1038 5531 patrono
1071 5451 1385 5508 Maximino
1419 5455 1978 5523 aggregarat,atten-

401 5598 513 5667 (17)
555 5596 619 5667 ln
650 5607 762 5646 ms.
796 5585 1216 5667 legaguwsivit.

408 5655 520 5737 (18)
561 5666 624 5720 In
659 5675 770 5715 ms.
801 5655 1050 5713 Médian.
1083 5655 1481 5713 Renesbuorch.

2094 4749 2283 4803 lucem
2302 4746 2586 4800 virtutum
2611 4744 2680 4798 ad
2706 4744 3072 4816 urguendum
3108 4747 3332 4798 noctem
3385 4743 3750 4810 mortalium,

2094 4834 2357 4892 nonnulli
2393 4831 2761 4890 saecularium
2788 4831 3074 4888 fallaciter
3095 4831 3204 4886 sibi
3226 4831 3585 4887 arridentem
3605 4834 3753 4889 deri-

2091 4927 2296 4980 dentes
2329 4923 2638 4989 mundum,
2671 4938 2741 4976 ne
2770 4921 2881 4992 ipsi
2910 4920 3190 4976 veraciter
3219 4938 3253 4976 a
3283 4921 3506 4975 mundo
3539 4921 3748 4978 irride-

2091 5019 2312 5079 rentur,
2347 5017 2476 5082 post
2506 5010 2797 5064 modicum
2841 5008 3152 5063 facultates
3204 5025 3344 5062 suas
3392 5010 3756 5080 pauperibus

2083 5102 2320 5172 jurique
2426 5099 2570 5154 Petri
2596 5097 3204 5166 contradidere,atque
3226 5095 3416 5150 stulta:
3440 5097 3745 5170 sapientia:

2090 5190 2345 5243 edomita
2375 5185 2796 5250 cervicositate,
2829 5185 3151 5256 sapientem
3185 5182 3497 5239 stultitiam
3528 5183 3744 5240 Christi

2091 5278 2202 5333 sub
2262 5278 2428 5331 beato
2486 5275 2608 5328 viro
2668 5273 2973 5330 militaturi
3005 5287 3333 5344 suscepere.
3385 5271 3488 5327 His
3539 5273 3748 5329 diebus

2091 5365 2333 5438 quidam
2358 5363 2464 5431 vir,
2490 5361 2724 5416 nomine
2757 5359 3192 5426 Theudoaldus,
3230 5359 3382 5415 inter
3411 5362 3578 5432 regni
3614 5378 3740 5433 pro-

2090 5469 2250 5509 ceres
2271 5449 2520 5505 illustris
2545 5448 2992 5520 habebatur,qui
3030 5453 3198 5503 tenax
3214 5446 3516 5521 glutinum
3540 5447 3749 5506 mundi

2164 5585 2275 5655 (19)
2305 5583 2367 5638 In
2401 5598 2511 5636 ms.
2544 5581 2855 5637 Paderbor.
2897 5581 3110 5654 legitur
3139 5579 3488 5637 Mercedem.
