3894 6214
1221 297 1613 364 VALCANDI
1653 294 1839 359 VITA
1882 292 1948 357 S.
1994 289 2446 356 BILDULPHI.

3403 284 3536 350 603-

159 435 386 495 molliter
407 433 505 492 sed
535 432 903 491 exitiabiliter
932 433 1218 507 pretiosas
1242 432 1471 490 animas
1509 432 1770 488 inescare
1799 428 1857 496 Α
1881 424 2133 482 bellante
2163 424 2395 481 narium
2426 419 2892 480 detrunctatione
2937 419 3267 491 deformati,
3316 420 3524 494 quinta

157 525 464 600 quarentis,
521 524 791 596 prudenti
848 523 1151 580 declinans
1209 522 1398 590 oculo,
1477 537 1768 578 consensu
1877 513 2213 579 indictione,
2237 512 2437 586 Sergio
2460 510 2776 569 venerabili
2798 527 2968 585 papa,
3001 512 3171 582 cujus
3194 510 3310 566 duo
3331 511 3523 583 proxi-

156 614 454 684 uxorisjam
478 612 715 669 initiata
738 612 1136 670 sanctimonia
1158 611 1475 685 proposito,
1508 608 1771 681 deposito

155 701 367 760 militari
386 701 643 775 cingulo,
674 701 827 758 beati
856 701 963 758 viri
996 718 1057 757 se
1106 700 1374 757 subdidit
1415 698 1770 771 magisterio,

155 809 271 848 cum
296 808 398 847 suo
435 790 687 846 naturali
738 789 877 858 ﬁlio,
939 790 1175 845 nomine
1222 789 1405 844 Abbo.
1467 788 1570 843 Hic
1626 787 1777 841 inter

154 886 339 939 cetera
374 879 708 936 collationis
758 896 877 935 sua
910 878 1080 934 xenia
1126 876 1376 934 contulit
1432 875 1608 932 etiam
1637 874 1776 930 huic

155 969 388 1028 canobio
418 968 722 1025 basilicam
753 968 958 1025 honori
992 970 1280 1040 perpetua
1312 965 1550 1039 virginis
1588 963 1776 1020 Maria

156 1059 383 1115 dicatam
413 1057 471 1113 in
494 1059 623 1129 jam
655 1056 810 1114 dicto
840 1056 1055 1128 pradio
1086 1054 1362 1112 Berchem
1389 1055 1560 1111 sitam
1586 1051 1780 1109 multi-

156 1146 385 1221 plicitate
415 1147 714 1203 redituum
746 1145 1119 1218 pracipuam.

768 1260 1004 1316 CAPUT
1034 1260 1150 1316 XX.

214 1350 262 1406 S.
294 1350 582 1421 Hildulphi
609 1350 788 1406 obitus
820 1353 869 1405 et
924 1352 1225 1421 sepultura.
1254 1380 1320 1390 —
1365 1348 1512 1404 Huic
1555 1345 1781 1420 negotio

154 1439 380 1497 eximius
411 1439 580 1495 Pater
608 1438 910 1505 insistens,
933 1454 1039 1494 nec
1069 1437 1306 1494 omnino
1327 1438 1497 1494 annis
1529 1435 1787 1509 proprio-

154 1545 252 1602 que
279 1528 498 1601 corpori
522 1543 1152 1600 parcens,magnopere
1173 1527 1477 1600 satagebat
1497 1530 1615 1581 tam
1641 1541 1784 1597 pra-

153 1608 388 1675 sentium
403 1633 583 1689 quam
600 1616 776 1672 etiam
791 1617 1121 1671 futurorum
1135 1615 1350 1671 ibidem
1365 1612 1785 1670 canobitarum

154 1706 465 1763 necessitati
499 1709 558 1760 et
587 1704 771 1777 quieti
803 1704 1123 1776 providere,
1159 1721 1232 1759 ne
1271 1704 1673 1773 cujuscunque
1706 1702 1784 1755 rei

154 1795 454 1868 indigentia
474 1810 539 1850 se
569 1794 771 1849 minus
794 1792 1047 1865 regulari
1079 1792 1291 1847 actioni
1317 1807 1488 1863 posse
1510 1788 1787 1845 inservire
1818 1796 1864 1861 Β

152 1883 566 1941 excusationem
580 1880 1164 1954 quantulamcunque
1174 1878 1432 1935 valerent
1452 1878 1780 1934 obtendere.

153 1972 299 2039 Quod
327 1972 583 2029 maxime
614 1970 926 2027 desidiosis
965 1973 1024 2025 et
1052 1973 1274 2024 arctam
1323 1968 1501 2024 vitam
1544 1968 1788 2023 remisse

150 2060 468 2118 tenentibus
507 2062 603 2117 est
639 2057 962 2126 familiare;
1024 2074 1276 2127 cumque
1312 2058 1439 2128 jam
1489 2056 1789 2112 laboribus

152 2149 304 2207 effeto
333 2164 578 2223 corpore
609 2147 852 2220 spiritus
886 2146 1192 2203 ferventior
1238 2151 1413 2213 esset,
1463 2145 1594 2218 pius
1640 2148 1789 2199 Deus

154 2255 275 2295 eum
300 2255 506 2295 vocare
538 2235 723 2293 voluit
753 2237 824 2292 ad
856 2251 1129 2291 coronam
1163 2235 1428 2307 justitia.
1464 2239 1527 2289 In
1574 2231 1791 2306 vigiliis

155 2327 337 2400 itaque
357 2327 739 2391 constitutus,
766 2325 921 2381 febre
949 2330 1037 2381 est
1058 2328 1389 2396 correptus;
1413 2340 1530 2395 qua
1551 2340 1653 2396 per
1668 2321 1792 2377 dies

155 2415 605 2489 ingravescente,
630 2415 837 2471 fratres
870 2414 1087 2470 turbati
1119 2414 1191 2469 ad
1223 2417 1472 2469 stratum
1508 2412 1665 2467 senis
1695 2427 1793 2464 ac-

155 2509 407 2576 currunt,
441 2505 545 2577 qui
576 2519 854 2575 namque,
906 2507 1205 2574 utcunque
1262 2504 1504 2574 poterat,
1566 2516 1797 2571 semper

152 2593 438 2650 Christum
472 2592 880 2648 annuntiabat.
910 2591 1015 2657 Qui
1044 2608 1180 2647 cum
1204 2590 1395 2646 maesti
1428 2590 1713 2659 fierent,et
1732 2604 1795 2644 se

151 2681 391 2739 desolari
409 2682 694 2749 dolerent,
711 2698 827 2737 una
848 2686 971 2736 erat
990 2680 1256 2736 omnium
1273 2696 1379 2735 vox
1391 2677 1795 2752 plangentium

151 2775 611 2842 precantumque
636 2786 709 2825 ne
740 2774 938 2841 pastor
968 2770 1162 2825 ovium
1187 2771 1274 2840 [f.,
1307 2769 1461 2839 oves]
1484 2768 1792 2823 desereret.

146 2859 242 2916 His
264 2858 660 2931 querimoniis
680 2857 1070 2929 lacrymisque
1092 2861 1513 2923 commotus,ut
1535 2860 1658 2911 erat
1670 2856 1796 2926 jam

145 2952 407 3005 extrema
449 2947 613 3015 parte
671 2945 928 3015 corporis
984 2950 1394 3017 pramortuus,
1429 2944 1487 2999 in
1543 2949 1801 3000 extrema

142 3032 341 3092 lectuli
382 3039 549 3104 parte
604 3031 842 3097 resedit,
897 3035 954 3088 et
1000 3032 1439 3106 circumspectis
1496 3032 1798 3099 fratribus,

148 3125 284 3189 Pax,
318 3120 536 3192 inquit,
569 3118 755 3176 vobis.
790 3119 1037 3175 Demum
1069 3137 1248 3175 manu
1286 3120 1526 3185 elevata,
1559 3120 1654 3175 his
1701 3135 1800 3175 eos

152 3210 341 3269 verbis
372 3209 672 3265 benedixit
703 3226 717 3265 :
750 3208 795 3264 Ο
825 3209 979 3264 Deus
1036 3210 1426 3281 omnipotens,
1474 3206 1800 3264 benedicito

157 3301 434 3366 clemens,
454 3301 891 3370 prasentesque
911 3302 1043 3352 tuos
1060 3311 1228 3352 serva
1239 3314 1340 3368 per
1359 3296 1573 3353 sacula
1586 3311 1801 3351 servos.

159 3388 256 3445 His
269 3388 452 3461 igitur
462 3383 1044 3452 finitis,humillimus
1061 3400 1231 3457 prece
1245 3384 1582 3439 humillima
1599 3385 1804 3438 fratres

159 3476 410 3533 exoravit
440 3473 829 3530 continuatim
862 3474 933 3529 a’d
966 3473 1147 3529 altare
1176 3472 1388 3529 Christi
1421 3473 1480 3527 in
1527 3471 1806 3543 omnique

158 3565 349 3621 divino
380 3562 573 3620 officio
604 3562 954 3619 memoriam
984 3562 1233 3618 retinere
1278 3561 1371 3617 sui
1424 3560 1700 3626 nominis,
1735 3577 1807 3616 ne

156 3654 513 3725 contingeret
540 3667 676 3707 eum
734 3664 1012 3723 suosque,
1057 3667 1205 3722 quos
1264 3649 1358 3704 hic
1406 3647 1807 3720 temporaliter

157 3741 312 3809 rexit,
370 3739 514 3798 almi
547 3740 701 3796 Patri
736 3739 1033 3796 Benedicti
1094 3739 1299 3794 abesse
1354 3736 1803 3805 conturberniis,

151 3834 316 3903 atque
342 3828 703 3902 supradictis
728 3828 1011 3901 ’milleqne
1042 3827 1267 3883 solatiis
1299 3826 1431 3883 aliis
1462 3826 1642 3899 quieti
1684 3826 1802 3882 ovi-

155 3919 418 3975 cularnm
449 3934 691 3975 suarum
724 3917 974 3990 impigre
991 3916 1260 3990 provisis,
1284 3916 1567 3972 virtutum
1597 3914 1804 3986 plenus

156 4010 324 4080 atque
351 4004 609 4075 dierum,
644 4006 865 4061 mundo
896 4005 995 4077 qui
1021 4006 1147 4076 jam
1190 4004 1368 4060 talem
1416 4003 1632 4059 habere
1684 4021 1801 4060 non

156 4098 506 4161 merebatur,
539 4094 911 4152 subtrahitur
941 4094 1108 4149 Pater
1155 4092 1527 4158 venerabilis,
1561 4109 1802 4149 securus

157 4184 211 4239 in
234 4188 405 4256 porta
430 4183 591 4255 regni
617 4197 753 4238 cum
812 4179 1185 4238 senatoribus
1234 4184 1400 4235 terrae
1456 4180 1608 4236 inter
1655 4197 1803 4253 quos

158 4273 361 4329 nobilis
381 4271 700 4345 habebitur
726 4270 994 4326 Christus
1019 4269 1109 4328 vir
1128 4272 1340 4325 sancta
1374 4268 1660 4324 Ecclesia.
1688 4269 1803 4326 Iste

158 4360 402 4437 denique
427 4360 519 4415 vir
544 4360 751 4416 beatus
799 4357 1156 4429 Hildulphus
1207 4356 1485 4428 quoniam
1542 4357 1801 4430 exemplo

160 4440 465 4525 Dominica
498 4448 786 4521 parabola
816 4448 875 4503 in
915 4461 1049 4503 arvo
1106 4445 1336 4502 contriti
1395 4449 1451 4501 et
1511 4445 1803 4502 humiliati

1881 602 2095 658 miores
2137 618 2502 659 successores
2561 617 2773 658 nomen
2822 598 3069 656 Joannis
3116 599 3523 670 possederunt,
3562 608 3569 611 '

1883 693 2205 749 Romanam
2246 690 2562 747 Ecclesiam
2615 693 2871 761 regente,
2899 687 3000 760 qui
3049 688 3270 745 invenit
3317 686 3528 743 miram

1885 780 2210 853 portionem
2246 778 2389 851 ligni
2448 778 2724 835 salutaris
2775 777 2832 832 in
2885 775 3138 832 sacrario
3182 775 3334 831 beati
3357 775 3527 831 Petri.

1885 869 2096 941 [Hujus
2126 868 2331 923 diebus
2371 866 2847 934 Theudobaldus,
2901 881 3000 920 rex
3041 863 3385 937 Anglorum,
3429 864 3531 937 qui

1887 957 2073 1012 multa
2106 958 2162 1012 in
2204 974 2311 1011 sua
2361 955 2551 1028 patria
2594 954 2747 1011 bella
2793 957 3075 1027 gesserat,
3106 954 3178 1009 ad
3238 953 3533 1010 Christum

1888 1063 2201 1101 conversus
2234 1044 2563 1117 properavit
2592 1045 2859 1109 Romam,
2894 1042 2993 1115 qui
3026 1059 3129 1115 per
3155 1043 3535 1116 Cunipertum

1888 1135 2399 1207 Longobardorum
2449 1149 2641 1205 regem
2682 1132 2921 1189 veniens
2955 1130 3195 1187 miriﬁce
3224 1135 3538 1203 susceptus

1889 1228 1996 1280 est.
2031 1224 2085 1278 Is
2113 1239 2247 1278 cum
2280 1226 2521 1279 Romam
2563 1222 2937 1294 pervenisset,
2988 1238 3023 1277 a
3068 1221 3340 1293 pradicto
3388 1236 3538 1293 papa

1892 1312 2240 1384 baptizatus,
2274 1312 2595 1383 Petrusque
2636 1310 2985 1382 appellatus,
3027 1309 3217 1365 adhuc
3276 1309 3332 1364 in
3387 1307 3540 1365 albis

1892 1398 2270 1466 constitutus,
2304 1398 2374 1453 ad
2406 1397 2665 1453 calestia
2697 1413 2875 1469 regna
2896 1396 3170 1468 migravit
3198 1398 3354 1467 (20).]
3389 1395 3539 1461 Quin

1892 1487 2067 1544 etiam
2099 1486 2207 1542 hac
2233 1489 2579 1558 tempestate
2608 1486 2862 1540 domnus
2886 1485 3059 1550 Beda,
3091 1485 3178 1539 vir
3207 1484 3542 1540 monasticae

1892 1575 2193 1647 religionis
2224 1575 2549 1647 pracipuus
2580 1574 2637 1629 in
2669 1572 2936 1629 doctrina
2973 1577 3030 1628 et
3054 1576 3175 1628 arte
3202 1571 3541 1641 calcutoria,

1895 1665 2136 1720 ﬂorebat
2167 1664 2538 1733 magnificus,
2573 1665 2629 1717 et
2661 1661 2857 1717 floruit
2885 1660 2983 1716 diu
3018 1665 3149 1733 post
3177 1660 3401 1716 obitum
3431 1660 3545 1715 Pa-

1894 1755 2003 1810 tris
2035 1754 2215 1810 nostri
2248 1752 2568 1825 Hildulphi,
2602 1758 2659 1806 et
2689 1751 2821 1806 licet
2849 1736 3073 1806 videres
3120 1747 3543 1821 discipulorum

1895 1843 2165 1898 examina
2196 1841 2331 1896 hinc
2362 1841 2495 1897 inde
2527 1839 2789 1895 certatim
2821 1838 3191 1905 conﬂuxisse,
3219 1837 3415 1909 piique
3445 1841 3548 1893 Pa-

1895 1931 2001 1988 tris
2028 1935 2086 1987 et
2116 1929 2377 2003 magistri
2413 1929 2589 1985 funus
2623 1928 2715 2000 pio
2748 1944 2881 1983 cum
2913 1927 3133 1999 gemitu
3184 1925 3547 1997 constipasse

1897 2020 1996 2092 qui
2023 2018 2157 2075 licet
2178 2018 2271 2090 pie
2293 2018 2615 2091 gauderent
2636 2020 2755 2072 tam
2775 2014 3037 2087 praclari
3059 2014 3415 2071 institutoris
3430 2013 3548 2070 sibi

1898 2126 2014 2163 non
2046 2108 2241 2163 defore
2273 2106 2501 2161 cmlitus
2533 2104 2875 2177 patrocinia,
2893 2109 3089 2161 tamen
3129 2104 3219 2176 pie
3255 2103 3552 2161 deﬂebant

1898 2195 2286 2252 humanitatis
2299 2198 2574 2249 consueta
2594 2193 2707 2249 sibi
2729 2193 3026 2248 subtracta
3047 2191 3272 2247 solatia.
3288 2192 3550 2250 Tandem

1898 2284 2159 2341 officiose
2190 2286 2393 2339 curato
2425 2282 2704 2338 cadavere
2735 2297 2965 2352 semper
2994 2279 3408 2336 reminiscendi
3442 2280 3552 2335 Pa-

1899 2375 2028 2439 tris,
2061 2374 2455 2429 humaverunt
2486 2369 2629 2425 illud
2658 2368 2718 2423 in
2745 2368 2992 2424 basilica
3020 2367 3173 2424 beati
3204 2385 3367 2441 papa
3409 2369 3554 2424 Gre-

1901 2461 2046 2535 gorii
2068 2478 2099 2516 a
2120 2460 2339 2517 dextris
2370 2457 2803 2524 altaris,adulta
2816 2461 2941 2527 jam
2965 2456 3094 2512 luce
3110 2456 3378 2513 secunda
3400 2456 3553 2513 feria

1903 2566 2056 2606 anno
2112 2547 2408 2604 tricesimo
2467 2551 2628 2602 sexto
2688 2545 3069 2601 habitationis
3111 2562 3228 2601 sua
3263 2544 3320 2600 in
3374 2545 3555 2620 hujus

1904 2636 2186 2695 terribilis
2218 2635 2397 2695 eremi
2429 2635 2722 2701 vastitate,
2746 2634 3196 2707 quadragesimo
3218 2650 3351 2689 vero
3371 2651 3406 2690 a
3434 2633 3555 2709 glo-

1906 2727 2062 2782 riosa
2091 2724 2312 2781 domini
2348 2723 2636 2796 pontificis
2669 2721 2969 2778 Maximini
2992 2721 3399 2789 translatione,
3431 2738 3557 2795 qua

1905 2815 2147 2871 existitit
2178 2814 2286 2868 sub
2318 2812 2428 2868 hoc
2460 2816 2659 2867 nostro
2689 2810 3121 2883 archiprasule,
3166 2810 3411 2883 Pippino
3459 2827 3562 2867 su-

1907 2903 2105 2976 perius
2137 2902 2291 2956 dicto
2315 2902 2442 2972 jam
2473 2904 2612 2956 tunc
2643 2898 2861 2955 Gallias
2898 2898 3282 2971 gubernante.
3314 2898 3560 2955 Verum-

1906 2995 2101 3046 tamen
2134 3006 2266 3044 cum
2299 2988 2401 3045 lux
2432 2989 2773 3045 meritorum
2807 2986 2958 3043 beati
2989 2985 3291 3059 Hildulphi
3342 2986 3563 3044 crebris

1912 3078 2254 3135 claresceret
2284 3074 2864 3142 miraculis,relatum
2889 3076 2961 3131 ab
2983 3074 3226 3131 ecclesia
3246 3074 3562 3147 sepultura

1830 3157 1873 3223 C
1908 3185 2027 3223 sua
2052 3164 2322 3221 mirabile
2351 3181 2582 3236 corpus,
2632 3164 2934 3219 devotione
2964 3180 3031 3219 ac
3065 3163 3258 3218 studio
3315 3164 3563 3220 fratrum

1915 3253 2133 3325 templo
2164 3254 2348 3308 beata
2375 3252 2567 3308 Maria
2623 3251 2884 3322 Virginis
2931 3255 3022 3307 est
3051 3250 3304 3318 illatum,
3349 3251 3408 3308 in
3449 3268 3564 3323 quo

1916 3344 2283 3398 dextrorsum
2315 3340 2567 3413 eleganti
2604 3339 2822 3395 fornice
2844 3338 3143 3410 aliquanto
3165 3338 3399 3396 delituit
3414 3342 3563 3396 tem-

1915 3447 2074 3503 pore,
2107 3430 2278 3500 cujus
2304 3430 2365 3484 in
2398 3427 2666 3500 prasenti
2699 3426 2973 3483 laudibus
3002 3426 3295 3499 occupari,
3341 3427 3566 3485 meritis

1914 3517 2228 3583 sublevari,
2261 3515 2523 3588 vestigiis
2553 3515 2879 3584 informari,
2910 3518 2968 3570 et
2998 3515 3057 3569 in
3089 3515 3286 3570 futuro
3335 3514 3568 3589 gaudiis

1913 3607 2213 3663 valeamus
2245 3604 2528 3678 copulari,
2562 3603 2946 3676 praveniente
2977 3620 3044 3660 ac
3073 3604 3467 3676 subsequente
3491 3603 3571 3660 ef-

1914 3694 2267 3752 ﬁcacissima
2296 3692 2698 3750 misericordia
2716 3697 2774 3748 et
2797 3692 3348 3749 misericordissima
3366 3691 3568 3749 efﬁca—

1910 3784 2001 3841 cia
2033 3783 2290 3840 Factoris
2333 3781 2771 3855 Rcfectorisque
2819 3782 3002 3838 nostri
3051 3781 3442 3854 potentissimi
3501 3798 3569 3837 ac

1914 3871 2348 3944 benignissimi,
2382 3871 2482 3944 qui
2514 3871 2706 3928 crucis
2744 3872 2913 3926 nuda
2944 3870 3243 3943 expeditos
3289 3887 3572 3943 sequaces

1912 3978 2029 4035 prae
2061 3961 2198 4017 filiis
2231 3960 2536 4018 hominum
2565 3959 2871 4032 glorificat,
2905 3976 3039 4015 cum
3071 3976 3170 4016 eos
3200 3975 3434 4016 securos
3452 3975 3570 4016 non

1915 4050 2088 4105 modo
2125 4065 2366 4105 suorum
2399 4048 2745 4105 meritorum
2778 4048 2999 4114 actitat,
3033 4049 3131 4104 sed
3165 4048 3399 4121 jndices
3430 4046 3572 4104 alie-

1916 4155 2127 4196 norum
2155 4138 2456 4195 habendos
2483 4136 2811 4193 denuntiat.
3258 4132 3261 4133 ⁷

2537 4251 2768 4308 CAPUT
2808 4252 2953 4307 XXI.

1984 4344 2058 4398 De
2085 4342 2240 4414 felici
2281 4343 2434 4398 obitu
2484 4345 2800 4397 sanctorum
2846 4342 3072 4397 Joannis
3115 4349 3165 4396 et
3212 4340 3469 4408 Benigni.
3502 4369 3572 4381 —-

1917 4432 2049 4487 Post
2074 4432 2309 4486 beatum
2334 4429 2571 4502 gloriosi
2591 4428 2890 4502 Hildulphi
2918 4429 3236 4485 transitum
3262 4428 3574 4501 Reymber-

159 4518 363 4605 cordis:
394 4517 692 4611 εραῖιεοραι
736 4552 934 4593 semen
992 4539 1159 4591 ι-εοιεε
1222 4534 1584 4602 intentionis,
1646 4536 1800 4607 quod
1838 4522 1880 4586 Ι)
1916 4525 2008 4576 tus
2036 4520 2123 4574 vir
2153 4518 2561 4611 spectabilium
2598 4518 2960 4611 ornamentis
2990 4518 3262 4574 decenter
3294 4517 3583 4592 praditus

158 4626 301 4684 ultro
331 4617 719 4693 fructiﬁcans,
750 4625 1009 4697 primum
1057 4622 1299 4679 herbam
1360 4627 1569 4677 tenera
1628 4624 1803 4680 actio-

160 4715 265 4782 nis,
324 4715 465 4772 dein
514 4714 761 4787 spicam
838 4710 1244 4785 provectionis,
1330 4717 1667 4783 pervenerat
1733 4714 1805 4768 ad

162 4802 515 4861 frumentum
541 4801 913 4875 perfectionis
968 4799 1165 4855 divina
1212 4798 1379 4866 falce,
1413 4799 1812 4871 temporaliter

163 4890 282 4964 ejus
309 4894 433 4949 vita
462 4892 712 4959 deserta,
742 4896 805 4946 ut
829 4905 1077 4963 granum
1102 4906 1135 4943 a
1161 4887 1460 4960 palearum
1483 4905 1807 4945 recremen-

164 4980 235 5036 tis
274 4981 583 5048 selectum,
644 4979 945 5035 inducitur
996 4978 1055 5033 in
1116 4981 1341 5033 atcrna
1390 4976 1519 5031 vita
1579 4977 1807 5034 horrea.

168 5068 409 5127 Emicuit
434 5072 633 5125 tamen
666 5069 738 5123 ab
755 5065 1118 5123 arumnabili
1150 5065 1405 5122 incolatu
1426 5065 1606 5135 hujus
1625 5067 1810 5123 nostri

168 5158 345 5215 exsilii
376 5156 683 5233 piissimus
723 5161 920 5229 pastor
951 5172 1015 5211 ac
1047 5155 1298 5210 nutritor
1342 5160 1541 5211 noster
1571 5160 1809 5212 sanctus

170 5246 535 5319 Hildulphus,
562 5247 768 5318 quinto
798 5245 935 5301 Idus
964 5243 1128 5312 Julii,
1157 5260 1290 5300 cum
1323 5247 1591 5317 ageretur
1619 5261 1810 5302 annus

168 5335 236 5390 ab
264 5335 671 5392 Incarnatione
693 5333 833 5391 Jesu
863 5332 1077 5391 Christi
1109 5334 1236 5397 707,
1269 5332 1575 5389 consulatu
1628 5333 1809 5390 Justi-

172 5423 325 5479 niani
352 5422 595 5481 Minoris
636 5422 905 5497 Augusti,
942 5437 976 5477 a
1026 5422 1216 5477 Leone
1273 5425 1475 5477 contra
1526 5439 1661 5478 eum
1721 5439 1812 5478 rc-

240 5574 352 5647 (20)
384 5572 622 5630 Ansulis
655 5572 883 5629 inclusa
914 5534 1125 5627 desunt
1150 5569 1209 5624 in
1240 5586 1350 5625 ms.
1385 5571 1737 5629 Paderborn.

1916 4622 2168 4675 morum,
2229 4607 2498 4663 concordi
2548 4610 2678 4663 volo
2738 4606 2984 4662 fratrum
3040 4607 3343 4681 regiminie
3392 4606 3575 4663 subiit

1915 4695 2197 4751 ofﬁcium.
2236 4695 2419 4766 llujus
2454 4698 2716 4767 tempora
2744 4698 2801 4749 et
2842 4695 3126 4767 opuscula
3177 4696 3287 4751 sub
3338 4694 3574 4766 regibus

1917 4783 2273 4839 Theodorico
2306 4788 2482 4855 atque
2529 4782 2851 4839 Childerico
2899 4782 3158 4849 Juniore,
3213 4782 3575 4856 Pippinoque

1920 4873 2039 4928 filio
2070 4871 2239 4928 ducis
2269 4871 2455 4927 Caroli
2488 4876 2622 4927 sunt
2642 4872 2911 4939 decursa,
2945 4877 3172 4928 restant
3202 4888 3342 4928 sane
3372 4886 3575 4943 quam-

1920 4960 2179 5034 plurima
2201 4965 2312 5017 Deo
2331 4960 2665 5033 dignissimi
2690 4961 2879 5017 Patris
2910 4961 3094 5017 nostri
3118 4959 3420 5033 Hildulphi
3441 4975 3573 5015 suc-

1919 5065 2334 5121 cessorumque
2348 5049 2477 5120 ejus
2491 5053 2618 5103 aeta
2634 5050 2859 5105 meritis
2881 5049 3040 5105 illius
3058 5049 3313 5117 condita,
3328 5064 3454 5121 qua
3468 5063 3573 5119 pro

1923 5137 2156 5194 fastidio
2182 5136 2418 5193 lectoris
2442 5136 2674 5192 interim
2706 5137 3045 5205 differenda,
3072 5143 3129 5194 et
3158 5136 3270 5193 alio
3289 5132 3574 5207 opusculo

1911 5225 2317 5300 judicavimus
2376 5224 2719 5298 deleganda.
2756 5225 3273 5283 Praclarissimum
3320 5239 3452 5278 vero
3484 5221 3573 5275 in-

1918 5316 2084 5372 victa
2112 5314 2416 5371 charitatis
2448 5314 2507 5369 in
2538 5315 2676 5383 vita,
2712 5316 2769 5370 in
2818 5318 3004 5370 morte
3034 5330 3101 5369 ac
3152 5316 3285 5385 post
3324 5313 3573 5366 mortem

1921 5401 2477 5475 inexstinguibiliter
2532 5407 2880 5460 conservata
2931 5402 3396 5474 experimentum
3455 5414 3572 5454 non
