3894 6214
287 377 404 448 603

1016 374 1206 442 SIEC.
1251 377 1333 442 XI
1375 375 1610 443 AUCT.
1653 371 1972 439 INCERTI
2015 371 2202 435 ANNI
2249 373 2348 436 ET
2391 370 2691 437 SCRIPT.
2739 375 2963 432 ’AAEzn.

3579 366 3718 432 604

285 516 514 573 videtur
541 512 1067 588 imprmsentiarum
1091 513 1499 579 differendum,
1533 511 1806 568 omnibus
1838 510 1929 566 sui
1958 505 2014 573 Α
2045 525 2160 564 uno
2189 510 2456 564 decenter
2486 507 2768 564 reconditi
2815 505 3133 575 mausoleo,
3189 504 3509 578 sepultura
3563 491 3719 560 sunt

287 606 666 662 dilectoribus
696 605 874 659 castis
898 601 1064 660 dulce
1085 604 1325 658 omnino
1353 619 1416 658 ac
1440 603 1785 674 proficuum.
1817 601 1939 656 Duo

287 695 582 767 siquidem
609 693 881 765 discipuli
915 691 1230 748 laudabilis
1261 691 1532 763 magistri
1591 692 1847 746 Joannes
1886 696 1943 744 et

289 785 782 857 Benignus,quos,
818 788 879 836 ut
909 781 1252 853 praedictum
1283 786 1394 844 est,
1419 797 1733 851 germanos
1766 779 1938 833 exsti-

288 874 432 930 tisse
458 889 630 930 carne
661 890 724 927 ac
755 871 988 944 spiritu,
1020 886 1270 941 quorum
1314 869 1476 941 prior
1516 870 1936 940 presbyteratu,

288 963 435 1018 alter
463 979 598 1018 vero
643 961 994 1030 fungebatur
1035 959 1365 1014 diaconatu.
1411 959 1473 1015 ln
1507 959 1677 1027 cujus
1718 957 1941 1028 jugiter

290 1052 443 1108 soliti
477 1051 748 1106 assistere
797 1048 1096 1119 obsequio,
1154 1047 1525 1118 quotidianas
1560 1052 1670 1100 Deo
1715 1045 1939 1101 hostias

289 1138 705 1212 redemptionis
735 1141 944 1192 nostrae
966 1141 1021 1190 et
1047 1135 1513 1190 mortificationis
1539 1151 1660 1190 suae
1680 1139 1938 1189 mactan-

288 1234 396 1295 tes,
427 1225 708 1284 laudabili
739 1225 904 1280 initio
929 1223 1371 1280 laudabiliorem
1398 1225 1715 1294 jungentes
1737 1223 1934 1288 finem,

289 1318 359 1372 ad
391 1317 623 1372 emleste
654 1329 898 1384 regnum
951 1313 1133 1368 secuti
1190 1311 1467 1367 dilectum
1518 1311 1934 1376 institutorem,

287 1406 474 1478 pridie
495 1403 782 1459 Kalendas
800 1401 1044 1473 Augusti
1069 1403 1140 1456 ad
1163 1401 1457 1456 Christum
1484 1401 1702 1471 pariter
1730 1399 1939 1470 migra-

285 1497 515 1556 verunt,
537 1489 803 1546 videlicet
826 1493 956 1560 post
999 1489 1406 1560 migrationem
1439 1489 1625 1544 sancti
1657 1487 1938 1558 vigesimo

287 1583 478 1656 primo
509 1580 620 1635 die.
653 1579 815 1642 Quod
846 1577 1140 1632 indultum
1173 1577 1354 1632 fuisse
1394 1576 1616 1631 intima:
1667 1575 1938 1632 charitati

287 1671 492 1739 trium,
526 1686 641 1724 non
673 1684 806 1722 vero
837 1666 1128 1721 exstitisse
1171 1666 1478 1721 fortuitum
1538 1682 1708 1722 nemo
1759 1665 1938 1720 refra-

289 1760 526 1833 gabitur
554 1756 840 1819 ﬁdelium,
875 1772 1009 1833 cum
1041 1754 1306 1826 legamus
1339 1755 1575 1809 fratrem
1612 1755 1763 1808 inter
1792 1753 1938 1808 alios

290 1822 405 1904 hon
434 1848 703 1900 vocatum
737 1822 1010 1914 precibus
1049 1841 1360 1896 venerandi
1422 1841 1713 1895 Anastasii
1776 1840 1935 1896 obitu
1970 1868 2017 1933 Β

289 1953 398 1993 suo
421 1933 770 2007 praevenisse
800 1932 930 2002 ejus
957 1930 1113 1985 diem
1137 1929 1767 2000 septimum.llincjam
1793 1927 1940 1983 cala-

291 2041 456 2080 mum
478 2023 620 2076 dum
641 2020 891 2075 nimium
917 2018 1100 2072 inhiat
1122 2021 1332 2081 mente,
1361 2017 1555 2089 pigeat
1581 2017 1939 2072 enucleatius

292 2127 627 2186 percurrere
657 2108 863 2165 seriem
898 2106 976 2162 rei
1010 2111 1204 2178 gestas.
1225 2106 1399 2161 Beato
1419 2123 1483 2160 ac
1507 2123 1737 2177 semper
1766 2105 1937 2161 remi-

293 2199 570 2256 niscendo
602 2198 883 2269 magistro
907 2194 1223 2266 Hildulpho
1257 2210 1326 2250 ex
1356 2194 1578 2249 lubrico
1602 2194 1781 2265 hujus
1809 2194 1937 2250 vita:

294 2292 563 2345 senatum
588 2286 744 2359 regni
770 2285 1126 2357 ingressum,
1150 2283 1208 2338 in
1232 2299 1543 2338 commune
1574 2282 1939 2338 charissimis

294 2377 547 2449 ﬁliisque
577 2391 821 2431 monens
853 2373 1232 2430 fraternitatis
1263 2372 1672 2442 societatisque
1723 2377 1938 2427 sanetae

293 2465 760 2538 congregationis
793 2462 931 2517 almi
963 2461 1227 2534 praesulis
1273 2461 1529 2525 Maximi,
1573 2466 1640 2516 ut
1677 2461 1936 2527 decebat,

293 2560 414 2611 tam
445 2552 784 2627 spiritaliter
823 2567 1002 2623 quam
1034 2550 1412 2622 corporaliter
1432 2549 1793 2616 meminisse,
1829 2549 1940 2604 sub

295 2642 509 2700 Christi
541 2641 923 2711 Ecclesiaaque
953 2639 1287 2694 testimonio
1320 2638 1412 2693 his
1451 2639 1681 2693 duobus
1712 2654 1938 2709 germa-

297 2733 388 2788 nis
420 2747 481 2788 se
512 2733 817 2786 secuturos
846 2728 918 2782 ad
941 2727 1195 2782 cmlestia
1218 2727 1435 2798 gaudia
1456 2726 1710 2781 innotuit
1731 2725 1939 2798 spiritu

295 2814 653 2892 prophetico.
678 2817 782 2881 Qui
816 2814 1102 2886 extemplo
1124 2815 1356 2886 utrique
1379 2813 1660 2886 languore
1679 2815 1939 2886 depressi

300 2907 705 2963 decubuerunt
736 2902 946 2958 lectulo
978 2904 1089 2975 (21)
1123 2902 1278 2975 [cum
1321 2904 1484 2975 Agno
1533 2902 1786 2976 victuri.]
1819 2905 1940 2969 Quo

299 3012 403 3069 per
432 2993 556 3050 dies
587 2995 967 3064 augmentum
994 2991 1276 3063 capiente,
1318 2990 1686 3046 dissolutioni
1737 3008 1942 3064 corpo-

302 3100 435 3140 rum
493 3100 555 3138 se
611 3085 921 3137 senserunt
976 3079 1387 3152 propinquare,
1435 3097 1569 3135 cum
1619 3086 1856 3152 repente
1879 3079 1939 3135 S.

299 3173 577 3237 Joannes,
610 3169 709 3242 qui
741 3173 798 3224 et
829 3169 1014 3240 major
1037 3174 1179 3224 natu
1209 3173 1352 3235 erat,
1386 3185 1569 3224 unum
1600 3185 1630 3223 e
1661 3169 1941 3224 fratribus

298 3259 525 3328 dixerit,
557 3258 894 3315 sciscitatur
923 3257 1172 3330 qualiter
1191 3275 1252 3314 se
1283 3257 1523 3313 haberet
1552 3273 1817 3313 seorsum
1849 3258 1941 3313 de~

297 3347 581 3404 cumbens
631 3345 1050 3402 dilectissimus
1108 3345 1304 3401 frater.
1377 3345 1736 3412 Quantocius
1804 3362 1939 3418 ergo

298 3434 607 3509 perficiens
624 3435 910 3507 imperata
935 3434 1277 3501 monachus,
1295 3432 1508 3505 reperit
1530 3433 1624 3490 Dei
1652 3434 1940 3489 famulum

300 3523 683 3582 sacramentis
695 3523 1013 3580 Dominicis
1031 3523 1460 3579 communitum
1483 3522 1739 3578 evasisse
1760 3539 1944 3578 nexus

301 3613 674 3670 mortalitatis
730 3612 930 3683 hujus.
963 3611 1249 3676 Cucurrit,
1309 3610 1684 3666 renuntiavit.
1736 3615 1945 3667 Beatus

297 3720 433 3760 vero
464 3701 578 3770 ille,
612 3717 786 3774 quem
818 3699 1173 3756 sollicitabat
1201 3699 1392 3754 adhuc
1424 3702 1734 3770 suspectus
1759 3715 1947 3754 exces-

302 3809 405 3848 sus
429 3789 684 3862 junioris
713 3792 770 3843 et
799 3787 992 3842 dilecti
1027 3786 1243 3851 fratris,
1280 3785 1327 3840 si
1362 3788 1492 3856 post
1541 3786 1764 3841 obitum
1819 3787 1948 3858 ejus

303 3879 802 3952 contigisset,eum
817 3874 1160 3946 aliquandiu
1173 3875 1450 3929 interesse
1465 3874 1637 3930 rebus
1649 3874 1946 3943 humanis,

304 3966 638 4036 auditojam
661 3965 904 4019 decessu
925 3962 1669 4034 ejus,la3tabundus,inquit
1687 3964 1714 4018 ?
1729 3986 1754 4012 ‹‹
1770 3963 1948 4018 Maxi-

306 4071 434 4112 mas
451 4057 563 4108 tua:
585 4052 807 4124 pietati,
832 4050 1094 4123 piissime
1116 4051 1396 4106 formator
1425 4051 1702 4119 hominis,
1732 4052 1951 4125 gratias

305 4142 581 4215 rependo,
623 4140 778 4212 quod
826 4140 1065 4195 fratrem
1111 4155 1308 4195 meum
1366 4140 1437 4196 ad
1479 4157 1724 4213 regnum
1780 4145 1951 4196 tuum

307 4235 440 4288 ante
472 4247 564 4286 me
603 4229 795 4294 mitto,
841 4233 897 4284 et
941 4230 1066 4300 jam
1093 4245 1334 4284 securus
1393 4233 1449 4285 et
1505 4230 1768 4301 gaudens
1817 4229 1952 4286 hinc

308 4324 441 4393 post
469 4335 602 4374 eum
634 4319 706 4374 ad
740 4322 793 4374 te
823 4319 990 4374 vado.
1022 4338 1050 4370 ι
1075 4318 1177 4374 His
1205 4317 1472 4389 expletis,
1495 4318 1888 4390 interrogatus
1920 4335 1955 4374 a

306 4408 586 4466 fratribus
617 4425 689 4464 an
721 4407 1059 4480 singulatim
1091 4411 1288 4464 essent
1312 4405 1669 4477 tumulandi,
1697 4407 1949 4478 adjecit:

305 4499 490 4567 Absit,
522 4498 742 4556 domini
768 4488 905 4569 mei,
939 4501 1004 4552 ut
1033 4513 1372 4570 separemur
1399 4495 1472 4552 ab
1503 4495 1773 4564 invicem,
1805 4500 1862 4551 et
1895 4495 1953 4551 in

2050 598 2248 654 traditi
2282 598 2338 653 in
2372 597 2530 652 Beati
2561 597 2820 670 Gregorii
2851 596 3121 663 oratorio,
3157 595 3310 667 quod
3358 593 3573 650 sociale
3604 595 3714 650 de-

2050 705 2154 744 cus
2185 690 2402 745 nostris
2432 689 2625 744 adhuc
2655 688 2832 744 datur
2862 692 2919 744 et
2947 687 3184 743 dabitur
3203 685 3419 742 futuris
3446 685 3716 759 prospici

2050 778 2275 832 diebus.

2652 867 2880 922 CAPUT
2926 866 3092 921 XXll.

2122 956 2198 1010 Ad
2239 974 2426 1014 eorum
2482 958 2755 1012 tumulum
2808 957 3243 1011 sanctimonialis
3291 971 3486 1010 manus
3537 955 3713 1009 arida

2046 1055 2294 1102 sanatur.
2331 1077 2397 1086 —
2432 1045 2758 1101 Innumeris
2791 1049 2922 1116 post
2951 1043 3324 1099 mortalitatis
3355 1043 3534 1115 hujus
3562 1060 3712 1099 eva-

2049 1135 2271 1191 sionem
2304 1138 2538 1190 sanctos
2569 1133 2712 1190 istos
2732 1133 3102 1205 omnipotens
3124 1135 3402 1204 majestas
3425 1131 3706 1188 nobilitas

2047 1225 2128 1278 vit
2159 1224 2478 1286 miraculis,
2500 1223 2714 1294 quibus
2733 1226 2954 1294 pateret
2972 1238 3148 1294 quam
3171 1223 3362 1277 bonus
3381 1222 3706 1278 thesaurus

2050 1313 2106 1367 in
2140 1329 2278 1384 agro
2309 1312 2502 1366 cordis
2533 1327 2756 1376 eorum,
2784 1311 2926 1366 dum
2965 1311 3327 1376 advixerunt,
3357 1309 3548 1366 latuit.
3584 1311 3705 1368 Sed

2048 1401 2345 1456 sumciant
2375 1415 2561 1472 pauca
2589 1399 2850 1470 subjecta
2881 1399 2953 1454 de
2983 1399 3270 1470 pluribus.
3320 1399 3438 1454 Sub
3491 1400 3702 1456 eodem

2048 1495 2306 1562 tempore
2320 1489 2539 1544 exstitit
2552 1487 3019 1544 sanctimonialis
3034 1489 3324 1560 quaedam,
3351 1487 3703 1560 Hymeldru-

2049 1580 2140 1633 dis
2171 1579 2426 1644 nomine,
2465 1576 2656 1633 tenuis
2713 1577 2949 1648 quidem
3008 1577 3303 1640 facultate,
3353 1578 3456 1634 sed
3499 1578 3707 1648 opima

2051 1668 2182 1732 fide,
2215 1683 2340 1738 quze
2373 1666 2491 1722 sive
2521 1665 2772 1737 peccatis
2803 1665 3192 1738 exigentibus,
3229 1667 3348 1722 sive
3379 1670 3445 1722 ut
3491 1666 3706 1722 merita

2047 1755 2257 1811 horum
2281 1755 2603 1810 amicorum
2627 1771 2867 1810 suorum
2891 1754 2949 1809 in
2983 1771 3051 1810 ea
3075 1755 3478 1811 manifestaret
3499 1755 3705 1812 calice

2048 1843 2252 1909 virtus,
2288 1842 2538 1897 naturali
2573 1859 2682 1898 sua
2711 1841 3098 1897 subductione
3121 1841 3402 1898 destituta
3431 1843 3703 1914 gestabat

2049 1931 2254 1987 inutile
2299 1935 2354 1986 et
2409 1929 2724 1986 cruciabile
2779 1931 3010 2002 pondus
3069 1947 3280 1986 manus
3337 1931 3534 1986 aridae.
3568 1931 3700 1987 Hec

2049 2019 2249 2075 sedulo
2272 2020 2564 2075 excubans
2594 2023 2717 2075 erat
2749 2019 2806 2073 in
2831 2019 3067 2090 praefato
3090 2019 3364 2089 oratorio,
3396 2020 3497 2075 ubi
3519 2021 3699 2076 advo-

2047 2109 2171 2164 luta
2199 2108 2426 2164 tumulo
2458 2125 2660 2163 eorum
2705 2107 2999 2164 subveniri
3059 2109 3292 2180 petebat
3344 2109 3456 2165 sibi
3506 2126 3696 2181 prece,

2049 2197 2184 2253 ﬂetu
2218 2215 2284 2252 ac
2312 2197 2533 2268 gemitu
2566 2196 2920 2268 importuno.
2955 2197 3138 2268 Igitur
3167 2196 3524 2254 mulierculae
3574 2198 3696 2266 isti,

2049 2285 2386 2341 nullatenus
2411 2285 2481 2340 ab
2513 2284 2780 2356 inemptis
2803 2284 3145 2356 quiescenti,
3163 2289 3327 2342 nocte
3349 2285 3590 2358 quidam
3612 2286 3701 2341 vir

2049 2374 2234 2430 astitit
2282 2374 2546 2446 fulgidus
2598 2374 2657 2428 in
2689 2373 2891 2429 habitu
2921 2374 3271 2441 monachali,
3295 2373 3572 2447 inquiens
3601 2375 3651 2431 ei
3678 2391 3693 2430 :

2049 2462 2480 2535 Hymeldrudis,
2516 2463 2703 2519 aderit
2741 2467 2853 2517 tuae
2906 2463 3375 2520 incommoditati
3407 2464 3699 2521 medicina

2049 2550 2316 2606 ccelestis.
2353 2555 2768 2606 Verumtamen
2815 2567 2950 2607 cave
3011 2551 3082 2607 de
3140 2557 3347 2607 σείει-ο
3395 2551 3698 2624 aliquibus

2049 2638 2338 2712 implicari
2398 2639 2654 2712 ﬂagitiis,
2687 2657 2758 2695 ne
2814 2656 3018 2712 pereas
3074 2657 3210 2696 cum
3253 2640 3357 2696 eis.
3393 2641 3478 2708 Et,
3513 2657 3696 2697 manu

2049 2729 2174 2800 ejus
2210 2732 2588 2795 contrectata,
2623 2729 2849 2784 sanavit
2885 2745 3014 2784 eam
3045 2746 3153 2801 ope
3183 2730 3692 2802 prastantissima.

2048 2817 2238 2873 Isdem
2267 2822 2460 2872 autem
2488 2817 2576 2871 vir
2607 2817 2975 2872 asseverabat
3005 2834 3066 2873 se
3103 2817 3390 2874 Joannem
3418 2835 3550 2874 esse
3597 2835 3699 2892 pe-

2048 2921 2152 2960 nes
2182 2921 2356 2976 quem
2385 2903 2530 2960 alter
2552 2903 2754 2975 junior
2784 2904 2882 2960 illo
2911 2905 3220 2961 videbatur
3264 2905 3698 2978 pulcherrimus

2049 2998 2224 3059 stare,
2255 2991 2352 3064 qui
2384 2993 2813 3065 protestabatur
2839 2992 2984 3049 velle
3013 3011 3076 3049 se
3105 2994 3239 3050 inde
3269 2995 3441 3052 exire.

2645 3081 2874 3138 CAPUT
2899 3082 3096 3138 XXIII.

2125 3173 2329 3229 Mulier
2356 3185 2510 3228 caeca
2541 3171 2913 3226 illuminalur.
2937 3170 3186 3227 —Aliud
3211 3173 3408 3230 itidem
3442 3175 3694 3232 miracu-

2054 3259 2176 3314 lum
2210 3258 2353 3314 inibi
2384 3265 2685 3315 ostensum
2729 3263 2837 3316 est.
2871 3261 2952 3316 Ne
3007 3261 3182 3317 alicui
3241 3263 3387 3318 forte
3429 3265 3696 3322 videatur

2049 3365 2384 3415 onerosum,
2416 3349 2712 3404 succincta
2761 3350 3089 3406 narratione
3133 3355 3190 3406 et
3211 3353 3690 3425 aggrediendum.

2050 3439 2175 3494 Non
2207 3437 2377 3510 longe
2409 3455 2444 3493 a
2474 3438 2825 3494 monasterio
2875 3438 3043 3510 quasi
3100 3440 3391 3498 curriculo
3434 3443 3693 3500 milliarii

2050 3526 2143 3582 vix
2172 3526 2398 3582 dimidii
2426 3527 2691 3599 degebat,
2717 3528 2953 3583 nomine
2972 3530 3184 3600 Agnes,
3207 3531 3458 3600 anicula,
3493 3534 3703 3591 multo-

2053 3633 2185 3671 rum
2213 3615 2556 3672 decursione
2581 3632 2868 3671 annorum
2901 3616 3028 3672 visu
3053 3618 3317 3687 multata,
3352 3637 3481 3692 quae
3511 3629 3703 3695 gesta-

2055 3704 2201 3760 torio
2230 3703 2458 3760 aselluli
2487 3708 2544 3759 et
2567 3705 2747 3760 ductu
2772 3721 3016 3761 suorum
3041 3707 3201 3762 adire
3227 3707 3503 3766 eclesiam
3543 3711 3702 3770 illam

2057 3797 2180 3849 erat
2209 3792 2400 3849 solita.
2434 3793 2536 3848 Die
2566 3792 2820 3865 quadam
2854 3793 3033 3866 igitur
3061 3795 3132 3850 de
3165 3813 3323 3854 more
3364 3799 3704 3865 adveniens.

2059 3897 2236 3953 seque
2270 3886 2402 3954 post
2431 3881 2813 3954 expletionem
2847 3882 3040 3939 missa:
3100 3886 3316 3941 tumba:
3369 3893 3703 3947 sanctorum

2059 3972 2454 4044 prosternens,
2487 3969 2712 4025 diutius
2742 3975 2866 4026 erat
2895 3971 3143 4028 orationi
3184 3973 3486 4043 insistens,
3538 3983 3708 4035 exta;-

2059 4058 2233 4115 diatis
2279 4059 2514 4114 tandem
2572 4059 2700 4129 ejus
2752 4059 3065 4116 comitibus
3118 4065 3307 4134 precis
3358 4065 3710 4137 prolixitate,

2061 4146 2322 4219 aggressi
2351 4151 2489 4202 sunt
2517 4163 2552 4202 a
2581 4146 2706 4204 loco
2737 4164 2866 4203 eam
2899 4149 3213 4219 dimovere,
3245 4159 3575 4212 asserentes
3607 4157 3708 4214 ho-

2062 4252 2186 4291 ram
2221 4234 2600 4307 regressionis
2631 4235 2999 4307 preteriisse.
3032 4239 3166 4304 Quas
3201 4256 3448 4313 surgens
3479 4245 3708 4315 proﬁte-

2060 4328 2156 4379 tur
2173 4340 2234 4379 se
2245 4339 2384 4379 suos
2406 4327 2838 4395 praesentesque
2856 4330 3098 4382 cunctos
3119 4327 3338 4399 optime
3361 4331 3707 4403 perspicere.

2064 4411 2506 4469 Gratulantibus
2537 4428 2674 4484 ergo
2705 4413 3002 4483 omnibus,
3047 4407 3361 4489 gratesque
3393 4418 3509 4476 Deo
3568 4421 3712 4476 refe-

2064 4501 2348 4567 rentibus,
2377 4500 2506 4573 ipsa
2538 4517 2641 4572 per
2668 4517 2731 4557 se
2753 4505 2896 4557 tunc
2915 4506 2972 4558 et
2995 4503 3272 4576 deinceps
3297 4507 3565 4578 repetivit
3583 4525 3711 4577 sua,

304 4589 498 4645 futuro
523 4592 581 4645 et
611 4589 670 4643 in
706 4585 982 4660 praesenti
1009 4593 1022 4641 ι
1056 4585 1234 4642 unius
1255 4583 1412 4641 enim
1445 4600 1550 4640 nos
1572 4583 1873 4657 genitricis
1904 4586 1963 4642 in
1997 4593 2041 4658 1)
2074 4591 2261 4664 magis
2292 4590 2600 4664 magisque
2647 4596 2900 4648 aestuans
2959 4593 3301 4652 letificatori
3333 4613 3440 4654 suo
3489 4599 3717 4670 placere

307 4678 458 4734 hanc
487 4677 676 4734 lucem
707 4675 911 4733 effudit
936 4679 1158 4744 uterus,
1192 4691 1310 4730 una
1330 4677 1389 4729 et
1416 4673 1527 4728 sub
1550 4691 1666 4729 uno
1685 4671 1955 4731 instructi

309 4783 516 4825 sumus
541 4765 881 4822 monasticis
907 4763 1155 4832 actibus,
1170 4780 1324 4818 unus
1343 4761 1442 4817 uni
1457 4761 1573 4818 Deo
1591 4765 1962 4821 commendat

309 4858 379 4914 ab
411 4857 520 4912 hac
551 4856 678 4912 luce
714 4855 927 4921 exitus,
987 4871 1143 4909 unus
1190 4851 1548 4909 omnimodis
1607 4852 1849 4926 recipiat
1900 4858 1959 4910 et

309 4945 717 5002 claudatterrae
741 4943 946 4999 matris
967 4941 1232 4998 omnium
1255 4943 1522 4997 nostrum
1546 4941 1959 5014 sinus,quoad-

315 5049 498 5105 usque
527 5033 767 5088 veniens
799 5049 905 5087 nos
935 5032 1144 5087 excitet
1173 5029 1478 5086 Dominus.
1541 5031 1802 5087 Tandem
1857 5029 1957 5086 ubi

311 5122 469 5177 hunc
501 5120 684 5176 finivit
713 5137 1070 5187 sermonem,
1101 5120 1318 5191 pariter
1363 5119 1537 5174 etiam
1586 5119 1776 5174 lucem
1809 5123 1958 5173 tem-

312 5209 592 5283 poralem,
625 5211 978 5266 subsecutus
1010 5214 1246 5264 sanctus
1291 5212 1560 5263 sanctum
1611 5207 1874 5269 fratrem,
1905 5210 1964 5260 et

312 5300 545 5372 utrique
572 5298 763 5355 dilecti
796 5298 1075 5352 dilectum
1101 5301 1510 5368 prznceptorem
1541 5292 1682 5346 olim
1715 5292 1958 5348 cmlesti-

312 5388 423 5445 bus
477 5388 702 5444 inhiare
762 5389 1122 5451 monentem,
1185 5399 1341 5437 nunc
1387 5378 1696 5453 promissis
1739 5383 1961 5453 majora

311 5478 699 5533 exhibentem.
720 5476 937 5530 Verum
957 5471 1099 5542 quid
1126 5470 1328 5525 multis
1346 5469 1445 5524 diu
1471 5467 1564 5524 hic
1577 5467 1961 5527 haerebimus?

385 5584 497 5663 (_2l)
531 5583 710 5663 Paulo
741 5582 911 5663 aliter
940 5574 1376 5663 etg‘brevius'sip
1406 5576 1565 5663 hunc
1601 5573 1794 5663 locum.
1823 5577 1964 5663 legit

314 5647 490 5710 codex
531 5647 1150 5708 Mediani-Monasterii
1186 5664 1197 5701 :
1232 5649 1526 5720 Illldulpho
1574 5650 1794 5704 mortali
1835 5647 1964 5708 vitae

2066 4679 2292 4736 actione
2323 4682 2499 4734 recta.

2675 4767 2906 4825 CAPUT
2933 4770 3120 4826 XXIV.

2136 4855 2396 4911 Tertium
2425 4856 2810 4913 nihilominus
2841 4857 3189 4916 miraculum
3231 4862 3602 4920 subnectitur
3628 4883 3719 4921 se-

2068 4946 2280 5000 eundo.
2315 4945 2488 5001 Poeta
2520 4947 2762 5018 quidam
2795 4947 3041 5004 Domino
3072 4949 3282 5005 cecinit
3308 4952 3567 5022 gaudere
3597 4954 3720 5026 pari

2070 5049 2312 5088 numero
2343 5035 2591 5105 (VIRGIL.
2626 5037 2744 5107 Egl.
2776 5036 2832 5103 8,
2865 5053 2919 5092 v.
2945 5037 3057 5108 15.)
3080 5037 3562 5109 Quaquaversum
3594 5059 3717 5114 per-

2069 5126 2314 5191 vagante
2327 5121 2535 5178 horum
2550 5123 2840 5194 iustorum
2866 5125 3040 5192 fama,
3057 5142 3205 5197 quos
3237 5143 3470 5200 semper
3486 5129 3722 5186 habebit

2073 5214 2286 5265 eterna
2325 5213 2608 5267 memoria
2639 5231 2705 5269 ex
2737 5214 2949 5285 praedio
2981 5219 3035 5269 S.
3091 5214 3367 5286 Stephani
3422 5216 3718 5275 Danorum

2071 5315 2220 5369 opus
2251 5298 2418 5354 solito
2439 5300 2856 5373 vocitari,quod
2885 5307 3153 5376 corrupte
3175 5319 3330 5358 nunc
3362 5304 3719 5364 Danobrium

2068 5385 2327 5441 vocitant
2387 5388 2581 5442 cuncti
2658 5390 2828 5445 Mosae
2888 5391 3045 5447 ﬂuvii
3110 5391 3444 5461 adjacentes
3522 5393 3717 5450 littori.

2073 5475 2321 5538 Quidam
2353 5490 2540 5530 cacus
2573 5493 2634 5532 se
2685 5477 3025 5536 immiscens
3083 5480 3426 5550 frequentia
3457 5482 3722 5555 populari

2070 5581 2359 5660 subtracto,
2388 5583 2618 5660 pra/“aii
2645 5583 2750 5638 duo
2779 5589 3033 5660 germani
3074 5585 3252 5658 parili
3310 5587 3582 5656 languore
3633 5589 3721 5646 de-

2069 5651 2266 5723 pressi,
2300 5665 2428 5704 mox
2450 5650 2821 5711 decubuerurit
2852 5650 3088 5712 lectulof
3408 5650 3430 5656 ⁷
3707 5681 3709 5687 -
