3894 6214
167 355 277 420 605

1306 357 1698 423 VALCANDI
1743 359 1928 421 VI'l‘A
1975 358 2037 420 S.
2085 354 2454 420 DEODATI.

3459 355 3580 420 606

163 491 276 547 huc
306 489 675 563 properanti,
702 490 922 547 excitus
943 490 1104 565 gravi
1131 489 1501 548 incommodo
1521 491 1612 548 sui
1636 496 1692 548 et
1720 508 1821 564 spe
1849 495 1903 559 Α
1933 493 2060 546 tum
2089 490 2358 559 vocitato,
2393 490 2624 547 detersa
2666 488 2911 564 caligine
2950 488 3247 560 caecitatis,
3280 510 3341 550 se
3373 490 3483 550 sibi
3514 493 3582 548 li-

166 579 428 636 beneficii
462 579 639 635 aﬁ‘uit
668 597 800 636 cum
849 598 1089 637 munere
1127 581 1407 638 manuali.
1442 583 1618 637 Nocte
1653 581 1831 655 igitur

158 667 421 742 precibus
450 667 728 740 impensa
758 686 861 725 nec
892 673 1125 742 sperata
1155 669 1516 726 exhilaratus
1578 670 1826 744 medela,

165 758 307 813 facto
339 773 516 814 mane
550 758 762 814 obnixe
806 759 1107 832 satagebat
1139 760 1387 815 revisere
1435 759 1688 831 pr0pria.
1721 759 1826 815 Sed

168 846 301 918 quid
334 850 472 918 aget
514 847 874 903 miserabilis
925 848 1258 921 quibusque
1307 847 1720 904 festinantibus
1767 863 1829 903 se

161 934 395 991 reddere
424 936 711 1008 propriis,
747 936 841 992 hic
873 936 1179 1009 stipendiis
1218 936 1475 992 haerebat
1507 935 1738 1002 alienis,
1771 953 1829 1003 et

157 1021 369 1096 duplici
427 1023 648 1080 anxius
710 1026 905 1093 modo,
941 1025 1059 1080 sive
1107 1026 1263 1098 quod
1311 1027 1546 1080 carebat
1595 1030 1827 1097 sperato

161 1110 461 1183 beneficio,
483 1112 579 1168 vel
610 1115 768 1185 quod
801 1113 1072 1169 familiari
1096 1114 1329 1186 tugurio
1351 1114 1708 1182 vecordium,
1733 1114 1829 1175 ab-

158 1201 344 1272 jactus
375 1199 928 1274 ludibrio,quidam
960 1206 1154 1258 tamen
1189 1203 1436 1258 fratrum
1472 1219 1710 1257 manum
1743 1201 1825 1268 illi

163 1289 491 1362 porrigens,
528 1291 604 1346 ad
640 1290 834 1346 locum
868 1291 966 1364 qui
1000 1291 1213 1346 dicitur
1236 1290 1610 1347 Visio-Vallis
1642 1307 1827 1362 usque

163 1377 424 1434 medium
477 1379 746 1435 deduxit.
783 1380 887 1435 Ubi
929 1381 1166 1436 tandem
1199 1380 1374 1436 homo
1423 1395 1738 1452 erumpens
1769 1378 1825 1434 in

159 1467 630 1538 querimoniam,
673 1468 1086 1525 miserabiliter
1123 1470 1396 1525 detestari
1428 1468 1826 1524 infelicitatem

155 1571 319 1612 suam
354 1555 455 1611 his
489 1557 693 1612 verbis
718 1557 892 1630 coepit
918 1573 932 1613 :
959 1558 1079 1613 Heu
1104 1557 1263 1630 piget
1285 1562 1387 1613 aut
1409 1557 1584 1630 pudet
1611 1574 1704 1613 me
1725 1557 1827 1613 mi-

157 1661 349 1700 serum
376 1644 660 1718 attigisse
681 1645 789 1701 bas
811 1650 1008 1718 partes
1029 1651 1085 1702 et
1106 1647 1247 1702 adeo
1273 1647 1604 1702 diffamatus
1627 1647 1830 1701 adesse

159 1737 438 1806 patronos
470 1751 544 1791 ac
582 1735 811 1791 Patres!
868 1734 1268 1808 divulgabitur
1309 1735 1535 1791 cunctis
1559 1751 1652 1789 me
1683 1735 1826 1789 infe-

149 1821 504 1880 licissimum
542 1827 604 1879 et
647 1823 1082 1896 nequissimum
1125 1823 1462 1880 mortalium
1496 1841 1642 1886 esse,
1677 1824 1828 1878 sicut

153 1928 305 1967 nunc
337 1912 622 1984 experior
665 1917 722 1968 et
767 1912 952 1968 fateor
981 1912 1223 1985 integre.
1257 1912 1301 1968 Ο
1331 1917 1473 1984 quot
1523 1917 1580 1967 et
1628 1917 1830 1984 quanti

154 2000 322 2073 parili
336 2000 770 2058 vehementiori
780 2018 891 2073 que
910 2001 1226 2056 infortunio
1245 1999 1460 2056 detenti
1482 2016 1582 2071 per
1596 2003 1829 2055 sanctos

153 2087 285 2144 illos
305 2093 453 2145 sunt
471 2089 696 2161 adepti,
715 2107 870 2145 nunc
891 2107 984 2145 me
1001 2107 1207 2154 unum,
1224 2089 1306 2144 uti
1325 2089 1702 2162 perspicuum
1721 2093 1828 2148 est,

153 2176 554 2234 infeliciorem
612 2177 1038 2236 infelicissimis
1086 2180 1272 2235 redire
1320 2178 1564 2251 contigit
1609 2177 1830 2250 absque

156 2266 362 2323 effectu
393 2267 548 2324 voti.
581 2267 711 2322 Haec
743 2271 917 2339 atque
961 2268 1301 2340 hujusmodi
1348 2267 1516 2340 plura
1546 2267 1828 2322 animosis

163 2371 294 2410 cum
327 2359 798 2428 prosequeretur
840 2355 1116 2428 querelis,
1142 2355 1439 2420 obtinente
1470 2353 1829 2426 praestantis-

162 2443 308 2499 sime
340 2444 548 2500 ubivis
568 2443 877 2516 preesentia
898 2444 1219 2500 amicorum
1249 2445 1365 2511 Dei,
1391 2459 1575 2498 unum
1599 2443 1828 2497 effecto-

162 2548 293 2587 rum
325 2549 471 2588 cum
504 2531 606 2587 illo
636 2535 693 2588 et
719 2532 777 2586 in
811 2531 907 2587 illo
936 2533 1034 2605 qui
1066 2537 1123 2588 et
1157 2533 1371 2604 ubique
1402 2535 1457 2586 et
1487 2547 1742 2604 praesens
1773 2534 1830 2585 et

155 2624 369 2691 potens
403 2621 609 2678 existit
638 2620 697 2676 in
728 2619 852 2676 loco
893 2638 961 2676 ex
991 2625 1271 2693 proventu
1303 2621 1577 2694 genuino,
1613 2618 1825 2675 Corile-

1938 579 2144 634 berum
2171 579 2394 635 itineris
2415 579 2624 635 ducem
2647 579 2937 636 redditum
2961 597 3029 636 ex
3055 581 3348 654 insperato
3381 583 3582 650 sensit,

1937 684 2002 724 ac
2034 667 2248 724 oblitus
2279 667 2526 740 querelae
2550 668 2734 741 jugis,
2761 669 2953 725 verbis
2985 669 3291 726 affectibus
3323 670 3583 737 mutatis,

1938 761 2171 828 repente
2197 757 2328 811 duci
2364 773 2469 812 suo
2501 757 2969 829 gratulabundus
3001 757 3193 830 inquit
3219 776 3263 812 ;‹‹
3298 759 3477 814 Video
3508 763 3584 830 te,

1938 845 2232 918 silvasque
2264 845 2399 900 hinc
2432 846 2588 914 inde,
2612 851 2668 901 et
2697 846 2755 902 in
2778 846 3006 903 cunctis
3029 863 3121 904 me
3146 847 3334 903 sentio
3359 863 3588 919 compo-

1937 938 2052 989 tem
2085 933 2208 989 viae.
2240 934 2399 989 Totis
2447 933 2642 1006 itaque
2686 935 2900 990 animis
2950 935 3215 1007 ingentes
3263 934 3587 1008 gratiarum

1937 1022 2192 1078 actiones
2234 1023 2439 1078 divinae
2470 1023 2936 1096 Omnipotentiae,
2971 1025 3422 1096 efﬁcacibusque
3453 1042 3588 1080 san-

1937 1116 2160 1167 ctorum
2193 1129 2340 1184 quos
2371 1112 2741 1168 miserrimus
2781 1112 2898 1168 adii
2938 1113 3164 1168 meritis
3193 1114 3397 1181 refero,
3431 1115 3586 1184 quod

1937 1217 2029 1255 me
2072 1201 2216 1254 mihi
2271 1202 2549 1256 donatum
2608 1203 3157 1274 agnosco.»La3tus
3215 1218 3353 1276 ergo
3414 1203 3591 1259 frater

1936 1288 2132 1343 lautum
2167 1289 2392 1345 dimisit
2422 1290 2492 1344 ad
2535 1308 2658 1345 sua.
2694 1294 2824 1361 Ipse
2856 1291 3100 1346 cmnobii
3135 1297 3400 1364 repetens
3430 1291 3586 1347 clau-

1936 1382 2079 1446 stra,
2115 1375 2345 1449 utrique
2393 1377 2556 1434 lzetos
2607 1379 2943 1447 efficientes,
2977 1378 3069 1435 hic
3119 1381 3456 1450 monachos,
3493 1379 3589 1436 ille

1935 1467 2203 1538 populos,
2229 1466 2329 1520 ubi
2363 1471 2677 1521 narrarunt
2705 1471 2869 1537 gesta
2891 1467 2948 1521 in
2971 1467 3082 1522 via.
3107 1468 3208 1523 His
3243 1468 3588 1523 innumeris-

1937 1572 2048 1627 que
2081 1554 2210 1609 aliis
2253 1555 2552 1610 miraculis
2604 1556 2890 1610 hactenus
2949 1556 3112 1612 locus
3171 1558 3326 1612 idem
3379 1557 3586 1612 divinae

1937 1644 2294 1716 dignationis
2324 1643 2645 1716 cpitulante
2677 1661 2917 1700 munere
2943 1645 3170 1701 claruit.
3199 1647 3330 1711 Quae
3360 1663 3464 1719 pro
3496 1647 3586 1702 sui

1935 1733 2121 1804 ecpia,
2150 1732 2500 1805 scriptorum
2551 1750 2782 1805 quoque
2824 1734 3041 1806 inopia,
3075 1751 3139 1789 ac
3183 1733 3463 1790 lectorum
3495 1752 3587 1791 so-

1934 1821 2131 1876 cordia
2164 1822 2320 1892 prior
2351 1826 2490 1876 mtas
2523 1827 2623 1876 aut
2655 1822 2922 1877 fundit-us
2953 1822 3238 1894 attingere
3269 1823 3588 1890 exhorruit,

1939 1915 2040 1965 aut
2071 1911 2160 1964 vix
2191 1911 2442 1980 alicujus
2463 1910 2692 1966 inculta
2721 1911 3245 1983 argumentationis
3274 1911 3588 1984 exemplari

1941 1998 2243 2054 notiticare
2303 1998 2509 2054 saltem
2571 2005 2825 2054 extrema
2851 1999 3034 2054 valuit
3076 1999 3161 2055 vel
3192 1999 3404 2068 voluit;
3463 2000 3590 2073 ipse

1938 2103 2070 2142 vero
2102 2105 2314 2142 manus
2345 2087 2481 2143 dare
2511 2087 2914 2143 inobedientire
2945 2089 3163 2144 veritus
3195 2088 3590 2161 qualicunque

1938 2173 2184 2230 lectione
2207 2175 2502 2248 incompta
2535 2176 2735 2244 latere,
2761 2177 2987 2232 futuros
3018 2177 3260 2234 minime
3291 2194 3422 2233 sum
3455 2194 3587 2250 pas-

1939 2281 2060 2318 sus.
2088 2264 2169 2335 [Si
2209 2264 2344 2334 quis
2372 2280 2506 2319 vero
2539 2263 2752 2318 librum
2788 2265 3206 2321 miraculorum
3259 2281 3438 2338 super
3468 2265 3589 2320 haec

1939 2357 2337 2408 transcurrere
2361 2352 2675 2420 studuerit,
2697 2353 3152 2409 evidentissimis
3175 2369 3488 2425 agnoscere
3509 2353 3590 2408 in-

1939 2441 2106 2497 diciis
2135 2441 2371 2512 poterit,
2395 2445 2651 2513 quantus
2682 2441 2776 2497 hic
2807 2443 3012 2498 beatus
3042 2447 3212 2499 Pater
3241 2447 3438 2498 noster
3467 2442 3586 2498 Hil-

1939 2529 2033 2585 du]
2043 2529 2196 2602 phus
2226 2528 2528 2594 exstiterit,
2549 2529 2868 2602 qualesque
2895 2530 3050 2587 viros
3079 2532 3337 2587 dictante
3367 2531 3588 2603 Spiritu

1937 2623 2138 2675 sancto
2169 2622 2382 2674 sanctae
2418 2618 2686 2674 Ecclesiae
2715 2619 3089 2691 educaverit.j

795 2908 959 2997 DE
1035 2905 2043 3003 SUCCESSORIBUS
2117 2905 2207 2998 S.
2272 2904 2962 3012 HILDULPHI

1289 3086 1366 3146 ΙΝ
1417 3079 1925 3147 MONASTERIO
1969 3084 2451 3145 MEDIANENSI

1203 3243 1363 3313 (Vide
1391 3244 1723 3314 Patrologiae
1753 3247 1875 3298 tom.
1908 3242 2242 3309 CXXXVIII,
2269 3242 2371 3297 col.
2404 3241 2552 3312 203.)

532 3520 1088 3677 VITA
1226 3516 2047 3676 SANCTI
2189 3409 3203 3678 DEODATI

1161 3890 1314 3993 DE
1410 3889 1902 4000 SANCTO
2001 3893 2590 4000 DEODATO

360 4084 678 4146 PRIMUM
712 4085 1092 4146 EPISCOPO
1126 4085 1630 4161 NIVERNENSI,
1662 4087 1847 4147 DEIN
1882 4087 2195 4148 ABBA'I‘E
2225 4088 2507 4148 VALLIS
2541 4089 3033 4150 GALILAEIE'IN
3067 4091 3381 4152 VOSAGO

1126 4252 2050 4344 COMMENTARIUS
2106 4257 2617 4345 PBZEVIUS

1011 4429 1165 4497 (Acta
1194 4433 1509 4485 sanctorum
1538 4432 1813 4500 Bolland.,
1843 4431 2005 4488 Junii
2048 4436 2088 4488 t.
2125 4432 2218 4498 IIl,
2251 4433 2343 4488 die
2375 4433 2462 4500 19,
2495 4450 2552 4504 p.
2585 4435 2734 4505 869.)

1669 4591 2079 4604 _——d

1139 4691 1226 4750 De
1255 4689 1449 4750 sancti
1478 4689 1673 4763 cultu,
1709 4691 1855 4764 vita,
1891 4698 2073 4752 astate
2104 4711 2175 4752 ac
2205 4692 2601 4753 monasterio.

230 4875 567 4948 LVosagus
584 4873 1424 4948 mons,saltus,silva,eremus
1441 4875 1813 4948 per-conﬁnia
1841 4877 1884 4946 α
1924 4877 2326 4948 ᾳιιοάίροεὶθε
2371 4877 2440 4931 ad
2492 4877 2757 4932 ordinem
2818 4878 3434 4936 Praemonstratensem
3489 4885 3579 4938 est

166 4944 408 5019 Alsatiaa,
434 4944 784 5019 Burgundia:
806 4952 862 5000 et
893 4946 1266 5019 potissimum
1299 4944 1684 5019 Lotharingiaa
1715 4963 1809 5003 ex-

167 5018 446 5085 tenditur;
481 5016 1010 5089 priabuitqueolim
1052 5016 1230 5089 variis
1259 5017 1500 5084 sanctis,
1533 5016 1653 5072 tam
1683 5035 1811 5073 ere-

167 5089 342 5160 mitis,
376 5087 556 5160 quam
598 5087 923 5160 ccenobitis,
957 5087 1254 5144 domicilia
1297 5104 1399 5143 seu
1430 5089 1808 5145 monasteria.

167 5156 312 5216 Inter
342 5156 466 5215 base
496 5159 722 5231 potiora
758 5159 1018 5231 quinque
1058 5160 1447 5214 censebantur
1475 5160 1533 5214 in
1569 5162 1809 5216 modum

167 5232 351 5286 crucis
379 5231 665 5298 distenta;
697 5247 764 5286 ex
790 5231 1005 5302 quibus
1035 5231 1095 5302 in
1119 5232 1304 5302 capite
1334 5232 1550 5286 eratad
1581 5237 1810 5301 septen-

165 5302 435 5369 trionem,
465 5301 717 5358 Bodonis
765 5301 1198 5358 monasterium
1230 5320 1264 5357 a
1307 5303 1363 5356 S.
1401 5303 1632 5356 Bodone
1680 5303 1812 5358 Tul-

165 5369 305 5454 lensi
327 5374 632 5454 episcopo,
661 5373 835 5454 cujus
866 5372 1040 5454 infra
1070 5372 1241 5454 latior
1282 5373 1351 5452 fit
1380 5373 1808 5454 ‘mentioLcon-

166 5443 473 5511 structum,
484 5443 612 5516 jam
643 5443 905 5516 diritum.
940 5444 1079 5499 Inde
1109 5444 1181 5498 ab
1211 5443 1430 5499 oriente
1461 5449 1549 5500 est
1570 5468 1598 5494 «
1631 5445 1808 5501 Seno-

167 5529 339 5571 nense
387 5515 832 5580 monasterium,
880 5532 914 5570 a
960 5520 1016 5569 S.
1057 5516 1374 5570 Gumberto
1423 5532 1526 5570 seu
1575 5516 1808 5572 Gundo-

166 5585 399 5658 gIOberto
449 5586 884 5658 archiepiscopo
916 5608 943 5637 ››
986 5585 1305 5658 Senonensi
1350 5587 1672 5653 cond-itum,
1727 5591 1806 5644 uti

167 5652 338 5714 latius
394 5658 469 5713 ad
526 5652 705 5728 hujus
739 5652 952 5725 Vitam,
997 5659 1076 5728 2t
1113 5657 1365 5728 Feruarii
1401 5665 1488 5713 est
1541 5652 1808 5728 relatum,

170 5730 312 5804 quod
336 5730 511 5804 modo
530 5727 716 5804 exstat
736 5728 847 5804 sub
869 5727 1337 5804 Benedictina_S_.
1355 5729 1546 5785 Vitoni
1571 5727 1808 5804 congreé

171 5801 416 5872 satione.
441 5799 483 5855 E
516 5799 750 5872 regione
778 5799 854 5872 ab
887 5799 1183 5856 occidente
1206 5799 1482 5872 visitatur
1512 5799 1811 5860 monaste-

171 5870 315 5930 rium
330 5870 684 5945 Stinagium,
696 5871 870 5944 vulgo
885 5874 1135 5939 Estinan,
1151 5871 1224 5931 ad
1242 5870 1530 5932 Mortham
1548 5873 1807 5941 ﬂuvium,

1923 4947 2296 5003 translatum.
2334 4948 2555 5003 Ibidem
2587 4948 2763 5004 etiam
2805 4949 3096 5004 invenitur
3118 4975 3145 4998 ‹‹
3179 4950 3436 5008 Medium
3471 4970 3575 5009 seu

1919 5019 2253 5094 Medianum
2309 5019 2818 5094 Mona_sterium,a
2866 5021 2924 5075 S.
2961 5021 3298 5094 Hildulpho,
3331 5023 3576 5082 dimisso

1921 5089 2425 5169 archi‘episcopatu
2444 5089 2779 5169 _Trevire_nsi
2805 5115 2831 5139 ››
2855 5097 3110 5169 erectum
3130 5111 3143 5161 ;
3162 5089 3237 5169 de
3269 5111 3384 5165 quo
3415 5098 3574 5169 ejus-

1922 5179 2034 5234 que
2067 5161 2371 5236 fu'ndatOre
2397 5161 2657 5236 plurima
2687 5162 2839 5218 infra
2860 5163 3145 5219 dicentur.
3174 5161 3368 5236 Ipsum
3401 5161 3574 5223 modo

1921 5249 2053 5288 cum
2086 5234 2407 5288 Senonensi
2442 5240 2820 5306 aggregatum
2853 5242 2943 5289 est
2973 5234 3356 5292 Benedictinae
3387 5242 3441 5292 Β.
3475 5239 3573 5292 Vi-

1918 5306 2040 5377 toni
2067 5306 2523 5377 congregationi.
2549 5306 2967 5360 Monasterium
2997 5307 3233 5362 demum
3258 5306 3574 5365 Vallis-Ga-

1918 5375 2622 5451 lilazze,_quod'Juncturas
2642 5377 2928 5451 dixerant,
2955 5378 3022 5451 ad
3042 5377 3376 5451 meridiem,
3402 5379 3571 5451 quasi

1920 5448 1980 5529 in
2020 5449 2166 5529 pede
2213 5448 2646 5529 cru_cis,.quam_
2683 5448 2800 5529 ista
2829 5448 3094 5529 cmnobia
3141 5448 3481 5529 formantﬁi
3511 5453 3570 5529 ετ

1919 5517 2195 5586 Deodato,
2230 5521 2399 5590 cujus
2429 5517 2523 5574 hic
2552 5521 2692 5574 Acta
2736 5517 3124 5584 illustramus,
3158 5519 3458 5576 conditum
3518 5526 3576 5579 et

1919 5589 2215 5646 excultum
2257 5589 2392 5657 fuit;
2446 5591 2728 5661 obituque
2756 5589 3062 5661 ejusdem,
3089 5595 3146 5646 et
3176 5590 3479 5661 sepultura
3507 5610 3574 5651 ac

1921 5607 2215 5646 excurtum
2257 5607 2392 5657 ruit;
2446 5607 2606 5644 cuitu
2658 5607 2728 5643 ue
2775 5607 3062 5658 eJusaem,
3089 5607 3146 5646 et
3176 5607 3479 5661 sepultura
3507 5610 3572 5651 ac

1921 5661 2220 5739 miraculis
2246 5661 2499 5739 clarum;
2535 5607 2688 5739 unae
2719 5658 2921 5739 abillo
2945 5661 3071 5731 jam
3091 5663 3326 5739 pridem
3361 5681 3572 5739 nomen

1921 5733 2142 5805 accepit
2198 5732 2501 5805 oppidum,
2535 5731 2691 5805 quod
2724 5730 2912 5805 eidem
2953 5730 3254 5805 paulatim
3301 5736 3572 5801 accrevit,

1921 5804 1994 5886 ad
2040 5799 2568 5886 dictum—ﬂuvium,
2606 5799 2917 5886 M’ort‘ham,
2949 5799 3570 5886 vulgo_Saz:nt:t)ié-eyié

1919 5876 2186 5933 Lorraine
2215 5876 2620 5944 nuncupatum
2652 5871 2762 5944 (est
2806 5872 2963 5928 enim
2995 5871 3153 5932 aliud
3203 5876 3272 5932 ad
3319 5874 3567 5946 Ligerim
