3894 6214
314 352 420 413 6H

979 510 1314 517 ————_~—_A_

1033 350 1220 411 SEC.
1267 350 1343 410 ΧΙ
1388 348 1613 410 AUCT.
1662 348 1974 409 lNCERTl
2019 349 2206 410 ANNI
2238 347 2349 410 ἘΤ
2395 349 2717 412 SCRIPTI.
2764 359 2987 408 ἈΔΕΣΠ.

3597 347 3724 407 ’612

1808 507 3724 540 w

1226 672 1652 809 VITA
1756 673 1892 808 S.
1987 673 2794 812 DEODATI

625 894 905 955 Primum
933 911 970 953 a
1000 891 1371 969 Deodatensi
1402 892 1708 953 monacho
1737 893 1989 971 scripta,
2022 891 2163 952 dein
2193 911 2230 952 a
2260 892 2704 954 Mediolauensi
2732 893 2960 954 abbate
2991 892 3386 972 interpolata.

1400 1025 1483 1078 Ea:
1513 1041 1612 1079 ms.
1645 1025 1922 1081 codicibus
1953 1029 2002 1080 ct
2031 1024 2269 1080 editione
2295 1025 2609 1080 Nancz'ana.

836 1281 1067 1337 CAPUT
1107 1280 1417 1336 PRIMUM.

422 1399 600 1465 Ortus,
635 1399 970 1469 cpiscOpatus
1000 1398 1362 1464 Niversensz’s,
1393 1398 1504 1451 vita
1524 1398 1798 1452 solitaria.

368 1549 417 1604 l.
451 1547 744 1604 Catholica
801 1547 968 1614 fides,
1000 1550 1056 1602 et
1094 1545 1427 1602 Christiana
1483 1547 1689 1618 pietas,
1724 1551 1943 1619 quanto

294 1637 548 1693 vivacius
567 1637 749 1691 aciem
777 1636 991 1691 mentis
1014 1635 1072 1690 in
1108 1634 1498 1691 invisibilibus
1531 1626 1750 1707 deﬁgit,
1781 1640 1943 1690 tanto

294 1725 532 1800 segnius
561 1723 816 1780 visibilia
846 1724 1113 1792 attendit,
1148 1724 1287 1796 quia
1325 1741 1528 1780 eorum
1569 1725 1823 1780 vanitate
1881 1741 1943 1780 se

295 1830 468 1886 posse
497 1814 698 1870 caecari
726 1812 1173 1880 animadvertit;
1200 1830 1304 1867 nec
1335 1813 1624 1868 mulcetur
1644 1813 1945 1885 qualicun-

294 1919 406 1975 que
423 1903 615 1974 specie
642 1902 1018 1967 caducorum,
1053 1918 1183 1973 quae
1215 1901 1463 1958 miratur
1495 1907 1554 1957 et
1583 1903 1767 1957 ambit
1792 1904 1946 1957 ﬂuxa

293 1991 622 2047 carnalium
654 1990 964 2046 curiositas
994 1990 1268 2056 exterius,
1321 1991 1600 2062 quoniam
1662 1995 1764 2046 aut
1794 1991 1945 2046 foeda

293 2080 732 2145 interdum,aut
768 2095 950 2135 vacua
981 2079 1136 2134 novit
1166 2079 1436 2135 interius.
1468 2083 1512 2134 A
1545 2080 1760 2151 quibus
1813 2080 1942 2136 ideo

199 2204 215 2216 ι
292 2169 491 2224 oculos
511 2167 1028 2239 avertitquatenus
1059 2168 1172 2224 veri
1207 2173 1264 2223 et
1296 2169 1466 2224 solidi
1521 2168 1654 2224 boni
1690 2168 1941 2224 oblecta-

295 2256 452 2312 mine
475 2257 534 2311 in
557 2261 842 2311 aeternum
870 2257 1085 2328 perfrui
1118 2256 1341 2328 possit;
1378 2258 1550 2328 cujus
1586 2258 1781 2313 sobrio
1811 2257 1942 2312 vino

290 2345 714 2401 sicinebriatur
737 2351 800 2400 ut
823 2345 1177 2418 ignoretquo
1194 2346 1427 2402 tramite
1457 2345 1528 2401 ad
1556 2346 1677 2402 haec
1708 2347 1944 2402 infirma

291 2438 636 2490 revertatur.
663 2435 749 2490 Ad
778 2434 1122 2505 hujusmodi
1155 2451 1383 2490 merum
1417 2435 1500 2489 sic
1533 2452 1639 2490 nos
1677 2435 1944 2490 hortatur

287 2522 591 2578 Canticum
624 2523 983 2578 canticorum
1019 2541 1031 2577 :
1068 2524 1260 2590 Bibz'te,
1285 2525 1472 2587 amici,
1495 2528 1545 2578 et
1587 2524 1944 2578 inchriamini

286 2611 600 2667 charissimi
619 2611 802 2680 (Cant.
835 2629 888 2679 χ,
925 2613 997 2682 1).
1030 2611 1254 2666 Animze
1285 2612 1536 2666 ebrietas
1567 2613 1802 2683 gemina
1833 2617 1937 2678 est;
1972 2647 2018 2712 B

286 2705 389 2755 aut
409 2699 564 2755 enim
586 2699 874 2754 incbriata
895 2715 1092 2754 amore
1115 2698 1334 2763 smculi,
1375 2700 1743 2755 obliviscitur
1771 2704 1936 2756 Crea-

286 2787 432 2842 toris
490 2788 602 2856 sui,
637 2791 737 2842 aut
795 2787 1082 2842 inebriata
1114 2785 1390 2858 praeclaro
1430 2787 1608 2843 calice
1639 2788 1938 2844 charitatis

287 2875 412 2940 Dei,
437 2875 520 2932 sic
546 2876 818 2930 ardenter
855 2873 1110 2929 adhaeret
1141 2873 1434 2930 Conditori
1484 2880 1547 2930 ut
1580 2893 1691 2931 non
1724 2877 1938 2932 sentiat

287 2962 574 3036 quidquid
607 2967 696 3017 est
728 2962 951 3017 mundi.
981 2963 1142 3027 Quod
1177 2963 1508 3034 frequenter
1547 2965 1822 3020 audimus
1882 2971 1938 3022 et

286 3051 552 3106 videmus
573 3051 812 3121 factum,
835 3051 1069 3122 quando
1092 3049 1356 3106 nonnulli
1382 3069 1484 3123 pro
1508 3053 1795 3109 desiderio
1807 3054 1938 3110 vitae

283 3144 532 3207 aeternae,
567 3143 840 3212 parentes
883 3140 1077 3195 carnis
1135 3145 1192 3195 et
1240 3141 1488 3212 patriam
1549 3159 1745 3212 suam,
1776 3144 1936 3200 nullo

285 3227 688 3301 compellente,
722 3228 832 3284 sub
855 3227 1002 3300 jugo
1033 3228 1270 3284 Patrum
1302 3230 1695 3302 spiritualium
1727 3231 1933 3287 victuri

287 3317 547 3389 fugiunt;
572 3321 629 3373 et
649 3316 945 3388 quondam
966 3315 1121 3384 elati,
1142 3317 1386 3389 cupiunt
1411 3335 1540 3374 esse
1573 3320 1725 3391 quod
1761 3319 1932 3390 paulo

284 3411 418 3461 ante
455 3406 929 3478 despexerant,et
953 3405 1146 3460 odisse
1174 3405 1463 3478 incipiunt
1493 3408 1648 3479 quod
1680 3409 1930 3463 fuerant.

283 3497 668 3550 Amarescunt
695 3494 781 3550 eis
812 3493 951 3549 olim
983 3493 1198 3561 dulcia,
1222 3500 1280 3550 et
1310 3495 1654 3552 dulcescunt
1683 3514 1884 3552 amara
1917 3515 1929 3565 ;

281 3599 556 3654 prospera
587 3581 926 3648 formidant,
960 3582 1204 3637 adversa
1224 3587 1516 3655 ex0ptant,
1549 3584 1710 3640 obliti
1745 3584 1932 3640 facul-

281 3676 467 3728 tatum
499 3689 762 3739 suarum,
780 3671 1162 3742 omniumque
1180 3672 1502 3727 carnalium
1528 3674 1926 3743 atl'ectionum;

282 3777 386 3816 nec
418 3761 769 3833 importunis
802 3759 1035 3814 fletibus
1067 3761 1384 3832 conjugum
1437 3769 1798 3835 revocantur,
1828 3782 1927 3820 seu

281 3849 493 3920 pietate
517 3847 1012 3920 parvulorum,sic
1037 3847 1231 3902 festini
1263 3849 1334 3903 ad
1360 3847 1616 3906 laborem
1657 3852 1822 3924 quasi
1857 3854 1928 3908 ad

283 3937 565 4008 requiem.
595 3936 713 3990 Hoc
751 3935 936 3990 sancti
972 3935 1222 4007 Spiritus
1256 3943 1448 3994 musto
1481 3940 1720 4011 quidam
1752 3941 1926 4012 pleni,

1980 1284 2035 1350 Α
2066 1286 2144 1338 De
2167 1280 2376 1337 virtute
2397 1281 2455 1336 in
2472 1281 2744 1337 virtutem
2769 1282 2984 1353 itaque,
3001 1298 3102 1354 per
3125 1280 3311 1336 aetatis
3351 1280 3716 1338 incrementa

2054 1369 2345 1442 gradatim
2378 1371 2588 1438 eundo,
2606 1376 2836 1444 gratum
2861 1387 2923 1425 se
2958 1387 3025 1425 ex
3047 1369 3284 1442 gemina
3303 1369 3590 1426 charitate
3618 1387 3713 1426 ex-

2055 1458 2293 1513 hibebat
2315 1462 2428 1513 Deo
2460 1463 2516 1514 et
2546 1458 2783 1530 populo,
2826 1457 3062 1513 divitias
3091 1458 3322 1526 salutis,
3357 1458 3707 1530 sapientiam

2052 1545 2321 1601 videlicet
2360 1563 2427 1601 ac
2449 1546 2782 1615 scientiam,
2809 1546 3143 1618 pariterque
3164 1546 3433 1602 timorem
3457 1546 3708 1612 Domini,

2053 1633 2496 1706 infatigabiliter
2526 1634 2938 1706 complectens,
2973 1652 3076 1706 pro
3109 1633 3541 1707 incorruptibili
3584 1635 3710 1692 the-

2054 1739 2247 1778 sauro.
2269 1723 2531 1778 Tandem
2554 1723 2678 1794 pari
2700 1727 2756 1779 et
2779 1723 2950 1778 unico
2982 1740 3228 1779 assensu
3252 1723 3390 1779 cieri
3418 1727 3477 1779 et
3499 1722 3710 1795 plebis,

2055 1811 2229 1866 aDeo
2275 1812 2386 1878 (cui
2438 1828 2499 1866 se
2561 1817 2747 1867 totum
2807 1813 3067 1880 dederat)
3092 1813 3259 1883 juxta
3310 1811 3570 1868 nominis
3613 1813 3710 1868 sui

2053 1900 2350 1971 exemplar
2365 1901 2618 1956 donatus
2640 1905 2729 1955 est
2749 1900 3045 1973 pontiﬁcio
3068 1901 3358 1968 Nivernis,
3390 1918 3465 1958 ne
3496 1904 3702 1957 sancta

2053 1990 2181 2058 ejus
2211 1989 2362 2043 actio
2395 1988 2618 2042 diutius
2652 1987 2857 2045 lateret
2901 1989 3012 2044 sub
3033 1989 3248 2057 modio,
3282 1988 3440 2045 velut
3467 1987 3710 2045 lucerna

2053 2077 2499 2149 praeclarissima
2520 2077 2934 2154 decentissimo
2961 2077 3314 2151 praeﬁgenda
3327 2077 3704 2148 candelabro,

2054 2171 2115 2221 ut
2143 2172 2261 2221 tam
2305 2167 2478 2221 verbo
2519 2183 2693 2238 quam
2750 2167 2898 2222 facto
2944 2166 3161 2222 luceret
3191 2167 3467 2223 omnibus
3499 2165 3558 2222 in
3591 2164 3705 2222 Do-

2055 2255 2196 2309 mini
2231 2254 2582 2310 sanctuario.
2613 2255 2773 2319 Quod
2807 2259 3029 2326 quanta
3075 2255 3381 2312 devotione
3422 2259 3480 2311 et.
3529 2254 3706 2311 indu-

2053 2344 2215 2411 stria,
2251 2344 2360 2399 sub
2421 2343 2606 2398 infula
2663 2343 3006 2416 pontificali,
3067 2343 3467 2413 illustraverit,
3529 2361 3707 2400 nemo

2053 2433 2311 2504 priorum
2339 2431 2604 2504 ambigit,
2630 2433 2864 2504 quando
2888 2449 3120 2488 omnem
3154 2434 3282 2504 ejus
3314 2432 3548 2488 laudem
3567 2433 3707 2489 ﬁnis

2052 2521 2340 2592 perfectus
2359 2519 2531 2575 canit.
2552 2521 2614 2574 In
2630 2537 2744 2592 quo
2766 2521 3132 2593 pernoscitur
3156 2519 3374 2577 clarius
3404 2519 3537 2577 luce
3565 2538 3706 2578 eum

2051 2609 2108 2662 in
2139 2609 2476 2680 episcopatu
2511 2625 2625 2663 non
2660 2626 2785 2676 sua,
2821 2611 2920 2664 sed
2954 2626 3080 2681 quae
3114 2614 3252 2665 sunt
3291 2610 3430 2666 Jesu
3479 2609 3707 2667 Christi

2052 2702 2276 2751 tantum
2301 2697 2579 2768 quaesisse
2611 2699 2721 2768 (23)
2749 2714 2883 2763 ;nec
2905 2698 3112 2752 saltem
3145 2699 3218 2754 ab
3253 2698 3595 2756 hominibus
3618 2715 3709 2755 re-

2045 2787 2361 2841 verentiam
2385 2787 2664 2852 debitam,
2686 2787 2785 2841 sed
2818 2803 2851 2841 a
2877 2787 2990 2842 Deo
3011 2787 3476 2844 ronumeratione
3500 2787 3696 2844 illiba-

2048 2880 2168 2931 tam
2203 2890 2271 2928 ex
2299 2874 2515 2930 honore
2548 2873 2647 2929 illo
2680 2882 2913 2946 optasse
2943 2875 3035 2931 cui
3068 2880 3193 2931 tam
3225 2875 3473 2948 perfecte
3514 2876 3705 2934 valuit

2047 2963 2402 3018 renuntiare.

2115 3053 2166 3106 3.
2202 3051 2462 3123 Denique
2491 3051 2903 3107 sanctissimus
2935 3051 3199 3119 antistes,
3229 3054 3448 3126 sagitta
3501 3053 3698 3110 chari-

2045 3140 2181 3195 tatis
2239 3139 2445 3194 divinae
2504 3139 2816 3196 salubriter
2872 3141 3232 3208 vulneratus,
3268 3141 3419 3198 trahi
3452 3147 3510 3198 et
3568 3160 3702 3198 cur-

2045 3245 2170 3284 rere
2219 3234 2349 3300 post
2378 3229 2584 3284 Jesum
2629 3230 2931 3301 expetebat
2960 3234 3119 3286 totus
3146 3231 3291 3300 (24);
3325 3232 3699 3302 perpendens

2045 3318 2333 3371 mundum
2393 3317 2450 3372 in
2513 3316 2769 3389 maligno
2824 3317 3080 3389 positum
3112 3320 3159 3388 (I
3211 3320 3370 3375 Joan.
3396 3336 3451 3386 v,
3473 3319 3553 3391 9),
3600 3336 3697 3376 se-

2044 3421 2156 3477 que
2189 3405 2246 3459 in
2281 3405 2473 3460 medio
2535 3405 2964 3461 scandalorum.
3002 3406 3224 3462 Etenim
3283 3406 3438 3463 sicut
3481 3425 3694 3480 super-

2041 3494 2249 3548 borum
2296 3498 2386 3549 est
2446 3493 2778 3562 minimum,
2813 3511 2915 3551 seu
2975 3499 3127 3551 certe
3185 3494 3265 3550 nil
3322 3495 3461 3551 boni
3522 3512 3697 3570 agere

2041 3587 2096 3637 et
2129 3581 2304 3638 semel
2343 3582 2801 3656 perfectissimos
2837 3583 2893 3637 in
2925 3582 3112 3639 oculis
3133 3583 3232 3639 Dei
3261 3584 3576 3653 aestimare,
3612 3585 3698 3641 sic

2041 3672 2297 3743 profecto
2341 3671 2654 3726 humilium
2704 3674 2810 3736 est,
2843 3688 2970 3742 qua
3002 3675 3291 3744 praecepta
3323 3677 3466 3728 sunt
3494 3674 3698 3730 omnia

2041 3759 2246 3825 facere,
2267 3776 2444 3831 seque
2485 3759 2725 3815 inutiles
2751 3776 2948 3815 servos
2974 3761 3121 3830 (Luc.
3156 3778 3291 3830 xvu,
3335 3762 3440 3833 lO),
3473 3766 3533 3818 et
3568 3779 3694 3818 om-

2041 3849 2214 3904 nibus
2240 3848 2582 3903 hominibus
2610 3847 2913 3903 inferiores
2944 3865 3008 3903 ac
3041 3847 3293 3915 viliores,
3328 3866 3444 3905 non
3499 3850 3696 3908 solum

2039 3955 2146 3994 suo
2177 3954 2276 3992 ore
2316 3936 2721 4008 pronuntiare,
2751 3953 2953 3993 verum
3011 3937 3188 3992 etiam
3242 3939 3450 3994 intimo
3502 3938 3696 3996 cordis

281 4025 694 4097 opulentarum
759 4023 992 4078 urbium
1059 4041 1299 4080 suarum
1361 4032 1500 4082 sunt
1542 4028 1704 4083 obliti
1733 4011 1791 4083 in
1826 4030 1934 4084 hac
1965 4011 2008 4077 C
2047 4027 2252 4081 alfectu
2273 4025 2526 4081 credere.
2548 4026 2770 4097 Quippe
2791 4042 2823 4080 a
2848 4025 3075 4081 malitia
3097 4026 3379 4095 conversi,
3413 4032 3472 4082 et
3503 4027 3697 4084 effecti

281 4127 536 4186 paupere
589 4112 836 4184 Vosego,
871 4111 1022 4167 fame
1068 4117 1124 4167 et
1173 4113 1382 4187 frigore
1441 4116 1738 4172 tabescere
1795 4135 1933 4172 con-

280 4200 446 4256 tenti.
475 4200 555 4256 De
588 4217 837 4273 quorum
899 4218 1142 4257 numero
1186 4203 1487 4275 piissimus
1544 4206 1711 4261 Pater
1737 4211 1936 4261 noster

285 4290 592 4357 Deodatus,
634 4290 927 4362 praecipuo
959 4291 1129 4346 nobis
1162 4292 1572 4364 praedicandus
1599 4299 1687 4350 est
1718 4312 1932 4367 przeco-

280 4379 379 4434 nio
407 4380 540 4446 (22).

352 4467 566 4525 Beatus
612 4469 904 4524 Deodatus
953 4486 1232 4541 generoso
1268 4470 1715 4527 occidentalium
1752 4473 1933 4528 Fran-

281 4574 482 4613 corum
543 4557 826 4628 sanguine
885 4562 1243 4629 procreatus,
1295 4575 1526 4614 morum
1587 4564 1643 4615 et
1693 4565 1931 4616 actuum

281 4645 662 4720 prterogativa
687 4645 743 4701 in
767 4663 884 4702 suae
907 4645 1188 4718 prosapiae
1223 4645 1376 4702 linea
1404 4647 1651 4704 eminuit
1683 4649 1930 4721 primus,

279 4735 546 4807 quamvis
572 4751 640 4790 ex
671 4734 929 4807 corporis
959 4733 1196 4789 aetatula
1225 4739 1562 4791 censeretur
1578 4742 1929 4810 postremus,

348 4893 458 4968 (22)
484 4892 863 4968 Hinc__i_ucipit
886 4910 998 4968 ms_.
1024 4892 1466 4968 Ultrajectinum
1502 4898 1929 4968 prmpositishis

273 4962 466 5017 verbis
487 4979 512 5051 ἐ
529 4984 578 5044 ,α
599 4962 1135 5051 ῬὶἰὲεἶιηυενΡθὶθξι
1159 4969 1356 5051 noster
1385 4962 1697 5049 Deodatus,
1728 4971 1928 5051 przeci-

279 5050 392 5104 puo
409 5033 576 5112 nobis
599 5033 768 5112 hodie
789 5036 1196 5112 pi'zedicandus
1216 5041 1307 5112 est
1328 5040 1614 5108 praeconio
1642 5033 1927 5112 quigenc-

275 5119 430 5170 roso,
467 5127 494 5152 ››
522 5109 653 5170 etc.,
687 5111 743 5160 et
775 5106 1010 5161 Secutus
1046 5106 1374 5162 Mosander.

347 5175 460 5246 (23)
493 5175 732 5232 Carolus
763 5177 816 5231 le
867 5176 1068 5232 Cointe
1099 5177 1169 5232 ad
1229 5195 1448 5233 annum
1481 5180 1606 5244 657,
1643 5196 1804 5234 num.
1839 5180 1929 5244 l6,

316 5246 495 5300 rofert
525 5270 553 5297 «
582 5247 991 5321 privilegium,
1013 5249 1168 5321 quod
1200 5249 1406 5321 Emmo
1452 5249 1928 5321 archiepiscopus

274 5263 495 5371 proteri.
525 5270 553 5297 «
589 5263 977 5319 privueglum,
1013 5263 1168 5319 quoo
1200 5263 1406 5304 nmmo
1452 5263 1925 5321 archiepiscopus

307 5318 629 5399 .enonensis
752 5319 1054 5399 Potri_-_V-iv_i
1090 5320 1146 5374 in
1176 5319 1395 5399 synodo
1427 5319 1667 5399 collecta
1691 5337 1925 5399 conces-

273 5388 368 5449 sit,
405 5410 442 5462 »Α
465 5389 558 5442 cui
589 5390 940 5462 subscripsit
967 5391 1116 5444 inter
1147 5375 1302 5462 alios
1361 5389 1687 5462 episcopus
1729 5375 1927 5447 Niver-
1957 5375 2004 5441 D

275 5460 501 5522 nensis,
535 5477 710 5530 quem
742 5460 793 5515 le
822 5459 1045 5516 'Cointe
1076 5459 1398 5513 arbitratur
1453 5459 1636 5515 fuisse
1676 5460 1833 5518 hunc
1866 5465 1923 5520 S.

275 5528 599 5584 Deodatum
627 5532 757 5584 ;sed
791 5531 860 5584 (si
894 5531 965 5584 is.
988 5533 1052 5583 ut
1079 5528 1202 5582 vult
1234 5529 1662 5584 Rizuetus.sub
1686 5550 1778 5584 an.
1798 5537 1923 5584 650-

275 5528 599 5586 Deodatum
627 5532 757 5598 ;sed
791 5531 860 5597 (si
894 5531 965 5596 is,
988 5533 1052 5583 ut
1079 5528 1202 5582 vult
1234 5529 1662 5657 Riguetus,sub
1686 5550 1778 5589 an.
1798 5537 1924 5602 6t0,

276 5605 344 5660 ut
374 5604 570 5659 autem
592 5618 718 5675 ego,
742 5603 869 5668 630,
901 5600 1239 5674 episcopatu
1273 5616 1306 5657 a
1348 5598 1438 5664 iit)
1479 5600 1650 5680 longe
1705 5613 1930 5667 exerrat

2044 4113 2101 4168 in
2134 4113 2318 4168 oculis
2350 4113 2474 4169 suis
2497 4114 2740 4186 parvuli,
2771 4114 3016 4169 Domino
3039 4115 3313 4187 parvulos
3335 4115 3693 4172 custodienti

2045 4203 2212 4273 (Psal.
2242 4219 2387 4269 cxw,
2422 4203 2476 4272 6)
2509 4203 2723 4257 deflent
2755 4207 2947 4258 mente
2978 4203 3229 4276 supplici
3265 4221 3277 4259 :
3311 4204 3697 4276 Imperfectum

2043 4308 2224 4347 meum
2253 4291 2504 4346 viderunt
2533 4291 2678 4346 oculi
2708 4292 2792 4345 tui
2819 4291 2990 4362 (Psal.
3021 4309 3288 4360 cxxxvm,
3312 4292 3415 4364 t6).
3449 4292 3570 4349 Hoc
3587 4295 3694 4350 uti-

2044 4395 2156 4452 que
2179 4384 2369 4452 pacto,
2387 4379 2474 4434 vir
2516 4395 2760 4434 summae
2783 4380 3110 4436 sanctitatis
3133 4380 3428 4436 Deodatus
3458 4382 3521 4437 in
3553 4383 3695 4438 civi-

2041 4473 2157 4524 tate
2189 4468 2287 4524 Dei
2318 4467 2647 4524 humilitate
2680 4468 2937 4540 perfecta
2968 4469 3263 4524 ra'dicatus
3305 4473 3361 4524 et
3410 4469 3693 4526 fundatus

2043 4557 2214 4628 (Psal.
2251 4556 2584 4624 XLvn,2,3),
2621 4571 2846 4610 necnon
2878 4560 3143 4626 respectu
3175 4555 3432 4610 districti
3464 4555 3693 4612 Judicis

2045 4649 2432 4715 extremaeque
2473 4641 2862 4698 discussionis
2912 4644 3184 4709 attonito,
3218 4648 3276 4698 et
3306 4643 3499 4700 sciens
3556 4645 3695 4716 quia

2042 4734 2134 4790 cui
2168 4734 2301 4806 plus
2333 4731 2742 4800 committitur,
2777 4731 2913 4804 plus
2942 4732 3014 4787 ab
3053 4749 3120 4788 eo
3146 4733 3558 4805 exigitur(Luc.
3592 4751 3694 4800 χιι,

2041 4895 2376 4962 conjectura
2431 4891 2569 4965 illa;
2602 4907 2767 4965 aeque
2827 4909 2892 4947 ac
2950 4891 3562 4965 Sammarthanorum,
3593 4893 3693 4965 qui

2039 4966 2439 5036 episcopatum
2462 4964 2590 5088 ejus
2616 4964 2892 5018 differunt
2923 4979 3107 5035 usque
3139 4965 3208 5018 ad
3233 4981 3329 5020 an.
3362 4964 3488 5033 668,
3516 4964 3692 5037 quem

2041 5034 2402 5088 praecesserit
2421 5035 2485 5088 Gi
2517 5036 2716 5088 bertus
2739 5051 2840 5088 nro
2862 5051 3016 5088 anno
3036 5035 3353 5088 665exms.
3379 5036 3692 5088 Nivernen-

2041 5034 2402 5107 praecesserit
2421 5034 2716 5090 Gilbertus
2739 5051 2840 5107 pro
2862 5034 3144 5107 annoi665
3156 5049 3224 5107 ex
3238 5052 3353 5090 ms.
3379 5034 3693 5092 Nivernen-

2041 5051 2402 5107 praecesserit
2421 5051 2716 5090 uuuerms
2780 5051 2840 5089 ro
2862 5051 3016 5090 anno
3036 5051 3353 5090 oonsxms.
3380 5051 3690 5092 mvernen-

2040 5107 2122 5162 sis
2180 5105 2445 5161 Ecclesiae
2502 5110 2696 5161 notus.
2733 5051 2920 5170 δοίη-θ
2963 5105 3106 5159 mihi
3135 5106 3365 5161 videtur
3394 5107 3690 5162 Deodatus

2041 5181 2380 5248 assumptus
2436 5176 2958 5259 postuA‘gricolum.
2981 5176 3082 5247 qui
3104 5176 3326 5259 primis
3357 5177 3484 5259 suis
3516 5178 3689 5259 annis

2040 5247 2294 5320 praesens
2317 5247 2536 5328 synodo
2556 5247 2960 5330 Malisconensi
2979 5247 3117 5302 anni
3139 5247 3265 5316 58l,
3299 5249 3467 5304 facile
3497 5248 3690 5321 potuit

2040 5318 2192 5373 ultra
2218 5319 2344 5373 620.
2380 5319 2565 5373 Vitam
2599 5323 2972 5373 Drotramsse.

2039 5335 2192 5374 ultra
2218 5335 2344 5380 UZU,
2385 5335 2565 5373 Vllam
2599 5335 2972 5380 pronramsse.

2108 5335 2192 5373 ira
2218 5335 2344 5380 ozu,
2385 5335 2565 5373 mam
2599 5335 2972 5388 pronramsse.

2108 5390 2219 5459 (24)
2245 5388 2411 5458 Apud
2442 5387 2819 5460 Mosandrum
2851 5389 3356 5460 apponunturista
3376 5407 3396 5443 :
3421 5413 3449 5440 «
3476 5390 3685 5446 Dicens

2039 5464 2094 5516 et
2120 5476 2253 5513 cu'n
2287 5473 2502 5527 sponsa
2538 5475 2550 5511 :
2586 5459 2751 5513 Trahe
2779 5475 2864 5514 me
2887 5459 3015 5530 post,
3039 5468 3405 5525 te,curremus
3434 5463 3607 5518 simul
3628 5463 3686 5518 in

2039 5530 2259 5589 odorem
2289 5534 2691 5598 unguentorum
2718 5529 2937 5589 tuorum
2963 5529 3140 5604 (Cant.
3173 5547 3212 5600 ι,
3244 5531 3321 5595 3).
3358 5552 3380 5584 ι
