3894 6214
83 273 204 346 6⁸25

1224 274 1634 339 VALCANDI
1677 272 1866 338 νιΤΑ-
1911 275 1974 338 S.
2020 273 2393 339 DEODATI.

3395 278 3512 344 626

84 407 325 484 gaudio,
361 411 423 467 et
452 409 578 466 tum
611 407 851 466 demum
884 408 1262 467 sociabantur
1292 409 1400 466 sibi
1434 410 1493 466 in
1547 415 1752 466 sancto
1782 413 1838 479 Α
1868 409 2011 466 istos
2040 407 2289 482 gallinas
2320 426 2447 466 esse
2473 409 2917 480 intellectuales,
2951 414 3006 468 et
3038 410 3514 486 parvulcspullos

84 497 328 556 illibatae
380 499 545 571 pacis
577 498 797 567 osculo,
832 503 888 555 et
919 499 978 556 in
1013 498 1238 573 reliquo
1270 499 1574 556 charitosaa
1607 500 1747 556 affe-

87 589 301 646 ctionis
324 588 546 645 ofﬁcio.

158 723 248 780 16.
282 723 450 778 Idem
477 721 784 795 piissimus
833 722 1000 778 Pater
1030 722 1323 777 Deodatus
1375 722 1750 778 devotissime

90 813 345 870 faciebat
377 811 728 868 charissimo
759 827 867 867 suo
890 811 1202 882 Hidulpho,
1236 811 1327 866 cui
1353 828 1486 866 cum
1510 812 1633 867 suis
1654 829 1748 866 oc-

89 902 364 958 currebat
397 900 630 957 Mortha
661 901 927 968 transito,
952 916 1108 967 nam,
1144 900 1331 972 quoad
1351 901 1510 968 vixit,
1543 900 1749 956 cellam

91 991 346 1064 priorem
382 991 539 1062 apud
570 989 628 1045 S.
664 989 900 1045 Martini
932 988 1308 1045 oratoriolum
1334 1005 1448 1044 non
1471 989 1746 1046 deseruit.

88 1079 189 1133 Vir
237 1079 464 1151 quippe
523 1081 647 1134 erat
695 1078 1050 1151 grandavus,
1112 1078 1480 1150 emeritisque
1529 1077 1749 1134 militiae

93 1158 306 1226 Christi
321 1169 454 1239 jam
476 1172 920 1232 veteranus,nec
941 1171 1165 1239 poterat
1185 1168 1426 1224 sufferre
1445 1168 1752 1240 populares

93 1255 1084 1329 concursus,fratruqueinterese
1098 1257 1313 1312 studiis
1326 1257 1711 1314 exterioribus
1737 1275 1749 1326 ;

93 1346 348 1402 maxime
382 1345 487 1418 qui
517 1345 600 1400 nil
630 1345 802 1402 dulce
829 1345 1098 1413 habebat,
1133 1345 1244 1400 nisi
1261 1362 1468 1402 vacare
1487 1350 1543 1402 et
1561 1346 1754 1402 videre

91 1436 377 1508 quoniam
408 1433 690 1490 Dominus
723 1435 848 1506 ipse
880 1439 968 1490 est
999 1434 1152 1490 Deus
1179 1436 1349 1506 (1)δαί.
1373 1452 1500 1499 xcv,
1535 1436 1665 1505 11)),
1699 1440 1756 1490 et

93 1527 336 1596 gustare
369 1528 429 1578 et
476 1523 691 1590 videre,
745 1523 1026 1595 quoniam
1075 1523 1273 1578 suavis
1326 1529 1418 1579 est
1470 1523 1755 1580 Dominus

95 1613 266 1682 (Psal.
301 1627 509 1679 xxxm,
540 1613 615 1682 9).
649 1612 884 1667 Statura
913 1611 1172 1684 quidem,
1209 1617 1273 1668 ut
1320 1613 1524 1678 fertur,
1559 1630 1756 1685 procc-

97 1701 397 1769 rissimus,
424 1701 613 1755 forma
644 1699 1138 1772 elegantissimus,
1172 1701 1460 1774 cordeque
1503 1702 1754 1758 clemen-

97 1790 394 1857 tissimus,
430 1788 533 1844 scd
556 1789 676 1857 jam
709 1789 892 1844 nimio
917 1779 1119 1845 labore
1151 1795 1207 1845 et
1238 1790 1406 1845 annis
1458 1791 1756 1848 confectus
1781 1782 1834 1847 Β

95 1883 216 1935 erat
244 1883 302 1934 et
324 1878 609 1934 incurvus
641 1879 775 1948 (61;).
811 1877 917 1942 Qui
951 1877 1244 1933 interdum
1278 1880 1348 1934 ad
1383 1879 1592 1936 fratres
1625 1897 1758 1952 ope-

102 1971 296 2024 rantes
330 1966 663 2032 transibat;
717 1971 893 2038 atque
944 1967 1312 2024 considerato
1371 1984 1436 2022 ac
1475 1968 1759 2040 disposito

103 2073 270 2128 opere
301 2053 702 2129 singulorum,
738 2055 808 2111 ad
841 2053 1045 2111 cellam
1091 2061 1266 2111 noctu
1300 2055 1543 2112 redibat.
1599 2056 1761 2111 Unde

102 2147 275 2202 etiam
305 2143 488 2202 hodie
519 2145 953 2200 demonstratur
982 2144 1192 2199 semita
1223 2146 1355 2215 (65).
1391 2162 1509 2216 qua
1538 2143 1763 2201 solebat

105 2233 533 2291 monasterium
593 2232 753 2289 adire
806 2233 958 2304 apud
1018 2233 1357 2289 Juncturas.
1412 2235 1484 2288 At
1541 2238 1758 2301 contra,

109 2322 448 2396 Hidulphus
480 2327 705 2378 statura
735 2321 987 2388 medius,
1021 2321 1164 2377 facie
1217 2321 1535 2395 angelicus,
1567 2326 1762 2377 mente

108 2411 695 2483 compunctissimus,
728 2409 1068 2465 voluntariae
1093 2411 1453 2483 paupertatis
1476 2409 1763 2465 amicissi-

108 2517 268 2570 mus;
301 2515 483 2573 quem
518 2503 853 2572 promptum
884 2503 941 2556 et
971 2498 1226 2556 alacrem
1287 2501 1358 2554 ad
1391 2516 1560 2555 omne
1617 2516 1765 2572 opus

105 2590 322 2644 bonum
355 2588 638 2646 reddebat
668 2587 859 2644 adhuc
891 2587 1094 2644 viridis
1129 2592 1418 2657 senectus,
1451 2594 1507 2644 et
1558 2589 1616 2644 in
1650 2589 1765 2645 Deo

108 2694 441 2752 suspensus
473 2678 741 2743 animus;
776 2692 911 2732 nam
933 2677 1107 2732 etiam
1125 2677 1185 2731 in
1210 2677 1481 2733 extremis
1497 2677 1624 2733 vitae
1648 2693 1764 2732 suae

111 2767 298 2838 annis,
331 2767 537 2824 labere
570 2783 854 2825 manuum
888 2783 1128 2820 suarum
1157 2766 1315 2822 vixit.
1351 2766 1612 2822 Moribus
1642 2767 1769 2837 qui-

109 2857 234 2912 dem
265 2857 449 2913 ambo
489 2871 680 2926 pares,
715 2855 816 2910 sed
849 2859 1015 2911 aetate
1046 2853 1321 2926 impares,
1357 2855 1499 2910 alter
1518 2853 1764 2910 alterum

115 2945 220 3001 sibi
255 2945 512 3000 invicem
536 2942 893 3014 praeferebat,
929 2947 986 2998 et
1016 2943 1385 3000 humillimus
1417 2943 1653 3016 quidem
1677 2943 1770 2999 Hi-

112 3033 376 3108 dulphus
408 3031 850 3087 sanctissimum
884 3047 1082 3088 senem
1119 3034 1458 3100 Deodatum,
1490 3050 1560 3088 ex
1579 3033 1766 3088 famu-

115 3122 232 3178 latu
270 3120 489 3177 Christi
523 3123 580 3175 et
609 3118 850 3212 emerito
869 3120 1028 3212 senio
1053 3120 1303 3212 priorem
1332 3121 1642 3188 censebat;
1669 3122 1767 3177 sed
1799 3144 1843 3212 ρ

117 3209 537 3267 devotissimus
566 3207 949 3280 omnipotenti
974 3208 1282 3276 Deodatus,
1313 3210 1369 3264 in
1395 3210 1630 3280 juniore
1661 3209 1762 3264 Hi-

116 3299 336 3372 dulpho
368 3298 715 3371 dignitatem
745 3296 1084 3369 patriarchii
1117 3301 1289 3368 atque
1320 3315 1548 3354 morum
1582 3303 1768 3353 matu-

114 3388 347 3444 ritatem
378 3387 714 3443 attendebat
743 3387 874 3458 (66).

183 3523 270 3576 17.
306 3523 494 3587 Quam
527 3519 694 3576 dulce
725 3522 850 3576 erat
880 3523 936 3576 et
965 3517 1305 3575 delectabile
1330 3518 1442 3591 piis
1461 3517 1770 3576 animabus

108 3610 332 3684 jugiter
361 3610 657 3666 attendere
687 3609 832 3666 duas
861 3607 1113 3664 ccelestis
1139 3607 1370 3664 fabricae
1404 3608 1711 3665 columnas
1738 3627 1772 3666 a

118 3703 230 3756 Deo
254 3700 528 3757 deaenter
558 3702 800 3766 erectas,
842 3702 901 3754 et
947 3714 1063 3754 non
1090 3700 1294 3752 contra
1324 3696 1530 3763 Deum,
1566 3699 1666 3754 sed
1699 3699 1771 3753 ad

118 3789 432 3845 Dominum
491 3787 586 3859 pie
632 3787 906 3856 elevatas,
952 3803 1080 3860 quae
1135 3785 1320 3842 solido
1360 3789 1417 3842 et
1473 3785 1772 3842 inflexibili

120 3877 326 3933 robore
355 3881 551 3933 mente
609 3876 693 3932 sic
723 3876 1104 3946 .assistebant
1162 3891 1395 3932 summo
1452 3875 1654 3947 Opiﬁci
1709 3879 1776 3932 ut

124 3969 390 4038 optarent
401 3965 698 4022 maxillam
712 3965 1047 4038 lapillorum
1061 3965 1390 4037 congeriem
1405 3964 1514 4019 sibi
1530 3965 1772 4037 imponi,

124 4071 228 4126 pro
259 4059 425 4128 parte
457 4054 515 4108 in
547 4069 664 4124 qua
715 4067 980 4108 meruere
1031 4053 1228 4108 locari.
1287 4053 1549 4125 Denique
1606 4054 1774 4126 quasi

125 4143 397 4199 certatim
448 4140 829 4198 multitudine
881 4140 1260 4197 minimorum
1301 4142 1539 4214 Christi,
1571 4146 1690 4199 tam
1722 4149 1779 4199 et

125 4231 508 4304 praesenti-um
541 4243 719 4300 quam
741 4231 797 4282 et
819 4228 1496 4298 futurorum,gaudentes
1527 4232 1780 4303 epistilia

130 4337 255 4387 sua,
289 4320 349 4374 id
371 4322 462 4375 est
491 4315 760 4389 capitella
779 4315 1003 4388 gravari
1029 4315 1369 4384 (dummodo
1393 4318 1507 4374 sint
1530 4320 1627 4388 qui
1652 4337 1779 4391 pos_

133 4407 250 4462 sint
282 4403 533 4462 Domino
563 4403 801 4471 lucrari)
864 4401 1248 4474 pusillitatem
1280 4401 1478 4458 alienae
1515 4407 1666 4475 fidei,
1726 4413 1783 4463 et

1859 498 1970 555 alis
2000 499 2344 556 meritorum
2404 504 2460 556 et
2490 501 2695 558 rostris
2751 500 3082 558 orationum
3142 518 3387 558 suarum
3444 505 3515 560 ab

1858 588 2111 644 invisibil
2122 588 2243 645 ium
2258 589 2568 646 milvorum
2585 591 2898 664 rapacitate
2912 591 3515 659 defensare,manibus

1859 695 1925 734 ac
1956 680 2204 751 pedibus
2239 679 2580 737 alimoniam
2618 682 2702 737 eis
2727 682 3051 754 providere,
3085 687 3260 754 atque
3275 681 3516 753 frigidos

1859 768 1974 824 Deo
1993 767 2264 840 plurimis
2277 769 2678 842 exemplorum
2695 771 2940 827 fovendo
2955 770 3287 827 calefacere.
3314 771 3520 827 Praete-

1860 875 1956 914 rea
1985 863 2041 913 et
2065 863 2228 914 extra
2254 859 2524 916 nidulum
2559 861 2860 932 proprium
2903 863 3181 918 amabant
3218 862 3514 918 interdum

1859 963 2080 1019 pennas
2093 950 2421 1022 extendere,
2439 950 2578 1005 dum
2591 949 2850 1005 vicissim
2864 951 3206 1022 satagebant
3222 950 3367 1007 alter
3379 950 3518 1006 alte-

1859 1035 1982 1091 rius
1994 1036 2169 1108 pullis
2183 1037 2728 1110 prodesse,exDeiet
2740 1038 2988 1109 proximi
3003 1037 3520 1095 dilectioneMuta-

1861 1130 1919 1179 ta
1931 1129 2150 1191 voce,et
2163 1125 2450 1198 dissipata
2461 1127 2552 1182 sui
2568 1127 2827 1199 corporis
2842 1128 3517 1200 specie,inﬁrmabantur

1862 1214 1920 1268 in
1954 1214 2224 1283 infirmis,
2261 1218 2325 1269 ut
2355 1214 2535 1270 habes
2565 1215 2623 1270 in
2645 1215 2908 1288 Apostoli
2938 1217 3127 1272 verbis
3157 1234 3169 1270 :
3197 1218 3324 1285 Quis
3356 1219 3518 1287 inﬁr-

1862 1311 2044 1357 matur
2073 1312 2125 1357 ει
2152 1319 2255 1375 ego
2287 1319 2390 1358 non
2413 1304 2667 1372 inﬁrmor
2686 1310 2711 1357 γ
2732 1305 2804 1373 (ll
2821 1307 2940 1360 Cor.
2975 1323 3037 1372 ιι,
3070 1306 3187 1373 29.)
3209 1305 3303 1360 Sic
3321 1306 3520 1361 Patres

1865 1393 2050 1446 nostri
2081 1393 2151 1446 ad
2184 1397 2417 1463 tempus
2447 1392 2638 1448 vixere
2669 1393 2904 1448 solliciti
2940 1398 3003 1449 ut
3037 1394 3137 1448 filii
3170 1410 3375 1450 eorum
3396 1399 3517 1450 tam

1865 1484 2180 1551 praesentes
2212 1495 2387 1552 quam
2423 1480 2604 1534 futuri
2662 1481 2854 1536 forent
2907 1483 3256 1553 quandoque
3305 1483 3517 1538 securi.

1867 1570 1981 1628 Nec
2013 1569 2203 1642 piguit
2231 1586 2330 1624 eos
2361 1567 2579 1624 laboris
2601 1572 2658 1624 et
2687 1570 2921 1625 sudoris
2970 1570 3061 1626 sui
3109 1571 3249 1625 dum
3293 1575 3519 1626 tantum

1867 1674 2236 1715 successores
2268 1657 2357 1713 sui
2377 1658 2822 1714 remanerentin
2853 1658 3312 1714 tutclocati.Hoc
3338 1659 3523 1731 exige-

1867 1749 2009 1803 bant
2037 1764 2238 1803 eorum
2261 1751 2587 1815 structurae,
2607 1747 2715 1803 hoc
2731 1748 3073 1819 quaerebant
3099 1746 3334 1804 illorum
3352 1749 3521 1821 fugae,

1869 1835 2019 1893 beati
2054 1835 2292 1891 Deodati
2324 1835 2514 1891 Patris
2547 1835 2732 1892 nostri
2772 1835 3079 1907 prmcipue,
3131 1837 3232 1907 qui
3283 1840 3367 1893 tot
3395 1836 3524 1892 loca

1870 1925 1978 1981 sibi
2014 1941 2226 1995 magno
2257 1925 2472 1980 sudore
2503 1928 2840 1980 constructa
2871 1925 3140 1990 mutavit,
3175 1926 3358 1981 donec
3386 1925 3522 1981 filiis

1870 2011 2274 2085 spiritualibus
2307 2012 2504 2068 sedem
2555 2012 2815 2083 quietam
2860 2012 3102 2068 invenit.
3155 2014 3301 2068 Nam
3335 2013 3383 2069 si
3417 2031 3527 2069 sua

1870 2105 2100 2156 tantum
2135 2101 2502 2172 quaesissent,
2532 2099 2805 2156 facillime
2829 2101 3250 2172 requievissent
3275 2101 3524 2170 ;vietum

1871 2190 2027 2245 enim
2060 2193 2116 2244 et
2144 2189 2420 2244 vestitum
2451 2188 2561 2242 sibi
2591 2189 2897 2257 habentes,
2921 2189 3015 2245 his
3045 2191 3301 2245 contenti
3326 2194 3526 2246 essent

1871 2279 1920 2348 (1
1951 2279 2085 2334 Tz'm.
2118 2295 2218 2344 νη,
2250 2278 2326 2349 8),
2362 2276 2612 2331 maxime
2642 2277 2741 2348 qui
2775 2278 3244 2334 abrenuntiando
3277 2277 3518 2345 divitiis,

1872 2369 1944 2422 ad
1976 2370 2376 2439 paupertatem
2393 2380 2628 2421 summo
2642 2381 2774 2435 cum
2787 2365 3077 2421 desiderio
3099 2365 3521 2438 pervolassent.

1872 2456 2088 2510 Verum
2121 2455 2239 2510 haec
2270 2453 2436 2510 alias.
2470 2454 2654 2526 Igitur
2690 2454 2806 2510 Deo
2839 2453 3171 2526 dignissimi
3203 2453 3519 2524 antistites,

1875 2543 2166 2618 spirituali
2179 2544 2520 2600 insistentes
2535 2542 2790 2615 negotio,
2803 2542 3228 2599 nullatenusab
3250 2543 3522 2616 inemptis

1875 2634 2240 2700 deﬁciebant,
2297 2638 2399 2688 aut
2459 2633 2834 2690 deviabanta
2864 2633 3162 2705 proposito
3222 2633 3293 2688 de
3341 2633 3435 2688 die
3463 2633 3525 2688 in

1876 2724 2032 2781 diem
2064 2722 2399 2795 semetipsis
2431 2721 2702 2777 meliores
2733 2721 3055 2777 existendo.
3103 2722 3332 2778 Etenim
3362 2725 3526 2778 tanto

1877 2811 2272 2868 reddebantur
2301 2811 2562 2882 quotidie
2582 2809 2892 2866 alacriores
2906 2811 2978 2866 ad
3009 2809 3292 2877 laborem,
3308 2816 3527 2882 quanto

1875 2900 2185 2956 viciniores
2214 2901 2286 2955 ad
2345 2899 2630 2970 requiem,
2664 2914 2770 2954 nec
2824 2898 3158 2954 sentiebant
3198 2899 3259 2955 in
3315 2899 3531 2955 Christi

1876 2991 2045 3046 vinea
2075 2989 2306 3062 pondus
2337 2988 2450 3043 diei
2483 2993 2540 3043 et
2573 2992 2771 3054 aestus,
2801 2988 3018 3059 quibus
3039 2989 3167 3059 jam
3200 3005 3378 3062 prope
3410 2990 3536 3046 erat

1881 3083 1944 3134 ut
1973 3078 2316 3134 redderetur
2346 3092 2646 3132 nummus.

1961 3168 2045 3220 18.
2085 3166 2344 3220 Tandem
2371 3164 2472 3219 ubi
2503 3164 2560 3218 in
2595 3165 2703 3219 hac
2733 3164 2962 3235 Vosago
2994 3165 3213 3235 pariter
3265 3166 3324 3220 in
3369 3168 3543 3223 corde

1878 3273 1995 3312 uno
2026 3259 2084 3311 et
2113 3254 2312 3310 anima
2343 3269 2479 3320 una,
2530 3255 2752 3323 septem
2804 3252 3113 3307 continuos
3160 3253 3533 3324 expleverunt

1878 3361 2064 3402 annos
2093 3359 2229 3398 cum
2248 3359 2347 3397 sex
2379 3341 2710 3409 mensibus,
2733 3340 2933 3413 largus
2966 3346 3369 3398 remuneratur
3383 3342 3538 3398 Deus

1877 3432 2218 3490 beatissimo
2247 3431 2502 3487 Deodato
2533 3429 2786 3485 decrevit
2816 3429 3082 3485 laborum
3103 3445 3349 3486 suorum
3393 3432 3530 3486 red-

1883 3525 2018 3579 dere
2045 3522 2293 3577 fructus.
2328 3521 2606 3576 Percursc
2632 3519 2790 3574 enim
2822 3516 3126 3591 praesentis
3153 3518 3283 3574 vitae
3315 3519 3532 3588 stadio,

1873 3613 2000 3684 jam
2033 3615 2312 3667 strenuus
2343 3607 2564 3664 athleta
2595 3607 2862 3663 inhiabat
2891 3621 3138 3673 coronae,
3166 3612 3224 3663 et
3263 3623 3536 3680 supernae

1884 3697 2373 3757 remunerationis
2433 3696 2648 3752 bravio.
2705 3696 2868 3752 Unde
2915 3699 3152 3752 vocatus
3185 3713 3220 3752 a
3268 3696 3534 3766 Domino,

1883 3805 2120 3846 accessu
2151 3785 2453 3859 languoris
2468 3784 3101 3857 correptus,detinetur
3131 3783 3538 3849 lectulo.Quod

1883 3896 2016 3936 cum
2051 3877 2392 3935 absentibus
2440 3874 2746 3946 discipulis
2800 3873 2988 3930 tristis
3046 3873 3242 3930 attulit
3271 3875 3538 3942 nuntius,

1883 3967 2174 4039 extemplo
2206 3965 2396 4021 maesti
2430 3963 2876 4020 concurruntad
2900 3962 3105 4024 cellam
3121 3964 3282 4034 ejus;
3313 3967 3543 4020 mentes

1885 4057 2041 4114 enim
2075 4070 2348 4128 praesaga:
2381 4053 2576 4109 luctus
2599 4053 3010 4121 luturi,audita
3027 4051 3538 4124 ejusinfirmitate,

1888 4164 2002 4202 non
2036 4149 2304 4218 poterant
2356 4160 2470 4198 non
2531 4141 2778 4197 turbari.
2814 4141 3051 4198 Flentes
3098 4157 3235 4214 ergo
3288 4142 3543 4213 jacentis

1889 4234 2152 4307 magistri
2187 4233 2428 4305 grabato
2461 4229 2837 4296 assistebant,
2872 4246 2945 4285 ne
2974 4233 3095 4285 tam
3146 4229 3336 4285 dulcis
3377 4230 3547 4286 Pater

1891 4324 2040 4380 filios
2073 4323 2384 4386 desereret,
2403 4319 2705 4375 communi
2721 4318 2771 4373 ei
2794 4316 3022 4372 ululatu
3036 4321 3094 4372 et
3119 4317 3345 4388 gemitu
3359 4318 3547 4374 accla-

1891 4412 2312 4475 mabant.Quos
2340 4407 2870 4465 sanctusilleverho
2902 4405 3144 4461 salutari
3163 4420 3546 4462 commoneas

134 4495 505 4567 gravedinem
522 4492 845 4550 alienorum
864 4490 1783 4574 peccaminuminsuaacharitatis
1815 4516 1858 4580 Β
1891 4502 2314 4572 compescebat,
2347 4502 2404 4553 et
2433 4499 2503 4554 ad
2543 4496 2753 4570 regulae
2787 4498 3000 4552 sanctae
3033 4494 3463 4550 observantiam
3489 4499 3546 4550 et

134 4581 442 4639 latitudine
458 4579 1784 4653 suscipientestolerant,utviribusmeritorum
1833 4579 1840 4580 ⁷
1893 4589 1984 4645 sui
2019 4588 2385 4652 memoriam,
2419 4590 2939 4659 quantumcunque
2957 4587 3202 4656 poterat,
3220 4582 3546 4649 animabat,

139 4675 464 4756 suorum,et
493 4687 611 4728 suae
643 4668 1108 4744 longanimitatis
1131 4667 1326 4724 labore
1355 4667 1688 4726 sublevatos
1708 4672 1780 4727 ad

142 4761 445 4818 aedilicium
498 4759 724 4816 sceleste
755 4759 961 4815 ferant.
1017 4759 1260 4814 Putares
1299 4761 1532 4814 sanctos
1585 4760 1784 4817 Patres

145 4921 532 4989 suetudinem,
566 4937 682 4994 qua
729 4921 865 4976 hinc
915 4917 1384 4994 canon_ici_inde_
1413 4920 1681 4976 monachi
1715 4923 1785 4978 ad

147 4995 481 5063 praedictum
512 4990 794 5068 sacellum
827 4990 1144 5068 quotannis
1175 4990 1512 5046 deierabant
1544 5010 1786 5068 suorum

150 5070 482 5121 sanctorum
526 5063 908 5120 fundatorum
966 5063 1226 5135 corpora,
1285 5080 1468 5135 eaque
1519 5063 1787 5122 vicissim

150 5136 584 5210 commutabant
598 5153 700 5191 nec
709 5133 1100 5210 restituebant
1120 5133 1231 5189 nisi
1255 5133 1633 5190 sub‘reditum
1659 5143 1791 5210 post

148 5207 360 5263 multas
383 5207 659 5279 utrinque
691 5208 1284 5279 decantataspreces.
1323 5227 1350 5254 ››

217 5279 326 5352 (64)
346 5276 580 5352 γυῄροῐεί
613 5297 681 5334 ex
740 5283 936 5352 nostro
968 5276 1192 5332 calculo
1216 5277 1334 5332 fere
1357 5281 1788 5352 nonagenarius

154 5361 279 5406 cum
305 5348 470 5419 Obiit,
500 5367 606 5406 nec
665 5349 916 5420 multum
949 5366 982 5403 υ.
1031 5348 1479 5420 septuagenario
1522 5348 1787 5419 distans,

156 5423 380 5493 quando
402 5422 459 5476 in
485 5419 1054 5493 Vallem-Gallileeam
1087 5419 1266 5493 venit,
1289 5419 1791 5493 quadragenarius

156 5489 374 5549 circiter
402 5508 674 5567 egressus
704 5509 734 5549 e
768 5491 1100 5556 Francia,ut
1123 5489 1211 5546 vel
1243 5489 1444 5563 paucis
1466 5489 1637 5548 annis
1669 5495 1789 5567 epi-

159 5578 359 5637 scopus
391 5565 585 5622 tuerit.

1892 4695 1957 4732 ac
1990 4693 2167 4748 super
2195 4675 2394 4731 omnia
2422 4675 2652 4730 Christo
2683 4675 2836 4731 bono
2869 4672 3094 4730 Pastori
3127 4671 3219 4745 pie
3247 4687 3545 4727 commen-

1898 4766 2096 4821 dabat.

1971 4924 2083 4992 (65)
2117 4921 2253 4976 Post
2283 4923 2683 4992 constructum
2713 4920 2772 4975 S.
2806 4920 3046 4976 Deodati
3078 4918 3382 4992 oppidum,
3429 4935 3546 4974 non

1899 4989 2154 5066 amplius
2185 4993 2412 5066 exstare
2441 4989 2594 5066 hanc
2623 4993 2903 5066 semitam,
2926 4992 3008 5046 ait
3028 4989 3279 5064 Ru'yrus.

1970 5058 2078 5138 (66)
2107 5061 3007 5138 Omnino_existimat_Riguetus,
3042 5058 3354 5134 postquam
3382 5058 3548 5138 Apri-

1899 5131 2316 5193 Mdndsterium
2332 5132 2499 5199 vidit,
2529 5131 2705 5188 etloci
2721 5131 3065 5189 traditiones
3079 5149 3144 5188 ac
3167 5131 3550 5188 monumenta

1798 5247 1808 5255 -
1900 5208 2178 5264 attentius
2210 5204 2750 5267 consideravit,vere
2782 5205 2839 5260 S.
2866 5203 3329 5261 Deodatumistic
3343 5200 3550 5256 multis

1899 5281 2070 5336 annis
2101 5278 2335 5350 vixisse,
2367 5293 2432 5331 ac
2477 5276 2713 5350 tandem
2764 5277 3179 5350 cognominem
3222 5269 3547 5350 albidissi-

1899 5353 2104 5424 pulum
2120 5349 2198 5406 ibi
2212 5341 2735 5424 collec_asse,cujus
2759 5341 2980 5424 ibidem
3000 5344 3257 5403 defuncti
3289 5341 3546 5424 reliquiae

1901 5419 2266 5480 occasionem
2296 5419 2560 5475 dederint
2589 5419 2982 5475 cenfundendi
3007 5429 3361 5490 synonymos
3383 5423 3550 5465 sanc-

1901 5502 2010 5551 tos.
2045 5495 2124 5550 De
2156 5491 2284 5548 aliis
2315 5490 2458 5548 locis
2490 5490 2759 5563 superius
2790 5494 2986 5546 actum
3017 5493 3124 5544 est.
