  <div class='ocr_page' id='page_1' title='image "/cluster/home/n/w/nwhite01/storage/ocr_20150623/151/uva.x000829795/338.png"; bbox 0 0 3894 6214; ppageno 0'>
   <div class='ocr_carea' id='block_1_1' title="bbox 88 277 210 345">
    <p class='ocr_par' dir='ltr' id='par_1_1' title="bbox 88 277 210 345">
     <span class='ocr_line' id='line_1_1' title="bbox 88 277 210 345; baseline 0.016 -2"><span class='ocrx_word' id='word_1_1' title='bbox 88 277 210 345; x_wconf 75' lang='grc'>629</span> 
     </span>
    </p>
   </div>
   <div class='ocr_carea' id='block_1_2' title="bbox 1225 277 2389 361">
    <p class='ocr_par' dir='ltr' id='par_1_2' title="bbox 1225 277 2389 361">
     <span class='ocr_line' id='line_1_2' title="bbox 1225 277 2389 361; baseline -0.005 -13"><span class='ocrx_word' id='word_1_2' title='bbox 1225 280 1623 348; x_wconf 80' lang='lat' dir='ltr'>VALCANDI</span> <span class='ocrx_word' id='word_1_3' title='bbox 1667 281 1844 345; x_wconf 79' lang='lat' dir='ltr'>VITA</span> <span class='ocrx_word' id='word_1_4' title='bbox 1895 282 1958 344; x_wconf 94' lang='lat' dir='ltr'>S.</span> <span class='ocrx_word' id='word_1_5' title='bbox 2008 277 2389 361; x_wconf 75' lang='lat' dir='ltr'>DEODATI.)</span> 
     </span>
    </p>
   </div>
   <div class='ocr_carea' id='block_1_3' title="bbox 3385 269 3506 346">
    <p class='ocr_par' dir='ltr' id='par_1_3' title="bbox 3385 269 3506 346">
     <span class='ocr_line' id='line_1_3' title="bbox 3385 269 3506 346; baseline 0 -13"><span class='ocrx_word' id='word_1_6' title='bbox 3385 269 3506 346; x_wconf 86' lang='lat'>630</span> 
     </span>
    </p>
   </div>
   <div class='ocr_carea' id='block_1_4' title="bbox 90 404 3504 490">
    <p class='ocr_par' dir='ltr' id='par_1_4' title="bbox 90 404 3504 490">
     <span class='ocr_line' id='line_1_4' title="bbox 90 404 3504 490; baseline -0.003 -17"><span class='ocrx_word' id='word_1_7' title='bbox 90 429 211 473; x_wconf 67' lang='lat' dir='ltr'>sum</span> <span class='ocrx_word' id='word_1_8' title='bbox 229 411 1746 490; x_wconf 67' lang='lat' dir='ltr'>congregationipraefecerit(quiadesideriosupernas</span> <span class='ocrx_word' id='word_1_9' title='bbox 1777 417 1832 486; x_wconf 77' lang='grc' dir='ltr'><strong>Α</strong></span> <span class='ocrx_word' id='word_1_10' title='bbox 1864 414 2274 474; x_wconf 90' lang='lat' dir='ltr'>dulcissimum</span> <span class='ocrx_word' id='word_1_11' title='bbox 2301 413 2514 488; x_wconf 86' lang='lat' dir='ltr'>pignus</span> <span class='ocrx_word' id='word_1_12' title='bbox 2544 411 2714 470; x_wconf 82' lang='lat' dir='ltr'>amici</span> <span class='ocrx_word' id='word_1_13' title='bbox 2746 406 3109 478; x_wconf 80' lang='lat' dir='ltr'>exosculans,</span> <span class='ocrx_word' id='word_1_14' title='bbox 3134 404 3504 482; x_wconf 83' lang='lat' dir='ltr'>amplexaba-</span> 
     </span>
    </p>
   </div>
   <div class='ocr_carea' id='block_1_5' title="bbox 93 503 1755 578">
    <p class='ocr_par' dir='ltr' id='par_1_5' title="bbox 93 503 1755 578">
     <span class='ocr_line' id='line_1_5' title="bbox 93 503 1755 578; baseline 0 -17"><span class='ocrx_word' id='word_1_15' title='bbox 93 503 614 578; x_wconf 86' lang='lat' dir='ltr'>contemplationis</span> <span class='ocrx_word' id='word_1_16' title='bbox 641 522 944 573; x_wconf 86' lang='lat' dir='ltr'>accensus,</span> <span class='ocrx_word' id='word_1_17' title='bbox 971 505 1352 564; x_wconf 79' lang='lat' dir='ltr'>exterioribus</span> <span class='ocrx_word' id='word_1_18' title='bbox 1385 506 1634 578; x_wconf 86' lang='lat' dir='ltr'>negotiis</span> <span class='ocrx_word' id='word_1_19' title='bbox 1663 523 1755 561; x_wconf 88' lang='lat' dir='ltr'>oc-</span> 
     </span>
    </p>
   </div>
   <div class='ocr_carea' id='block_1_6' title="bbox 94 595 1755 668">
    <p class='ocr_par' dir='ltr' id='par_1_6' title="bbox 94 595 1755 668">
     <span class='ocr_line' id='line_1_6' title="bbox 94 595 1755 668; baseline -0.001 -16"><span class='ocrx_word' id='word_1_20' title='bbox 94 595 300 667; x_wconf 87' lang='lat' dir='ltr'>cupari</span> <span class='ocrx_word' id='word_1_21' title='bbox 332 595 635 668; x_wconf 80' lang='lat' dir='ltr'>refugerit)</span> <span class='ocrx_word' id='word_1_22' title='bbox 673 599 872 651; x_wconf 88' lang='lat' dir='ltr'>tamen</span> <span class='ocrx_word' id='word_1_23' title='bbox 926 595 1151 652; x_wconf 83' lang='lat' dir='ltr'>Vallem</span> <span class='ocrx_word' id='word_1_24' title='bbox 1197 595 1493 650; x_wconf 69' lang='lat' dir='ltr'>Galilaaam</span> <span class='ocrx_word' id='word_1_25' title='bbox 1553 613 1586 651; x_wconf 92' lang='lat' dir='ltr'>a</span> <span class='ocrx_word' id='word_1_26' title='bbox 1615 612 1755 650; x_wconf 91' lang='lat' dir='ltr'>cura</span> 
     </span>
    </p>
   </div>
   <div class='ocr_carea' id='block_1_7' title="bbox 97 682 1750 756">
    <p class='ocr_par' dir='ltr' id='par_1_7' title="bbox 97 682 1750 756">
     <span class='ocr_line' id='line_1_7' title="bbox 97 682 1750 756; baseline -0.002 -15"><span class='ocrx_word' id='word_1_27' title='bbox 97 701 206 741; x_wconf 82' lang='lat' dir='ltr'>sua</span> <span class='ocrx_word' id='word_1_28' title='bbox 235 700 356 740; x_wconf 89' lang='lat' dir='ltr'>non</span> <span class='ocrx_word' id='word_1_29' title='bbox 388 682 686 756; x_wconf 84' lang='lat' dir='ltr'>expunxit,</span> <span class='ocrx_word' id='word_1_30' title='bbox 721 684 982 755; x_wconf 88' lang='lat' dir='ltr'>quandiu</span> <span class='ocrx_word' id='word_1_31' title='bbox 1005 685 1062 739; x_wconf 88' lang='lat' dir='ltr'>in</span> <span class='ocrx_word' id='word_1_32' title='bbox 1087 684 1194 740; x_wconf 90' lang='lat' dir='ltr'>hac</span> <span class='ocrx_word' id='word_1_33' title='bbox 1220 683 1348 740; x_wconf 91' lang='lat' dir='ltr'>luce</span> <span class='ocrx_word' id='word_1_34' title='bbox 1379 685 1595 740; x_wconf 83' lang='lat' dir='ltr'>mansit</span> <span class='ocrx_word' id='word_1_35' title='bbox 1617 686 1750 756; x_wconf 81' lang='grc'>(74).</span> 
     </span>
    </p>
   </div>
   <div class='ocr_carea' id='block_1_8' title="bbox 96 771 1756 845">
    <p class='ocr_par' dir='ltr' id='par_1_8' title="bbox 96 771 1756 845">
     <span class='ocr_line' id='line_1_8' title="bbox 96 771 1756 845; baseline 0.001 -18"><span class='ocrx_word' id='word_1_36' title='bbox 96 774 199 829; x_wconf 95' lang='lat' dir='ltr'>Vis</span> <span class='ocrx_word' id='word_1_37' title='bbox 222 773 382 828; x_wconf 90' lang='lat' dir='ltr'>enim</span> <span class='ocrx_word' id='word_1_38' title='bbox 408 771 645 844; x_wconf 80' lang='lat' dir='ltr'>perfecti</span> <span class='ocrx_word' id='word_1_39' title='bbox 671 771 886 828; x_wconf 91' lang='lat' dir='ltr'>amoris</span> <span class='ocrx_word' id='word_1_40' title='bbox 909 788 1048 845; x_wconf 87' lang='lat' dir='ltr'>erga</span> <span class='ocrx_word' id='word_1_41' title='bbox 1068 773 1508 829; x_wconf 89' lang='lat' dir='ltr'>sanctissimum</span> <span class='ocrx_word' id='word_1_42' title='bbox 1540 773 1756 829; x_wconf 90' lang='lat' dir='ltr'>Deoda-</span> 
     </span>
    </p>
   </div>
   <div class='ocr_carea' id='block_1_9' title="bbox 98 860 1758 919">
    <p class='ocr_par' dir='ltr' id='par_1_9' title="bbox 98 860 1758 919">
     <span class='ocr_line' id='line_1_9' title="bbox 98 860 1758 919; baseline -0.001 -1"><span class='ocrx_word' id='word_1_43' title='bbox 98 869 226 919; x_wconf 88' lang='lat' dir='ltr'>tum</span> <span class='ocrx_word' id='word_1_44' title='bbox 243 861 491 918; x_wconf 83' lang='lat' dir='ltr'>faciebat</span> <span class='ocrx_word' id='word_1_45' title='bbox 503 860 554 916; x_wconf 89' lang='lat' dir='ltr'>ei</span> <span class='ocrx_word' id='word_1_46' title='bbox 571 860 939 917; x_wconf 78' lang='lat' dir='ltr'>tolerantiam</span> <span class='ocrx_word' id='word_1_47' title='bbox 962 861 1385 918; x_wconf 83' lang='lat' dir='ltr'>taborum.Non</span> <span class='ocrx_word' id='word_1_48' title='bbox 1403 861 1758 918; x_wconf 80' lang='lat' dir='ltr'>lassescebat</span> 
     </span>
    </p>
   </div>
   <div class='ocr_carea' id='block_1_10' title="bbox 102 949 1755 1022">
    <p class='ocr_par' dir='ltr' id='par_1_10' title="bbox 102 949 1755 1022">
     <span class='ocr_line' id='line_1_10' title="bbox 102 949 1755 1022; baseline -0.001 -14"><span class='ocrx_word' id='word_1_49' title='bbox 102 953 170 1008; x_wconf 90' lang='lat' dir='ltr'>ad</span> <span class='ocrx_word' id='word_1_50' title='bbox 204 950 536 1008; x_wconf 85' lang='lat' dir='ltr'>curandum</span> <span class='ocrx_word' id='word_1_51' title='bbox 570 949 781 1017; x_wconf 88' lang='lat' dir='ltr'>aliena,</span> <span class='ocrx_word' id='word_1_52' title='bbox 805 949 902 1022; x_wconf 89' lang='lat' dir='ltr'>qui</span> <span class='ocrx_word' id='word_1_53' title='bbox 928 967 1044 1022; x_wconf 63' lang='lat' dir='ltr'>prie</span> <span class='ocrx_word' id='word_1_54' title='bbox 1066 949 1414 1006; x_wconf 85' lang='lat' dir='ltr'>lassitudine</span> <span class='ocrx_word' id='word_1_55' title='bbox 1450 949 1546 1005; x_wconf 87' lang='lat' dir='ltr'>alii</span> <span class='ocrx_word' id='word_1_56' title='bbox 1570 950 1755 1022; x_wconf 90' lang='lat' dir='ltr'>impo-</span> 
     </span>
    </p>
   </div>
   <div class='ocr_carea' id='block_1_11' title="bbox 100 1032 1757 1111">
    <p class='ocr_par' dir='ltr' id='par_1_11' title="bbox 100 1032 1757 1111">
     <span class='ocr_line' id='line_1_11' title="bbox 100 1032 1757 1111; baseline -0.001 -15"><span class='ocrx_word' id='word_1_57' title='bbox 100 1044 304 1097; x_wconf 90' lang='lat' dir='ltr'>suerat</span> <span class='ocrx_word' id='word_1_58' title='bbox 328 1056 455 1108; x_wconf 89' lang='lat' dir='ltr'>sua,</span> <span class='ocrx_word' id='word_1_59' title='bbox 490 1038 629 1111; x_wconf 85' lang='lat' dir='ltr'>quia</span> <span class='ocrx_word' id='word_1_60' title='bbox 661 1039 816 1111; x_wconf 90' lang='lat' dir='ltr'>quod</span> <span class='ocrx_word' id='word_1_61' title='bbox 849 1039 1156 1095; x_wconf 86' lang='lat' dir='ltr'>recusabat</span> <span class='ocrx_word' id='word_1_62' title='bbox 1177 1040 1416 1095; x_wconf 77' lang='lat' dir='ltr'>sufferre</span> <span class='ocrx_word' id='word_1_63' title='bbox 1447 1032 1757 1095; x_wconf 76' lang='lat' dir='ltr'>imbecillis</span> 
     </span>
    </p>
   </div>
   <div class='ocr_carea' id='block_1_12' title="bbox 102 1125 1760 1200">
    <p class='ocr_par' dir='ltr' id='par_1_12' title="bbox 102 1125 1760 1200">
     <span class='ocr_line' id='line_1_12' title="bbox 102 1125 1760 1200; baseline -0.003 -13"><span class='ocrx_word' id='word_1_64' title='bbox 102 1132 400 1194; x_wconf 85' lang='lat' dir='ltr'>senectus,</span> <span class='ocrx_word' id='word_1_65' title='bbox 433 1131 490 1184; x_wconf 87' lang='lat' dir='ltr'>et</span> <span class='ocrx_word' id='word_1_66' title='bbox 521 1125 626 1183; x_wconf 91' lang='lat' dir='ltr'>soli</span> <span class='ocrx_word' id='word_1_67' title='bbox 662 1127 775 1183; x_wconf 89' lang='lat' dir='ltr'>Deo</span> <span class='ocrx_word' id='word_1_68' title='bbox 804 1144 1008 1184; x_wconf 88' lang='lat' dir='ltr'>vacare</span> <span class='ocrx_word' id='word_1_69' title='bbox 1039 1128 1279 1200; x_wconf 90' lang='lat' dir='ltr'>cupiens</span> <span class='ocrx_word' id='word_1_70' title='bbox 1318 1127 1572 1196; x_wconf 87' lang='lat' dir='ltr'>animus,</span> <span class='ocrx_word' id='word_1_71' title='bbox 1605 1128 1760 1184; x_wconf 84' lang='lat' dir='ltr'>desi-</span> 
     </span>
    </p>
   </div>
   <div class='ocr_carea' id='block_1_13' title="bbox 103 1215 1759 1288">
    <p class='ocr_par' dir='ltr' id='par_1_13' title="bbox 103 1215 1759 1288">
     <span class='ocr_line' id='line_1_13' title="bbox 103 1215 1759 1288; baseline -0.002 -13"><span class='ocrx_word' id='word_1_72' title='bbox 103 1216 440 1275; x_wconf 88' lang='lat' dir='ltr'>derabiliter</span> <span class='ocrx_word' id='word_1_73' title='bbox 471 1215 914 1288; x_wconf 87' lang='lat' dir='ltr'>amplexabatur</span> <span class='ocrx_word' id='word_1_74' title='bbox 943 1216 1209 1272; x_wconf 71' lang='lat' dir='ltr'>fraternae</span> <span class='ocrx_word' id='word_1_75' title='bbox 1242 1215 1571 1273; x_wconf 89' lang='lat' dir='ltr'>dilectionis</span> <span class='ocrx_word' id='word_1_76' title='bbox 1620 1217 1759 1272; x_wconf 79' lang='lat' dir='ltr'>affe-</span> 
     </span>
    </p>
   </div>
   <div class='ocr_carea' id='block_1_14' title="bbox 104 1304 1761 1377">
    <p class='ocr_par' dir='ltr' id='par_1_14' title="bbox 104 1304 1761 1377">
     <span class='ocr_line' id='line_1_14' title="bbox 104 1304 1761 1377; baseline -0.003 -12"><span class='ocrx_word' id='word_1_77' title='bbox 104 1313 256 1374; x_wconf 89' lang='lat' dir='ltr'>ctus,</span> <span class='ocrx_word' id='word_1_78' title='bbox 281 1310 339 1362; x_wconf 90' lang='lat' dir='ltr'>et</span> <span class='ocrx_word' id='word_1_79' title='bbox 368 1311 583 1362; x_wconf 72' lang='lat' dir='ltr'>sanctae</span> <span class='ocrx_word' id='word_1_80' title='bbox 610 1305 953 1361; x_wconf 70' lang='lat' dir='ltr'>obedientiae</span> <span class='ocrx_word' id='word_1_81' title='bbox 984 1304 1190 1373; x_wconf 89' lang='lat' dir='ltr'>virtus,</span> <span class='ocrx_word' id='word_1_82' title='bbox 1234 1309 1516 1377; x_wconf 88' lang='lat' dir='ltr'>tanquam</span> <span class='ocrx_word' id='word_1_83' title='bbox 1539 1305 1761 1377; x_wconf 86' lang='lat' dir='ltr'>jugiter</span> 
     </span>
    </p>
   </div>
   <div class='ocr_carea' id='block_1_15' title="bbox 105 1393 1760 1467">
    <p class='ocr_par' dir='ltr' id='par_1_15' title="bbox 105 1393 1760 1467">
     <span class='ocr_line' id='line_1_15' title="bbox 105 1393 1760 1467; baseline -0.002 -15"><span class='ocrx_word' id='word_1_84' title='bbox 105 1396 188 1453; x_wconf 87' lang='lat' dir='ltr'>sic</span> <span class='ocrx_word' id='word_1_85' title='bbox 211 1397 476 1467; x_wconf 89' lang='lat' dir='ltr'>seipsum</span> <span class='ocrx_word' id='word_1_86' title='bbox 509 1393 954 1449; x_wconf 89' lang='lat' dir='ltr'>adhortaretur:</span> <span class='ocrx_word' id='word_1_87' title='bbox 989 1394 1134 1458; x_wconf 89' lang='lat' dir='ltr'>Quia</span> <span class='ocrx_word' id='word_1_88' title='bbox 1167 1394 1352 1449; x_wconf 85' lang='lat' dir='ltr'>fronte</span> <span class='ocrx_word' id='word_1_89' title='bbox 1381 1393 1494 1450; x_wconf 87' lang='lat' dir='ltr'>ibis</span> <span class='ocrx_word' id='word_1_90' title='bbox 1525 1395 1592 1448; x_wconf 92' lang='lat' dir='ltr'>ad</span> <span class='ocrx_word' id='word_1_91' title='bbox 1619 1393 1760 1448; x_wconf 86' lang='lat' dir='ltr'>ami-</span> 
     </span>
    </p>
   </div>
   <div class='ocr_carea' id='block_1_16' title="bbox 102 1482 1760 1554">
    <p class='ocr_par' dir='ltr' id='par_1_16' title="bbox 102 1482 1760 1554">
     <span class='ocr_line' id='line_1_16' title="bbox 102 1482 1760 1554; baseline -0.001 -14"><span class='ocrx_word' id='word_1_92' title='bbox 102 1502 263 1552; x_wconf 92' lang='lat' dir='ltr'>cum,</span> <span class='ocrx_word' id='word_1_93' title='bbox 298 1484 348 1541; x_wconf 90' lang='lat' dir='ltr'>si</span> <span class='ocrx_word' id='word_1_94' title='bbox 378 1484 506 1554; x_wconf 88' lang='lat' dir='ltr'>ejus</span> <span class='ocrx_word' id='word_1_95' title='bbox 537 1482 812 1538; x_wconf 89' lang='lat' dir='ltr'>ultimum</span> <span class='ocrx_word' id='word_1_96' title='bbox 853 1482 1196 1539; x_wconf 84' lang='lat' dir='ltr'>refutaveris</span> <span class='ocrx_word' id='word_1_97' title='bbox 1238 1482 1624 1538; x_wconf 85' lang='lat' dir='ltr'>mandatum?</span> <span class='ocrx_word' id='word_1_98' title='bbox 1653 1483 1760 1538; x_wconf 88' lang='lat' dir='ltr'>Pro</span> 
     </span>
    </p>
   </div>
   <div class='ocr_carea' id='block_1_17' title="bbox 101 1570 1762 1646">
    <p class='ocr_par' dir='ltr' id='par_1_17' title="bbox 101 1570 1762 1646">
     <span class='ocr_line' id='line_1_17' title="bbox 101 1570 1762 1646; baseline -0.002 -16"><span class='ocrx_word' id='word_1_99' title='bbox 101 1575 285 1646; x_wconf 88' lang='lat' dir='ltr'>cujus</span> <span class='ocrx_word' id='word_1_100' title='bbox 312 1571 554 1644; x_wconf 88' lang='lat' dir='ltr'>perenni</span> <span class='ocrx_word' id='word_1_101' title='bbox 575 1571 695 1628; x_wconf 91' lang='lat' dir='ltr'>vita</span> <span class='ocrx_word' id='word_1_102' title='bbox 715 1571 773 1626; x_wconf 91' lang='lat' dir='ltr'>in</span> <span class='ocrx_word' id='word_1_103' title='bbox 797 1571 957 1628; x_wconf 81' lang='lat' dir='ltr'>caelis</span> <span class='ocrx_word' id='word_1_104' title='bbox 988 1576 1044 1628; x_wconf 91' lang='lat' dir='ltr'>et</span> <span class='ocrx_word' id='word_1_105' title='bbox 1069 1570 1272 1645; x_wconf 84' lang='lat' dir='ltr'>gloria,</span> <span class='ocrx_word' id='word_1_106' title='bbox 1307 1571 1495 1643; x_wconf 90' lang='lat' dir='ltr'>primo</span> <span class='ocrx_word' id='word_1_107' title='bbox 1527 1572 1762 1644; x_wconf 84' lang='lat' dir='ltr'>deposi-</span> 
     </span>
    </p>
   </div>
   <div class='ocr_carea' id='block_1_18' title="bbox 100 1660 1762 1720">
    <p class='ocr_par' dir='ltr' id='par_1_18' title="bbox 100 1660 1762 1720">
     <span class='ocr_line' id='line_1_18' title="bbox 100 1660 1762 1720; baseline -0.001 -1"><span class='ocrx_word' id='word_1_108' title='bbox 100 1660 464 1720; x_wconf 88' lang='lat' dir='ltr'>tionisillius</span> <span class='ocrx_word' id='word_1_109' title='bbox 477 1677 628 1716; x_wconf 88' lang='lat' dir='ltr'>anno</span> <span class='ocrx_word' id='word_1_110' title='bbox 648 1660 976 1716; x_wconf 72' lang='lat' dir='ltr'>emnobium</span> <span class='ocrx_word' id='word_1_111' title='bbox 990 1660 1450 1717; x_wconf 63' lang='lat' dir='ltr'>VallisGallilea:</span> <span class='ocrx_word' id='word_1_112' title='bbox 1464 1661 1762 1717; x_wconf 89' lang='lat' dir='ltr'>multoties</span> 
     </span>
    </p>
   </div>
   <div class='ocr_carea' id='block_1_19' title="bbox 103 1749 1763 1822">
    <p class='ocr_par' dir='ltr' id='par_1_19' title="bbox 103 1749 1763 1822">
     <span class='ocr_line' id='line_1_19' title="bbox 103 1749 1763 1822; baseline -0.001 -14"><span class='ocrx_word' id='word_1_113' title='bbox 103 1752 272 1809; x_wconf 83' lang='lat' dir='ltr'>adire</span> <span class='ocrx_word' id='word_1_114' title='bbox 293 1749 524 1815; x_wconf 90' lang='lat' dir='ltr'>solitus,</span> <span class='ocrx_word' id='word_1_115' title='bbox 550 1750 960 1822; x_wconf 85' lang='lat' dir='ltr'>frequentabat</span> <span class='ocrx_word' id='word_1_116' title='bbox 991 1751 1061 1805; x_wconf 90' lang='lat' dir='ltr'>ad</span> <span class='ocrx_word' id='word_1_117' title='bbox 1096 1754 1366 1806; x_wconf 89' lang='lat' dir='ltr'>sanctum</span> <span class='ocrx_word' id='word_1_118' title='bbox 1395 1767 1606 1822; x_wconf 90' lang='lat' dir='ltr'>corpus</span> <span class='ocrx_word' id='word_1_119' title='bbox 1628 1749 1763 1822; x_wconf 36' lang='lat' dir='ltr'>mis.-</span> 
     </span>
    </p>
   </div>
   <div class='ocr_carea' id='block_1_20' title="bbox 105 1837 1765 1910">
    <p class='ocr_par' dir='ltr' id='par_1_20' title="bbox 105 1837 1765 1910">
     <span class='ocr_line' id='line_1_20' title="bbox 105 1837 1765 1910; baseline -0.002 -14"><span class='ocrx_word' id='word_1_120' title='bbox 105 1856 310 1896; x_wconf 90' lang='lat' dir='ltr'>sarum</span> <span class='ocrx_word' id='word_1_121' title='bbox 344 1837 669 1902; x_wconf 85' lang='lat' dir='ltr'>solemnia;</span> <span class='ocrx_word' id='word_1_122' title='bbox 717 1837 934 1894; x_wconf 87' lang='lat' dir='ltr'>sciebat</span> <span class='ocrx_word' id='word_1_123' title='bbox 990 1839 1148 1894; x_wconf 88' lang='lat' dir='ltr'>enim</span> <span class='ocrx_word' id='word_1_124' title='bbox 1210 1839 1535 1910; x_wconf 89' lang='lat' dir='ltr'>scriptum:</span> <span class='ocrx_word' id='word_1_125' title='bbox 1588 1839 1765 1893; x_wconf 82' lang='lat' dir='ltr'>Nescit</span> 
     </span>
    </p>
   </div>
   <div class='ocr_carea' id='block_1_21' title="bbox 105 1927 1766 1999">
    <p class='ocr_par' dir='ltr' id='par_1_21' title="bbox 105 1927 1766 1999">
     <span class='ocr_line' id='line_1_21' title="bbox 105 1927 1766 1999; baseline -0.002 -15"><span class='ocrx_word' id='word_1_126' title='bbox 105 1930 268 1986; x_wconf 84' lang='lat' dir='ltr'>homo</span> <span class='ocrx_word' id='word_1_127' title='bbox 307 1935 495 1983; x_wconf 81' lang='lat' dir='ltr'>utrum</span> <span class='ocrx_word' id='word_1_128' title='bbox 543 1943 728 1982; x_wconf 80' lang='lat' dir='ltr'>amore</span> <span class='ocrx_word' id='word_1_129' title='bbox 772 1945 844 1982; x_wconf 87' lang='lat' dir='ltr'>an</span> <span class='ocrx_word' id='word_1_130' title='bbox 890 1927 1010 1983; x_wconf 83' lang='lat' dir='ltr'>odio</span> <span class='ocrx_word' id='word_1_131' title='bbox 1058 1928 1255 1999; x_wconf 80' lang='lat' dir='ltr'>dignus</span> <span class='ocrx_word' id='word_1_132' title='bbox 1299 1929 1390 1995; x_wconf 83' lang='lat' dir='ltr'>sit,</span> <span class='ocrx_word' id='word_1_133' title='bbox 1441 1928 1533 1982; x_wconf 82' lang='lat' dir='ltr'>sed</span> <span class='ocrx_word' id='word_1_134' title='bbox 1579 1929 1766 1982; x_wconf 80' lang='lat' dir='ltr'>omnia</span> 
     </span>
    </p>
   </div>
   <div class='ocr_carea' id='block_1_22' title="bbox 104 2014 1762 2090">
    <p class='ocr_par' dir='ltr' id='par_1_22' title="bbox 104 2014 1762 2090">
     <span class='ocr_line' id='line_1_22' title="bbox 104 2014 1762 2090; baseline -0.002 -17"><span class='ocrx_word' id='word_1_135' title='bbox 104 2021 161 2073; x_wconf 81' lang='lat' dir='ltr'>in</span> <span class='ocrx_word' id='word_1_136' title='bbox 199 2021 388 2090; x_wconf 79' lang='lat' dir='ltr'>futuro</span> <span class='ocrx_word' id='word_1_137' title='bbox 430 2020 779 2072; x_wconf 79' lang='lat' dir='ltr'>reservantur</span> <span class='ocrx_word' id='word_1_138' title='bbox 814 2017 1021 2071; x_wconf 81' lang='lat' dir='ltr'>incerta</span> <span class='ocrx_word' id='word_1_139' title='bbox 1041 2017 1228 2085; x_wconf 80' lang='lat' dir='ltr'>(Eccli.</span> <span class='ocrx_word' id='word_1_140' title='bbox 1255 2034 1330 2080; x_wconf 83' lang='lat' dir='ltr'>IX,</span> <span class='ocrx_word' id='word_1_141' title='bbox 1358 2021 1405 2081; x_wconf 84' lang='lat'>1,</span> <span class='ocrx_word' id='word_1_142' title='bbox 1427 2017 1506 2087; x_wconf 89' lang='grc'>2.)</span> <span class='ocrx_word' id='word_1_143' title='bbox 1532 2017 1598 2071; x_wconf 91' lang='lat' dir='ltr'>Et</span> <span class='ocrx_word' id='word_1_144' title='bbox 1618 2014 1762 2070; x_wconf 88' lang='lat' dir='ltr'>illud</span> 
     </span>
    </p>
   </div>
   <div class='ocr_carea' id='block_1_23' title="bbox 106 2103 1763 2178">
    <p class='ocr_par' dir='ltr' id='par_1_23' title="bbox 106 2103 1763 2178">
     <span class='ocr_line' id='line_1_23' title="bbox 106 2103 1763 2178; baseline -0.003 -15"><span class='ocrx_word' id='word_1_145' title='bbox 106 2105 437 2163; x_wconf 82' lang='lat' dir='ltr'>acutissimi</span> <span class='ocrx_word' id='word_1_146' title='bbox 467 2104 653 2160; x_wconf 89' lang='lat' dir='ltr'>Patris</span> <span class='ocrx_word' id='word_1_147' title='bbox 690 2106 1001 2178; x_wconf 82' lang='lat' dir='ltr'>Augustini</span> <span class='ocrx_word' id='word_1_148' title='bbox 1025 2106 1279 2160; x_wconf 90' lang='lat' dir='ltr'>dictum:</span> <span class='ocrx_word' id='word_1_149' title='bbox 1313 2128 1332 2154; x_wconf 82' lang='grc' dir='ltr'>ι</span> <span class='ocrx_word' id='word_1_150' title='bbox 1359 2105 1451 2158; x_wconf 76' lang='lat' dir='ltr'>Vm</span> <span class='ocrx_word' id='word_1_151' title='bbox 1483 2103 1763 2160; x_wconf 83' lang='lat' dir='ltr'>laudabili</span> 
     </span>
    </p>
   </div>
   <div class='ocr_carea' id='block_1_24' title="bbox 105 2193 1763 2265">
    <p class='ocr_par' dir='ltr' id='par_1_24' title="bbox 105 2193 1763 2265">
     <span class='ocr_line' id='line_1_24' title="bbox 105 2193 1763 2265; baseline -0.001 -17"><span class='ocrx_word' id='word_1_152' title='bbox 105 2196 243 2250; x_wconf 72' lang='lat' dir='ltr'>vitae</span> <span class='ocrx_word' id='word_1_153' title='bbox 275 2194 605 2258; x_wconf 88' lang='lat' dir='ltr'>hominum,</span> <span class='ocrx_word' id='word_1_154' title='bbox 659 2193 708 2248; x_wconf 90' lang='lat' dir='ltr'>si</span> <span class='ocrx_word' id='word_1_155' title='bbox 756 2197 979 2249; x_wconf 89' lang='lat' dir='ltr'>remota</span> <span class='ocrx_word' id='word_1_156' title='bbox 1024 2194 1235 2265; x_wconf 87' lang='lat' dir='ltr'>pietate</span> <span class='ocrx_word' id='word_1_157' title='bbox 1262 2193 1582 2263; x_wconf 84' lang='lat' dir='ltr'>judicatur.</span> <span class='ocrx_word' id='word_1_158' title='bbox 1617 2193 1763 2248; x_wconf 88' lang='lat' dir='ltr'>Nam</span> 
     </span>
    </p>
   </div>
   <div class='ocr_carea' id='block_1_25' title="bbox 108 2282 1766 2356">
    <p class='ocr_par' dir='ltr' id='par_1_25' title="bbox 108 2282 1766 2356">
     <span class='ocr_line' id='line_1_25' title="bbox 108 2282 1766 2356; baseline -0.001 -18"><span class='ocrx_word' id='word_1_159' title='bbox 108 2284 250 2356; x_wconf 85' lang='lat' dir='ltr'>quis</span> <span class='ocrx_word' id='word_1_160' title='bbox 271 2282 578 2338; x_wconf 89' lang='lat' dir='ltr'>hominum</span> <span class='ocrx_word' id='word_1_161' title='bbox 607 2282 844 2338; x_wconf 87' lang='lat' dir='ltr'>audebit</span> <span class='ocrx_word' id='word_1_162' title='bbox 864 2283 1054 2338; x_wconf 86' lang='lat' dir='ltr'>dicere</span> <span class='ocrx_word' id='word_1_163' title='bbox 1078 2299 1090 2336; x_wconf 91' lang='lat'>:</span> <span class='ocrx_word' id='word_1_164' title='bbox 1125 2285 1278 2338; x_wconf 81' lang='lat' dir='ltr'>Venit</span> <span class='ocrx_word' id='word_1_165' title='bbox 1298 2285 1550 2354; x_wconf 66' lang='lat' dir='ltr'>princeps</span> <span class='ocrx_word' id='word_1_166' title='bbox 1572 2283 1766 2337; x_wconf 84' lang='lat' dir='ltr'>mundi</span> 
     </span>
    </p>
   </div>
   <div class='ocr_carea' id='block_1_26' title="bbox 108 2371 1763 2443">
    <p class='ocr_par' dir='ltr' id='par_1_26' title="bbox 108 2371 1763 2443">
     <span class='ocr_line' id='line_1_26' title="bbox 108 2371 1763 2443; baseline -0.002 -15"><span class='ocrx_word' id='word_1_167' title='bbox 108 2373 299 2443; x_wconf 83' lang='lat' dir='ltr'>hujus,</span> <span class='ocrx_word' id='word_1_168' title='bbox 330 2379 382 2427; x_wconf 81' lang='lat' dir='ltr'>et</span> <span class='ocrx_word' id='word_1_169' title='bbox 409 2374 469 2426; x_wconf 83' lang='lat' dir='ltr'>in</span> <span class='ocrx_word' id='word_1_170' title='bbox 498 2388 581 2427; x_wconf 87' lang='lat' dir='ltr'>me</span> <span class='ocrx_word' id='word_1_171' title='bbox 613 2389 724 2428; x_wconf 76' lang='lat' dir='ltr'>non</span> <span class='ocrx_word' id='word_1_172' title='bbox 757 2373 914 2426; x_wconf 77' lang='lat' dir='ltr'>habet</span> <span class='ocrx_word' id='word_1_173' title='bbox 944 2372 1242 2442; x_wconf 82' lang='lat' dir='ltr'>quidquam</span> <span class='ocrx_word' id='word_1_174' title='bbox 1273 2374 1448 2443; x_wconf 80' lang='lat' dir='ltr'>(Joan.</span> <span class='ocrx_word' id='word_1_175' title='bbox 1481 2389 1594 2438; x_wconf 82' lang='lat' dir='ltr'>xw,</span> <span class='ocrx_word' id='word_1_176' title='bbox 1627 2371 1696 2424; x_wconf 93' lang='lat'>30</span> <span class='ocrx_word' id='word_1_177' title='bbox 1725 2373 1763 2441; x_wconf 89' lang='lat'>;)</span> 
     </span>
    </p>
   </div>
   <div class='ocr_carea' id='block_1_27' title="bbox 103 2460 1762 2530">
    <p class='ocr_par' dir='ltr' id='par_1_27' title="bbox 103 2460 1762 2530">
     <span class='ocr_line' id='line_1_27' title="bbox 103 2460 1762 2530; baseline -0.001 -13"><span class='ocrx_word' id='word_1_178' title='bbox 103 2462 220 2517; x_wconf 86' lang='lat' dir='ltr'>nisi</span> <span class='ocrx_word' id='word_1_179' title='bbox 262 2461 416 2516; x_wconf 89' lang='lat' dir='ltr'>inter</span> <span class='ocrx_word' id='word_1_180' title='bbox 465 2464 728 2515; x_wconf 88' lang='lat' dir='ltr'>mortuos</span> <span class='ocrx_word' id='word_1_181' title='bbox 777 2460 972 2516; x_wconf 78' lang='lat' dir='ltr'>liber?</span> <span class='ocrx_word' id='word_1_182' title='bbox 1001 2461 1168 2530; x_wconf 85' lang='lat' dir='ltr'>(Psal.</span> <span class='ocrx_word' id='word_1_183' title='bbox 1206 2478 1451 2521; x_wconf 83' lang='lat' dir='ltr'>Lxxxvu,</span> <span class='ocrx_word' id='word_1_184' title='bbox 1503 2461 1581 2529; x_wconf 88' lang='lat'>6.)</span> <span class='ocrx_word' id='word_1_185' title='bbox 1612 2462 1762 2524; x_wconf 55' lang='lat' dir='ltr'>Qua-</span> 
     </span>
    </p>
   </div>
   <div class='ocr_carea' id='block_1_28' title="bbox 103 2548 1765 2622">
    <p class='ocr_par' dir='ltr' id='par_1_28' title="bbox 103 2548 1765 2622">
     <span class='ocr_line' id='line_1_28' title="bbox 103 2548 1765 2622; baseline -0.001 -17"><span class='ocrx_word' id='word_1_186' title='bbox 103 2554 366 2622; x_wconf 87' lang='lat' dir='ltr'>propter,</span> <span class='ocrx_word' id='word_1_187' title='bbox 399 2550 551 2621; x_wconf 89' lang='lat' dir='ltr'>quod</span> <span class='ocrx_word' id='word_1_188' title='bbox 582 2548 772 2604; x_wconf 90' lang='lat' dir='ltr'>solum</span> <span class='ocrx_word' id='word_1_189' title='bbox 792 2553 849 2604; x_wconf 88' lang='lat' dir='ltr'>et</span> <span class='ocrx_word' id='word_1_190' title='bbox 869 2548 1164 2622; x_wconf 85' lang='lat' dir='ltr'>singulare</span> <span class='ocrx_word' id='word_1_191' title='bbox 1188 2549 1537 2604; x_wconf 81' lang='lat' dir='ltr'>beneficium</span> <span class='ocrx_word' id='word_1_192' title='bbox 1561 2549 1765 2604; x_wconf 90' lang='lat' dir='ltr'>defun-</span> 
     </span>
    </p>
   </div>
   <div class='ocr_carea' id='block_1_29' title="bbox 102 2637 1762 2709">
    <p class='ocr_par' dir='ltr' id='par_1_29' title="bbox 102 2637 1762 2709">
     <span class='ocr_line' id='line_1_29' title="bbox 102 2637 1762 2709; baseline -0.001 -15"><span class='ocrx_word' id='word_1_193' title='bbox 102 2639 217 2694; x_wconf 83' lang='lat' dir='ltr'>ctis</span> <span class='ocrx_word' id='word_1_194' title='bbox 240 2639 361 2693; x_wconf 88' lang='lat' dir='ltr'>fore</span> <span class='ocrx_word' id='word_1_195' title='bbox 377 2643 634 2704; x_wconf 86' lang='lat' dir='ltr'>noverat,</span> <span class='ocrx_word' id='word_1_196' title='bbox 660 2643 791 2709; x_wconf 89' lang='lat' dir='ltr'>post</span> <span class='ocrx_word' id='word_1_197' title='bbox 808 2637 1064 2694; x_wconf 89' lang='lat' dir='ltr'>amicum</span> <span class='ocrx_word' id='word_1_198' title='bbox 1090 2639 1240 2692; x_wconf 90' lang='lat' dir='ltr'>viam</span> <span class='ocrx_word' id='word_1_199' title='bbox 1262 2638 1544 2692; x_wconf 79' lang='lat' dir='ltr'>universae</span> <span class='ocrx_word' id='word_1_200' title='bbox 1569 2637 1762 2693; x_wconf 90' lang='lat' dir='ltr'>carnis</span> 
     </span>
    </p>
   </div>
   <div class='ocr_carea' id='block_1_30' title="bbox 101 2727 1763 2800">
    <p class='ocr_par' dir='ltr' id='par_1_30' title="bbox 101 2727 1763 2800">
     <span class='ocr_line' id='line_1_30' title="bbox 101 2727 1763 2800; baseline -0.001 -18"><span class='ocrx_word' id='word_1_201' title='bbox 101 2728 444 2800; x_wconf 85' lang='lat' dir='ltr'>ingressum</span> <span class='ocrx_word' id='word_1_202' title='bbox 470 2727 863 2782; x_wconf 87' lang='lat' dir='ltr'>transmittere</span> <span class='ocrx_word' id='word_1_203' title='bbox 886 2744 998 2781; x_wconf 90' lang='lat' dir='ltr'>non</span> <span class='ocrx_word' id='word_1_204' title='bbox 1024 2727 1478 2792; x_wconf 88' lang='lat' dir='ltr'>cessabat.Quod</span> <span class='ocrx_word' id='word_1_205' title='bbox 1496 2727 1763 2798; x_wconf 88' lang='lat' dir='ltr'>quamvis</span> 
     </span>
    </p>
   </div>
   <div class='ocr_carea' id='block_1_31' title="bbox 99 2815 1762 2888">
    <p class='ocr_par' dir='ltr' id='par_1_31' title="bbox 99 2815 1762 2888">
     <span class='ocr_line' id='line_1_31' title="bbox 99 2815 1762 2888; baseline -0.001 -17"><span class='ocrx_word' id='word_1_206' title='bbox 99 2817 205 2888; x_wconf 82' lang='lat' dir='ltr'>pia.</span> <span class='ocrx_word' id='word_1_207' title='bbox 235 2821 425 2870; x_wconf 88' lang='lat' dir='ltr'>mater</span> <span class='ocrx_word' id='word_1_208' title='bbox 465 2815 719 2870; x_wconf 87' lang='lat' dir='ltr'>Ecclesia</span> <span class='ocrx_word' id='word_1_209' title='bbox 751 2820 882 2886; x_wconf 92' lang='lat' dir='ltr'>post</span> <span class='ocrx_word' id='word_1_210' title='bbox 911 2815 1063 2872; x_wconf 82' lang='lat' dir='ltr'>filios</span> <span class='ocrx_word' id='word_1_211' title='bbox 1085 2833 1222 2870; x_wconf 90' lang='lat' dir='ltr'>suos</span> <span class='ocrx_word' id='word_1_212' title='bbox 1263 2819 1506 2872; x_wconf 90' lang='lat' dir='ltr'>cunctos</span> <span class='ocrx_word' id='word_1_213' title='bbox 1535 2815 1762 2870; x_wconf 80' lang='lat' dir='ltr'>indiffe-</span> 
     </span>
    </p>
   </div>
   <div class='ocr_carea' id='block_1_32' title="bbox 101 2901 1762 2975">
    <p class='ocr_par' dir='ltr' id='par_1_32' title="bbox 101 2901 1762 2975">
     <span class='ocr_line' id='line_1_32' title="bbox 101 2901 1762 2975; baseline -0.001 -15"><span class='ocrx_word' id='word_1_214' title='bbox 101 2907 308 2960; x_wconf 86' lang='lat' dir='ltr'>renter</span> <span class='ocrx_word' id='word_1_215' title='bbox 339 2903 556 2964; x_wconf 88' lang='lat' dir='ltr'>mittat,</span> <span class='ocrx_word' id='word_1_216' title='bbox 590 2901 729 2972; x_wconf 89' lang='lat' dir='ltr'>quia</span> <span class='ocrx_word' id='word_1_217' title='bbox 758 2901 1222 2973; x_wconf 85' lang='lat' dir='ltr'>occultajudicia</span> <span class='ocrx_word' id='word_1_218' title='bbox 1251 2905 1345 2958; x_wconf 90' lang='lat' dir='ltr'>Dei</span> <span class='ocrx_word' id='word_1_219' title='bbox 1373 2904 1634 2958; x_wconf 89' lang='lat' dir='ltr'>nondum</span> <span class='ocrx_word' id='word_1_220' title='bbox 1665 2920 1762 2975; x_wconf 90' lang='lat' dir='ltr'>pe-</span> 
     </span>
    </p>
   </div>
   <div class='ocr_carea' id='block_1_33' title="bbox 96 2990 1766 3063">
    <p class='ocr_par' dir='ltr' id='par_1_33' title="bbox 96 2990 1766 3063">
     <span class='ocr_line' id='line_1_33' title="bbox 96 2990 1766 3063; baseline -0.001 -15"><span class='ocrx_word' id='word_1_221' title='bbox 96 2995 325 3058; x_wconf 72' lang='lat' dir='ltr'>netrat,</span> <span class='ocrx_word' id='word_1_222' title='bbox 354 2991 554 3059; x_wconf 88' lang='lat' dir='ltr'>justus</span> <span class='ocrx_word' id='word_1_223' title='bbox 574 2992 769 3044; x_wconf 88' lang='lat' dir='ltr'>tamen</span> <span class='ocrx_word' id='word_1_224' title='bbox 785 2990 967 3060; x_wconf 87' lang='lat' dir='ltr'>judcx</span> <span class='ocrx_word' id='word_1_225' title='bbox 984 2991 1066 3045; x_wconf 91' lang='lat' dir='ltr'>sic</span> <span class='ocrx_word' id='word_1_226' title='bbox 1092 3009 1332 3047; x_wconf 90' lang='lat' dir='ltr'>suorum</span> <span class='ocrx_word' id='word_1_227' title='bbox 1353 2997 1484 3046; x_wconf 87' lang='lat' dir='ltr'>vota</span> <span class='ocrx_word' id='word_1_228' title='bbox 1504 2995 1766 3063; x_wconf 88' lang='lat' dir='ltr'>acceptat</span> 
     </span>
    </p>
   </div>
   <div class='ocr_carea' id='block_1_34' title="bbox 97 3076 1764 3150">
    <p class='ocr_par' dir='ltr' id='par_1_34' title="bbox 97 3076 1764 3150">
     <span class='ocr_line' id='line_1_34' title="bbox 97 3076 1764 3150; baseline -0.001 -14"><span class='ocrx_word' id='word_1_229' title='bbox 97 3098 164 3138; x_wconf 91' lang='lat' dir='ltr'>ne</span> <span class='ocrx_word' id='word_1_230' title='bbox 211 3076 458 3135; x_wconf 86' lang='lat' dir='ltr'>omnino</span> <span class='ocrx_word' id='word_1_231' title='bbox 483 3076 761 3132; x_wconf 82' lang='lat' dir='ltr'>frustrata</span> <span class='ocrx_word' id='word_1_232' title='bbox 792 3077 1062 3146; x_wconf 87' lang='lat' dir='ltr'>doleant;</span> <span class='ocrx_word' id='word_1_233' title='bbox 1088 3096 1218 3134; x_wconf 89' lang='lat' dir='ltr'>cum</span> <span class='ocrx_word' id='word_1_234' title='bbox 1235 3081 1404 3150; x_wconf 83' lang='lat' dir='ltr'>juxta</span> <span class='ocrx_word' id='word_1_235' title='bbox 1429 3087 1764 3135; x_wconf 86' lang='lat' dir='ltr'>sanctorum</span> 
     </span>
    </p>
   </div>
   <div class='ocr_carea' id='block_1_35' title="bbox 1860 500 3513 576">
    <p class='ocr_par' dir='ltr' id='par_1_35' title="bbox 1860 500 3513 576">
     <span class='ocr_line' id='line_1_35' title="bbox 1860 500 3513 576; baseline -0.006 -14"><span class='ocrx_word' id='word_1_236' title='bbox 1860 509 2040 576; x_wconf 88' lang='lat' dir='ltr'>tur,et</span> <span class='ocrx_word' id='word_1_237' title='bbox 2059 505 2118 560; x_wconf 88' lang='lat' dir='ltr'>in</span> <span class='ocrx_word' id='word_1_238' title='bbox 2141 509 2298 561; x_wconf 89' lang='lat' dir='ltr'>veste</span> <span class='ocrx_word' id='word_1_239' title='bbox 2321 520 2533 560; x_wconf 90' lang='lat' dir='ltr'>nomen</span> <span class='ocrx_word' id='word_1_240' title='bbox 2551 503 2734 560; x_wconf 88' lang='lat' dir='ltr'>sancti</span> <span class='ocrx_word' id='word_1_241' title='bbox 2750 501 2909 556; x_wconf 90' lang='lat' dir='ltr'>illius</span> <span class='ocrx_word' id='word_1_242' title='bbox 2921 500 3264 556; x_wconf 90' lang='lat' dir='ltr'>dulcissime</span> <span class='ocrx_word' id='word_1_243' title='bbox 3278 515 3513 554; x_wconf 82' lang='lat' dir='ltr'>venera-</span> 
     </span>
    </p>
   </div>
   <div class='ocr_carea' id='block_1_36' title="bbox 1862 587 3509 666">
    <p class='ocr_par' dir='ltr' id='par_1_36' title="bbox 1862 587 3509 666">
     <span class='ocr_line' id='line_1_36' title="bbox 1862 587 3509 666; baseline -0.007 -14"><span class='ocrx_word' id='word_1_244' title='bbox 1862 597 2314 666; x_wconf 90' lang='lat' dir='ltr'>batur,eumque</span> <span class='ocrx_word' id='word_1_245' title='bbox 2332 593 2388 648; x_wconf 92' lang='lat' dir='ltr'>in</span> <span class='ocrx_word' id='word_1_246' title='bbox 2409 609 2477 648; x_wconf 90' lang='lat' dir='ltr'>ea</span> <span class='ocrx_word' id='word_1_247' title='bbox 2507 592 2617 648; x_wconf 88' lang='lat' dir='ltr'>sibi</span> <span class='ocrx_word' id='word_1_248' title='bbox 2638 591 2828 647; x_wconf 90' lang='lat' dir='ltr'>videre</span> <span class='ocrx_word' id='word_1_249' title='bbox 2843 589 3292 646; x_wconf 86' lang='lat' dir='ltr'>videbatur.Hoc</span> <span class='ocrx_word' id='word_1_250' title='bbox 3313 587 3509 658; x_wconf 88' lang='lat' dir='ltr'>ipsum</span> 
     </span>
    </p>
   </div>
   <div class='ocr_carea' id='block_1_37' title="bbox 1865 673 3511 756">
    <p class='ocr_par' dir='ltr' id='par_1_37' title="bbox 1865 673 3511 756">
     <span class='ocr_line' id='line_1_37' title="bbox 1865 673 3511 756; baseline -0.007 -16"><span class='ocrx_word' id='word_1_251' title='bbox 1865 685 2131 752; x_wconf 87' lang='lat' dir='ltr'>faciebat,</span> <span class='ocrx_word' id='word_1_252' title='bbox 2166 683 2398 756; x_wconf 87' lang='lat' dir='ltr'>quando</span> <span class='ocrx_word' id='word_1_253' title='bbox 2456 681 2668 754; x_wconf 91' lang='lat' dir='ltr'>placito</span> <span class='ocrx_word' id='word_1_254' title='bbox 2724 684 2986 751; x_wconf 88' lang='lat' dir='ltr'>tempore</span> <span class='ocrx_word' id='word_1_255' title='bbox 3015 695 3082 734; x_wconf 91' lang='lat' dir='ltr'>ea</span> <span class='ocrx_word' id='word_1_256' title='bbox 3121 695 3155 732; x_wconf 91' lang='lat' dir='ltr'>a</span> <span class='ocrx_word' id='word_1_257' title='bbox 3203 673 3511 746; x_wconf 89' lang='lat' dir='ltr'>discipulis</span> 
     </span>
    </p>
   </div>
   <div class='ocr_carea' id='block_1_38' title="bbox 1865 762 3514 829">
    <p class='ocr_par' dir='ltr' id='par_1_38' title="bbox 1865 762 3514 829">
     <span class='ocr_line' id='line_1_38' title="bbox 1865 762 3514 829; baseline -0.008 -1"><span class='ocrx_word' id='word_1_258' title='bbox 1865 774 2050 829; x_wconf 88' lang='lat' dir='ltr'>sancti</span> <span class='ocrx_word' id='word_1_259' title='bbox 2107 771 2177 826; x_wconf 88' lang='lat' dir='ltr'>ad</span> <span class='ocrx_word' id='word_1_260' title='bbox 2239 770 2496 825; x_wconf 90' lang='lat' dir='ltr'>Medium</span> <span class='ocrx_word' id='word_1_261' title='bbox 2555 767 2971 824; x_wconf 87' lang='lat' dir='ltr'>Monasterium</span> <span class='ocrx_word' id='word_1_262' title='bbox 3026 764 3401 821; x_wconf 83' lang='lat' dir='ltr'>referebatur.</span> <span class='ocrx_word' id='word_1_263' title='bbox 3445 762 3514 816; x_wconf 87' lang='lat' dir='ltr'>Et</span> 
     </span>
    </p>
   </div>
   <div class='ocr_carea' id='block_1_39' title="bbox 1867 849 3530 935">
    <p class='ocr_par' dir='ltr' id='par_1_39' title="bbox 1867 849 3530 935">
     <span class='ocr_line' id='line_1_39' title="bbox 1867 849 3530 935; baseline -0.008 -18"><span class='ocrx_word' id='word_1_264' title='bbox 1867 862 2150 935; x_wconf 87' lang='lat' dir='ltr'>quidquid</span> <span class='ocrx_word' id='word_1_265' title='bbox 2176 858 2565 915; x_wconf 87' lang='lat' dir='ltr'>venerationis</span> <span class='ocrx_word' id='word_1_266' title='bbox 2597 857 2973 930; x_wconf 87' lang='lat' dir='ltr'>impendebat</span> <span class='ocrx_word' id='word_1_267' title='bbox 2994 852 3323 910; x_wconf 89' lang='lat' dir='ltr'>insensibili</span> <span class='ocrx_word' id='word_1_268' title='bbox 3349 849 3530 906; x_wconf 82' lang='lat' dir='ltr'>tuni-.</span> 
     </span>
    </p>
   </div>
   <div class='ocr_carea' id='block_1_40' title="bbox 1867 941 3512 1020">
    <p class='ocr_par' dir='ltr' id='par_1_40' title="bbox 1867 941 3512 1020">
     <span class='ocr_line' id='line_1_40' title="bbox 1867 941 3512 1020; baseline -0.009 -12"><span class='ocrx_word' id='word_1_269' title='bbox 1867 949 2321 1020; x_wconf 66' lang='lat' dir='ltr'>cae,charissimo</span> <span class='ocrx_word' id='word_1_270' title='bbox 2344 947 2709 1004; x_wconf 90' lang='lat' dir='ltr'>suoDeodato</span> <span class='ocrx_word' id='word_1_271' title='bbox 2728 963 2788 1002; x_wconf 92' lang='lat' dir='ltr'>se</span> <span class='ocrx_word' id='word_1_272' title='bbox 2811 945 3147 1017; x_wconf 87' lang='lat' dir='ltr'>impendere</span> <span class='ocrx_word' id='word_1_273' title='bbox 3168 941 3474 998; x_wconf 62' lang='lat' dir='ltr'>laetabatur</span> <span class='ocrx_word' id='word_1_274' title='bbox 3499 956 3512 1005; x_wconf 89' lang='lat'><strong>;</strong></span> 
     </span>
    </p>
   </div>
   <div class='ocr_carea' id='block_1_41' title="bbox 1867 1031 3513 1111">
    <p class='ocr_par' dir='ltr' id='par_1_41' title="bbox 1867 1031 3513 1111">
     <span class='ocr_line' id='line_1_41' title="bbox 1867 1031 3513 1111; baseline -0.007 -17"><span class='ocrx_word' id='word_1_275' title='bbox 1867 1055 2039 1111; x_wconf 82' lang='lat' dir='ltr'>quem</span> <span class='ocrx_word' id='word_1_276' title='bbox 2062 1039 2275 1094; x_wconf 89' lang='lat' dir='ltr'>sentire</span> <span class='ocrx_word' id='word_1_277' title='bbox 2298 1040 2564 1093; x_wconf 86' lang='lat' dir='ltr'>devotam</span> <span class='ocrx_word' id='word_1_278' title='bbox 2593 1035 2703 1092; x_wconf 90' lang='lat' dir='ltr'>sibi</span> <span class='ocrx_word' id='word_1_279' title='bbox 2728 1034 3074 1090; x_wconf 88' lang='lat' dir='ltr'>charitatem</span> <span class='ocrx_word' id='word_1_280' title='bbox 3098 1031 3513 1095; x_wconf 88' lang='lat' dir='ltr'>arbitrabatur,</span> 
     </span>
    </p>
   </div>
   <div class='ocr_carea' id='block_1_42' title="bbox 1869 1120 3513 1199">
    <p class='ocr_par' dir='ltr' id='par_1_42' title="bbox 1869 1120 3513 1199">
     <span class='ocr_line' id='line_1_42' title="bbox 1869 1120 3513 1199; baseline -0.007 -15"><span class='ocrx_word' id='word_1_281' title='bbox 1869 1129 2153 1199; x_wconf 86' lang='lat' dir='ltr'>cujusque</span> <span class='ocrx_word' id='word_1_282' title='bbox 2167 1127 2501 1182; x_wconf 82' lang='lat' dir='ltr'>efﬁcacibus</span> <span class='ocrx_word' id='word_1_283' title='bbox 2516 1125 2740 1181; x_wconf 90' lang='lat' dir='ltr'>meritis</span> <span class='ocrx_word' id='word_1_284' title='bbox 2755 1122 3235 1196; x_wconf 90' lang='lat' dir='ltr'>seipsum,adhuc</span> <span class='ocrx_word' id='word_1_285' title='bbox 3249 1121 3306 1175; x_wconf 90' lang='lat' dir='ltr'>in</span> <span class='ocrx_word' id='word_1_286' title='bbox 3326 1120 3513 1175; x_wconf 88' lang='lat' dir='ltr'>stadio</span> 
     </span>
    </p>
   </div>
   <div class='ocr_carea' id='block_1_43' title="bbox 1869 1209 3516 1289">
    <p class='ocr_par' dir='ltr' id='par_1_43' title="bbox 1869 1209 3516 1289">
     <span class='ocr_line' id='line_1_43' title="bbox 1869 1209 3516 1289; baseline -0.005 -17"><span class='ocrx_word' id='word_1_287' title='bbox 1869 1217 2047 1289; x_wconf 90' lang='lat' dir='ltr'>hujus</span> <span class='ocrx_word' id='word_1_288' title='bbox 2077 1217 2203 1270; x_wconf 63' lang='lat' dir='ltr'>vitm</span> <span class='ocrx_word' id='word_1_289' title='bbox 2235 1216 2648 1282; x_wconf 86' lang='lat' dir='ltr'>decertantem,</span> <span class='ocrx_word' id='word_1_290' title='bbox 2697 1219 2871 1286; x_wconf 90' lang='lat' dir='ltr'>atque</span> <span class='ocrx_word' id='word_1_291' title='bbox 2923 1211 3214 1284; x_wconf 89' lang='lat' dir='ltr'>spirituali</span> <span class='ocrx_word' id='word_1_292' title='bbox 3247 1209 3516 1282; x_wconf 69' lang='lat' dir='ltr'>palaestra</span> 
     </span>
    </p>
   </div>
   <div class='ocr_carea' id='block_1_44' title="bbox 1869 1300 3519 1372">
    <p class='ocr_par' dir='ltr' id='par_1_44' title="bbox 1869 1300 3519 1372">
     <span class='ocr_line' id='line_1_44' title="bbox 1869 1300 3519 1372; baseline -0.005 -11"><span class='ocrx_word' id='word_1_293' title='bbox 1869 1306 2276 1372; x_wconf 89' lang='lat' dir='ltr'>desudantem,</span> <span class='ocrx_word' id='word_1_294' title='bbox 2312 1305 2624 1361; x_wconf 89' lang='lat' dir='ltr'>sustentari</span> <span class='ocrx_word' id='word_1_295' title='bbox 2657 1304 2810 1358; x_wconf 90' lang='lat' dir='ltr'>inter</span> <span class='ocrx_word' id='word_1_296' title='bbox 2839 1301 3031 1358; x_wconf 89' lang='lat' dir='ltr'>dulcia</span> <span class='ocrx_word' id='word_1_297' title='bbox 3048 1300 3303 1372; x_wconf 88' lang='lat' dir='ltr'>suspiria</span> <span class='ocrx_word' id='word_1_298' title='bbox 3323 1315 3519 1371; x_wconf 87' lang='lat' dir='ltr'>preca-</span> 
     </span>
    </p>
   </div>
   <div class='ocr_carea' id='block_1_45' title="bbox 1870 1393 3518 1463">
    <p class='ocr_par' dir='ltr' id='par_1_45' title="bbox 1870 1393 3518 1463">
     <span class='ocr_line' id='line_1_45' title="bbox 1870 1393 3518 1463; baseline -0.005 -12"><span class='ocrx_word' id='word_1_299' title='bbox 1870 1397 2059 1451; x_wconf 86' lang='lat' dir='ltr'>batur.</span> <span class='ocrx_word' id='word_1_300' title='bbox 2095 1394 2432 1450; x_wconf 82' lang='lat' dir='ltr'>Conﬁdebat</span> <span class='ocrx_word' id='word_1_301' title='bbox 2462 1393 2615 1448; x_wconf 90' lang='lat' dir='ltr'>enim</span> <span class='ocrx_word' id='word_1_302' title='bbox 2650 1393 2838 1459; x_wconf 89' lang='lat' dir='ltr'>illum,</span> <span class='ocrx_word' id='word_1_303' title='bbox 2864 1393 2989 1462; x_wconf 90' lang='lat' dir='ltr'>jam</span> <span class='ocrx_word' id='word_1_304' title='bbox 3024 1394 3313 1463; x_wconf 89' lang='lat' dir='ltr'>prostrato</span> <span class='ocrx_word' id='word_1_305' title='bbox 3340 1393 3518 1460; x_wconf 87' lang='lat' dir='ltr'>atque</span> 
     </span>
    </p>
   </div>
   <div class='ocr_carea' id='block_1_46' title="bbox 1873 1477 3516 1557">
    <p class='ocr_par' dir='ltr' id='par_1_46' title="bbox 1873 1477 3516 1557">
     <span class='ocr_line' id='line_1_46' title="bbox 1873 1477 3516 1557; baseline -0.005 -18"><span class='ocrx_word' id='word_1_306' title='bbox 1873 1483 2203 1557; x_wconf 88' lang='lat' dir='ltr'>proculcato</span> <span class='ocrx_word' id='word_1_307' title='bbox 2235 1482 2587 1547; x_wconf 89' lang='lat' dir='ltr'>adversario,</span> <span class='ocrx_word' id='word_1_308' title='bbox 2640 1481 2836 1553; x_wconf 90' lang='lat' dir='ltr'>palma</span> <span class='ocrx_word' id='word_1_309' title='bbox 2866 1485 2923 1536; x_wconf 91' lang='lat' dir='ltr'>et</span> <span class='ocrx_word' id='word_1_310' title='bbox 2963 1497 3176 1535; x_wconf 92' lang='lat' dir='ltr'>corona</span> <span class='ocrx_word' id='word_1_311' title='bbox 3205 1496 3240 1533; x_wconf 88' lang='lat' dir='ltr'>a</span> <span class='ocrx_word' id='word_1_312' title='bbox 3269 1477 3516 1534; x_wconf 89' lang='lat' dir='ltr'>Domino</span> 
     </span>
    </p>
   </div>
   <div class='ocr_carea' id='block_1_47' title="bbox 1871 1565 3520 1643">
    <p class='ocr_par' dir='ltr' id='par_1_47' title="bbox 1871 1565 3520 1643">
     <span class='ocr_line' id='line_1_47' title="bbox 1871 1565 3520 1643; baseline -0.005 -15"><span class='ocrx_word' id='word_1_313' title='bbox 1871 1573 2152 1628; x_wconf 89' lang='lat' dir='ltr'>donatum</span> <span class='ocrx_word' id='word_1_314' title='bbox 2180 1591 2192 1639; x_wconf 90' lang='lat'>;</span> <span class='ocrx_word' id='word_1_315' title='bbox 2227 1576 2283 1627; x_wconf 90' lang='lat' dir='ltr'>et</span> <span class='ocrx_word' id='word_1_316' title='bbox 2312 1572 2465 1643; x_wconf 92' lang='lat' dir='ltr'>apud</span> <span class='ocrx_word' id='word_1_317' title='bbox 2497 1588 2630 1626; x_wconf 90' lang='lat' dir='ltr'>eum</span> <span class='ocrx_word' id='word_1_318' title='bbox 2658 1586 2828 1642; x_wconf 90' lang='lat' dir='ltr'>posse</span> <span class='ocrx_word' id='word_1_319' title='bbox 2854 1568 3194 1641; x_wconf 89' lang='lat' dir='ltr'>plurimum,</span> <span class='ocrx_word' id='word_1_320' title='bbox 3229 1569 3428 1638; x_wconf 88' lang='lat' dir='ltr'>utpote</span> <span class='ocrx_word' id='word_1_321' title='bbox 3457 1565 3520 1619; x_wconf 90' lang='lat' dir='ltr'>in</span> 
     </span>
    </p>
   </div>
   <div class='ocr_carea' id='block_1_48' title="bbox 1873 1654 3519 1728">
    <p class='ocr_par' dir='ltr' id='par_1_48' title="bbox 1873 1654 3519 1728">
     <span class='ocr_line' id='line_1_48' title="bbox 1873 1654 3519 1728; baseline -0.005 -10"><span class='ocrx_word' id='word_1_322' title='bbox 1873 1662 2076 1718; x_wconf 89' lang='lat' dir='ltr'>ordine</span> <span class='ocrx_word' id='word_1_323' title='bbox 2101 1661 2354 1718; x_wconf 65' lang='lat' dir='ltr'>caelestis</span> <span class='ocrx_word' id='word_1_324' title='bbox 2386 1660 2558 1715; x_wconf 69' lang='lat' dir='ltr'>curia:</span> <span class='ocrx_word' id='word_1_325' title='bbox 2597 1658 2988 1714; x_wconf 88' lang='lat' dir='ltr'>indelebiliter</span> <span class='ocrx_word' id='word_1_326' title='bbox 3031 1657 3373 1728; x_wconf 88' lang='lat' dir='ltr'>ascriptum.</span> <span class='ocrx_word' id='word_1_327' title='bbox 3407 1654 3519 1709; x_wconf 90' lang='lat' dir='ltr'>Sed</span> 
     </span>
    </p>
   </div>
   <div class='ocr_carea' id='block_1_49' title="bbox 1873 1744 3520 1822">
    <p class='ocr_par' dir='ltr' id='par_1_49' title="bbox 1873 1744 3520 1822">
     <span class='ocr_line' id='line_1_49' title="bbox 1873 1744 3520 1822; baseline -0.005 -15"><span class='ocrx_word' id='word_1_328' title='bbox 1873 1769 2008 1807; x_wconf 91' lang='lat' dir='ltr'>cum</span> <span class='ocrx_word' id='word_1_329' title='bbox 2036 1751 2142 1807; x_wconf 88' lang='lat' dir='ltr'>viri</span> <span class='ocrx_word' id='word_1_330' title='bbox 2169 1751 2354 1806; x_wconf 89' lang='lat' dir='ltr'>sancti</span> <span class='ocrx_word' id='word_1_331' title='bbox 2378 1748 2717 1822; x_wconf 89' lang='lat' dir='ltr'>temporalis</span> <span class='ocrx_word' id='word_1_332' title='bbox 2738 1749 2855 1803; x_wconf 93' lang='lat' dir='ltr'>vita</span> <span class='ocrx_word' id='word_1_333' title='bbox 2877 1748 2936 1802; x_wconf 92' lang='lat' dir='ltr'>in</span> <span class='ocrx_word' id='word_1_334' title='bbox 2954 1746 3172 1802; x_wconf 92' lang='lat' dir='ltr'>multos</span> <span class='ocrx_word' id='word_1_335' title='bbox 3193 1744 3520 1816; x_wconf 88' lang='lat' dir='ltr'>annos(Deo</span> 
     </span>
    </p>
   </div>
   <div class='ocr_carea' id='block_1_50' title="bbox 1873 1833 3522 1912">
    <p class='ocr_par' dir='ltr' id='par_1_50' title="bbox 1873 1833 3522 1912">
     <span class='ocr_line' id='line_1_50' title="bbox 1873 1833 3522 1912; baseline -0.005 -17"><span class='ocrx_word' id='word_1_336' title='bbox 1873 1841 2241 1912; x_wconf 88' lang='lat' dir='ltr'>disponente)</span> <span class='ocrx_word' id='word_1_337' title='bbox 2273 1839 2627 1906; x_wconf 88' lang='lat' dir='ltr'>tenderetur,</span> <span class='ocrx_word' id='word_1_338' title='bbox 2664 1841 2956 1910; x_wconf 86' lang='lat' dir='ltr'>quatenus</span> <span class='ocrx_word' id='word_1_339' title='bbox 2986 1837 3115 1906; x_wconf 86' lang='lat' dir='ltr'>ejus</span> <span class='ocrx_word' id='word_1_340' title='bbox 3145 1833 3408 1906; x_wconf 78' lang='lat' dir='ltr'>exemplo</span> <span class='ocrx_word' id='word_1_341' title='bbox 3449 1833 3522 1888; x_wconf 91' lang='lat' dir='ltr'>ad</span> 
     </span>
    </p>
   </div>
   <div class='ocr_carea' id='block_1_51' title="bbox 1873 1924 3526 1999">
    <p class='ocr_par' dir='ltr' id='par_1_51' title="bbox 1873 1924 3526 1999">
     <span class='ocr_line' id='line_1_51' title="bbox 1873 1924 3526 1999; baseline -0.005 -14"><span class='ocrx_word' id='word_1_342' title='bbox 1873 1934 2148 1985; x_wconf 65' lang='lat' dir='ltr'>aeternam</span> <span class='ocrx_word' id='word_1_343' title='bbox 2173 1927 2352 1983; x_wconf 86' lang='lat' dir='ltr'>vitam</span> <span class='ocrx_word' id='word_1_344' title='bbox 2384 1926 2621 1999; x_wconf 86' lang='lat' dir='ltr'>plurimi</span> <span class='ocrx_word' id='word_1_345' title='bbox 2653 1926 3125 1992; x_wconf 76' lang='lat' dir='ltr'>accenderentur,</span> <span class='ocrx_word' id='word_1_346' title='bbox 3169 1925 3388 1979; x_wconf 88' lang='lat' dir='ltr'>factum</span> <span class='ocrx_word' id='word_1_347' title='bbox 3436 1924 3526 1977; x_wconf 90' lang='lat' dir='ltr'>est</span> 
     </span>
    </p>
   </div>
   <div class='ocr_carea' id='block_1_52' title="bbox 1875 2015 3524 2086">
    <p class='ocr_par' dir='ltr' id='par_1_52' title="bbox 1875 2015 3524 2086">
     <span class='ocr_line' id='line_1_52' title="bbox 1875 2015 3524 2086; baseline -0.004 -14"><span class='ocrx_word' id='word_1_348' title='bbox 1875 2022 1939 2072; x_wconf 93' lang='lat' dir='ltr'>ut</span> <span class='ocrx_word' id='word_1_349' title='bbox 1967 2017 2122 2072; x_wconf 88' lang='lat' dir='ltr'>circa</span> <span class='ocrx_word' id='word_1_350' title='bbox 2150 2016 2389 2072; x_wconf 89' lang='lat' dir='ltr'>ultimos</span> <span class='ocrx_word' id='word_1_351' title='bbox 2420 2033 2628 2086; x_wconf 89' lang='lat' dir='ltr'>annos,</span> <span class='ocrx_word' id='word_1_352' title='bbox 2662 2016 2823 2071; x_wconf 90' lang='lat' dir='ltr'>senio</span> <span class='ocrx_word' id='word_1_353' title='bbox 2854 2015 2981 2086; x_wconf 89' lang='lat' dir='ltr'>jam</span> <span class='ocrx_word' id='word_1_354' title='bbox 3043 2017 3437 2086; x_wconf 66' lang='lat' dir='ltr'>praegravatus</span> <span class='ocrx_word' id='word_1_355' title='bbox 3467 2015 3524 2066; x_wconf 94' lang='lat' dir='ltr'>et</span> 
     </span>
    </p>
   </div>
   <div class='ocr_carea' id='block_1_53' title="bbox 1878 2100 3522 2176">
    <p class='ocr_par' dir='ltr' id='par_1_53' title="bbox 1878 2100 3522 2176">
     <span class='ocr_line' id='line_1_53' title="bbox 1878 2100 3522 2176; baseline -0.003 -16"><span class='ocrx_word' id='word_1_356' title='bbox 1878 2107 2094 2160; x_wconf 89' lang='lat' dir='ltr'>fractus</span> <span class='ocrx_word' id='word_1_357' title='bbox 2139 2105 2592 2176; x_wconf 87' lang='lat' dir='ltr'>continuatoque</span> <span class='ocrx_word' id='word_1_358' title='bbox 2639 2104 2836 2159; x_wconf 90' lang='lat' dir='ltr'>labore</span> <span class='ocrx_word' id='word_1_359' title='bbox 2895 2102 3257 2168; x_wconf 90' lang='lat' dir='ltr'>debilitatus,</span> <span class='ocrx_word' id='word_1_360' title='bbox 3314 2100 3522 2156; x_wconf 90' lang='lat' dir='ltr'>cellam</span> 
     </span>
    </p>
   </div>
   <div class='ocr_carea' id='block_1_54' title="bbox 1875 2190 3520 2263">
    <p class='ocr_par' dir='ltr' id='par_1_54' title="bbox 1875 2190 3520 2263">
     <span class='ocr_line' id='line_1_54' title="bbox 1875 2190 3520 2263; baseline -0.004 -15"><span class='ocrx_word' id='word_1_361' title='bbox 1875 2210 2068 2262; x_wconf 91' lang='lat' dir='ltr'>suam,</span> <span class='ocrx_word' id='word_1_362' title='bbox 2100 2211 2204 2248; x_wconf 89' lang='lat' dir='ltr'>nec</span> <span class='ocrx_word' id='word_1_363' title='bbox 2237 2193 2415 2248; x_wconf 70' lang='lat' dir='ltr'>solitae</span> <span class='ocrx_word' id='word_1_364' title='bbox 2447 2192 2797 2248; x_wconf 86' lang='lat' dir='ltr'>visitationis</span> <span class='ocrx_word' id='word_1_365' title='bbox 2851 2191 3060 2263; x_wconf 89' lang='lat' dir='ltr'>gratia,</span> <span class='ocrx_word' id='word_1_366' title='bbox 3101 2190 3473 2263; x_wconf 84' lang='lat' dir='ltr'>egrederetur</span> <span class='ocrx_word' id='word_1_367' title='bbox 3506 2207 3520 2255; x_wconf 90' lang='lat'><strong>;</strong></span> 
     </span>
    </p>
   </div>
   <div class='ocr_carea' id='block_1_55' title="bbox 1875 2278 3525 2352">
    <p class='ocr_par' dir='ltr' id='par_1_55' title="bbox 1875 2278 3525 2352">
     <span class='ocr_line' id='line_1_55' title="bbox 1875 2278 3525 2352; baseline -0.004 -14"><span class='ocrx_word' id='word_1_368' title='bbox 1875 2300 1989 2338; x_wconf 91' lang='lat' dir='ltr'>non</span> <span class='ocrx_word' id='word_1_369' title='bbox 2023 2287 2217 2338; x_wconf 90' lang='lat' dir='ltr'>tamen</span> <span class='ocrx_word' id='word_1_370' title='bbox 2242 2283 2369 2337; x_wconf 84' lang='lat' dir='ltr'>ideo</span> <span class='ocrx_word' id='word_1_371' title='bbox 2392 2281 2658 2352; x_wconf 89' lang='lat' dir='ltr'>discipuli</span> <span class='ocrx_word' id='word_1_372' title='bbox 2690 2279 3013 2336; x_wconf 86' lang='lat' dir='ltr'>beatissimi</span> <span class='ocrx_word' id='word_1_373' title='bbox 3033 2278 3267 2334; x_wconf 89' lang='lat' dir='ltr'>Deodati</span> <span class='ocrx_word' id='word_1_374' title='bbox 3291 2282 3525 2350; x_wconf 68' lang='lat' dir='ltr'>praeter-</span> 
     </span>
    </p>
   </div>
   <div class='ocr_carea' id='block_1_56' title="bbox 1875 2367 3524 2439">
    <p class='ocr_par' dir='ltr' id='par_1_56' title="bbox 1875 2367 3524 2439">
     <span class='ocr_line' id='line_1_56' title="bbox 1875 2367 3524 2439; baseline -0.003 -13"><span class='ocrx_word' id='word_1_375' title='bbox 1875 2372 2157 2426; x_wconf 88' lang='lat' dir='ltr'>miserant</span> <span class='ocrx_word' id='word_1_376' title='bbox 2186 2373 2258 2427; x_wconf 89' lang='lat' dir='ltr'>ad</span> <span class='ocrx_word' id='word_1_377' title='bbox 2309 2387 2442 2426; x_wconf 92' lang='lat' dir='ltr'>eum</span> <span class='ocrx_word' id='word_1_378' title='bbox 2477 2370 2621 2425; x_wconf 90' lang='lat' dir='ltr'>ferre</span> <span class='ocrx_word' id='word_1_379' title='bbox 2677 2369 2960 2425; x_wconf 90' lang='lat' dir='ltr'>tumicam</span> <span class='ocrx_word' id='word_1_380' title='bbox 3021 2367 3309 2439; x_wconf 89' lang='lat' dir='ltr'>magistri,</span> <span class='ocrx_word' id='word_1_381' title='bbox 3370 2367 3524 2421; x_wconf 91' lang='lat' dir='ltr'>sicut</span> 
     </span>
    </p>
   </div>
   <div class='ocr_carea' id='block_1_57' title="bbox 1872 2459 2242 2516">
    <p class='ocr_par' dir='ltr' id='par_1_57' title="bbox 1872 2459 2242 2516">
     <span class='ocr_line' id='line_1_57' title="bbox 1872 2459 2242 2516; baseline -0.003 -1"><span class='ocrx_word' id='word_1_382' title='bbox 1872 2463 2038 2515; x_wconf 89' lang='lat' dir='ltr'>erant</span> <span class='ocrx_word' id='word_1_383' title='bbox 2067 2459 2242 2516; x_wconf 90' lang='lat' dir='ltr'>soliti.</span> 
     </span>
    </p>
   </div>
   <div class='ocr_carea' id='block_1_58' title="bbox 1941 2543 3522 2620">
    <p class='ocr_par' dir='ltr' id='par_1_58' title="bbox 1941 2543 3522 2620">
     <span class='ocr_line' id='line_1_58' title="bbox 1941 2543 3522 2620; baseline -0.003 -17"><span class='ocrx_word' id='word_1_384' title='bbox 1941 2551 2031 2603; x_wconf 89' lang='lat'>23.</span> <span class='ocrx_word' id='word_1_385' title='bbox 2065 2549 2328 2620; x_wconf 90' lang='lat' dir='ltr'>Cumque</span> <span class='ocrx_word' id='word_1_386' title='bbox 2361 2548 2558 2604; x_wconf 92' lang='lat' dir='ltr'>divina</span> <span class='ocrx_word' id='word_1_387' title='bbox 2588 2548 2887 2603; x_wconf 89' lang='lat' dir='ltr'>miseratio</span> <span class='ocrx_word' id='word_1_388' title='bbox 2928 2545 3240 2601; x_wconf 90' lang='lat' dir='ltr'>emeritum</span> <span class='ocrx_word' id='word_1_389' title='bbox 3273 2543 3522 2599; x_wconf 90' lang='lat' dir='ltr'>militem</span> 
     </span>
    </p>
   </div>
   <div class='ocr_carea' id='block_1_59' title="bbox 1873 2632 3522 2709">
    <p class='ocr_par' dir='ltr' id='par_1_59' title="bbox 1873 2632 3522 2709">
     <span class='ocr_line' id='line_1_59' title="bbox 1873 2632 3522 2709; baseline -0.004 -16"><span class='ocrx_word' id='word_1_390' title='bbox 1873 2655 2048 2694; x_wconf 91' lang='lat' dir='ltr'>suum</span> <span class='ocrx_word' id='word_1_391' title='bbox 2109 2637 2748 2709; x_wconf 87' lang='lat' dir='ltr'>Hidulphumanimio</span> <span class='ocrx_word' id='word_1_392' title='bbox 2800 2635 2997 2690; x_wconf 90' lang='lat' dir='ltr'>labore</span> <span class='ocrx_word' id='word_1_393' title='bbox 3055 2632 3405 2688; x_wconf 87' lang='lat' dir='ltr'>decrevisset</span> <span class='ocrx_word' id='word_1_394' title='bbox 3461 2633 3522 2686; x_wconf 90' lang='lat' dir='ltr'>in</span> 
     </span>
    </p>
   </div>
   <div class='ocr_carea' id='block_1_60' title="bbox 1874 2721 3524 2798">
    <p class='ocr_par' dir='ltr' id='par_1_60' title="bbox 1874 2721 3524 2798">
     <span class='ocr_line' id='line_1_60' title="bbox 1874 2721 3524 2798; baseline -0.004 -16"><span class='ocrx_word' id='word_1_395' title='bbox 1874 2731 2154 2782; x_wconf 59' lang='lat' dir='ltr'>aeternum</span> <span class='ocrx_word' id='word_1_396' title='bbox 2182 2726 2679 2798; x_wconf 87' lang='lat' dir='ltr'>requiescere,per</span> <span class='ocrx_word' id='word_1_397' title='bbox 2698 2724 3151 2780; x_wconf 88' lang='lat' dir='ltr'>dilectissimum</span> <span class='ocrx_word' id='word_1_398' title='bbox 3177 2721 3287 2777; x_wconf 90' lang='lat' dir='ltr'>sibi</span> <span class='ocrx_word' id='word_1_399' title='bbox 3309 2722 3524 2776; x_wconf 89' lang='lat' dir='ltr'>Deoda-</span> 
     </span>
    </p>
   </div>
   <div class='ocr_carea' id='block_1_61' title="bbox 1873 2810 3523 2894">
    <p class='ocr_par' dir='ltr' id='par_1_61' title="bbox 1873 2810 3523 2894">
     <span class='ocr_line' id='line_1_61' title="bbox 1873 2810 3523 2894; baseline -0.004 -23"><span class='ocrx_word' id='word_1_400' title='bbox 1873 2820 2000 2871; x_wconf 90' lang='lat' dir='ltr'>tum</span> <span class='ocrx_word' id='word_1_401' title='bbox 2014 2815 2148 2894; x_wconf 84' lang='lat' dir='ltr'>dign</span> <span class='ocrx_word' id='word_1_402' title='bbox 2158 2820 2286 2870; x_wconf 88' lang='lat' dir='ltr'>atus</span> <span class='ocrx_word' id='word_1_403' title='bbox 2306 2819 2393 2870; x_wconf 89' lang='lat' dir='ltr'>est</span> <span class='ocrx_word' id='word_1_404' title='bbox 2412 2815 2599 2871; x_wconf 89' lang='lat' dir='ltr'>eidem</span> <span class='ocrx_word' id='word_1_405' title='bbox 2616 2813 2903 2870; x_wconf 88' lang='lat' dir='ltr'>transitus</span> <span class='ocrx_word' id='word_1_406' title='bbox 2927 2812 3017 2867; x_wconf 93' lang='lat' dir='ltr'>sui</span> <span class='ocrx_word' id='word_1_407' title='bbox 3041 2812 3196 2866; x_wconf 88' lang='lat' dir='ltr'>diem</span> <span class='ocrx_word' id='word_1_408' title='bbox 3214 2810 3523 2866; x_wconf 89' lang='lat' dir='ltr'>denuntia-</span> 
     </span>
    </p>
   </div>
   <div class='ocr_carea' id='block_1_62' title="bbox 1874 2900 3524 2976">
    <p class='ocr_par' dir='ltr' id='par_1_62' title="bbox 1874 2900 3524 2976">
     <span class='ocr_line' id='line_1_62' title="bbox 1874 2900 3524 2976; baseline -0.003 -16"><span class='ocrx_word' id='word_1_409' title='bbox 1874 2909 2017 2971; x_wconf 92' lang='lat' dir='ltr'>re,et</span> <span class='ocrx_word' id='word_1_410' title='bbox 2037 2908 2102 2959; x_wconf 92' lang='lat' dir='ltr'>ut</span> <span class='ocrx_word' id='word_1_411' title='bbox 2124 2907 2411 2976; x_wconf 87' lang='lat' dir='ltr'>satageret</span> <span class='ocrx_word' id='word_1_412' title='bbox 2432 2904 2637 2959; x_wconf 91' lang='lat' dir='ltr'>ambas</span> <span class='ocrx_word' id='word_1_413' title='bbox 2659 2918 2861 2958; x_wconf 91' lang='lat' dir='ltr'>eorum</span> <span class='ocrx_word' id='word_1_414' title='bbox 2893 2901 3068 2957; x_wconf 89' lang='lat' dir='ltr'>cellas</span> <span class='ocrx_word' id='word_1_415' title='bbox 3083 2900 3257 2970; x_wconf 89' lang='lat' dir='ltr'>(sicut</span> <span class='ocrx_word' id='word_1_416' title='bbox 3274 2917 3366 2956; x_wconf 91' lang='lat' dir='ltr'>res</span> <span class='ocrx_word' id='word_1_417' title='bbox 3389 2916 3524 2971; x_wconf 90' lang='lat' dir='ltr'>pos-</span> 
     </span>
    </p>
   </div>
   <div class='ocr_carea' id='block_1_63' title="bbox 1874 2988 3524 3063">
    <p class='ocr_par' dir='ltr' id='par_1_63' title="bbox 1874 2988 3524 3063">
     <span class='ocr_line' id='line_1_63' title="bbox 1874 2988 3524 3063; baseline -0.002 -15"><span class='ocrx_word' id='word_1_418' title='bbox 1874 2992 2559 3063; x_wconf 83' lang='lat' dir='ltr'>cebat)disponere.Unde</span> <span class='ocrx_word' id='word_1_419' title='bbox 2580 2991 2667 3046; x_wconf 89' lang='lat' dir='ltr'>vir</span> <span class='ocrx_word' id='word_1_420' title='bbox 2683 2996 2922 3047; x_wconf 90' lang='lat' dir='ltr'>sanctus</span> <span class='ocrx_word' id='word_1_421' title='bbox 2943 2990 3198 3045; x_wconf 90' lang='lat' dir='ltr'>multum</span> <span class='ocrx_word' id='word_1_422' title='bbox 3215 2988 3524 3045; x_wconf 90' lang='lat' dir='ltr'>inDomino</span> 
     </span>
    </p>
   </div>
   <div class='ocr_carea' id='block_1_64' title="bbox 1875 3078 3525 3151">
    <p class='ocr_par' dir='ltr' id='par_1_64' title="bbox 1875 3078 3525 3151">
     <span class='ocr_line' id='line_1_64' title="bbox 1875 3078 3525 3151; baseline -0.002 -15"><span class='ocrx_word' id='word_1_423' title='bbox 1875 3086 1964 3136; x_wconf 88' lang='lat' dir='ltr'>est</span> <span class='ocrx_word' id='word_1_424' title='bbox 1992 3081 2240 3147; x_wconf 69' lang='lat' dir='ltr'>laetatus,</span> <span class='ocrx_word' id='word_1_425' title='bbox 2275 3080 2413 3151; x_wconf 89' lang='lat' dir='ltr'>quia</span> <span class='ocrx_word' id='word_1_426' title='bbox 2442 3097 2511 3135; x_wconf 80' lang='lat' dir='ltr'>ex</span> <span class='ocrx_word' id='word_1_427' title='bbox 2538 3079 2875 3136; x_wconf 89' lang='lat' dir='ltr'>turbulento</span> <span class='ocrx_word' id='word_1_428' title='bbox 2908 3079 3180 3134; x_wconf 85' lang='lat' dir='ltr'>conﬂictu</span> <span class='ocrx_word' id='word_1_429' title='bbox 3214 3078 3417 3133; x_wconf 88' lang='lat' dir='ltr'>mundi</span> <span class='ocrx_word' id='word_1_430' title='bbox 3451 3078 3525 3132; x_wconf 93' lang='lat' dir='ltr'>ad</span> 
     </span>
    </p>
   </div>
   <div class='ocr_carea' id='block_1_65' title="bbox 98 3154 3526 3241">
    <p class='ocr_par' dir='ltr' id='par_1_65' title="bbox 98 3154 3526 3241">
     <span class='ocr_line' id='line_1_65' title="bbox 98 3154 3526 3241; baseline -0.002 -15"><span class='ocrx_word' id='word_1_431' title='bbox 98 3171 350 3225; x_wconf 74' lang='lat' dir='ltr'>Patrum</span> <span class='ocrx_word' id='word_1_432' title='bbox 377 3164 751 3232; x_wconf 88' lang='lat' dir='ltr'>sententiam,</span> <span class='ocrx_word' id='word_1_433' title='bbox 786 3182 890 3237; x_wconf 92' lang='lat' dir='ltr'>pro</span> <span class='ocrx_word' id='word_1_434' title='bbox 914 3165 1082 3222; x_wconf 85' lang='lat' dir='ltr'>valde</span> <span class='ocrx_word' id='word_1_435' title='bbox 1103 3167 1272 3222; x_wconf 91' lang='lat' dir='ltr'>bonis</span> <span class='ocrx_word' id='word_1_436' title='bbox 1305 3167 1423 3222; x_wconf 88' lang='lat' dir='ltr'>sint</span> <span class='ocrx_word' id='word_1_437' title='bbox 1443 3169 1764 3241; x_wconf 84' lang='lat' dir='ltr'>gratiarum</span> <span class='ocrx_word' id='word_1_438' title='bbox 1795 3154 1839 3221; x_wconf 86' lang='lat' dir='ltr'>C</span> <span class='ocrx_word' id='word_1_439' title='bbox 1879 3173 2166 3241; x_wconf 69' lang='lat' dir='ltr'>perpetua:</span> <span class='ocrx_word' id='word_1_440' title='bbox 2190 3169 2348 3240; x_wconf 90' lang='lat' dir='ltr'>pacis</span> <span class='ocrx_word' id='word_1_441' title='bbox 2373 3167 2856 3239; x_wconf 89' lang='lat' dir='ltr'>tranquillitatem</span> <span class='ocrx_word' id='word_1_442' title='bbox 2882 3184 3013 3221; x_wconf 80' lang='lat' dir='ltr'>mox</span> <span class='ocrx_word' id='word_1_443' title='bbox 3033 3171 3158 3221; x_wconf 91' lang='lat' dir='ltr'>erat</span> <span class='ocrx_word' id='word_1_444' title='bbox 3180 3167 3391 3234; x_wconf 89' lang='lat' dir='ltr'>iturus,</span> <span class='ocrx_word' id='word_1_445' title='bbox 3427 3167 3526 3220; x_wconf 90' lang='lat' dir='ltr'>ubi</span> 
     </span>
    </p>
   </div>
   <div class='ocr_carea' id='block_1_66' title="bbox 105 3252 1768 3327">
    <p class='ocr_par' dir='ltr' id='par_1_66' title="bbox 105 3252 1768 3327">
     <span class='ocr_line' id='line_1_66' title="bbox 105 3252 1768 3327; baseline -0.002 -14"><span class='ocrx_word' id='word_1_446' title='bbox 105 3257 391 3320; x_wconf 88' lang='lat' dir='ltr'>actiones,</span> <span class='ocrx_word' id='word_1_447' title='bbox 428 3271 532 3325; x_wconf 92' lang='lat' dir='ltr'>pro</span> <span class='ocrx_word' id='word_1_448' title='bbox 564 3271 682 3309; x_wconf 89' lang='lat' dir='ltr'>non</span> <span class='ocrx_word' id='word_1_449' title='bbox 734 3253 899 3310; x_wconf 89' lang='lat' dir='ltr'>valde</span> <span class='ocrx_word' id='word_1_450' title='bbox 932 3252 1102 3308; x_wconf 86' lang='lat' dir='ltr'>malis</span> <span class='ocrx_word' id='word_1_451' title='bbox 1161 3255 1627 3327; x_wconf 87' lang='lat' dir='ltr'>propitiationes,</span> <span class='ocrx_word' id='word_1_452' title='bbox 1665 3271 1768 3327; x_wconf 92' lang='lat' dir='ltr'>pro</span> 
     </span>
    </p>
   </div>
   <div class='ocr_carea' id='block_1_67' title="bbox 106 3340 1770 3415">
    <p class='ocr_par' dir='ltr' id='par_1_67' title="bbox 106 3340 1770 3415">
     <span class='ocr_line' id='line_1_67' title="bbox 106 3340 1770 3415; baseline -0.001 -15"><span class='ocrx_word' id='word_1_453' title='bbox 106 3344 278 3400; x_wconf 88' lang='lat' dir='ltr'>valde</span> <span class='ocrx_word' id='word_1_454' title='bbox 308 3340 480 3398; x_wconf 89' lang='lat' dir='ltr'>malis</span> <span class='ocrx_word' id='word_1_455' title='bbox 521 3347 716 3398; x_wconf 90' lang='lat' dir='ltr'>autem</span> <span class='ocrx_word' id='word_1_456' title='bbox 770 3342 1211 3415; x_wconf 88' lang='lat' dir='ltr'>qualescunque</span> <span class='ocrx_word' id='word_1_457' title='bbox 1259 3343 1520 3399; x_wconf 88' lang='lat' dir='ltr'>vivorum</span> <span class='ocrx_word' id='word_1_458' title='bbox 1571 3360 1770 3398; x_wconf 90' lang='lat' dir='ltr'>conso-</span> 
     </span>
    </p>
   </div>
   <div class='ocr_carea' id='block_1_68' title="bbox 107 3431 1770 3502">
    <p class='ocr_par' dir='ltr' id='par_1_68' title="bbox 107 3431 1770 3502">
     <span class='ocr_line' id='line_1_68' title="bbox 107 3431 1770 3502; baseline -0.002 -13"><span class='ocrx_word' id='word_1_459' title='bbox 107 3433 383 3489; x_wconf 83' lang='lat' dir='ltr'>lationes.</span> <span class='ocrx_word' id='word_1_460' title='bbox 434 3431 544 3486; x_wconf 91' lang='lat' dir='ltr'>Sed</span> <span class='ocrx_word' id='word_1_461' title='bbox 605 3431 742 3502; x_wconf 89' lang='lat' dir='ltr'>quia</span> <span class='ocrx_word' id='word_1_462' title='bbox 801 3431 857 3486; x_wconf 89' lang='lat' dir='ltr'>in</span> <span class='ocrx_word' id='word_1_463' title='bbox 919 3431 1028 3487; x_wconf 86' lang='lat' dir='ltr'>hac</span> <span class='ocrx_word' id='word_1_464' title='bbox 1085 3432 1204 3487; x_wconf 90' lang='lat' dir='ltr'>vita</span> <span class='ocrx_word' id='word_1_465' title='bbox 1265 3448 1435 3488; x_wconf 91' lang='lat' dir='ltr'>omne</span> <span class='ocrx_word' id='word_1_466' title='bbox 1497 3432 1770 3487; x_wconf 88' lang='lat' dir='ltr'>meritum</span> 
     </span>
    </p>
   </div>
   <div class='ocr_carea' id='block_1_69' title="bbox 112 3520 1776 3592">
    <p class='ocr_par' dir='ltr' id='par_1_69' title="bbox 112 3520 1776 3592">
     <span class='ocr_line' id='line_1_69' title="bbox 112 3520 1776 3592; baseline -0.001 -14"><span class='ocrx_word' id='word_1_467' title='bbox 112 3523 512 3592; x_wconf 86' lang='lat' dir='ltr'>comparatur,</span> <span class='ocrx_word' id='word_1_468' title='bbox 540 3535 654 3592; x_wconf 90' lang='lat' dir='ltr'>quo</span> <span class='ocrx_word' id='word_1_469' title='bbox 685 3525 820 3591; x_wconf 90' lang='lat' dir='ltr'>post</span> <span class='ocrx_word' id='word_1_470' title='bbox 851 3520 1004 3575; x_wconf 90' lang='lat' dir='ltr'>hanc</span> <span class='ocrx_word' id='word_1_471' title='bbox 1026 3521 1204 3576; x_wconf 89' lang='lat' dir='ltr'>vitam</span> <span class='ocrx_word' id='word_1_472' title='bbox 1239 3520 1650 3592; x_wconf 87' lang='lat' dir='ltr'>unusquisque</span> <span class='ocrx_word' id='word_1_473' title='bbox 1674 3526 1776 3576; x_wconf 89' lang='lat' dir='ltr'>aut</span> 
     </span>
    </p>
   </div>
   <div class='ocr_carea' id='block_1_70' title="bbox 115 3607 1773 3678">
    <p class='ocr_par' dir='ltr' id='par_1_70' title="bbox 115 3607 1773 3678">
     <span class='ocr_line' id='line_1_70' title="bbox 115 3607 1773 3678; baseline -0.001 -13"><span class='ocrx_word' id='word_1_474' title='bbox 115 3609 401 3665; x_wconf 88' lang='lat' dir='ltr'>relevetur</span> <span class='ocrx_word' id='word_1_475' title='bbox 413 3610 512 3662; x_wconf 91' lang='lat' dir='ltr'>aut</span> <span class='ocrx_word' id='word_1_476' title='bbox 529 3611 824 3678; x_wconf 84' lang='lat' dir='ltr'>gravetur,</span> <span class='ocrx_word' id='word_1_477' title='bbox 840 3612 1069 3664; x_wconf 88' lang='lat' dir='ltr'>constat</span> <span class='ocrx_word' id='word_1_478' title='bbox 1094 3608 1539 3664; x_wconf 80' lang='lat' dir='ltr'>devotissimum</span> <span class='ocrx_word' id='word_1_479' title='bbox 1561 3607 1773 3664; x_wconf 79' lang='lat' dir='ltr'>Christi</span> 
     </span>
    </p>
   </div>
   <div class='ocr_carea' id='block_1_71' title="bbox 117 3696 1772 3769">
    <p class='ocr_par' dir='ltr' id='par_1_71' title="bbox 117 3696 1772 3769">
     <span class='ocr_line' id='line_1_71' title="bbox 117 3696 1772 3769; baseline -0.001 -16"><span class='ocrx_word' id='word_1_480' title='bbox 117 3697 412 3753; x_wconf 86' lang='lat' dir='ltr'>famulum</span> <span class='ocrx_word' id='word_1_481' title='bbox 445 3697 766 3751; x_wconf 88' lang='lat' dir='ltr'>Deodatum</span> <span class='ocrx_word' id='word_1_482' title='bbox 800 3696 932 3752; x_wconf 91' lang='lat' dir='ltr'>istic</span> <span class='ocrx_word' id='word_1_483' title='bbox 975 3697 1068 3768; x_wconf 91' lang='lat' dir='ltr'>pio</span> <span class='ocrx_word' id='word_1_484' title='bbox 1128 3713 1500 3769; x_wconf 87' lang='lat' dir='ltr'>comparasse</span> <span class='ocrx_word' id='word_1_485' title='bbox 1545 3697 1772 3764; x_wconf 90' lang='lat' dir='ltr'>merito,</span> 
     </span>
    </p>
   </div>
   <div class='ocr_carea' id='block_1_72' title="bbox 121 3785 1774 3860">
    <p class='ocr_par' dir='ltr' id='par_1_72' title="bbox 121 3785 1774 3860">
     <span class='ocr_line' id='line_1_72' title="bbox 121 3785 1774 3860; baseline -0.001 -18"><span class='ocrx_word' id='word_1_486' title='bbox 121 3790 412 3860; x_wconf 88' lang='lat' dir='ltr'>quatenus</span> <span class='ocrx_word' id='word_1_487' title='bbox 449 3785 640 3840; x_wconf 88' lang='lat' dir='ltr'>omnis</span> <span class='ocrx_word' id='word_1_488' title='bbox 674 3803 775 3858; x_wconf 90' lang='lat' dir='ltr'>pro</span> <span class='ocrx_word' id='word_1_489' title='bbox 808 3801 874 3840; x_wconf 90' lang='lat' dir='ltr'>eo</span> <span class='ocrx_word' id='word_1_490' title='bbox 908 3786 1255 3858; x_wconf 87' lang='lat' dir='ltr'>supplicatio</span> <span class='ocrx_word' id='word_1_491' title='bbox 1286 3786 1449 3842; x_wconf 74' lang='lat' dir='ltr'>fieret</span> <span class='ocrx_word' id='word_1_492' title='bbox 1493 3786 1612 3841; x_wconf 90' lang='lat' dir='ltr'>illic</span> <span class='ocrx_word' id='word_1_493' title='bbox 1643 3803 1774 3857; x_wconf 87' lang='lat' dir='ltr'>gra-</span> 
     </span>
    </p>
   </div>
   <div class='ocr_carea' id='block_1_73' title="bbox 121 3874 544 3933">
    <p class='ocr_par' dir='ltr' id='par_1_73' title="bbox 121 3874 544 3933">
     <span class='ocr_line' id='line_1_73' title="bbox 121 3874 544 3933; baseline -0.009 -1"><span class='ocrx_word' id='word_1_494' title='bbox 121 3877 160 3933; x_wconf 90' lang='lat' dir='ltr'>ti</span> <span class='ocrx_word' id='word_1_495' title='bbox 170 3891 340 3931; x_wconf 90' lang='lat' dir='ltr'>arum</span> <span class='ocrx_word' id='word_1_496' title='bbox 375 3874 544 3930; x_wconf 90' lang='lat' dir='ltr'>actio.</span> 
     </span>
    </p>
   </div>
   <div class='ocr_carea' id='block_1_74' title="bbox 763 3962 1128 4018">
    <p class='ocr_par' dir='ltr' id='par_1_74' title="bbox 763 3962 1128 4018">
     <span class='ocr_line' id='line_1_74' title="bbox 763 3962 1128 4018; baseline 0.005 -2"><span class='ocrx_word' id='word_1_497' title='bbox 763 3962 993 4018; x_wconf 84' lang='lat' dir='ltr'>CAPUT</span> <span class='ocrx_word' id='word_1_498' title='bbox 1036 3964 1128 4018; x_wconf 91' lang='lat' dir='ltr'>IV.</span> 
     </span>
    </p>
   </div>
   <div class='ocr_carea' id='block_1_75' title="bbox 121 4049 1778 4123">
    <p class='ocr_par' dir='ltr' id='par_1_75' title="bbox 121 4049 1778 4123">
     <span class='ocr_line' id='line_1_75' title="bbox 121 4049 1778 4123; baseline -0.002 -14"><span class='ocrx_word' id='word_1_499' title='bbox 121 4052 406 4109; x_wconf 79' lang='lat' dir='ltr'>Veneratio</span> <span class='ocrx_word' id='word_1_500' title='bbox 440 4050 535 4105; x_wconf 90' lang='lat' dir='ltr'>SS.</span> <span class='ocrx_word' id='word_1_501' title='bbox 583 4049 833 4123; x_wconf 81' lang='lat' dir='ltr'>Deodati,</span> <span class='ocrx_word' id='word_1_502' title='bbox 855 4059 908 4106; x_wconf 83' lang='lat' dir='ltr'>et</span> <span class='ocrx_word' id='word_1_503' title='bbox 948 4052 1210 4123; x_wconf 85' lang='lat' dir='ltr'>Hidulphi</span> <span class='ocrx_word' id='word_1_504' title='bbox 1250 4055 1310 4108; x_wconf 84' lang='lat' dir='ltr'>in</span> <span class='ocrx_word' id='word_1_505' title='bbox 1351 4055 1552 4108; x_wconf 75' lang='lat' dir='ltr'>tunicis</span> <span class='ocrx_word' id='word_1_506' title='bbox 1581 4055 1630 4106; x_wconf 79' lang='lat' dir='ltr'>ct</span> <span class='ocrx_word' id='word_1_507' title='bbox 1661 4069 1778 4108; x_wconf 85' lang='lat' dir='ltr'>cor-</span> 
     </span>
    </p>
   </div>
   <div class='ocr_carea' id='block_1_76' title="bbox 241 4121 1634 4196">
    <p class='ocr_par' dir='ltr' id='par_1_76' title="bbox 241 4121 1634 4196">
     <span class='ocr_line' id='line_1_76' title="bbox 241 4121 1634 4196; baseline 0 -19"><span class='ocrx_word' id='word_1_508' title='bbox 241 4123 492 4194; x_wconf 83' lang='lat' dir='ltr'>poribus.</span> <span class='ocrx_word' id='word_1_509' title='bbox 533 4121 773 4175; x_wconf 82' lang='lat' dir='ltr'>Elevatio</span> <span class='ocrx_word' id='word_1_510' title='bbox 804 4121 1134 4176; x_wconf 60' lang='lat' dir='ltr'>earumdem}</span> <span class='ocrx_word' id='word_1_511' title='bbox 1175 4124 1288 4178; x_wconf 81' lang='lat' dir='ltr'>Vita</span> <span class='ocrx_word' id='word_1_512' title='bbox 1317 4125 1634 4196; x_wconf 83' lang='lat' dir='ltr'>approbata.</span> 
     </span>
    </p>
   </div>
   <div class='ocr_carea' id='block_1_77' title="bbox 197 4225 1784 4298">
    <p class='ocr_par' dir='ltr' id='par_1_77' title="bbox 197 4225 1784 4298">
     <span class='ocr_line' id='line_1_77' title="bbox 197 4225 1784 4298; baseline 0.001 -15"><span class='ocrx_word' id='word_1_513' title='bbox 197 4231 292 4284; x_wconf 82' lang='lat'>22.</span> <span class='ocrx_word' id='word_1_514' title='bbox 326 4225 541 4297; x_wconf 89' lang='lat' dir='ltr'>Elapso</span> <span class='ocrx_word' id='word_1_515' title='bbox 570 4225 806 4280; x_wconf 87' lang='lat' dir='ltr'>tandem</span> <span class='ocrx_word' id='word_1_516' title='bbox 840 4243 991 4280; x_wconf 90' lang='lat' dir='ltr'>anno</span> <span class='ocrx_word' id='word_1_517' title='bbox 1023 4244 1056 4279; x_wconf 90' lang='lat' dir='ltr'>a</span> <span class='ocrx_word' id='word_1_518' title='bbox 1087 4227 1336 4298; x_wconf 87' lang='lat' dir='ltr'>glorioso</span> <span class='ocrx_word' id='word_1_519' title='bbox 1369 4231 1529 4285; x_wconf 92' lang='lat' dir='ltr'>obitu</span> <span class='ocrx_word' id='word_1_520' title='bbox 1561 4230 1784 4284; x_wconf 91' lang='lat' dir='ltr'>domini</span> 
     </span>
    </p>
   </div>
   <div class='ocr_carea' id='block_1_78' title="bbox 128 4313 1790 4388">
    <p class='ocr_par' dir='ltr' id='par_1_78' title="bbox 128 4313 1790 4388">
     <span class='ocr_line' id='line_1_78' title="bbox 128 4313 1790 4388; baseline -0.001 -13"><span class='ocrx_word' id='word_1_521' title='bbox 128 4314 463 4382; x_wconf 88' lang='lat' dir='ltr'>Deodati,in</span> <span class='ocrx_word' id='word_1_522' title='bbox 489 4330 604 4384; x_wconf 92' lang='lat' dir='ltr'>quo</span> <span class='ocrx_word' id='word_1_523' title='bbox 618 4313 824 4368; x_wconf 81' lang='lat' dir='ltr'>beatus</span> <span class='ocrx_word' id='word_1_524' title='bbox 849 4314 1526 4388; x_wconf 79' lang='lat' dir='ltr'>patriarchallidulphus</span> <span class='ocrx_word' id='word_1_525' title='bbox 1549 4318 1790 4373; x_wconf 89' lang='lat' dir='ltr'>assidua</span> 
     </span>
    </p>
   </div>
   <div class='ocr_carea' id='block_1_79' title="bbox 127 4401 1789 4473">
    <p class='ocr_par' dir='ltr' id='par_1_79' title="bbox 127 4401 1789 4473">
     <span class='ocr_line' id='line_1_79' title="bbox 127 4401 1789 4473; baseline 0 -12"><span class='ocrx_word' id='word_1_526' title='bbox 127 4404 466 4463; x_wconf 89' lang='lat' dir='ltr'>visitatione</span> <span class='ocrx_word' id='word_1_527' title='bbox 487 4407 543 4459; x_wconf 89' lang='lat' dir='ltr'>et</span> <span class='ocrx_word' id='word_1_528' title='bbox 558 4401 845 4473; x_wconf 86' lang='lat' dir='ltr'>frequenti</span> <span class='ocrx_word' id='word_1_529' title='bbox 871 4402 948 4457; x_wconf 90' lang='lat' dir='ltr'>im</span> <span class='ocrx_word' id='word_1_530' title='bbox 960 4403 1272 4459; x_wconf 88' lang='lat' dir='ltr'>molatione</span> <span class='ocrx_word' id='word_1_531' title='bbox 1295 4404 1570 4461; x_wconf 86' lang='lat' dir='ltr'>salutaris</span> <span class='ocrx_word' id='word_1_532' title='bbox 1583 4407 1789 4461; x_wconf 84' lang='lat' dir='ltr'>hostiae</span> 
     </span>
    </p>
   </div>
   <div class='ocr_carea' id='block_1_80' title="bbox 1878 3255 3529 3328">
    <p class='ocr_par' dir='ltr' id='par_1_80' title="bbox 1878 3255 3529 3328">
     <span class='ocr_line' id='line_1_80' title="bbox 1878 3255 3529 3328; baseline -0.002 -16"><span class='ocrx_word' id='word_1_533' title='bbox 1878 3257 2038 3312; x_wconf 91' lang='lat' dir='ltr'>omni</span> <span class='ocrx_word' id='word_1_534' title='bbox 2079 3256 2338 3328; x_wconf 79' lang='lat' dir='ltr'>lacryma</span> <span class='ocrx_word' id='word_1_535' title='bbox 2379 3258 2452 3311; x_wconf 92' lang='lat' dir='ltr'>ab</span> <span class='ocrx_word' id='word_1_536' title='bbox 2496 3255 2681 3311; x_wconf 91' lang='lat' dir='ltr'>oculis</span> <span class='ocrx_word' id='word_1_537' title='bbox 2712 3257 2840 3327; x_wconf 89' lang='lat' dir='ltr'>ejus</span> <span class='ocrx_word' id='word_1_538' title='bbox 2881 3256 3148 3311; x_wconf 89' lang='lat' dir='ltr'>abstersa</span> <span class='ocrx_word' id='word_1_539' title='bbox 3179 3255 3358 3326; x_wconf 80' lang='lat' dir='ltr'>(Apoc.</span> <span class='ocrx_word' id='word_1_540' title='bbox 3411 3273 3529 3325; x_wconf 78' lang='lat' dir='ltr'>xxi,</span> 
     </span>
    </p>
   </div>
   <div class='ocr_carea' id='block_1_81' title="bbox 1884 3343 3530 3418">
    <p class='ocr_par' dir='ltr' id='par_1_81' title="bbox 1884 3343 3530 3418">
     <span class='ocr_line' id='line_1_81' title="bbox 1884 3343 3530 3418; baseline -0.001 -18"><span class='ocrx_word' id='word_1_541' title='bbox 1884 3346 1992 3412; x_wconf 77' lang='grc'>14.)</span> <span class='ocrx_word' id='word_1_542' title='bbox 2026 3344 2310 3418; x_wconf 90' lang='lat' dir='ltr'>perpetim</span> <span class='ocrx_word' id='word_1_543' title='bbox 2369 3343 2790 3400; x_wconf 90' lang='lat' dir='ltr'>consolaretur.</span> <span class='ocrx_word' id='word_1_544' title='bbox 2824 3345 3030 3414; x_wconf 82' lang='lat' dir='ltr'>Itaque</span> <span class='ocrx_word' id='word_1_545' title='bbox 3077 3343 3356 3414; x_wconf 86' lang='lat' dir='ltr'>fratribus</span> <span class='ocrx_word' id='word_1_546' title='bbox 3411 3360 3530 3398; x_wconf 63' lang='lat' dir='ltr'>sua</span> 
     </span>
    </p>
   </div>
   <div class='ocr_carea' id='block_1_82' title="bbox 1879 3431 3524 3506">
    <p class='ocr_par' dir='ltr' id='par_1_82' title="bbox 1879 3431 3524 3506">
     <span class='ocr_line' id='line_1_82' title="bbox 1879 3431 3524 3506; baseline -0.004 -17"><span class='ocrx_word' id='word_1_547' title='bbox 1879 3434 2034 3490; x_wconf 69' lang='lat' dir='ltr'>cella:</span> <span class='ocrx_word' id='word_1_548' title='bbox 2082 3434 2386 3506; x_wconf 84' lang='lat' dir='ltr'>designato</span> <span class='ocrx_word' id='word_1_549' title='bbox 2444 3433 2654 3488; x_wconf 88' lang='lat' dir='ltr'>abbate</span> <span class='ocrx_word' id='word_1_550' title='bbox 2712 3433 2928 3487; x_wconf 89' lang='lat' dir='ltr'>domno</span> <span class='ocrx_word' id='word_1_551' title='bbox 2983 3431 3524 3498; x_wconf 78' lang='lat' dir='ltr'>Raimberto,Valli</span> 
     </span>
    </p>
   </div>
   <div class='ocr_carea' id='block_1_83' title="bbox 1881 3519 3537 3587">
    <p class='ocr_par' dir='ltr' id='par_1_83' title="bbox 1881 3519 3537 3587">
     <span class='ocr_line' id='line_1_83' title="bbox 1881 3519 3537 3587; baseline -0.004 -9"><span class='ocrx_word' id='word_1_552' title='bbox 1881 3527 2076 3579; x_wconf 88' lang='lat' dir='ltr'>autem</span> <span class='ocrx_word' id='word_1_553' title='bbox 2108 3522 2353 3577; x_wconf 70' lang='lat' dir='ltr'>Galilaezn</span> <span class='ocrx_word' id='word_1_554' title='bbox 2377 3523 2590 3576; x_wconf 89' lang='lat' dir='ltr'>domno</span> <span class='ocrx_word' id='word_1_555' title='bbox 2626 3519 3023 3587; x_wconf 88' lang='lat' dir='ltr'>Marcinanno,</span> <span class='ocrx_word' id='word_1_556' title='bbox 3060 3519 3299 3575; x_wconf 89' lang='lat' dir='ltr'>emicuit</span> <span class='ocrx_word' id='word_1_557' title='bbox 3333 3519 3403 3574; x_wconf 86' lang='lat' dir='ltr'>ab</span> <span class='ocrx_word' id='word_1_558' title='bbox 3428 3519 3537 3573; x_wconf 88' lang='lat' dir='ltr'>hoc</span> 
     </span>
    </p>
   </div>
   <div class='ocr_carea' id='block_1_84' title="bbox 1881 3608 3540 3680">
    <p class='ocr_par' dir='ltr' id='par_1_84' title="bbox 1881 3608 3540 3680">
     <span class='ocr_line' id='line_1_84' title="bbox 1881 3608 3540 3680; baseline -0.005 -12"><span class='ocrx_word' id='word_1_559' title='bbox 1881 3611 2105 3677; x_wconf 83' lang='lat' dir='ltr'>exsilio,</span> <span class='ocrx_word' id='word_1_560' title='bbox 2120 3613 2191 3666; x_wconf 88' lang='lat' dir='ltr'>ab</span> <span class='ocrx_word' id='word_1_561' title='bbox 2217 3610 2773 3666; x_wconf 86' lang='lat' dir='ltr'>IncarnationeJesu</span> <span class='ocrx_word' id='word_1_562' title='bbox 2794 3608 3005 3665; x_wconf 86' lang='lat' dir='ltr'>Christi</span> <span class='ocrx_word' id='word_1_563' title='bbox 3029 3625 3182 3664; x_wconf 89' lang='lat' dir='ltr'>anno</span> <span class='ocrx_word' id='word_1_564' title='bbox 3209 3608 3540 3680; x_wconf 84' lang='lat' dir='ltr'>septingen-</span> 
     </span>
    </p>
   </div>
   <div class='ocr_carea' id='block_1_85' title="bbox 1883 3697 3537 3771">
    <p class='ocr_par' dir='ltr' id='par_1_85' title="bbox 1883 3697 3537 3771">
     <span class='ocr_line' id='line_1_85' title="bbox 1883 3697 3537 3771; baseline -0.003 -15"><span class='ocrx_word' id='word_1_565' title='bbox 1883 3701 2091 3756; x_wconf 89' lang='lat' dir='ltr'>tesimo</span> <span class='ocrx_word' id='word_1_566' title='bbox 2122 3701 2388 3771; x_wconf 89' lang='lat' dir='ltr'>septimo.</span> <span class='ocrx_word' id='word_1_567' title='bbox 2413 3700 2591 3769; x_wconf 85' lang='lat' dir='ltr'>Cujus</span> <span class='ocrx_word' id='word_1_568' title='bbox 2625 3699 2863 3771; x_wconf 85' lang='lat' dir='ltr'>quidem</span> <span class='ocrx_word' id='word_1_569' title='bbox 2888 3701 3152 3754; x_wconf 75' lang='lat' dir='ltr'>sanctam</span> <span class='ocrx_word' id='word_1_570' title='bbox 3180 3697 3537 3752; x_wconf 89' lang='lat' dir='ltr'>mentionem</span> 
     </span>
    </p>
   </div>
   <div class='ocr_carea' id='block_1_86' title="bbox 1884 3785 3543 3850">
    <p class='ocr_par' dir='ltr' id='par_1_86' title="bbox 1884 3785 3543 3850">
     <span class='ocr_line' id='line_1_86' title="bbox 1884 3785 3543 3850; baseline -0.004 -6"><span class='ocrx_word' id='word_1_571' title='bbox 1884 3789 2014 3844; x_wconf 88' lang='lat' dir='ltr'>istis</span> <span class='ocrx_word' id='word_1_572' title='bbox 2045 3795 2242 3844; x_wconf 87' lang='lat' dir='ltr'>tenore</span> <span class='ocrx_word' id='word_1_573' title='bbox 2272 3789 2625 3844; x_wconf 86' lang='lat' dir='ltr'>narrationis</span> <span class='ocrx_word' id='word_1_574' title='bbox 2657 3787 2837 3850; x_wconf 86' lang='lat' dir='ltr'>ducti,</span> <span class='ocrx_word' id='word_1_575' title='bbox 2869 3787 2963 3842; x_wconf 86' lang='lat' dir='ltr'>vix</span> <span class='ocrx_word' id='word_1_576' title='bbox 2994 3786 3339 3844; x_wconf 89' lang='lat' dir='ltr'>summatim</span> <span class='ocrx_word' id='word_1_577' title='bbox 3373 3785 3543 3841; x_wconf 90' lang='lat' dir='ltr'>attin-</span> 
     </span>
    </p>
   </div>
   <div class='ocr_carea' id='block_1_87' title="bbox 1885 3873 3547 3950">
    <p class='ocr_par' dir='ltr' id='par_1_87' title="bbox 1885 3873 3547 3950">
     <span class='ocr_line' id='line_1_87' title="bbox 1885 3873 3547 3950; baseline -0.003 -17"><span class='ocrx_word' id='word_1_578' title='bbox 1885 3893 2019 3950; x_wconf 88' lang='lat' dir='ltr'>gere</span> <span class='ocrx_word' id='word_1_579' title='bbox 2041 3878 2473 3947; x_wconf 89' lang='lat' dir='ltr'>curavimus,ne</span> <span class='ocrx_word' id='word_1_580' title='bbox 2497 3876 2818 3933; x_wconf 89' lang='lat' dir='ltr'>fastidiosis</span> <span class='ocrx_word' id='word_1_581' title='bbox 2839 3877 3082 3932; x_wconf 89' lang='lat' dir='ltr'>auribus</span> <span class='ocrx_word' id='word_1_582' title='bbox 3102 3893 3266 3932; x_wconf 89' lang='lat' dir='ltr'>escas</span> <span class='ocrx_word' id='word_1_583' title='bbox 3283 3873 3547 3947; x_wconf 82' lang='lat' dir='ltr'>collegis-</span> 
     </span>
    </p>
   </div>
   <div class='ocr_carea' id='block_1_88' title="bbox 1890 3963 3546 4038">
    <p class='ocr_par' dir='ltr' id='par_1_88' title="bbox 1890 3963 3546 4038">
     <span class='ocr_line' id='line_1_88' title="bbox 1890 3963 3546 4038; baseline -0.001 -17"><span class='ocrx_word' id='word_1_584' title='bbox 1890 3983 1951 4021; x_wconf 89' lang='lat' dir='ltr'>se</span> <span class='ocrx_word' id='word_1_585' title='bbox 1973 3972 2030 4021; x_wconf 88' lang='lat' dir='ltr'>et</span> <span class='ocrx_word' id='word_1_586' title='bbox 2050 3965 2375 4021; x_wconf 89' lang='lat' dir='ltr'>inculcasse</span> <span class='ocrx_word' id='word_1_587' title='bbox 2397 3982 2741 4038; x_wconf 89' lang='lat' dir='ltr'>arguamur;</span> <span class='ocrx_word' id='word_1_588' title='bbox 2767 3965 3004 4020; x_wconf 90' lang='lat' dir='ltr'>avidum</span> <span class='ocrx_word' id='word_1_589' title='bbox 3048 3969 3242 4021; x_wconf 90' lang='lat' dir='ltr'>tamen</span> <span class='ocrx_word' id='word_1_590' title='bbox 3269 3963 3546 4020; x_wconf 88' lang='lat' dir='ltr'>lectorem</span> 
     </span>
    </p>
   </div>
   <div class='ocr_carea' id='block_1_89' title="bbox 1892 4054 3547 4125">
    <p class='ocr_par' dir='ltr' id='par_1_89' title="bbox 1892 4054 3547 4125">
     <span class='ocr_line' id='line_1_89' title="bbox 1892 4054 3547 4125; baseline -0.002 -15"><span class='ocrx_word' id='word_1_591' title='bbox 1892 4056 1961 4110; x_wconf 92' lang='lat' dir='ltr'>ad</span> <span class='ocrx_word' id='word_1_592' title='bbox 1997 4055 2192 4110; x_wconf 86' lang='lat' dir='ltr'>Vitam</span> <span class='ocrx_word' id='word_1_593' title='bbox 2251 4055 2437 4110; x_wconf 89' lang='lat' dir='ltr'>sancti</span> <span class='ocrx_word' id='word_1_594' title='bbox 2492 4054 2860 4109; x_wconf 88' lang='lat' dir='ltr'>destinamus</span> <span class='ocrx_word' id='word_1_595' title='bbox 2901 4054 3033 4125; x_wconf 87' lang='lat'>(75).</span> <span class='ocrx_word' id='word_1_596' title='bbox 3063 4054 3238 4110; x_wconf 90' lang='lat' dir='ltr'>Porro</span> <span class='ocrx_word' id='word_1_597' title='bbox 3293 4054 3547 4108; x_wconf 90' lang='lat' dir='ltr'>domnus</span> 
     </span>
    </p>
   </div>
   <div class='ocr_carea' id='block_1_90' title="bbox 1894 4135 3554 4215">
    <p class='ocr_par' dir='ltr' id='par_1_90' title="bbox 1894 4135 3554 4215">
     <span class='ocr_line' id='line_1_90' title="bbox 1894 4135 3554 4215; baseline -0.002 -16"><span class='ocrx_word' id='word_1_598' title='bbox 1894 4144 2519 4215; x_wconf 89' lang='lat' dir='ltr'>Marcinannus,qucm</span> <span class='ocrx_word' id='word_1_599' title='bbox 2537 4135 2839 4214; x_wconf 68' lang='lat' dir='ltr'>prazlatum</span> <span class='ocrx_word' id='word_1_600' title='bbox 2853 4143 3178 4198; x_wconf 90' lang='lat' dir='ltr'>beatissimi</span> <span class='ocrx_word' id='word_1_601' title='bbox 3197 4142 3435 4198; x_wconf 88' lang='lat' dir='ltr'>Deodati</span> <span class='ocrx_word' id='word_1_602' title='bbox 3449 4159 3554 4196; x_wconf 78' lang='lat' dir='ltr'>cae-</span> 
     </span>
    </p>
   </div>
   <div class='ocr_carea' id='block_1_91' title="bbox 1897 4229 3548 4304">
    <p class='ocr_par' dir='ltr' id='par_1_91' title="bbox 1897 4229 3548 4304">
     <span class='ocr_line' id='line_1_91' title="bbox 1897 4229 3548 4304; baseline -0.001 -18"><span class='ocrx_word' id='word_1_603' title='bbox 1897 4233 2068 4288; x_wconf 91' lang='lat' dir='ltr'>nobio</span> <span class='ocrx_word' id='word_1_604' title='bbox 2104 4250 2284 4304; x_wconf 88' lang='lat' dir='ltr'>supra</span> <span class='ocrx_word' id='word_1_605' title='bbox 2315 4231 2792 4297; x_wconf 88' lang='lat' dir='ltr'>memoravimus,</span> <span class='ocrx_word' id='word_1_606' title='bbox 2829 4231 2886 4284; x_wconf 92' lang='lat' dir='ltr'>in</span> <span class='ocrx_word' id='word_1_607' title='bbox 2919 4231 3249 4301; x_wconf 88' lang='lat' dir='ltr'>provisione</span> <span class='ocrx_word' id='word_1_608' title='bbox 3301 4229 3548 4285; x_wconf 82' lang='lat' dir='ltr'>ccenobii</span> 
     </span>
    </p>
   </div>
   <div class='ocr_carea' id='block_1_92' title="bbox 1898 4317 3552 4389">
    <p class='ocr_par' dir='ltr' id='par_1_92' title="bbox 1898 4317 3552 4389">
     <span class='ocr_line' id='line_1_92' title="bbox 1898 4317 3552 4389; baseline -0.002 -13"><span class='ocrx_word' id='word_1_609' title='bbox 1898 4321 2032 4376; x_wconf 87' lang='lat' dir='ltr'>talis</span> <span class='ocrx_word' id='word_1_610' title='bbox 2064 4321 2332 4376; x_wconf 85' lang='lat' dir='ltr'>utilitatis</span> <span class='ocrx_word' id='word_1_611' title='bbox 2364 4321 2474 4375; x_wconf 82' lang='lat' dir='ltr'>iuit</span> <span class='ocrx_word' id='word_1_612' title='bbox 2523 4318 3018 4374; x_wconf 85' lang='lat' dir='ltr'>studiosissimus.</span> <span class='ocrx_word' id='word_1_613' title='bbox 3053 4319 3108 4373; x_wconf 93' lang='lat' dir='ltr'>Is</span> <span class='ocrx_word' id='word_1_614' title='bbox 3139 4319 3353 4389; x_wconf 89' lang='lat' dir='ltr'>quippe</span> <span class='ocrx_word' id='word_1_615' title='bbox 3379 4317 3552 4389; x_wconf 88' lang='lat' dir='ltr'>longo</span> 
     </span>
    </p>
   </div>
   <div class='ocr_carea' id='block_1_93' title="bbox 1901 4405 3555 4482">
    <p class='ocr_par' dir='ltr' id='par_1_93' title="bbox 1901 4405 3555 4482">
     <span class='ocr_line' id='line_1_93' title="bbox 1901 4405 3555 4482; baseline -0.002 -18"><span class='ocrx_word' id='word_1_616' title='bbox 1901 4409 2190 4482; x_wconf 90' lang='lat' dir='ltr'>superfuit</span> <span class='ocrx_word' id='word_1_617' title='bbox 2237 4414 2498 4479; x_wconf 90' lang='lat' dir='ltr'>tempore</span> <span class='ocrx_word' id='word_1_618' title='bbox 2555 4408 2664 4463; x_wconf 91' lang='lat' dir='ltr'>sub</span> <span class='ocrx_word' id='word_1_619' title='bbox 2714 4406 2948 4478; x_wconf 83' lang='lat' dir='ltr'>regibus</span> <span class='ocrx_word' id='word_1_620' title='bbox 2983 4405 3340 4461; x_wconf 86' lang='lat' dir='ltr'>Theoderico</span> <span class='ocrx_word' id='word_1_621' title='bbox 3378 4409 3555 4476; x_wconf 88' lang='lat' dir='ltr'>atque</span> 
     </span>
    </p>
   </div>
   <div class='ocr_carea' id='block_1_94' title="bbox 133 4491 3557 4578">
    <p class='ocr_par' dir='ltr' id='par_1_94' title="bbox 133 4491 3557 4578">
     <span class='ocr_line' id='line_1_94' title="bbox 133 4491 3557 4578; baseline -0.001 -28"><span class='ocrx_word' id='word_1_622' title='bbox 133 4493 379 4551; x_wconf 89' lang='lat' dir='ltr'>curabat</span> <span class='ocrx_word' id='word_1_623' title='bbox 409 4492 688 4564; x_wconf 87' lang='lat' dir='ltr'>prodesse</span> <span class='ocrx_word' id='word_1_624' title='bbox 721 4491 848 4563; x_wconf 85' lang='lat' dir='ltr'>ejus</span> <span class='ocrx_word' id='word_1_625' title='bbox 883 4491 1136 4564; x_wconf 91' lang='lat' dir='ltr'>spiritui,</span> <span class='ocrx_word' id='word_1_626' title='bbox 1169 4492 1444 4565; x_wconf 91' lang='lat' dir='ltr'>deinceps</span> <span class='ocrx_word' id='word_1_627' title='bbox 1484 4493 1791 4565; x_wconf 86' lang='lat' dir='ltr'>pristinam</span> <span class='ocrx_word' id='word_1_628' title='bbox 1825 4515 1868 4578; x_wconf 69' lang='grc' dir='ltr'><strong>Β</strong></span> <span class='ocrx_word' id='word_1_629' title='bbox 1901 4498 2226 4554; x_wconf 85' lang='lat' dir='ltr'>Childerico</span> <span class='ocrx_word' id='word_1_630' title='bbox 2257 4497 2517 4574; x_wconf 85' lang='lat' dir='ltr'>Juniore,</span> <span class='ocrx_word' id='word_1_631' title='bbox 2549 4515 2583 4549; x_wconf 88' lang='lat' dir='ltr'>a</span> <span class='ocrx_word' id='word_1_632' title='bbox 2615 4511 2730 4564; x_wconf 89' lang='lat' dir='ltr'>quo</span> <span class='ocrx_word' id='word_1_633' title='bbox 2754 4495 2927 4549; x_wconf 90' lang='lat' dir='ltr'>etiam</span> <span class='ocrx_word' id='word_1_634' title='bbox 2960 4493 3557 4566; x_wconf 85' lang='lat' dir='ltr'>Aquisgraniprome—</span> 
     </span>
    </p>
   </div>
   <div class='ocr_carea' id='block_1_95' title="bbox 130 4581 1792 4653">
    <p class='ocr_par' dir='ltr' id='par_1_95' title="bbox 130 4581 1792 4653">
     <span class='ocr_line' id='line_1_95' title="bbox 130 4581 1792 4653; baseline 0 -15"><span class='ocrx_word' id='word_1_635' title='bbox 130 4581 564 4638; x_wconf 87' lang='lat' dir='ltr'>institutionem</span> <span class='ocrx_word' id='word_1_636' title='bbox 580 4595 949 4652; x_wconf 89' lang='lat' dir='ltr'>resumpsere</span> <span class='ocrx_word' id='word_1_637' title='bbox 974 4581 1182 4637; x_wconf 87' lang='lat' dir='ltr'>fratres</span> <span class='ocrx_word' id='word_1_638' title='bbox 1203 4582 1515 4653; x_wconf 90' lang='lat' dir='ltr'>utriusque</span> <span class='ocrx_word' id='word_1_639' title='bbox 1542 4581 1672 4637; x_wconf 92' lang='lat' dir='ltr'>loci.</span> <span class='ocrx_word' id='word_1_640' title='bbox 1693 4581 1792 4638; x_wconf 92' lang='lat' dir='ltr'>De-</span> 
     </span>
    </p>
   </div>
   <div class='ocr_carea' id='block_1_96' title="bbox 133 4669 1796 4743">
    <p class='ocr_par' dir='ltr' id='par_1_96' title="bbox 133 4669 1796 4743">
     <span class='ocr_line' id='line_1_96' title="bbox 133 4669 1796 4743; baseline -0.001 -16"><span class='ocrx_word' id='word_1_641' title='bbox 133 4671 309 4743; x_wconf 91' lang='lat' dir='ltr'>nique</span> <span class='ocrx_word' id='word_1_642' title='bbox 330 4674 396 4726; x_wconf 89' lang='lat' dir='ltr'>ut</span> <span class='ocrx_word' id='word_1_643' title='bbox 416 4669 578 4742; x_wconf 90' lang='lat' dir='ltr'>prius</span> <span class='ocrx_word' id='word_1_644' title='bbox 601 4669 782 4725; x_wconf 89' lang='lat' dir='ltr'>semel</span> <span class='ocrx_word' id='word_1_645' title='bbox 808 4669 870 4724; x_wconf 92' lang='lat' dir='ltr'>in</span> <span class='ocrx_word' id='word_1_646' title='bbox 899 4687 1048 4726; x_wconf 89' lang='lat' dir='ltr'>anno</span> <span class='ocrx_word' id='word_1_647' title='bbox 1068 4670 1333 4726; x_wconf 89' lang='lat' dir='ltr'>solebant</span> <span class='ocrx_word' id='word_1_648' title='bbox 1355 4671 1540 4726; x_wconf 90' lang='lat' dir='ltr'>sancti</span> <span class='ocrx_word' id='word_1_649' title='bbox 1571 4670 1796 4725; x_wconf 89' lang='lat' dir='ltr'>antisti-</span> 
     </span>
    </p>
   </div>
   <div class='ocr_carea' id='block_1_97' title="bbox 127 4757 1787 4831">
    <p class='ocr_par' dir='ltr' id='par_1_97' title="bbox 127 4757 1787 4831">
     <span class='ocr_line' id='line_1_97' title="bbox 127 4757 1787 4831; baseline -0.001 -15"><span class='ocrx_word' id='word_1_650' title='bbox 127 4765 216 4816; x_wconf 89' lang='lat' dir='ltr'>tes</span> <span class='ocrx_word' id='word_1_651' title='bbox 230 4775 367 4815; x_wconf 89' lang='lat' dir='ltr'>suas</span> <span class='ocrx_word' id='word_1_652' title='bbox 379 4757 818 4814; x_wconf 87' lang='lat' dir='ltr'>cellasinvicem</span> <span class='ocrx_word' id='word_1_653' title='bbox 842 4758 1186 4824; x_wconf 90' lang='lat' dir='ltr'>visitare,sic</span> <span class='ocrx_word' id='word_1_654' title='bbox 1208 4762 1408 4831; x_wconf 90' lang='lat' dir='ltr'>postea</span> <span class='ocrx_word' id='word_1_655' title='bbox 1430 4759 1787 4815; x_wconf 91' lang='lat' dir='ltr'>studuerunt</span> 
     </span>
    </p>
   </div>
   <div class='ocr_carea' id='block_1_98' title="bbox 128 4846 1787 4919">
    <p class='ocr_par' dir='ltr' id='par_1_98' title="bbox 128 4846 1787 4919">
     <span class='ocr_line' id='line_1_98' title="bbox 128 4846 1787 4919; baseline -0.001 -15"><span class='ocrx_word' id='word_1_656' title='bbox 128 4849 334 4904; x_wconf 64' lang='lat' dir='ltr'>fazere.</span> <span class='ocrx_word' id='word_1_657' title='bbox 395 4847 501 4902; x_wconf 90' lang='lat' dir='ltr'>Sed</span> <span class='ocrx_word' id='word_1_658' title='bbox 559 4846 683 4901; x_wconf 90' lang='lat' dir='ltr'>viro</span> <span class='ocrx_word' id='word_1_659' title='bbox 733 4846 833 4902; x_wconf 90' lang='lat' dir='ltr'>Dei</span> <span class='ocrx_word' id='word_1_660' title='bbox 897 4846 1190 4919; x_wconf 88' lang='lat' dir='ltr'>Hidulpho</span> <span class='ocrx_word' id='word_1_661' title='bbox 1249 4846 1520 4903; x_wconf 90' lang='lat' dir='ltr'>invisenti</span> <span class='ocrx_word' id='word_1_662' title='bbox 1561 4846 1787 4903; x_wconf 89' lang='lat' dir='ltr'>Vallem</span> 
     </span>
    </p>
   </div>
   <div class='ocr_carea' id='block_1_99' title="bbox 131 4934 1790 5006">
    <p class='ocr_par' dir='ltr' id='par_1_99' title="bbox 131 4934 1790 5006">
     <span class='ocr_line' id='line_1_99' title="bbox 131 4934 1790 5006; baseline -0.001 -12"><span class='ocrx_word' id='word_1_663' title='bbox 131 4935 432 4994; x_wconf 69' lang='lat' dir='ltr'>Galilaeam</span> <span class='ocrx_word' id='word_1_664' title='bbox 485 4935 608 4991; x_wconf 89' lang='lat' dir='ltr'>vice</span> <span class='ocrx_word' id='word_1_665' title='bbox 651 4935 850 4990; x_wconf 86' lang='lat' dir='ltr'>domui</span> <span class='ocrx_word' id='word_1_666' title='bbox 908 4934 1169 5002; x_wconf 89' lang='lat' dir='ltr'>Deodati,</span> <span class='ocrx_word' id='word_1_667' title='bbox 1219 4936 1605 4990; x_wconf 90' lang='lat' dir='ltr'>occurrebant</span> <span class='ocrx_word' id='word_1_668' title='bbox 1661 4937 1790 5006; x_wconf 86' lang='lat' dir='ltr'>ejus</span> 
     </span>
    </p>
   </div>
   <div class='ocr_carea' id='block_1_100' title="bbox 133 5023 1789 5097">
    <p class='ocr_par' dir='ltr' id='par_1_100' title="bbox 133 5023 1789 5097">
     <span class='ocr_line' id='line_1_100' title="bbox 133 5023 1789 5097; baseline 0.001 -18"><span class='ocrx_word' id='word_1_669' title='bbox 133 5023 427 5094; x_wconf 89' lang='lat' dir='ltr'>discipuli,</span> <span class='ocrx_word' id='word_1_670' title='bbox 448 5024 820 5096; x_wconf 65' lang='lat' dir='ltr'>praferentes</span> <span class='ocrx_word' id='word_1_671' title='bbox 839 5025 985 5080; x_wconf 90' lang='lat' dir='ltr'>tanti</span> <span class='ocrx_word' id='word_1_672' title='bbox 1011 5023 1277 5097; x_wconf 85' lang='lat' dir='ltr'>magistri</span> <span class='ocrx_word' id='word_1_673' title='bbox 1299 5024 1584 5080; x_wconf 90' lang='lat' dir='ltr'>tunicam.</span> <span class='ocrx_word' id='word_1_674' title='bbox 1603 5025 1789 5087; x_wconf 87' lang='lat' dir='ltr'>Quam</span> 
     </span>
    </p>
   </div>
   <div class='ocr_carea' id='block_1_101' title="bbox 134 5113 1791 5185">
    <p class='ocr_par' dir='ltr' id='par_1_101' title="bbox 134 5113 1791 5185">
     <span class='ocr_line' id='line_1_101' title="bbox 134 5113 1791 5185; baseline 0.001 -17"><span class='ocrx_word' id='word_1_675' title='bbox 134 5115 458 5169; x_wconf 81' lang='lat' dir='ltr'>reverenter</span> <span class='ocrx_word' id='word_1_676' title='bbox 512 5116 822 5184; x_wconf 89' lang='lat' dir='ltr'>susceptan</span> <span class='ocrx_word' id='word_1_677' title='bbox 869 5118 1108 5168; x_wconf 88' lang='lat' dir='ltr'>sanctus</span> <span class='ocrx_word' id='word_1_678' title='bbox 1164 5113 1444 5185; x_wconf 89' lang='lat' dir='ltr'>pontifex,</span> <span class='ocrx_word' id='word_1_679' title='bbox 1503 5118 1791 5184; x_wconf 89' lang='lat' dir='ltr'>tanquam</span> 
     </span>
    </p>
   </div>
   <div class='ocr_carea' id='block_1_102' title="bbox 211 5269 1794 5342">
    <p class='ocr_par' dir='ltr' id='par_1_102' title="bbox 211 5269 1794 5342">
     <span class='ocr_line' id='line_1_102' title="bbox 211 5269 1794 5342; baseline 0.005 -19"><span class='ocrx_word' id='word_1_680' title='bbox 211 5270 327 5342; x_wconf 63' lang='grc'>(74)</span> <span class='ocrx_word' id='word_1_681' title='bbox 356 5270 459 5325; x_wconf 85' lang='lat' dir='ltr'>Hic</span> <span class='ocrx_word' id='word_1_682' title='bbox 488 5270 704 5326; x_wconf 87' lang='lat' dir='ltr'>desinit</span> <span class='ocrx_word' id='word_1_683' title='bbox 735 5287 848 5326; x_wconf 92' lang='lat' dir='ltr'>ms.</span> <span class='ocrx_word' id='word_1_684' title='bbox 883 5269 1326 5342; x_wconf 89' lang='lat' dir='ltr'>Ultrajectinum</span> <span class='ocrx_word' id='word_1_685' title='bbox 1356 5275 1413 5327; x_wconf 88' lang='lat' dir='ltr'>et</span> <span class='ocrx_word' id='word_1_686' title='bbox 1442 5272 1575 5327; x_wconf 88' lang='lat' dir='ltr'>Vita</span> <span class='ocrx_word' id='word_1_687' title='bbox 1605 5291 1639 5329; x_wconf 91' lang='lat' dir='ltr'>a</span> <span class='ocrx_word' id='word_1_688' title='bbox 1673 5274 1794 5330; x_wconf 90' lang='lat' dir='ltr'>Mo-</span> 
     </span>
    </p>
   </div>
   <div class='ocr_carea' id='block_1_103' title="bbox 143 5341 568 5398">
    <p class='ocr_par' dir='ltr' id='par_1_103' title="bbox 143 5341 568 5398">
     <span class='ocr_line' id='line_1_103' title="bbox 143 5341 568 5398; baseline -0.002 0"><span class='ocrx_word' id='word_1_689' title='bbox 143 5341 360 5398; x_wconf 85' lang='lat' dir='ltr'>sandro</span> <span class='ocrx_word' id='word_1_690' title='bbox 393 5342 568 5397; x_wconf 90' lang='lat' dir='ltr'>edita.</span> 
     </span>
    </p>
   </div>
   <div class='ocr_carea' id='block_1_104' title="bbox 214 5411 1799 5486">
    <p class='ocr_par' dir='ltr' id='par_1_104' title="bbox 214 5411 1799 5486">
     <span class='ocr_line' id='line_1_104' title="bbox 214 5411 1799 5486; baseline 0.005 -21"><span class='ocrx_word' id='word_1_691' title='bbox 214 5411 328 5482; x_wconf 88' lang='lat'>(75)</span> <span class='ocrx_word' id='word_1_692' title='bbox 360 5413 1016 5486; x_wconf 62' lang='lat' dir='ltr'>ﬂiguetussuspicatur</span> <span class='ocrx_word' id='word_1_693' title='bbox 1047 5415 1367 5485; x_wconf 87' lang='lat' dir='ltr'>ipsummet</span> <span class='ocrx_word' id='word_1_694' title='bbox 1395 5417 1799 5486; x_wconf 89' lang='lat' dir='ltr'>composuisse</span> 
     </span>
    </p>
   </div>
   <div class='ocr_carea' id='block_1_105' title="bbox 147 5430 1795 5558">
    <p class='ocr_par' dir='ltr' id='par_1_105' title="bbox 147 5430 1795 5558">
     <span class='ocr_line' id='line_1_105' title="bbox 214 5430 1795 5539; baseline 0.005 -74"><span class='ocrx_word' id='word_1_695' title='bbox 214 5430 328 5482; x_wconf 60' lang='grc' dir='ltr'>(ιο)</span> <span class='ocrx_word' id='word_1_696' title='bbox 363 5430 642 5538; x_wconf 66' lang='lat' dir='ltr'>uiguetus</span> <span class='ocrx_word' id='word_1_697' title='bbox 675 5430 1016 5539; x_wconf 72' lang='lat' dir='ltr'>suspicatur</span> <span class='ocrx_word' id='word_1_698' title='bbox 1047 5430 1367 5485; x_wconf 80' lang='lat' dir='ltr'>ipsummet</span> <span class='ocrx_word' id='word_1_699' title='bbox 1395 5430 1795 5486; x_wconf 82' lang='lat' dir='ltr'>composuisse</span> 
     </span>
     <span class='ocr_line' id='line_1_106' title="bbox 147 5483 1795 5558; baseline 0.005 -23"><span class='ocrx_word' id='word_1_700' title='bbox 147 5483 340 5558; x_wconf 82' lang='lat' dir='ltr'>Vitam</span> <span class='ocrx_word' id='word_1_701' title='bbox 363 5483 427 5539; x_wconf 85' lang='lat' dir='ltr'>Hi</span> <span class='ocrx_word' id='word_1_702' title='bbox 455 5485 664 5558; x_wconf 84' lang='lat' dir='ltr'>dulphi</span> <span class='ocrx_word' id='word_1_703' title='bbox 699 5503 732 5541; x_wconf 91' lang='lat' dir='ltr'>a</span> <span class='ocrx_word' id='word_1_704' title='bbox 753 5485 784 5540; x_wconf 67' lang='lat' dir='ltr'>lt</span> <span class='ocrx_word' id='word_1_705' title='bbox 814 5485 1062 5558; x_wconf 82' lang='lat' dir='ltr'>osandro</span> <span class='ocrx_word' id='word_1_706' title='bbox 1084 5486 1298 5558; x_wconf 83' lang='lat' dir='ltr'>editam</span> <span class='ocrx_word' id='word_1_707' title='bbox 1326 5503 1338 5553; x_wconf 92' lang='lat'><strong>;</strong></span> <span class='ocrx_word' id='word_1_708' title='bbox 1364 5490 1516 5558; x_wconf 88' lang='lat' dir='ltr'>certe</span> <span class='ocrx_word' id='word_1_709' title='bbox 1534 5487 1621 5542; x_wconf 92' lang='lat' dir='ltr'>vel</span> <span class='ocrx_word' id='word_1_710' title='bbox 1640 5487 1795 5544; x_wconf 89' lang='lat' dir='ltr'>idem</span> 
     </span>
    </p>
   </div>
   <div class='ocr_carea' id='block_1_106' title="bbox 145 5554 1798 5628">
    <p class='ocr_par' dir='ltr' id='par_1_106' title="bbox 145 5554 1798 5628">
     <span class='ocr_line' id='line_1_107' title="bbox 145 5554 1798 5628; baseline 0.001 -17"><span class='ocrx_word' id='word_1_711' title='bbox 145 5554 453 5627; x_wconf 87' lang='lat' dir='ltr'>utriusque</span> <span class='ocrx_word' id='word_1_712' title='bbox 483 5554 581 5615; x_wconf 74' lang='lat' dir='ltr'>est</span> <span class='ocrx_word' id='word_1_713' title='bbox 609 5555 1017 5628; x_wconf 88' lang='lat' dir='ltr'>interpolator,</span> <span class='ocrx_word' id='word_1_714' title='bbox 1057 5555 1144 5614; x_wconf 86' lang='lat' dir='ltr'>vel</span> <span class='ocrx_word' id='word_1_715' title='bbox 1177 5561 1378 5613; x_wconf 87' lang='lat' dir='ltr'>auctor</span> <span class='ocrx_word' id='word_1_716' title='bbox 1405 5557 1554 5614; x_wconf 83' lang='lat' dir='ltr'>Vitae</span> <span class='ocrx_word' id='word_1_717' title='bbox 1585 5559 1641 5614; x_wconf 90' lang='lat' dir='ltr'>S.</span> <span class='ocrx_word' id='word_1_718' title='bbox 1679 5558 1798 5614; x_wconf 88' lang='lat' dir='ltr'>Hil-</span> 
     </span>
    </p>
   </div>
   <div class='ocr_carea' id='block_1_107' title="bbox 1902 4571 3558 4657">
    <p class='ocr_par' dir='ltr' id='par_1_107' title="bbox 1902 4571 3558 4657">
     <span class='ocr_line' id='line_1_108' title="bbox 1902 4571 3558 4657; baseline -0.002 -17"><span class='ocrx_word' id='word_1_719' title='bbox 1902 4586 2018 4640; x_wconf 89' lang='lat' dir='ltr'>ruit</span> <span class='ocrx_word' id='word_1_720' title='bbox 2039 4571 2490 4657; x_wconf 86' lang='lat' dir='ltr'>descriptionem</span> <span class='ocrx_word' id='word_1_721' title='bbox 2518 4584 2693 4640; x_wconf 88' lang='lat' dir='ltr'>totius</span> <span class='ocrx_word' id='word_1_722' title='bbox 2715 4583 2959 4640; x_wconf 77' lang='lat' dir='ltr'>abbatiae</span> <span class='ocrx_word' id='word_1_723' title='bbox 2982 4600 3099 4638; x_wconf 67' lang='lat' dir='ltr'>sua:</span> <span class='ocrx_word' id='word_1_724' title='bbox 3123 4581 3379 4638; x_wconf 88' lang='lat' dir='ltr'>roborari</span> <span class='ocrx_word' id='word_1_725' title='bbox 3398 4582 3558 4654; x_wconf 84' lang='lat' dir='ltr'>regia</span> 
     </span>
    </p>
   </div>
   <div class='ocr_carea' id='block_1_108' title="bbox 1903 4674 2624 4729">
    <p class='ocr_par' dir='ltr' id='par_1_108' title="bbox 1903 4674 2624 4729">
     <span class='ocr_line' id='line_1_109' title="bbox 1903 4674 2624 4729; baseline 0 -1"><span class='ocrx_word' id='word_1_726' title='bbox 1903 4674 2272 4729; x_wconf 86' lang='lat' dir='ltr'>auctoritate.</span> <span class='ocrx_word' id='word_1_727' title='bbox 2620 4717 2624 4720; x_wconf 87' lang='lat'>.</span> 
     </span>
    </p>
   </div>
   <div class='ocr_carea' id='block_1_109' title="bbox 1971 4758 3562 4818">
    <p class='ocr_par' dir='ltr' id='par_1_109' title="bbox 1971 4758 3562 4818">
     <span class='ocr_line' id='line_1_110' title="bbox 1971 4758 3562 4818; baseline -0.002 -3"><span class='ocrx_word' id='word_1_728' title='bbox 1971 4764 2064 4818; x_wconf 82' lang='grc'>24.</span> <span class='ocrx_word' id='word_1_729' title='bbox 2100 4761 2321 4817; x_wconf 89' lang='lat' dir='ltr'>Deinde</span> <span class='ocrx_word' id='word_1_730' title='bbox 2368 4767 2489 4816; x_wconf 90' lang='lat' dir='ltr'>tam</span> <span class='ocrx_word' id='word_1_731' title='bbox 2543 4767 2881 4818; x_wconf 89' lang='lat' dir='ltr'>sanctorum</span> <span class='ocrx_word' id='word_1_732' title='bbox 2941 4762 3314 4818; x_wconf 89' lang='lat' dir='ltr'>decessorum</span> <span class='ocrx_word' id='word_1_733' title='bbox 3368 4758 3562 4815; x_wconf 88' lang='lat' dir='ltr'>idonei</span> 
     </span>
    </p>
   </div>
   <div class='ocr_carea' id='block_1_110' title="bbox 1904 4848 3562 4915">
    <p class='ocr_par' dir='ltr' id='par_1_110' title="bbox 1904 4848 3562 4915">
     <span class='ocr_line' id='line_1_111' title="bbox 1904 4848 3562 4915; baseline -0.002 -9"><span class='ocrx_word' id='word_1_734' title='bbox 1904 4867 2277 4906; x_wconf 85' lang='lat' dir='ltr'>successores</span> <span class='ocrx_word' id='word_1_735' title='bbox 2309 4849 2680 4905; x_wconf 80' lang='lat' dir='ltr'>Raimbertus</span> <span class='ocrx_word' id='word_1_736' title='bbox 2711 4855 2767 4904; x_wconf 90' lang='lat' dir='ltr'>et</span> <span class='ocrx_word' id='word_1_737' title='bbox 2798 4851 3232 4915; x_wconf 88' lang='lat' dir='ltr'>Marcinannus,</span> <span class='ocrx_word' id='word_1_738' title='bbox 3265 4848 3562 4905; x_wconf 83' lang='lat' dir='ltr'>charitati-</span> 
     </span>
    </p>
   </div>
   <div class='ocr_carea' id='block_1_111' title="bbox 1901 4937 3559 5011">
    <p class='ocr_par' dir='ltr' id='par_1_111' title="bbox 1901 4937 3559 5011">
     <span class='ocr_line' id='line_1_112' title="bbox 1901 4937 3559 5011; baseline -0.002 -17"><span class='ocrx_word' id='word_1_739' title='bbox 1901 4956 2031 4994; x_wconf 89' lang='lat' dir='ltr'>vam</span> <span class='ocrx_word' id='word_1_740' title='bbox 2055 4938 2414 5003; x_wconf 84' lang='lat' dir='ltr'>societatem,</span> <span class='ocrx_word' id='word_1_741' title='bbox 2435 4956 2467 4992; x_wconf 90' lang='lat' dir='ltr'>a</span> <span class='ocrx_word' id='word_1_742' title='bbox 2484 4937 2876 4994; x_wconf 88' lang='lat' dir='ltr'>sanctissimis</span> <span class='ocrx_word' id='word_1_743' title='bbox 2901 4939 3201 5011; x_wconf 86' lang='lat' dir='ltr'>magistris</span> <span class='ocrx_word' id='word_1_744' title='bbox 3224 4942 3559 5010; x_wconf 88' lang='lat' dir='ltr'>susceptam</span> 
     </span>
    </p>
   </div>
   <div class='ocr_carea' id='block_1_112' title="bbox 1904 5025 3564 5099">
    <p class='ocr_par' dir='ltr' id='par_1_112' title="bbox 1904 5025 3564 5099">
     <span class='ocr_line' id='line_1_113' title="bbox 1904 5025 3564 5099; baseline -0.003 -17"><span class='ocrx_word' id='word_1_745' title='bbox 1904 5034 1960 5082; x_wconf 90' lang='lat' dir='ltr'>et</span> <span class='ocrx_word' id='word_1_746' title='bbox 1987 5027 2095 5082; x_wconf 88' lang='lat' dir='ltr'>sibi</span> <span class='ocrx_word' id='word_1_747' title='bbox 2131 5026 2298 5098; x_wconf 86' lang='lat' dir='ltr'>quasi</span> <span class='ocrx_word' id='word_1_748' title='bbox 2329 5025 2458 5099; x_wconf 91' lang='lat' dir='ltr'>lege</span> <span class='ocrx_word' id='word_1_749' title='bbox 2490 5025 2856 5082; x_wconf 73' lang='lat' dir='ltr'>hzereditaria</span> <span class='ocrx_word' id='word_1_750' title='bbox 2896 5026 3183 5094; x_wconf 87' lang='lat' dir='ltr'>relictam,</span> <span class='ocrx_word' id='word_1_751' title='bbox 3216 5045 3332 5082; x_wconf 91' lang='lat' dir='ltr'>non</span> <span class='ocrx_word' id='word_1_752' title='bbox 3364 5025 3564 5080; x_wconf 91' lang='lat' dir='ltr'>immi-</span> 
     </span>
    </p>
   </div>
   <div class='ocr_carea' id='block_1_113' title="bbox 1905 5114 3562 5188">
    <p class='ocr_par' dir='ltr' id='par_1_113' title="bbox 1905 5114 3562 5188">
     <span class='ocr_line' id='line_1_114' title="bbox 1905 5114 3562 5188; baseline -0.005 -15"><span class='ocrx_word' id='word_1_753' title='bbox 1905 5121 2389 5181; x_wconf 88' lang='lat' dir='ltr'>nuerunt,vcrum</span> <span class='ocrx_word' id='word_1_754' title='bbox 2412 5115 2608 5188; x_wconf 90' lang='lat' dir='ltr'>potius</span> <span class='ocrx_word' id='word_1_755' title='bbox 2623 5116 3334 5188; x_wconf 87' lang='lat' dir='ltr'>augmentaverunt.Quod</span> <span class='ocrx_word' id='word_1_756' title='bbox 3360 5114 3562 5183; x_wconf 89' lang='lat' dir='ltr'>utique</span> 
     </span>
    </p>
   </div>
   <div class='ocr_carea' id='block_1_114' title="bbox 1905 5271 3559 5342">
    <p class='ocr_par' dir='ltr' id='par_1_114' title="bbox 1905 5271 3559 5342">
     <span class='ocr_line' id='line_1_115' title="bbox 1905 5271 3559 5342; baseline -0.006 -10"><span class='ocrx_word' id='word_1_757' title='bbox 1905 5277 2135 5342; x_wconf 89' lang='lat' dir='ltr'>dulphi,</span> <span class='ocrx_word' id='word_1_758' title='bbox 2167 5277 2308 5331; x_wconf 90' lang='lat' dir='ltr'>dum</span> <span class='ocrx_word' id='word_1_759' title='bbox 2335 5276 2536 5332; x_wconf 90' lang='lat' dir='ltr'>Miloni</span> <span class='ocrx_word' id='word_1_760' title='bbox 2569 5293 2703 5333; x_wconf 90' lang='lat' dir='ltr'>eum</span> <span class='ocrx_word' id='word_1_761' title='bbox 2747 5276 3103 5333; x_wconf 90' lang='lat' dir='ltr'>successisse</span> <span class='ocrx_word' id='word_1_762' title='bbox 3136 5275 3294 5342; x_wconf 86' lang='lat' dir='ltr'>facit,</span> <span class='ocrx_word' id='word_1_763' title='bbox 3328 5271 3559 5338; x_wconf 88' lang='lat' dir='ltr'>aliaque</span> 
     </span>
    </p>
   </div>
   <div class='ocr_carea' id='block_1_115' title="bbox 1907 5343 3559 5420">
    <p class='ocr_par' dir='ltr' id='par_1_115' title="bbox 1907 5343 3559 5420">
     <span class='ocr_line' id='line_1_116' title="bbox 1907 5343 3559 5420; baseline -0.002 -16"><span class='ocrx_word' id='word_1_764' title='bbox 1907 5343 2092 5404; x_wconf 86' lang='lat' dir='ltr'>multa</span> <span class='ocrx_word' id='word_1_765' title='bbox 2122 5349 2192 5420; x_wconf 14' lang='lat' dir='ltr'>in,</span> <span class='ocrx_word' id='word_1_766' title='bbox 2215 5349 2652 5420; x_wconf 86' lang='lat' dir='ltr'>chronologiam</span> <span class='ocrx_word' id='word_1_767' title='bbox 2686 5353 2902 5420; x_wconf 85' lang='lat' dir='ltr'>peccat,</span> <span class='ocrx_word' id='word_1_768' title='bbox 2927 5348 3107 5420; x_wconf 80' lang='lat' dir='ltr'>hujus</span> <span class='ocrx_word' id='word_1_769' title='bbox 3135 5347 3278 5420; x_wconf 68' lang='lat' dir='ltr'>Vita:</span> <span class='ocrx_word' id='word_1_770' title='bbox 3303 5343 3559 5420; x_wconf 53' lang='lat' dir='ltr'>interpe-</span> 
     </span>
    </p>
   </div>
   <div class='ocr_carea' id='block_1_116' title="bbox 1903 5407 3557 5490">
    <p class='ocr_par' dir='ltr' id='par_1_116' title="bbox 1903 5407 3557 5490">
     <span class='ocr_line' id='line_1_117' title="bbox 1903 5407 3557 5490; baseline -0.01 -16"><span class='ocrx_word' id='word_1_771' title='bbox 1903 5420 2149 5475; x_wconf 89' lang='lat' dir='ltr'>latorem</span> <span class='ocrx_word' id='word_1_772' title='bbox 2180 5419 2239 5473; x_wconf 90' lang='lat' dir='ltr'>in</span> <span class='ocrx_word' id='word_1_773' title='bbox 2273 5407 2827 5490; x_wconf 53' lang='lat' dir='ltr'>erroresupertraxit,</span> <span class='ocrx_word' id='word_1_774' title='bbox 2862 5407 3080 5490; x_wconf 65' lang='lat' dir='ltr'>quibus</span> <span class='ocrx_word' id='word_1_775' title='bbox 3111 5411 3389 5472; x_wconf 88' lang='lat' dir='ltr'>confundi</span> <span class='ocrx_word' id='word_1_776' title='bbox 3415 5407 3557 5463; x_wconf 85' lang='lat' dir='ltr'>vidi-</span> 
     </span>
    </p>
   </div>
   <div class='ocr_carea' id='block_1_117' title="bbox 1908 5491 2460 5547">
    <p class='ocr_par' dir='ltr' id='par_1_117' title="bbox 1908 5491 2460 5547">
     <span class='ocr_line' id='line_1_118' title="bbox 1908 5491 2460 5547; baseline -0.004 0"><span class='ocrx_word' id='word_1_777' title='bbox 1908 5508 2042 5547; x_wconf 89' lang='lat' dir='ltr'>mus</span> <span class='ocrx_word' id='word_1_778' title='bbox 2073 5491 2291 5546; x_wconf 83' lang='lat' dir='ltr'>saecula</span> <span class='ocrx_word' id='word_1_779' title='bbox 2323 5492 2460 5547; x_wconf 91' lang='lat' dir='ltr'>duo.</span> 
     </span>
    </p>
   </div>
  </div>
