3894 6214
319 403 433 472 631

1059 401 1246 467 ΞίΕΟ.
1293 401 1374 465 XI
1418 401 1648 464 AUCT.
1695 395 2014 460 INCERTI
2055 395 2244 460 ANNI
2290 400 2393 462 ET
2438 401 2736 469 SCRIPT.
2785 415 3007 468 ’AAszn.

3612 394 3738 464 839

319 561 389 604 ex
411 535 812 600 breviariisvel
827 537 1173 612 syngraphis
1200 536 1354 592 illius
1381 533 1661 608 temporis
1683 533 1967 590 hactenus
1999 530 2051 598 Α
2081 549 2272 590 sorem
2303 535 2625 596 Deodatum
2658 537 2912 597 vindicat
2939 537 3071 605 sibi,
3109 536 3202 595 cui
3235 535 3512 595 dommus
3529 536 3736 595 Hidnl'.

319 625 781 695 monstrabatur,
808 627 866 684 in
895 627 1111 700 quibus
1134 628 1371 682 nomina
1397 627 1642 680 fratrum
1664 623 1972 694 utriusque

328 718 691 786 monasterii,
726 722 849 773 tam
881 718 1290 774 defunctorum
1336 732 1510 786 quam
1572 717 1629 769 et
1683 713 1970 780 vivorum,

320 807 771 882 diligentissime
827 807 1102 863 adnotata
1151 810 1206 861 et
1272 805 1553 859 altaribus
1603 802 1977 876 superposita

319 898 850 964 conservabantur;
876 913 980 970 pro
1005 895 1221 968 quibus
1245 894 1301 950 in
1329 895 1642 948 missarum
1673 890 1975 947 solemniis

321 987 625 1046 verissime
656 987 976 1053 dicebatur,
1002 985 1155 1058 quod
1185 984 1268 1040 sic
1301 983 1358 1038 in
1387 983 1554 1038 libris
1581 984 1975 1038 sacramento-

325 1094 458 1134 rum
491 1076 712 1150 passim
745 1073 1049 1148 reperitur.
1085 1074 1153 1128 Et
1199 1089 1448 1145 quorum
1508 1070 1747 1126 nomina
1801 1086 1978 1140 super

325 1171 594 1225 sanctum
625 1163 805 1222 altare
837 1167 1006 1220 tuum
1038 1163 1258 1235 scripta
1288 1163 1490 1218 adesse
1511 1161 1800 1214 videntur.
1826 1159 1975 1214 Inte-

326 1271 426 1314 rea
449 1273 484 1311 a
516 1252 909 1310 devotissimis
939 1251 1288 1324 (discipulis)
1312 1247 1722 1308 inviolabiliter
1744 1247 1854 1302 fuit
1875 1247 1978 1301 ob-

326 1347 642 1411 servatum,
664 1342 818 1415 quod
845 1359 879 1397 a
900 1339 1183 1414 piissimis
1206 1338 1503 1411 magistris
1530 1336 1856 1392 recolebant
1875 1341 1980 1390 tra-

328 1433 544 1500 ditum,
575 1430 863 1496 videlicet,
887 1434 951 1485 ut
973 1428 1149 1484 semel
1180 1427 1238 1483 in
1263 1445 1436 1492 anno,
1462 1426 1629 1482 etisti
1665 1423 1980 1480 inviserent

329 1521 506 1582 cellas
535 1537 760 1588 eorum,
793 1523 849 1576 et
869 1517 954 1574 illi
977 1517 1246 1584 istorum,
1271 1522 1552 1588 tanquam
1577 1514 1877 1588 praecipuae
1902 1513 1983 1585 pi-

329 1627 513 1686 gnora
523 1609 882 1684 praeferendo
903 1607 1133 1663 tunicas
1156 1606 1570 1678 magistrorum
1592 1602 1905 1675 (siquidem
1927 1605 1982 1656 et

2082 624 2237 697 phus
2269 625 2612 684 attribuerat
2637 627 2963 702 prioratum
2997 627 3087 685 sui
3119 625 3252 693 loci,
3285 626 3430 684 inibi
3481 644 3618 684 eum
3649 627 3740 684 di-

2082 715 2368 786 gnissime
2401 717 2794 790 suscipiendo,
2829 719 2970 773 dum
2996 715 3234 785 advixit,
3257 720 3315 772 et
3346 715 3740 774 nihilominus

2085 804 2345 860 tunicam
2378 806 2526 877 ejus,
2566 814 2874 880 postquam
2907 805 3072 862 obiit.
3103 807 3290 880 Super
3309 806 3431 862 hac
3451 805 3629 864 etiam
3653 817 3746 863 ac-

2084 893 2387 949 cumulant
2407 912 2607 949 corum
2636 895 2983 951 charitatem
3007 899 3298 964 mutuam,
3323 912 3442 968 qua
3468 895 3743 952 eti'ectum

2085 985 2174 1037 est
2199 986 2261 1037 ut
2293 983 2488 1038 omnia
2518 983 2638 1040 illis
2668 985 2854 1040 forent
2887 985 3242 1040 communia.
3279 983 3441 1040 Sicut
3479 983 3742 1057 philoso-

2085 1070 2256 1143 phica
2279 1071 2537 1127 insinuat
2557 1073 2878 1128 sententia:
2904 1072 3284 1130 «Vicinorum
3308 1072 3586 1146 pleraque
3603 1078 3747 1130 sunt

2085 1159 2438 1223 communia,
2474 1160 2796 1217 amicorum
2828 1179 2960 1218 vero
2979 1160 3472 1231 omniaﬁAmsTO'r.
3507 1161 3612 1218 lib.
3639 1174 3743 1219 vm

2085 1248 2240 1304 Etha.
2275 1267 2399 1322 cap.
2433 1250 2508 1320 9).
2535 1273 2559 1298 υ
2585 1250 2868 1314 Quocirca
2896 1251 3049 1308 sicut
3071 1255 3210 1307 tunc
3237 1250 3502 1307 solebant
3531 1256 3742 1308 mutuo

2087 1336 2382 1410 suscipere
2413 1337 2621 1393 horum
2655 1344 2992 1396 sanctorum
3023 1338 3276 1405 tunicas,
3296 1338 3515 1396 scilicet
3534 1357 3741 1413 corpo-

2088 1444 2217 1482 rum
2251 1427 2524 1492 exuvias;
2559 1429 2642 1483 sic
2673 1445 2828 1484 nunc
2868 1445 3100 1501 quoque
3154 1429 3488 1502 suscipiunt
3535 1445 3740 1486 eorum

2087 1531 2350 1586 corpora,
2390 1515 2722 1572 animarum
2785 1517 2984 1589 utique
3032 1517 3288 1576 exuvias.
3324 1518 3586 1582 Quorum
3639 1533 3744 1590 per

2089 1603 2365 1660 meritum
2401 1622 2512 1678 pax
2543 1605 2710 1660 nobis
2737 1622 2893 1662 nunc
2924 1611 2981 1663 et
3019 1605 3078 1662 in
3131 1623 3339 1661 aevum.
3384 1607 3572 1680 Igitur
3621 1605 3744 1663 hac

331 1697 604 1770 discipuli
623 1694 1321 1768 domniHidulphiipsius
1339 1692 1595 1748 tunicam
1622 1692 1982 1746 retinuerant
2082 1694 2208 1765 jam
2242 1693 2540 1748 sufficiant
2587 1691 2877 1766 religiosis
2931 1693 3170 1762 animis,
3203 1711 3328 1768 qua:
3386 1694 3746 1768 pauperculo

333 1786 470 1858 sibi)
501 1785 717 1859 quibus
747 1802 882 1842 cum
914 1788 1077 1840 tanta
1115 1782 1418 1838 devotione
1463 1781 1893 1845 occurrebatur,
1927 1781 1984 1834 et

2091 1798 2357 1838 sermone
2389 1781 2607 1839 cursim
2625 1782 3014 1855 explicuimus
3039 1784 3108 1840 de
3130 1783 3384 1856 piissimi
3404 1785 3594 1843 Patris
3615 1803 3747 1842 nos-

335 1881 502 1934 tanta
532 1875 826 1932 veneratio
875 1873 1258 1928 exhibebatur
1288 1874 1354 1926 ut
1407 1869 1733 1968 dulcissimi
1757 1869 1982 1968 ‘Patres
2013 1904 2061 1968 B
2091 1870 2718 1943 triDcodatigcstis,vix
2735 1872 3090 1944 attingentes
3113 1873 3379 1945 paucade
3392 1874 3745 1947 innumeris,

338 1966 410 2023 ad
444 1964 595 2023 ﬁlios
625 1963 846 2022 redisse
879 1967 1011 2036 post
1048 1962 1222 2034 longa
1277 1959 1626 2016 saeculorum
1686 1956 1986 2013 volumina

338 2055 730 2112 crederentur.

407 2144 500 2199 25.
533 2142 695 2208 Quod
723 2141 771 2198 si
804 2139 1058 2212 peccatis
1092 2137 1459 2204 facientibus,
1493 2135 1742 2191 caelestis
1790 2133 1878 2189 ira
1927 2133 1986 2187 in

338 2231 622 2306 populum
639 2233 1088 2304 grassaretur,et
1109 2227 1366 2284 siccitate
1386 2243 1486 2282 seu
1503 2225 1684 2281 nimia
1707 2224 1984 2278 imbrium

340 2309 655 2386 refusione,
697 2323 798 2374 aut
856 2316 1180 2390 pestilentia
1228 2315 1314 2372 vel
1365 2315 1760 2388 qualicunque
1817 2311 1989 2386 plaga

338 2409 632 2476 feriretur,
661 2424 797 2465 mox
823 2406 962 2463 hinc
1004 2407 1138 2462 inde
1187 2403 1572 2478 conglobatus
1623 2405 1986 2472 (conventus)

338 2497 570 2555 tunicas
587 2487 971 2570 patronorum
987 2511 1230 2552 suorum
1253 2511 1387 2549 cum
1410 2491 1694 2548 luctuosis
1718 2490 1988 2564 precibus

340 2586 619 2646 oﬂ'erebat
645 2591 702 2642 et
744 2585 1048 2657 ingerebat
1100 2582 1314 2639 divinis
1356 2581 1679 2643 obtutibus,
1741 2595 1990 2650 moxque

343 2673 680 2734 removebat
703 2673 890 2746 pietas
921 2671 1077 2744 quod
1105 2673 1504 2742 promeruerat
1527 2667 1815 2740 impietas.
1843 2665 1987 2722 Nam

343 2769 548 2822 contra
563 2761 924 2818 desaevientis
939 2758 1150 2832 ﬂagelli
1173 2757 1457 2831 impetum
1473 2762 1702 2812 tantum
1726 2755 1992 2812 valebant

342 2854 682 2910 sanctorum
709 2848 920 2905 merita
949 2853 1005 2904 et
1036 2847 1222 2920 plebis
1253 2847 1395 2902 fides
1417 2850 1481 2902 ut
1507 2863 1611 2901 nec
1642 2845 1994 2900 moramise-

341 2937 781 2998 ricordissimus
809 2937 1084 2994 Conditor
1108 2935 1258 3007 justi
1273 2934 1478 3008 judicii
1510 2935 1598 2990 sui
1627 2935 1991 2991 severitatem

341 3046 381 3096 a,
407 3026 622 3102 populo
651 3025 968 3092 cohiberet,
995 3027 1170 3098 atque
1198 3027 1404 3096 optatae
1431 3023 1842 3080 misericordiae
1863 3039 1995 3078 con-

344 3113 691 3176 solationem
721 3116 806 3172 eis
844 3114 1172 3172 distillaret.
1208 3115 1302 3169 Sic
1357 3113 1608 3184 denique
1656 3111 1994 3185 temporalis

347 3210 406 3265 et
435 3222 612 3279 parva
636 3203 955 3262 consolatio
988 3203 1122 3260 fidei
1153 3203 1330 3259 ﬁebat
1374 3203 1629 3258 maxima
1679 3201 1990 3274 provectio,

2095 1957 2340 2014 minima
2378 1959 2448 2015 de
2509 1959 2821 2017 maximis:
2856 1960 3081 2026 Quibus
3141 1964 3344 2018 sancta
3398 1961 3654 2020 Trinitas
3683 1963 3747 2019 in

2093 2048 2264 2104 terris
2293 2033 2639 2120 gloriﬁcavit
2667 2047 2946 2106 dilectum
2981 2067 3155 2108 suum
3197 2067 3300 2122 pro
3351 2055 3564 2108 sancta!
3614 2051 3746 2108 vitm

2097 2135 2340 2193 meritis.
2375 2140 2655 2192 Caeterum
2685 2141 2771 2193 tot
2803 2141 2859 2193 et
2897 2137 3076 2194 tantis
3133 2138 3392 2210 quotidie
3443 2137 3750 2198 miraculis

2093 2225 2422 2282 venerabile
2453 2243 2664 2299 corpus
2699 2227 2826 2297 ejus
2858 2227 3217 2295 nobilitatur,
3267 2232 3410 2300 quot
3439 2232 3496 2284 et
3526 2235 3752 2302 quanta

2095 2311 2210 2382 vix,
2232 2319 2298 2369 ut
2326 2315 2822 2387 putatur,sufficit
2847 2315 3062 2388 aliquis
3086 2315 3750 2390 facundissimus(enar-

2099 2404 2246 2474 rare)
2277 2405 2413 2474 (76).

2167 2493 2257 2548 27.
2293 2491 2393 2548 His
2423 2492 2566 2547 adeo
2597 2492 2936 2549 diffamatus
2969 2494 3187 2550 mundo
3217 2493 3472 2551 innotuit
3523 2499 3592 2552 ut
3642 2496 3753 2554 hac

2099 2583 2300 2636 nostra
2321 2580 2530 2651 jejuna
2559 2584 2615 2636 et
2667 2581 2848 2638 sterili
2905 2581 3234 2638 narratione
3273 2583 3579 2656 praedicari
3633 2602 3750 2642 non

2099 2667 2442 2742 indiguerit.
2464 2669 2573 2724 Sed
2597 2669 2875 2742 quoniam
2897 2669 3236 2728 Christianae
3263 2671 3636 2746 perspicacias
3665 2679 3756 2731 est

2101 2757 2290 2831 magis
2323 2757 2618 2828 requirere
2649 2761 2824 2831 atque
2851 2759 3149 2816 attendere
3179 2777 3354 2833 opera
3384 2777 3511 2834 quae
3542 2778 3757 2819 unum-

2100 2863 2392 2920 quemque
2459 2853 2730 2904 sanctum
2771 2848 3011 2917 faciunt,
3059 2865 3236 2922 quam
3297 2867 3424 2924 quea
3480 2857 3755 2910 sanctum

2101 2936 2439 3002 ostendunt,
2464 2935 2786 2993 delectatur
2807 2937 3044 3010 quidem
3064 2937 3394 2994 visibilibus
3413 2943 3756 2998 sanctorum

2103 3025 2396 3092 factis,sed
2417 3033 2613 3082 tamen
2631 3027 2702 3082 ad
2730 3025 3045 3082 invisibilia
3061 3043 3262 3083 eorum
3285 3027 3438 3083 facta
3454 3029 3758 3106 pervenire

2104 3113 2458 3173 omnimodis
2489 3114 2726 3187 appetit,
2761 3117 2818 3170 et
2848 3113 3149 3170 sitibunda
3207 3115 3428 3172 mavult
3476 3133 3544 3173 ex
3601 3117 3760 3176 fonte

2109 3219 2288 3275 quam
2319 3220 2390 3258 ex
2419 3202 2540 3259 rivo
2571 3219 2740 3259 suam
2772 3203 3131 3277 restinguere
3161 3203 3322 3260 sitim
3348 3223 3362 3273 ;
3393 3206 3550 3262 unde
3599 3207 3755 3264 enim

350 3266 476 3372 qute
492 3309 972 3368 unumquemque
992 3310 1096 3366 pro
1113 3291 1349 3349 modulo
1368 3307 1472 3346 suo
1493 3292 1563 3346 ad
1581 3266 1998 3346 correctionem
2029 3266 2072 3334 (ἶ
2109 3266 2482 3366 gaudendum
2509 3291 2606 3359 sit,
2629 3310 2662 3347 a
2690 3293 2933 3350 Domino
2954 3266 3090 3349 issu
3126 3266 3359 3362 didicit,
3383 3294 3481 3367 qui
3515 3295 3645 3352 suis
3677 3297 3761 3352 ait

351 3374 655 3460 pravitatis
682 3400 800 3440 sua:
821 3387 878 3438 et
903 3382 1291 3439 imitationem
1324 3384 1684 3447 sanctorum,
1719 3384 1892 3451 atque
1924 3378 1994 3433 ad

353 3473 612 3532 debitam
643 3471 1073 3530 venerationem
1110 3467 1456 3527 hortabatur
1491 3485 1816 3540 assurgere,
1851 3484 1999 3541 quos

351 3561 758 3636 intelligebant
785 3565 1014 3619 tantum
1029 3559 1101 3615 de
1118 3559 1233 3615 Deo
1263 3557 1548 3612 meruisse
1575 3575 1588 3626 ;
1624 3574 1738 3629 quo
1761 3560 2001 3630 possent

351 3652 502 3709 iram
534 3653 662 3724 ejus
683 3668 718 3706 a
739 3649 1056 3724 peccatrice
1076 3651 1248 3721 gente
1270 3649 1542 3708 avertere,
1559 3650 1616 3701 et
1639 3645 1780 3702 tales
1803 3645 2000 3719 cupie-

352 3741 495 3800 bant
517 3757 646 3798 esse
665 3738 869 3813 quales
889 3736 1084 3793 divina
1103 3733 1432 3807 benignitas
1454 3735 1728 3808 dignatur
1748 3734 1998 3790 clemen-

353 3834 444 3888 ter
474 3829 780 3902 respicere.
799 3827 930 3883 Jam
953 3823 1469 3898 perpendamus,si
1495 3841 1830 3896 possumus,
1857 3823 1997 3896 quid

353 3919 546 3978 meriti
565 3917 654 3974 vel
676 3914 910 3970 virtutis
931 3912 1245 3969 habuerint
1264 3911 1472 3968 horum
1503 3912 1737 3969 Patrum
1773 3917 2000 3970 nostro-

351 4025 483 4076 rum
515 4009 728 4064 sanctas
760 4003 967 4060 animae
1000 4001 1524 4074 interius,quorum
1555 4001 1872 4058 villissimac
1907 4005 1999 4056 tu-

351 4098 516 4165 nicae,
547 4093 734 4157 oculis
761 4091 860 4148 Dei
920 4095 1338 4166 repraesentatas
1387 4091 1658 4160 exterius,
1716 4108 1749 4147 a
1785 4089 2000 4166 populo

352 4185 525 4260 pleno
550 4181 803 4258 peccatis
833 4181 1257 4254 suspenderent
1281 4179 1428 4236 iram
1456 4181 1605 4252 ejus.

423 4277 512 4330 26.
547 4270 692 4346 Ergo
726 4273 846 4329 haec
901 4271 1263 4328 consuetudo
1315 4273 1435 4326 tam
1494 4270 1590 4342 pia
1620 4273 1676 4324 et
1729 4267 2002 4341 religiosa

351 4363 726 4439 integerrime
757 4365 1097 4420 conservata
1126 4363 1216 4417 est
1243 4359 1396 4416 inter
1424 4359 1544 4415 hac
1567 4359 1683 4416 duo
1715 4356 1996 4424 cmnobia,

353 4455 537 4513 donec
565 4456 770 4512 sancta
794 4468 1038 4524 corpora
1058 4447 1330 4523 plurimis
1362 4447 1662 4506 miraculis
1711 4446 2001 4503 declarata

352 4541 797 4602 sublevarentur
826 4541 898 4597 de
929 4545 1094 4596 terrae
1135 4537 1378 4611 gremio,
1411 4536 1608 4592 divina
1655 4536 1999 4610 disponente

2107 3379 2412 3454 discipulis
2439 3397 2450 3436 :
2495 3381 2554 3436 In
2583 3382 2680 3437 hoc
2707 3383 2882 3438 nolite
2909 3381 3144 3454 gaudere
3187 3385 3316 3455 quia
3353 3385 3580 3456 spiritus
3609 3385 3759 3442 vobis

2104 3470 2514 3541 subjiciuntur;
2572 3469 2800 3542 gaudete
2863 3479 3044 3526 autem
3096 3471 3236 3542 quod
3288 3473 3514 3528 nomine
3577 3478 3761 3532 vestra

2106 3559 2306 3630 scripta
2334 3559 2543 3614 suntin
2577 3559 2730 3614 certis
2771 3559 2924 3631 (Luc.
2957 3575 3014 3625 x,
3044 3559 3158 3632 20.)
3190 3560 3352 3624 Quod
3383 3561 3590 3634 utique
3636 3577 3758 3619 me-

2108 3647 2560 3702 reamuranimae
2583 3647 2914 3715 sanctitate,
2939 3664 3054 3704 non
3079 3646 3496 3706 miraculorum
3508 3655 3764 3708 ostenta-

2107 3735 2544 3803 tione,maxime
2568 3752 2702 3792 cum
2723 3735 2782 3791 in
2805 3735 2897 3792 die
2911 3735 3118 3808 judicii
3146 3736 3410 3797 dicturus
3433 3738 3511 3796 sit
3531 3739 3759 3808 multis,

2110 3825 2210 3898 qui
2242 3825 2298 3879 in
2331 3825 2461 3896 ejus
2490 3824 2726 3880 nomine
2748 3823 2996 3882 virtutes
3027 3825 3246 3882 multas
3272 3827 3512 3884 fecerint
3536 3845 3550 3885 :
3573 3829 3762 3887 Nescio

2107 3931 2198 3970 vos
2229 3913 2411 3983 (Matii.
2444 3929 2544 3975 vn.
2571 3913 2785 3968 22-233.
2838 3913 2986 3970 Hinc
3018 3918 3108 3970 est
3158 3917 3314 3987 quod
3346 3932 3551 3973 omnes
3598 3917 3760 3975 labo-

2109 4007 2304 4058 rantes
2335 4006 2392 4057 et
2421 4005 2689 4058 oneratos
2720 4002 2790 4056 ad
2823 4019 2884 4058 se
2919 4001 3192 4071 invitans,
3236 4021 3351 4060 non
3406 4003 3488 4060 ait
3518 4022 3532 4061 :
3563 4006 3767 4064 Discite

2108 4109 2142 4148 a
2169 4107 2255 4147 me
2283 4090 2452 4164 signa
2484 4091 2692 4157 facere,
2727 4091 2826 4146 sed
2886 4093 3017 4164 quia
3073 4094 3222 4148 mitis
3277 4109 3396 4148 sum
3437 4097 3492 4150 et
3533 4094 3768 4152 humilis

2107 4180 2338 4247 corde,et
2373 4181 2666 4255 invenietis
2703 4182 2949 4252 requiem
2993 4181 3286 4238 animabus
3333 4185 3526 4239 vestris
3557 4183 3763 4254 (Matth.

2109 4285 2186 4338 x1,
2219 4269 2333 4341 29.)
2366 4270 2484 4326 Hoc
2502 4269 2676 4342 plane
2708 4270 2862 4342 quod
2896 4269 3148 4327 dicimus
3171 4287 3206 4328 a
3237 4272 3446 4344 capite,
3481 4271 3766 4328 debemus

2109 4363 2166 4415 et
2186 4377 2252 4416 ex
2264 4359 2571 4433 praecipuis
2593 4359 2876 4416 membris
2897 4360 3026 4432 ejus
3047 4359 3438 4433 discere,quia
3459 4361 3764 4418 ardentius

2077 4447 2358 4522 ,exquirit
2390 4448 2534 4504 ﬁdes
2576 4447 2848 4505 Ecclesiae
2878 4447 3084 4520 quales
3105 4447 3210 4515 illi,
3252 4465 3398 4522 quos
3427 4454 3759 4518 veneratur,

2108 4537 2282 4594 fuerit
2294 4535 2765 4594 exinvisibilibus
2779 4536 2989 4592 animus
3007 4535 3532 4610 virtutibus,quam
3555 4537 3762 4614 quales

349 4633 724 4710 gratia.Tunc
737 4631 889 4704 quod
908 4627 1526 4686 consueverantfacere
1543 4626 1599 4680 in
1614 4623 1827 4680 tunicis
1841 4641 1998 4680 sanc-
2030 4629 2077 4698 Ι)
2107 4642 2175 4682 cx
2205 4625 2391 4700 signis
2410 4623 2761 4693 visibilibus,
2785 4639 2912 4696 qua:
2927 4622 3184 4696 profecto
3202 4629 3344 4679 sunt
3366 4623 3458 4679 lac
3489 4625 3761 4698 parvulo-

350 4726 762 4795 torum,usque
782 4719 853 4774 ad
865 4718 987 4774 haec
1005 4721 1206 4773 nostra
1225 4713 1996 4788 tempora,conservaruntin

348 4812 690 4887 corporibus
714 4824 940 4876 eorum,
965 4822 1100 4862 cum
1121 4806 1204 4862 eis
1228 4805 1474 4861 invicem
1497 4818 1558 4858 se
1578 4802 1998 4869 visitando,aut

349 4901 462 4960 sibi
482 4899 832 4976 complacita
865 4895 991 4952 loco
1023 4894 1273 4952 dulciter
1309 4892 1686 4948 occurrendo.
1713 4891 1818 4948 Ubi
1848 4893 1998 4949 inter

347 5007 412 5051 se
467 4989 596 5064 pias
647 4986 1068 5044 commutando
1111 4982 1393 5047 sarcinas,
1449 4979 1790 5051 aliquandiu
1839 4981 1997 5037 velut

348 5078 616 5156 proprios
643 5073 916 5132 dominos
959 5075 1186 5146 gestare
1234 5071 1474 5136 amant;
1525 5084 1628 5122 nec
1677 5069 1997 5140 quemlibet

348 5155 552 5228 eorum
583 5182 616 5222 a
647 5179 709 5222 se
733 5165 976 5220 credunt
1007 5161 1285 5220 alienum,
1319 5156 1552 5226 quando
1584 5156 1784 5210 concio
1813 5155 1995 5211 Vallis

351 5254 597 5315 Galilaem
629 5255 693 5311 B.
743 5251 1106 5325 Hidulphum
1155 5243 1517 5315 recognoscit
1565 5258 1762 5310 suum,
1798 5248 1996 5314 utpote

348 5343 556 5419 viginti
567 5347 694 5401 octo
715 5342 888 5400 annis
903 5344 960 5397 et
971 5330 1215 5393 dimidio
1227 5329 1340 5386 sibi
1352 5329 1654 5401 praelatum
1682 5347 1694 5397 ;
1719 5346 1748 5384 e
1769 5331 1996 5386 diverso

296 5501 298 5505 _
349 5416 828 5508 plebeculaMedii
846 5417 1183 5483 monasterii
1209 5416 1499 5489 insignem
1526 5417 1738 5473 Christi
1768 5420 1994 5476 confes-

424 5610 536 5681 (76)
563 5601 951 5681 Theodericus
1007 5591 1349 5681 prﬁfuj‘t‘ab.
1394 5597 1700 5681 anno-.720
1757 5596 1992 5681 ad.737,

351 5662 1043 5754 et‘po'stinterregnum,
1097 5662 1458 5726 Childericus
1503 5667 1746 5726 ultimus
1805 5662 1995 5728 Mero;

280 5962 332 5973 ἡ

335 5973 389 6022 κ,

2110 4731 2264 4781 rum,
2295 4730 2409 4769 non
2443 4710 2666 4768 solidus
2706 4711 2874 4766 cibus
2930 4711 3326 4766 robustorum.
3369 4711 3480 4766 Sed
3542 4714 3701 4772 sicut
3729 4732 3766 4771 a

2104 4802 2254 4860 lacte
2285 4801 2356 4856 ad
2389 4797 2643 4856 solidum
2702 4797 2899 4854 cibum
2948 4795 3302 4868 pervenitur,
3363 4796 3447 4852 sic
3479 4814 3514 4852 a
3571 4801 3763 4876 signis

2105 4889 2465 4964 imperfectio
2497 4887 2628 4941 fidei
2653 4890 2862 4941 nostrae
2889 4886 3172 4956 vegetata,
3199 4883 3271 4939 ad
3304 4883 3526 4944 solidas
3547 4889 3760 4948 animas

2104 4979 2349 5036 virtutes
2407 4973 2758 5047 quandoque
2814 4970 3191 5044 perducitur;
3224 4977 3292 5030 ut
3333 4974 3462 5046 jam
3520 4993 3762 5038 necesse

2107 5083 2220 5123 non
2253 5065 2466 5120 habeat
2509 5075 2774 5132 suggere,
2817 5061 2918 5115 sed
2975 5063 3208 5118 tantum
3260 5063 3580 5124 ruminare.
3612 5066 3758 5126 Hinc

2106 5154 2263 5212 istud
2295 5155 2404 5220 est,
2428 5145 2783 5218 charissimi,
2819 5149 2974 5220 quod
3007 5165 3141 5206 cum
3175 5153 3562 5224 pasceremini
3602 5172 3752 5228 quo-

2102 5237 2346 5298 tidianis
2376 5241 2431 5291 et
2459 5233 2688 5289 eximiis
2719 5237 3018 5294 miraculis
3050 5237 3384 5312 dignissimi
3405 5241 3754 5301 confessoris

2104 5325 2320 5387 Christi
2353 5322 2611 5390 Dcodati,
2635 5324 2708 5380 ad
2747 5330 2976 5382 tantum
2999 5326 3178 5384 robur
3198 5330 3413 5388 mentis
3449 5330 3590 5388 estis
3621 5347 3750 5404 per-

2105 5415 2268 5475 ducti
2299 5416 2363 5468 ut
2394 5411 2483 5468 his
2516 5410 2883 5472 solummodo
2907 5417 3035 5488 jam
3066 5433 3183 5474 non
3222 5417 3432 5476 essetis
3470 5413 3747 5488 contenti,

2103 5597 2415 5726 ζέιῖεοωω
2448 5595 2787 5666 assumptus
2815 5597 2902 5651 est
2931 5611 3083 5652 anno
3111 5595 3238 5670 743,
3265 5598 3568 5656 abdicatus
3597 5615 3749 5656 anno
