3894 6214
265 335 387 398 635

999 336 1190 398 ΒΕΘ.
1234 335 1317 398 XI
1359 335 1592 400 AUCT.
1635 335 1954 399 INCERTI
2001 336 2188 398 ANNI
2233 337 2332 398 ΕΤ
2377 337 2677 400 SCRIPT.
2723 342 2947 396 tuam.

3560 335 3720 400 636.

270 499 3680 531 Wm—

979 619 1728 725 GUDIN‘US
1829 621 2964 726 LUXOVIENSIS

953 944 1387 1036 GUDINI
1460 943 2104 1036 PLANCTUS
2166 943 2985 1037 BHYTHMICUS

1221 1121 1414 1202 Super
1442 1129 1626 1180 morte
1663 1119 2000 1181 Constantii
2024 1120 2300 1181 monachi
2321 1121 2724 1182 Lua‘ovt'ensels.

1398 1280 1660 1351 (Μηίων
1696 1279 1934 1335 Analect.
1967 1297 2097 1334 nov.
2131 1280 2268 1335 edit.
2299 1297 2358 1352 p.
2389 1281 2542 1350 217,)

335 1435 479 1491 Tam
510 1433 524 1487 i
572 1436 743 1487 notus
775 1437 861 1486 est
891 1431 1178 1498 Gudinus,
1214 1431 1384 1487 istius
1416 1430 1728 1503 rhythmici
1801 1430 2030 1486 lanctus
2062 1431 2326 1502 scriptor,
2405 1448 2538 1487 nam
2594 1431 2896 1504 ignoratus
2946 1431 2978 1486 C

335 1511 511 1558 artem
530 1447 719 1558 intret.
754 1503 1004 1558 Uterque
1035 1503 1160 1557 sine
1191 1503 1368 1558 dubio
1400 1503 1724 1558 monachus
1757 1449 1863 1556 ibit
1895 1501 2268 1558 Luxoviensis
2299 1449 2546 1558 Rdberto
2574 1519 2728 1558 rege.
2761 1503 2871 1557 sub
2905 1502 2978 1556 Mi

568 1509 719 1576 uget.
754 1503 1160 1576 UterqueAsine
1191 1503 1376 1576 dubio
1400 1501 1724 1576 monachus
1757 1501 1863 1556 fuit
1895 1501 2268 1576 Luxoviensis
2299 1501 2546 1576 Roberto
2574 1501 2728 1576 rege,
2761 1503 2871 1576 sub
2905 1501 3115 1576 Milone
3168 1503 3397 1570 abbate,
3431 1501 3489 1558 et
3529 1501 3680 1558 Con-

264 1511 511 1561 mortem

2405 1448 2538 1487 nam
2594 1431 2920 1504 ignoratus
2941 1431 3344 1504 Constantius,
3377 1431 3562 1504 cujus
3587 1430 3682 1486 hic

263 1577 516 1634 stantius
545 1573 782 1647 quidem
815 1573 1270 1630 Luxoviensibus
1300 1574 1515 1630 scholis
1548 1575 1872 1646 praefectus,
1905 1589 2079 1644 quem
2112 1573 2394 1630 celebrem
2431 1575 2609 1630 fuisse
2638 1573 2774 1629 hinc
2798 1573 3163 1646 intelligitur.

1738 1777 2159 1788 —————_——_

333 1897 478 1969 Ergo
510 1895 720 1969 plango
743 1894 907 1968 pium
930 1896 1132 1950 cantor
1162 1893 1514 1950 modulando
1539 1893 1911 1966 magistrum,
1943 1898 1998 1964 Α
2028 1895 2321 1969 Plangunt
2351 1897 2526 1952 urbes
2553 1901 2610 1952 et
2640 1894 2881 1952 castella
2913 1911 3015 1968 pro
3047 1894 3141 1967 pio
3173 1893 3509 1951 Constantio
3544 1910 3557 1949 :

263 1986 556 2043 Hactenus
585 1984 804 2041 tetendi
837 1983 1021 2056 lyram
1054 1983 1288 2039 musicae
1317 1999 1420 2054 per
1439 1983 1680 2039 semitas
1716 2003 1727 2040 :

262 2076 429 2132 Nunc
453 2091 646 2130 meum
669 2073 972 2130 extendam
996 2089 1234 2128 cursum
1259 2072 1466 2128 charas
1493 2073 1564 2128 ad
1583 2073 1912 2144 exsequias,

263 2166 416 2231 Quas
447 2161 721 2234 deprimit
750 2161 1126 2216 lamentando
1158 2161 1350 2216 mmsti
1383 2160 1575 2217 cordis
1598 2161 1873 2217 charitas.

333 2252 561 2308 Grande
594 2251 846 2322 pondus,
876 2266 1155 2322 magnum
1188 2249 1382 2304 luctus
1403 2251 1519 2304 vim
1568 2249 1918 2322 constringit

1487 2338 1843 2410 [pristinam,

263 2431 446 2496 Quam
479 2446 593 2485 non
624 2427 785 2484 valeo
816 2427 1268 2500 supplere,quod
1306 2427 1466 2499 prius
1497 2428 1863 2484 decreveram
1900 2446 1912 2484 :

261 2519 445 2575 Nudis
476 2522 669 2574 tamen
705 2519 895 2572 dicam
930 2517 1120 2572 verbis
1154 2515 1404 2588 pectoris
1438 2516 1792 2588 angustiam.

331 2607 574 2677 Caelum,
611 2606 816 2675 stella},
852 2611 1024 2675 terra,
1056 2624 1236 2671 mare,
1270 2605 1538 2660 homines
1568 2622 1634 2660 ac
1692 2605 1912 2672 bestiae,

261 2698 348 2753 Ad
378 2697 704 2753 lamentum
735 2696 913 2766 hujus
947 2694 1162 2766 rhytmi
1195 2694 1461 2749 auditum
1495 2694 1805 2758 extendite,

261 2787 326 2842 Et
358 2783 702 2841 Constantio
737 2782 1010 2854 sophistae
1043 2781 1192 2837 ﬁdos
1220 2781 1492 2854 planctus
1524 2782 1768 2838 reddite.

332 2874 515 2945 Cujus
547 2887 762 2927 nomen
794 2886 1096 2942 nunquam
1131 2870 1259 2925 dico
1284 2870 1409 2925 sine
1431 2875 1624 2927 mente
1653 2871 1910 2944 lugubri,

262 2963 444 3034 Cujus
476 2958 621 3016 mihi
651 2958 876 3014 vultum
903 2959 1059 3032 fingo
1092 2959 1277 3014 forma
1304 2975 1417 3014 non
1450 2958 1747 3016 dissimili.

263 3052 446 3116 Quem
475 3047 812 3121 amplector,
848 3048 941 3103 cui
964 3049 1186 3121 jungor
1216 3049 1385 3104 corde
1416 3065 1646 3122 semper
1676 3049 1855 3123 vigili.

333 3139 514 3210 Cujus
546 3137 737 3194 exitus
767 3137 1069 3193 deflendus
1100 3137 1282 3210 cingit
1313 3138 1470 3194 orbis
1503 3140 1760 3210 spatium
1800 3159 1811 3196 :

262 3227 637 3300 Sapientibus
671 3243 981 3300 regnorum
1016 3226 1339 3283 immittens
1361 3227 1687 3298 justitium,

265 3320 389 3386 Quo
419 3316 698 3390 primates
726 3319 782 3372 et
813 3315 999 3372 coloni
1033 3317 1453 3388 perturbantur
1479 3315 1748 3372 nimium.

331 3406 645 3479 Nunquam
686 3404 825 3472 vidi,
859 3422 960 3460 nec
1012 3404 1217 3460 videbo
1261 3409 1381 3460 tam
1433 3405 1598 3477 pium
1650 3405 1913 3478 philoso—

1610 3495 1838 3567 [phum,

264 3583 371 3650 Qui
405 3584 573 3640 cibus
598 3581 1021 3655 discipulorum
1055 3581 1312 3637 existens
1346 3587 1478 3654 post
1509 3583 1848 3650 Dominum,

264 3672 708 3736 Blandimentis,
746 3689 857 3726 non
890 3676 1130 3735 terrore,
1154 3670 1525 3728 ministrabat
1555 3674 1838 3729 studium.

336 3762 463 3818 Haec
493 3761 634 3816 dum
665 3760 781 3815 duo
813 3758 978 3813 valde
1010 3774 1200 3830 gemo,
1235 3757 1519 3833 lacrymas
1545 3766 1603 3816 et
1643 3778 1910 3834 provoco,

265 3849 462 3908 lnsisti
495 3848 704 3921 plenus
737 3846 1003 3902 mmroris
1034 3845 1313 3920 languore
1343 3849 1572 3916 delicio,
1626 3883 1628 3886 ν

265 3942 408 3996 Tam
442 3935 719 4012 praeclaro
749 3936 1066 3992 destitutus
1097 3954 1161 3992 ac
1193 3937 1295 3993 tali
1327 3937 1589 3994 consilio.

336 4028 756 4098 Lacrymentur
784 4041 920 4098 ergo
953 4043 1180 4083 mecum
1214 4027 1442 4084 codices
1473 4026 1691 4098 eximii,

264 4118 419 4182 Quos
451 4111 765 4184 descripsit
797 4113 1041 4186 pulchra
1072 4132 1285 4172 manus
1325 4115 1524 4188 inclyti
1567 4117 1911 4186 Constantii,

264 4206 337 4262 Se
369 4201 712 4276 plangentes
735 4203 1111 4277 negligendos
1142 4205 1377 4260 doctore
1401 4204 1710 4260 consimili.

334 4292 378 4348 Ο
408 4292 546 4347 Jesu
581 4290 932 4365 Redemptor
963 4293 1191 4359 mundi,
1225 4291 1365 4365 quid
1406 4293 1703 4348 commisit
1734 4311 1914 4349 saecu-

1669 4382 1840 4453 [lum,

267 4473 412 4524 Dum
447 4467 505 4524 in
541 4468 708 4524 terris
741 4468 929 4526 tulisti
959 4487 1260 4525 summum
1292 4470 1420 4524 vitae
1453 4469 1830 4540 desiderium,

263 4558 455 4614 Necne
485 4573 648 4629 spem
679 4558 953 4613 doctrina
986 4575 1166 4630 purae,
1200 4557 1580 4632 philosophias
1615 4559 1842 4616 ﬁlium?

333 4647 661 4703 Corruisset
687 4646 859 4720 plaga
891 4647 1094 4703 mundi
1122 4663 1334 4721 magno
1365 4648 1474 4703 sub
1507 4648 1768 4722 interitu,

263 4735 508 4792 Claritas
537 4740 592 4792 et
621 4735 759 4793 clari
793 4737 934 4793 solis
963 4736 1268 4809 palluisset
1298 4736 1527 4804 habitu,

261 4827 590 4898 Antequam
622 4825 755 4898 pius
788 4825 1070 4898 magister
1101 4834 1304 4898 raptus
1335 4830 1490 4882 esset
1521 4827 1705 4884 obitu.

336 4913 776 4970 Permutassent
807 4931 917 4970 nox
947 4918 1004 4969 et
1031 4914 1156 4972 dies
1187 4915 1499 4986 qualitates
1521 4919 1877 4991 temporum,

266 5002 639 5076 Repulissent
665 5003 834 5057 unda:
860 5002 1040 5059 maris
1064 5003 1189 5059 vela
1219 5003 1644 5077 navigantium,

263 5091 344 5148 Ne
372 5091 640 5148 Gudinus
673 5091 1023 5162 perdidisset
1053 5091 1360 5148 dominum
1386 5092 1812 5150 Constantium.

334 5180 520 5237 Credo
550 5179 760 5234 cmlum
795 5180 1052 5236 doluisse
1084 5184 1315 5236 tantum
1351 5183 1422 5237 ad
1457 5183 1721 5249 exitium,

265 5269 414 5325 Dum
449 5265 696 5323 lucentis
727 5267 880 5340 globi
915 5267 1063 5324 luna
1087 5273 1326 5326 mutans
1348 5268 1573 5325 vultum
1598 5270 1914 5342 pristinum

267 5357 463 5412 Innuit
497 5355 714 5412 mundo
745 5360 1054 5414 venturum
1087 5363 1206 5414 tam
1239 5375 1410 5432 grave
1439 5357 1830 5429 naufragium.

337 5445 567 5518 Plangit
597 5445 801 5503 Oriens
831 5451 887 5503 et
915 5451 1145 5516 Auster,
1179 5447 1463 5504 Occidens
1489 5449 1546 5500 et
1575 5445 1805 5516 Aquilo.

343 5597 417 5665 (1)
451 5596 768 5667 Besanqon.

2023 1985 2209 2041 Instat
2242 1985 2464 2057 passim
2497 1984 2803 2040 cmnobitis
2835 1982 3042 2040 flebilis
3073 1983 3424 2056 compassio.
3595 2047 3603 2052 _

2097 2074 2301 2129 Mceret
2327 2073 2491 2145 plebs
2525 2072 2904 2128 Luxoviensis
2935 2071 3208 2144 lacrymis
3239 2071 3555 2140 continuis,

2024 2162 2254 2235 Plangit
2287 2162 2422 2216 Milo
2455 2162 2587 2235 pius
2613 2162 2794 2217 abbas
2827 2160 3160 2233 planctibus
3191 2160 3499 2233 piissimis,

2023 2251 2294 2323 Amplius
2325 2268 2440 2306 non
2472 2251 2782 2306 habiturus
2816 2254 2987 2305 tanta:
3014 2250 3190 2320 jubar
3220 2249 3533 2321 lampadis.

2095 2341 2226 2395 Jam
2259 2356 2506 2395 mwrore
2537 2339 2778 2412 fatigata
2806 2339 2965 2412 luget
3001 2339 3140 2394 urbs
3171 2335 3546 2411 Chrysopolis
3577 2339 3680 2408 (1),

2026 2429 2219 2484 Firma
2251 2428 2530 2502 Stephani
2565 2428 2902 2500 triumphis,
2935 2427 3084 2483 vallo
3124 2427 3315 2483 cincta
3363 2426 3631 2482 fluminis
3661 2444 3673 2482 :

2023 2517 2294 2590 Tangunt
2315 2517 2524 2573 cmlum
2549 2518 3037 2590 Strasburgenses
3060 2515 3368 2588 questibus
3394 2514 3675 2574 diutinis:

2091 2605 2468 2679 Obstupescit
2495 2610 2550 2662 et
2582 2605 2958 2678 Lugdunum,
3009 2605 3140 2660 laus
3190 2621 3539 2677 magnarum
3574 2621 3679 2660 ur-

3371 2692 3559 2765 [bium
3591 2711 3603 2748 :

2023 2783 2257 2840 Cabilon
2290 2800 2356 2839 ac
2387 2783 2752 2840 Matiscensis
2783 2781 3152 2839 admirantur
3178 2781 3524 2855 plurimum,

2025 2874 2154 2930 Pias
2186 2890 2358 2930 aures
2388 2871 2738 2928 inclinantes
2769 2873 2841 2928 ad
2873 2877 2992 2928 tam
3023 2873 3238 2928 durum
3273 2872 3569 2927 nuntium.

2095 2962 2290 3018 Gloria
2321 2979 2523 3035 regum
2560 2962 2846 3018 Robertus
2876 2966 2934 3017 et
2963 2977 3176 3017 corona
3206 2959 3424 3017 seaculi.

2025 3052 2271 3125 Regium
2302 3049 2543 3124 deponit
2573 3051 2797 3106 vultum
2831 3051 3032 3106 funere
3063 3049 3411 3105 Constantii.

2025 3143 2208 3206 Quem
2242 3141 2588 3212 prudentem
2621 3141 3010 3213 cognoscebat
3032 3137 3316 3194 famulatu
3347 3137 3601 3194 Domini.

2097 3229 2360 3297 Francia,
2397 3245 2710 3302 regnorum
2741 3229 2942 3295 decus,
2976 3227 3111 3284 felix
3141 3232 3230 3283 est
3259 3231 3316 3283 et
3341 3226 3568 3291 ﬂorida,

2023 3318 2161 3374 Plus
2191 3319 2530 3375 Constantio
2563 3317 2880 3390 refulgens,
2915 3334 3091 3390 quam
3123 3315 3323 3372 valens
3354 3314 3636 3388 potentia,

2022 3409 2161 3478 Ejus
2194 3413 2348 3462 sorte
2379 3404 2689 3478 sepulcrali
2723 3405 3048 3478 permansit
3077 3404 3490 3478 pulcherrima.

2091 3495 2410 3563 Amisistis,
2445 3496 2863 3568 Lingonenses,
2896 3493 3110 3550 sociale
3137 3493 3442 3567 gaudium,

2021 3586 2450 3658 Cognoscentes
2470 3585 2594 3655 jam
2627 3583 2820 3640 obisse
2849 3573 3193 3656 praeclarum
3235 3580 3670 3656 philosophum,

2023 3674 2439 3730 Monaehorum
2468 3673 2866 3746 margaritam,
2896 3672 3240 3728 clericorum
3264 3671 3536 3744 pretium.

2091 3763 2276 3818 ZEdua
2309 3780 2422 3818 non
2456 3762 2646 3834 impar
2674 3761 2777 3817 ulli
2807 3762 3040 3834 pietatis
3074 3778 3336 3817 munere.

2021 3853 2170 3908 Voto
2202 3851 2352 3907 facili
2385 3850 2637 3907 dissolve
2666 3849 2889 3907 viscera
2920 3849 3266 3922 clementiae,

2021 3942 2092 3997 Et
2117 3940 2455 3997 Constantio
2489 3939 2805 3996 clementer
2826 3941 2952 4012 jam
2985 3939 3258 3996 defuncto
3290 3938 3549 3997 consule.

2095 4030 2378 4086 Henricus
2409 4026 2468 4084 in
2502 4029 2760 4085 Romano
2785 4029 3049 4086 residens
3080 4028 3318 4101 palatio,

2023 4119 2092 4175 Et
2117 4135 2329 4174 arcana
2359 4118 2693 4190 sapientum
2725 4119 3110 4193 comprobant
3135 4117 3389 4192 ingenio,

2024 4207 2187 4263 Dolet
2217 4223 2510 4280 nusquam
2545 4206 2790 4263 inveniri
2819 4206 3073 4264 similem
3106 4205 3460 4262 Constantio.

2096 4297 2265 4351 Stant
2289 4294 2348 4350 in
2371 4294 2532 4352 luctu
2552 4300 2610 4352 et
2628 4295 2685 4350 in
2703 4295 2939 4370 planctu
2969 4295 3260 4370 principes
3289 4292 3671 4367 Burgundiae:

2025 4385 2228 4440 Mundi
2255 4383 2543 4458 plangunt
2563 4385 2979 4442 detrimentum
3014 4385 3291 4458 praesules
3311 4381 3634 4440 Germaniae
3660 4399 3673 4437 :

2022 4474 2371 4542 Allemanni,
2410 4475 2770 4547 Longobardi
2802 4475 2994 4531 locum
3015 4475 3156 4530 dant
3188 4473 3456 4530 tristitiae.

2094 4563 2310 4635 Ecquis
2340 4564 2539 4620 fanam
2573 4564 2716 4620 tanti
2748 4563 2875 4631 viri,
2905 4563 3038 4635 quis
3070 4579 3282 4619 nomen
3313 4566 3370 4618 et
3398 4559 3617 4628 audiet,

1945 4634 1987 4701 C
2027 4652 2134 4718 Qui
2169 4634 2284 4708 non
2317 4651 2400 4706 illi
2433 4651 2758 4718 benedicat,
2790 4655 2847 4707 et
2875 4634 3084 4707 affectu
3108 4651 3346 4706 visitet?

2024 4741 2252 4807 Nullus,
2279 4741 2476 4808 credo,
2503 4743 2710 4812 preter
2741 4739 3057 4811 ipsum,cui
3088 4737 3354 4792 Christus
3383 4736 3675 4807 displicet.

2096 4831 2238 4894 Quis
2269 4833 2357 4885 est
2386 4829 2561 4884 homo
2587 4833 2646 4883 et
2675 4844 2791 4883 non
2822 4827 2997 4882 homo
3028 4823 3266 4880 disserit
3309 4822 3678 4894 jocundius?

2025 4918 2248 4975 Clarior
2277 4916 2406 4987 quis
2437 4917 2547 4971 erit
2578 4915 2774 4971 rhetor
2803 4915 2954 4970 caris
2984 4913 3092 4968 sub
3125 4911 3544 4968 sermonibus?

2026 5006 2354 5063 Matheseos
2384 5003 2441 5058 in
2474 5003 2740 5060 doctrina
2770 5002 2904 5077 quis
2933 5001 3145 5059 valebit
3175 5001 3428 5059 melius?

2097 5095 2140 5150 Ο
2169 5091 2468 5148 Constanti
2501 5091 2600 5159 mi,
2634 5091 2869 5158 diserte.
2905 5109 3140 5150 summa
3165 5109 3300 5165 pars
3330 5097 3387 5149 et
3412 5091 3614 5159 animi,

2026 5181 2380 5239 lnexhausta
2418 5195 2556 5233 cura
2586 5180 2702 5235 mei
2731 5183 2982 5252 pectoris
3015 5199 3081 5238 ac
3113 5181 3316 5248 studii,

2026 5274 2214 5337 Quare
2235 5267 2398 5337 jaces
2431 5266 2624 5336 praeda
2653 5268 2858 5326 mortis
2890 5271 2999 5326 sub
3033 5269 3305 5326 clausura
3334 5267 3590 5326 tumuli?

2097 5360 2338 5426 Semper
2363 5352 2505 5408 mihi
2539 5356 3124 5431 promittebas,quem
3157 5358 3367 5433 lugens
3387 5356 3670 5425 desidere,

2025 5447 2193 5505 Modo
2226 5441 2404 5499 miser
2434 5446 2490 5498 et
2520 5442 2737 5516 infelix,
2771 5450 2827 5504 te
2854 5447 2942 5505 vel
2975 5448 3120 5522 ipsis
3151 5465 3340 5506 careo.
