3894 6214
222 352 348 420 637

1164 362 1169 375 ‘
1250 354 1595 421 WlDONIS
1638 355 1892 419 EPIST.
1936 356 2041 419 AD
2085 353 2628 421 HERIBERTUM.

3520 360 3642 424 638

229 480 619 550 Proh-dolor!
654 508 760 549 cur
788 508 882 549 me
911 491 1135 549 vivente
1156 495 1218 547 tu
1243 508 1359 547 non
1387 489 1533 546 vivis
1555 488 1767 546 szeculo
1793 489 1804 544 l
1908 493 1963 562 Α
1992 488 2139 546 Aula
2169 488 2396 562 pulchri
2419 490 2675 564 paradisi
2707 490 2809 547 fiat
2838 482 2945 546 tibi
2976 489 3206 563 requies
3230 509 3243 547 :

301 585 386 636 Tu
416 581 703 648 magister
731 580 1169 655 magistrorum,
1204 579 1446 646 doctior,
1478 578 1879 645 doctissimus,

229 670 312 727 De
343 670 558 727 virtute
587 670 647 725 in
676 670 953 726 virtutem
983 669 1191 725 melior
1220 673 1276 725 te
1305 666 1585 741 optimus,

227 761 372 817 Jure
402 776 466 816 es
496 775 565 815 ex
591 759 933 816 meritorum
957 758 1150 815 factus
1174 756 1720 814 Constantissimus.

303 848 522 904 Omnes
551 847 727 903 laudo
758 847 1073 919 sapientes,
1107 852 1162 903 te
1192 847 1291 903 sed
1320 845 1552 902 cunctis
1602 844 1841 917 praefero
1866 862 1879 900 :

231 936 344 994 Tui
374 936 635 993 animam
666 937 1012 993 commendo
1045 935 1294 992 Flamini
1320 934 1697 991 sanctissimo

229 1028 356 1092 Quo
386 1027 627 1083 ductore
658 1023 976 1098 perfruaris
1007 1028 1344 1081 sanctorum
1376 1023 1691 1079 consortio.

304 1114 398 1172 Sis
428 1115 656 1180 beatus,
685 1114 770 1171 sis
795 1117 851 1169 et
880 1112 1015 1169 felix
1039 1112 1256 1169 centies
1286 1128 1352 1167 ac
1384 1111 1596 1167 millies
1621 1130 1634 1177 ;

1995 579 2202 635 Dextra
2227 578 2441 636 Christi
2475 580 2558 637 sis
2589 583 2884 654 protectus
2918 578 3130 636 millies
3155 597 3222 636 ac
3242 581 3476 640 millies.

1970 666 1989 677 ί
2066 668 2208 723 Ecce
2240 666 2365 741 lyra
2396 667 2700 741 planctum
2728 669 2861 725 dedi
2894 672 3238 725 cunctorum
3269 670 3640 744 charissimo,

1990 754 2307 812 Audientes
2337 774 2493 812 nunc
2522 756 2772 831 imploro
2805 758 2945 815 dent
2974 761 3040 813 ut
3067 773 3268 830 preces
3300 759 3569 828 Domino,

1991 844 2238 900 Veniam
2267 845 2367 918 qui
2398 844 2748 902 delictorum
2778 848 2999 902 tribuat
3025 846 3383 903 Constantio.

1995 933 2310 990 Praestante
2341 933 2586 990 Domino
2631 936 2771 991 Jesu
2824 935 3073 1003 Christo,
3136 936 3229 992 cui
3258 940 3348 994 est
3376 937 3561 995 honor
3589 943 3646 996 et

2281 1021 2492 1094 [gloria
2521 1023 2580 1078 in
2614 1024 2827 1081 saecula
2858 1023 3228 1081 saeculorum.
3257 1027 3463 1084 Amen.

237 1236 3645 1272 Μ

1718 1359 1892 1405 CIRCA
1936 1359 2042 1405 AN.
2090 1360 2159 1405 Μ.

1186 1465 1651 1569 Ψιυο
1740 1467 2683 1571 ΜοΝΑαειυε

764 1744 1310 1839 WIDONIS
1379 1744 1995 1837 EPISTOLA
2062 1745 2227 1838 AD
2297 1745 3122 1842 HERIBERTUM

1653 1895 1903 1951 COLON.
1936 1895 2265 1952 ARCHIEP.

1130 2013 1386 2083 (BALUZ.,
1419 2012 1763 2068 Miscellanea
1794 2011 1933 2068 edit.
1970 2013 2133 2078 Luo.,
2160 2016 2302 2068 tom.
2338 2012 2407 2082 II,
2444 2029 2576 2087 pag.
2610 2014 2757 2086 414.)

303 2142 452 2218 Tria
471 2140 717 2218 antiqua
741 2137 996 2218 epistolae
1028 2137 1347 2218 sequentis,
1371 2153 1510 2218 quae
1544 2136 1614 2191 ab
1642 2136 1818 2218 'I‘vone
1861 2152 2095 2218 quoque
2125 2137 2219 2218 in“
2245 2140 2697 2218 partc_secunda
2751 2140 2999 2218 D_ecreti,
3032 2157 3159 2216 cap.
3192 2144 3283 2218 8_l_,
3352 2143 3649 2218 editaest,

227 2207 1235 2287 exemplarialiabui'musmnum_ex
1254 2207 1618 2287 bibliotheca
1639 2207 2071 2287 ltegiameliqua
2092 2225 2160 2263 ex
2180 2207 2528 2287 Q61bpr_tin_a.
2550 2211 2609 2266 In
2634 2228 2750 2266 uno
2781 2207 3031 2287 istorum
3054 2207 3123 2269 ea
3145 2207 3373 2270 null—um
3397 2207 3643 2272 titulum

230 2278 430 2350 habet,
462 2286 521 2340 in
555 2282 667 2339 alio
696 2298 830 2339 vero
861 2282 1055 2336 hunc:
1116 2281 1357 2351 Epistola
1405 2280 1606 2355 sancti
1631 2278 1911 2355 Paschasii
1958 2279 2219 2355 papzead
2274 2280 2742 2355 Mediolanensem
2801 2284 3270 2355 archiepiscopum
3329 2286 3645 2343 Simoniaca

234 2349 438 2417 haeresi
465 2356 821 2426 laborantem.
852 2355 1091 2426 Constat
1119 2349 1260 2407 sane
1290 2368 1412 2408 avo
1446 2349 1743 2426 Paschalis
1774 2349 2147 2426 secundi,qui
2179 2350 2528 2426 Paschasius
2558 2369 2794 2426 quoque
2821 2349 3016 2426 dictus
3045 2349 3201 2426 est'a
3221 2356 3656 2426 nonnullis,Pe-

232 2436 395 2506 trum
425 2425 818 2506 Grosulanum
846 2422 1342 2506 Mediolanensem
1372 2420 1876 2506 archiepiscopum
1892 2420 2244 2506 accusatum
2280 2421 2461 2506 fuisse
2493 2420 3245 2506 qupd‘archiepiscopalem
3302 2420 3651 2506 dignitatem

282 2499 425 2557 ratio
454 2500 747 2578 mercatus
780 2495 1006 2577 fuisset.
1040 2494 1255 2576 Verum
1276 2511 1409 2578 cum
1436 2494 1507 2578 de
1536 2491 1867 2578 istiusmodi
1891 2491 2155 2578 Simonia
2186 2508 2299 2547 non
2333 2491 2556 2578 agatur,
2572 2494 2634 2578 in
2662 2494 2773 2578 hac
2800 2491 3068 2578 epistola;
3101 2513 3285 2569 eaque
3314 2491 3536 2578 scripta
3562 2499 3651 2554 vi-

282 2519 425 2557 reuo
454 2519 747 2553 mercatus
781 2519 1006 2577 ιυιδδςςι.
1044 2519 1255 2576 verum
1276 2519 1409 2550 cum
1436 2519 1507 2575 ut?
1536 2519 1867 2574 iustusiuqu
1892 2519 2155 2572 animum.
2186 2519 2299 2547 uuu
2333 2519 2541 2576 agatur
2572 2519 2629 2549 ιιι
2662 2519 2768 2550 uac
2800 2519 3067 2578 eplswla,
3101 2519 3285 2569 eaque
3314 2519 3536 2571 scripta
3562 2519 3651 2554 Vl-

238 2519 449 2629 Seatur
475 2570 547 2625 ab
577 2569 814 2625 homine
846 2584 946 2638 qui
977 2582 1225 2622 minoris
1255 2569 1412 2621 esset
1442 2565 1744 2638 dignitatis
1779 2579 1956 2638 quam
1976 2564 2114 2638 isad
2147 2578 2321 2638 quem
2350 2566 2912 2638 scribebatur,facile
2938 2568 3201 2623 adducor
3215 2573 3281 2623 ut
3299 2569 3530 2625 credam
3556 2586 3652 2626 ve-

213 2645 451 2719 riorem
483 2634 1283 2719 esseinscriptionemquam
1316 2634 1751 2718 prafertcodex
1781 2634 1996 2705 regius,
2031 2634 2238 2715 inuquo
2258 2635 2353 2719 ‘sic
2386 2636 2636 2719 legitur:
2670 2639 2914 2719 Epistula
2952 2639 3475 2719 lVidimonaehi
3503 2643 3655 2719 Heri-

241 2717 452 2772 bertum
482 2705 965 2784 archiepiscopum,
997 2705 1402 2784 Coloniensém
1434 2706 1735 2769 nimirum,
1770 2721 1944 2784 quem
1977 2705 2154 2784 variis
2185 2705 2500 2784 calumniis
2525 2705 2858 2784 impetitum
2882 2710 3066 2765 fuisse
3089 2711 3255 2784 docet
3280 2712 3337 2766 in
3361 2711 3497 2767 Vita
3525 2714 3654 2784 ejus

241 2787 538 2859 Rupertus
569 2775 750 2859 abbas
778 2775 1114 2859 Tuitiensis.
1147 2779 1231 2835 0b
1262 2796 1391 2835 eam
1412 2795 1546 2834 vero
1567 2775 1807 2835 causam
1831 2776 1889 2831 in
1912 2775 2121 2850 primis
2154 2793 2258 2833 nos
2290 2778 2451 2834 illam
2482 2779 2575 2835 hic
2607 2775 3023 2853 repraesentare
3057 2780 3379 2851 voluimus,
3415 2788 3480 2840 ut
3523 2775 3653 2840 eam

243 2851 466 2915 auctori
500 2871 606 2910 suo
628 2852 915 2924 integram
948 2851 1412 2907 restitueremus.

318 3072 610 3129 Fraternas
659 3068 865 3123 mortis
894 3067 1114 3123 crimen
1145 3068 1391 3123 incurrit
1432 3069 1723 3142 quisquis,
1759 3087 1890 3125 cum
1923 3074 1972 3139 B
2002 3070 2168 3126 niaca
2202 3072 2259 3125 et
2288 3069 2713 3142 neophytorum
2762 3069 3004 3125 hairesis
3055 3069 3435 3142 exprimatur,
3497 3070 3655 3143 quod

242 3162 458 3235 potest,
492 3158 730 3213 fratrem
761 3173 795 3211 a
825 3159 1011 3211 morte
1042 3155 1281 3212 minime
1307 3157 1584 3213 defendit.
1614 3159 1731 3214 Nos
1752 3175 1897 3230 quo-
2007 3163 2222 3214 interna
2253 3162 2440 3213 morte
2470 3157 2890 3229 dignissimum
2922 3158 3140 3214 crimen
3175 3158 3248 3214 sit
3289 3158 3658 3231 apertissime

245 3264 383 3322 que,
417 3246 518 3319 qui
547 3243 897 3302 excellentia;
957 3248 1162 3299 vestras
1221 3260 1522 3299 summum
1582 3244 1897 3300 discrimen
2009 3246 2722 3318 deelaratur,protestante
2744 3262 2846 3316 per
2874 3245 3271 3318 Augustinum
3302 3246 3495 3302 divino
3526 3264 3655 3303 ora-

247 3334 607 3403 audivimus,
640 3335 860 3390 Summi
882 3338 1080 3388 reatus
1098 3348 1330 3404 poenam
1362 3332 1722 3389 incurrimus
1750 3333 1798 3388 si
1820 3338 1902 3387 ta-

249 3441 510 3494 ceamus,
544 3421 789 3480 Domino
838 3437 943 3495 per
996 3420 1341 3493 prophetam
1374 3420 1710 3477 terribiliter
1755 3425 1899 3477 atte-

249 3518 441 3573 stante
471 3513 552 3586 (1)
580 3512 738 3585 quod
766 3511 1023 3584 profecto
1054 3508 1403 3580 sanguinem
1435 3509 1629 3564 fundit
1658 3509 1755 3581 qui
1792 3509 1898 3564 im-

247 3603 480 3676 piorum
508 3598 880 3673 iniquitatem
912 3598 1158 3654 tacendo
1181 3596 1536 3653 dissimulat.
1556 3596 1901 3655 Audivimus

246 3690 589 3763 enim,quod
616 3688 784 3746 valde
814 3688 1120 3755 miramur,
1154 3687 1311 3759 quod
1342 3686 1490 3743 sacri
1516 3687 1669 3758 apud
1691 3703 1793 3743 vos
1816 3703 1903 3743 or-

2009 3333 2140 3389 culo
2172 3350 2237 3389 ac
2269 3334 2498 3390 dicente
2530 3334 2840 3402 (FULGEN'r.
2876 3334 2949 3388 De
2977 3334 3083 3403 ﬁde
3109 3334 3179 3387 ad
3206 3336 3352 3389 Petr.
3385 3351 3435 3390 c.
3491 3336 3655 3404 391):

2008 3424 2349 3478 Firmissime
2381 3426 2502 3478 tene
2529 3430 2580 3478 et
2634 3423 2954 3476 nullatenus
2982 3422 3197 3477 dubites
3233 3438 3450 3478 omnem
3480 3422 3657 3480 Iume-

2009 3514 2178 3567 ticum
2210 3513 2290 3567 vel
2319 3511 2747 3577 schismaticum,
2779 3512 3028 3581 quamvis
3057 3512 3260 3566 multas
3290 3511 3660 3585 elcemosynas

2007 3602 2197 3672 faciat,
2226 3601 2311 3655 vel
2337 3601 2505 3655 etiam
2527 3615 2630 3671 pro
2684 3598 2892 3654 Christo
2920 3600 3246 3670 sanguinem
3283 3600 3504 3672 fundat,
3537 3617 3660 3656 cum

2008 3689 2224 3745 diabolo
2255 3693 2307 3744 et
2336 3689 2549 3758 angelis
2602 3688 2719 3759 ejus
2747 3690 2947 3744 aeterni
2979 3690 3122 3759 ignis
3151 3688 3403 3745 incendio
3447 3692 3659 3746 manci-

247 3779 414 3836 dines
438 3778 703 3852 pecuniis
744 3776 1179 3843 distrahuntur,
1222 3776 1363 3831 dum
1418 3774 1757 3848 quicunque
1786 3775 1901 3832 tale
2003 3778 2270 3851 pandum,
2324 3778 2439 3833 nisi
2466 3780 2593 3833 ante
2621 3777 2787 3847 ﬁnem
2816 3777 2979 3849 hujus
3009 3778 3143 3835 vitae
3186 3778 3464 3833 catholicae
3490 3780 3664 3851 fuerit

246 3868 466 3941 aliquid
498 3866 927 3933 attentaverint,
960 3865 1201 3922 omnino
1228 3864 1484 3920 haeretici
1515 3866 1899 3937 comproben-

246 3962 364 4024 tur,
396 3959 596 4013 sancto
629 3955 853 4029 Spiritu
883 3971 986 4027 per
1037 3952 1377 4027 Gregorium
1408 3953 1716 4010 intonante
1761 3956 1901 4027 quia

246 4045 518 4120 quisquis
548 4061 650 4120 per
673 4044 953 4116 pecunias
983 4043 1386 4112 ordinatur,ad
1417 4042 1525 4099 hoc
1557 4048 1623 4099 ut
1654 4044 1754 4101 ﬂat
1782 4044 1899 4100 hae-

246 4116 464 4191 reticus
494 4116 883 4204 promovetur.
939 4132 1011 4187 Et
1035 4134 1101 4186 ut
1128 4132 1308 4203 hujus
1352 4136 1566 4187 nostrai
1607 4132 1898 4205 paginulas

246 4240 365 4280 non
392 4221 913 4295 prmsumptionem
974 4220 1077 4274 sed
1131 4219 1359 4275 timoris
1415 4236 1657 4276 causam
1714 4221 1898 4279 fuisse

245 4308 889 4379 monstremus,beatus
910 4306 1065 4362 idem
1096 4306 1471 4378 prosequitur
1501 4309 1582 4381 (S.
1616 4309 1897 4377 Genuam,

226 4400 352 4457 lib.
390 4415 470 4466 Iv,
502 4396 675 4470 epist.
706 4396 798 4465 54,
825 4397 918 4464 55,
949 4396 1047 4463 56,‘
1073 4399 1130 4451 et
1156 4393 1258 4449 lib.
1297 4412 1394 4462 vn,
1425 4395 1547 4452 ind.
1610 4415 1668 4463 ιι,
1724 4399 1894 4471 epist.

246 4489 389 4557 810;
422 4496 473 4545 1.‘
497 4503 554 4559 q.
589 4487 640 4554 1,
676 4502 723 4541 c.
755 4487 812 4552 5,
847 4485 1161 4556 Quisquis);
1197 4484 1450 4555 Quisquis
1480 4486 1557 4557 (2)
1598 4494 1787 4542 contra
1810 4489 1898 4544 Si.

247 4578 563 4634 moniaeam
589 4582 644 4633 et
665 4576 1061 4647 neophytorum
1080 4574 1333 4628 haeresim
1349 4588 1449 4644 pro
1480 4574 1653 4644 ofﬁcii
1669 4576 1760 4630 sui
1790 4577 1900 4631 loco

251 4652 596 4724 vehementer
635 4680 749 4720 non
776 4664 993 4730 arserit,
1027 4677 1152 4718 cum
1179 4677 1239 4717 eo
1284 4676 1340 4716 se
1366 4676 1478 4717 non
1507 4660 1718 4717 dubitet
1747 4664 1902 4727 habi-

248 4759 437 4811 turum
460 4755 772 4826 portionem
788 4753 864 4825 (3)
886 4753 985 4823 qui
1000 4752 1157 4823 prius
1177 4751 1448 4806 commisit
1498 4749 1597 4806 hoc
1608 4752 1904 4822 piaculare

248 4841 776 4917 ﬂagitiumouibus
814 4840 876 4896 in
906 4840 1099 4897 verbis
1129 4855 1263 4895 cum
1296 4838 1568 4895 haeretica
1625 4843 1683 4894 et
1711 4839 1901 4895 Simo-

285 5049 302 5060 ,Α
322 4986 397 5060 (4)
430 4984 1045 5060 Ἰξαννὶὺίῐίἰενριιεξζλᾳ
1080 4999 1195 5060 uno
1236 4981 1432 5060 codice
1461 4981 1794 5060 Colbertino
1820 4982 1901 5038 le-

293 5054 410 5114 itur
437 5058 747 5125 intestante,
780 5055 840 5111 in
868 5055 982 5112 alio
1013 5054 1397 5112 into-nante.1n
1425 5057 1676 5126 utroque
1702 5057 1899 5110 autem

290 5132 415 5186 eest
435 5144 543 5184 vox
574 5127 918 5184 terribiliter.

323 5201 399 5271 (2)
431 5200 707 5270 Quisquis.
742 5198 807 5254 In
863 5197 1212 5254 Colbertinis
1253 5197 1539 5268 scriptum
1572 5200 1695 5252 est:
1758 5197 1900 5265 Quia

288 5288 377 5327 ius
384 5311 397 5326 .

255 5288 402 5413 qua.)
433 5342 766 5413 Habitarunt
809 5344 949 5413 port.
1008 5340 1225 5396 Eadem
1273 5337 1630 5411 exemplaria
1685 5337 1904 5395 habent

210 5435 217 5442 -
251 5412 559 5484 portionem
599 5412 816 5484 habere.

327 5484 405 5555 (4)
437 5484 753 5555 Damnavit.
787 5483 917 5539 Haec
945 5499 1053 5537 vox
1078 5486 1136 5537 et
1164 5490 1291 5546 quis
1351 5484 1683 5555 sequuntur
1713 5498 1903 5554 usque

210 5576 221 5581 ·
257 5551 554 5611 advecem
583 5554 962 5610 condemnavit
991 5570 1106 5609 non
1134 5556 1364 5609 exstant
1391 5551 1451 5610 in
1472 5551 1692 5610 eisdem
1715 5551 1903 5610 exem-

256 5624 545 5698 plaribus,
566 5630 624 5681 et
653 5625 923 5683 videntur
943 5624 1257 5698 superflua.

2011 3869 2391 3939 incorporatus
2449 3873 2503 3922 et
2552 3866 2954 3938 redintegratus
3028 3867 3294 3923 Ecclesiae.
3371 3866 3517 3923 Hinc
3572 3862 3663 3924 est

2009 3957 2165 4029 quod
2197 3955 2482 4012 Dominus
2540 3955 2856 4012 vendentes
2912 3959 2971 4011 et
3009 3958 3269 4012 ementes
3317 3956 3390 4012 de
3439 3955 3660 4029 templo

2008 4046 2199 4117 ejccit,
2232 4045 2460 4101 Dathan
2489 4049 2547 4101 et
2573 4044 2791 4101 Abiron
2825 4044 3149 4101 ambientes
3201 4049 3358 4102 terra
3405 4044 3658 4119 glutivit,

2010 4134 2425 4206 Simonemque
2456 4138 2778 4191 tentantem
2802 4134 3007 4191 Petrus
3028 4135 3660 4204 damnavit(4),omnes-

2009 4241 2124 4296 que
2155 4225 2213 4278 in
2246 4240 2312 4280 eo
2344 4223 2707 4279 Simoniaeos
2736 4222 3144 4280 ecclesiasticis
3181 4223 3399 4295 jaculis
3458 4224 3662 4280 Petrus

2008 4317 2289 4385 perpetuo
2309 4312 2679 4370 anathemate
2694 4311 3123 4367 condemnavit.
3144 4313 3211 4368 Et
3222 4316 3392 4384 turpe
3408 4312 3658 4369 nimium

2009 4405 2099 4458 est
2128 4407 2195 4457 ut
2223 4402 2283 4457 in
2313 4400 2798 4473 plenissimojam
2832 4400 3025 4473 vigore
3057 4401 3136 4472 (5)
3167 4402 3516 4457 conﬁrmata
3558 4405 3659 4457 Ec-

2011 4488 2189 4546 clesia
2208 4493 2329 4545 tam
2363 4489 2525 4545 ferali
2558 4488 2799 4544 inimico
2829 4488 3278 4557 succumbat,de
3309 4505 3425 4559 quo
3458 4489 3516 4544 in
3535 4490 3662 4562 pri-

2012 4578 2238 4633 mordio
2256 4594 2373 4634 suae
2387 4577 2646 4632 infantiae
2667 4576 3057 4634 tantavirtute
3078 4576 3424 4648 triumphat.
3442 4576 3503 4633 Si
3525 4578 3661 4650 quis

2012 4668 2087 4737 (1,
2118 4684 2175 4738 q.
2210 4667 2266 4734 3,
2298 4682 2346 4720 ο.
2377 4668 2434 4732 7,
2465 4666 2528 4721 Si
2554 4666 2678 4737 quis
2708 4666 2984 4738 objecerit)
3016 4668 3211 4722 autem
3245 4664 3522 4735 objecerit
3542 4682 3661 4721 non

2011 4756 2479 4812 consecrationes
2508 4755 2611 4810 sed
2652 4770 2744 4810 res
2774 4754 2936 4826 ipsas
2989 4770 3118 4826 qua
3175 4770 3244 4809 ex
3274 4754 3662 4811 consecratio-

2012 4859 2085 4899 ne
2134 4842 2483 4916 proveniunt
2522 4842 2715 4909 vendi,
2747 4842 2977 4898 videtur
3005 4844 3076 4915 (6)
3137 4843 3377 4915 quidem
3434 4842 3664 4915 aliquid

2083 4985 2159 5057 (5)
2190 4984 2515 5057 Plenissimo
2536 4985 2659 5057 jam
2690 4985 2892 5057 vigore.
2927 4987 3013 5040 Ita
3037 4984 3266 5041 codices
3310 4984 3661 5042 Colbertini.

2008 5054 2331 5128 At'Regius
2357 5054 2547 5128 habet
2566 5055 2949 5128 plenissimum
2970 5057 3094 5127 jam
3120 5058 3382 5128 vigorem.

2082 5130 2159 5208 (εξ)
2194 5126 2378 5208 ιζεηάί,
2406 5125 2643 5208 videtur.
2662 5125 3072 5208 “Retinuimus
3104 5125 3663 5208 lectionem'codicis

2009 5197 2176 5271 regii.
2213 5199 2274 5255 In
2303 5215 2418 5253 uno
2446 5197 2777 5271 Colbertino
2808 5199 3094 5271 scriptum
3125 5205 3237 5265 est,
3268 5197 3429 5271 pendi
3449 5197 3666 5271 videtur

2009 5266 2141 5347 quid
2170 5277 2249 5347 est
2266 5270 2489 5347 aliquid
2509 5269 2685 5347 dicere
2712 5269 2821 5325 nisi
2842 5266 2948 5347 aut
2950 5344 2956 5347 _
2962 5272 3184 5347 penitus
3204 5269 3348 5347 nihil
3371 5282 3578 5347 sapere.
3596 5266 3661 5321 In

2011 5336 2148 5408 alio,
2181 5340 2281 5398 ubi
2312 5336 2422 5399 vox
2452 5341 2613 5397 vendi
2641 5357 2755 5397 non
2779 5336 2985 5408 exstat,
3020 5342 3104 5395 ita
3128 5340 3341 5411 legitur
3371 5336 3467 5411 hic
3493 5336 3661 5411 locus

2009 5407 2142 5487 quid
2162 5416 2221 5469 ut
2250 5415 2454 5485 aliquis
2483 5412 2639 5469 aliud
2667 5413 2863 5481 dicere,
2921 5414 3034 5468 nisi
3057 5407 3242 5467 autem
3265 5408 3485 5480 penitus
3511 5407 3657 5464 nihil

2011 5502 2221 5557 sapere.
