3894 6214
266 306 410 403 cu

1320 343 1785 407 ALWALONIS
1830 301 2075 408 EPlS'l‘.
2125 347 2228 407 AD
2272 347 2341 407 L.
2388 342 2698 408 PONTIF.

3574 352 3710 412 042

1060 578 1442 657 EPISTOLA
1488 587 1564 649 R.
1610 586 1965 651 MONACHI
2009 589 2115 649 AD
2160 588 2230 650 Β.
2279 588 2657 653 ABBATEM
2704 588 2947 651 SUUM.

366 711 431 767 Β.
463 712 542 783 (1)
590 711 709 767 Suo
756 708 1227 767 reverentissimo
1283 709 1521 766 domino
1580 726 1944 783 summaeque
1972 712 2028 779 Α
2058 714 2180 767 tate
2207 710 2526 779 dimisisse,
2566 712 2811 768 Romam
2867 714 3001 768 cum
3055 711 3343 769 extraneis
3387 714 3711 787 profectum

287 799 493 858 laudis
516 800 869 873 dignissimo
915 797 1260 856 monasterii
1301 798 1686 857 Massiliensis
1740 799 1949 856 divinae

258 910 273 917 τ
291 889 555 963 largitati
569 886 1380 961 muniﬁcentia‘dispensatori
1396 906 1575 961 quam
1607 887 1848 962 optimo,
1880 890 1945 945 Η.

293 980 563 1052 ejusdem
585 990 788 1035 servus
805 976 1070 1034 omnium
1104 976 1239 1033 licet
1259 976 1372 1034 sibi
1403 978 1818 1035 famulantium
1846 978 1950 1034 hu-

266 1092 269 1095 ·
296 1067 730 1137 millimus,non
760 1066 820 1122 in
851 1065 1161 1123 dilectione
1187 1070 1379 1123 tamen
1401 1066 1707 1138 minimus,
1741 1068 1946 1126 debita:

295 1148 600 1214 servitutis
610 1155 984 1229 obsequium.
1540 1190 1545 1197 ι

366 1243 736 1318 Evangelista
755 1248 1027 1311 testante,
1057 1242 1246 1317 liquet
1280 1245 1352 1302 ab
1383 1245 1609 1319 angelis
1642 1247 1826 1303 fuisse
1856 1247 1948 1302 de-

290 1333 583 1391 claratum
614 1335 855 1407 quodin
882 1338 1031 1390 terra
1049 1350 1163 1407 paro
1209 1332 1523 1392 hominibus
1572 1337 1729 1393 bona?
1756 1338 1947 1393 volun-

286 1426 438 1480 tatis.
472 1424 542 1480 Et
570 1422 709 1479 alibi
740 1422 1026 1495 scriptum
1059 1427 1185 1480 est:
1247 1425 1463 1497 Sufﬁcit
1494 1426 1633 1483 bona
1672 1428 1943 1482 voluntas.

287 1512 803 1587 Jureigitur,sicut
816 1510 1087 1569 voluntas
1101 1512 1334 1585 aliquod
1355 1514 1685 1586 perﬁciendi
1702 1515 1944 1584 bonum,

284 1602 399 1658 etsi
434 1601 714 1675 proficere
745 1605 1018 1674 nequeat,
1053 1601 1354 1661 sufﬁciens
1388 1620 1515 1660 esse
1548 1604 1943 1677 perhibeatur,

286 1691 495 1747 eadem
519 1706 752 1764 quoque
798 1689 944 1746 mihi
977 1706 1155 1762 quam
1189 1704 1326 1765 erga
1350 1708 1453 1748 vos
1484 1709 1716 1765 semper
1739 1692 1944 1756 habui,

286 1779 560 1836 sufﬁcere
571 1777 773 1852 procul
786 1779 821 1833 d
830 1778 964 1835 ubio
976 1780 1415 1836 credatur.Nam
1430 1785 1944 1854 postquamvestrae

272 1858 929 1941 ’magnitudinisifama,
967 1884 1095 1939 quae
1117 1869 1244 1939 jam
1279 1869 1378 1924 diu
1402 1870 1550 1925 meis
1599 1870 1947 1929 intonuerat

288 1944 555 2023 auribus,
589 1956 880 2029 corporeis
938 1954 1126 2012 oculis
1151 1955 1346 2011 videre
1390 1957 1707 2030 promerui,
1740 1962 1943 2014 vestrae

287 2043 626 2151 dilectionis
676 2044 1085 2145 immensitati,
1142 2050 1316 2143 prout
1344 2044 1546 2151 multis
1578 2046 1727 2101 scire
1758 2045 1996 2151 licuit,B

291 2148 435 2190 mea:
466 2132 773 2207 parvitatis
820 2131 1123 2205 ingenium
1158 2132 1629 2206 inseparabiliter
1667 2135 1942 2191 adbibere

288 2222 516 2294 studui,
534 2222 637 2279 sed
662 2225 737 2278 ut-
750 2221 1015 2294 probatio
1030 2220 1357 2278 dilectionis
1370 2238 1497 2294 quae
1519 2222 1672 2279 infra
1693 2223 1942 2295 pectoris

289 2314 468 2384 septas
487 2308 1099 2379 aestuando‘latitabat,
1136 2310 1332 2384 operis
1381 2310 1739 2367 exhibitione
1756 2329 1941 2384 quan-

290 2400 485 2472 doque
507 2398 888 2466 redoleret,ad
897 2400 1140 2455 modum
1162 2403 1365 2473 optare
1386 2398 1787 2456 solebam.Nec
1814 2400 1941 2457 ideo

290 2488 429 2560 quia
456 2489 606 2545 Deus
652 2487 882 2561 plebem
914 2504 1083 2545 suam
1120 2487 1705 2567 visitavit,_quoniam
1738 2505 1838 2545 vos
1868 2489 1941 2544 ad

262 2578 598 2651 .optimam,
625 2593 804 2650 quam
826 2575 1001 2650 elegit
1029 2577 1142 2633 sibi
1166 2576 1369 2643 Maria,
1402 2581 1628 2650 partem
1655 2576 1942 2633 sublima-

289 2666 455 2737 vit,et
484 2666 907 2723 monasterium
960 2664 1326 2722 Massiliense
1350 2666 1476 2739 jam
1510 2666 1751 2722 rectoris
1778 2664 1941 2723 indi-

292 2753 491 2827 gentia
518 2746 753 2828 penitus
784 2755 1133 2811 oﬂ‘uscatum
1181 2759 1508 2811 vestrarum
1549 2753 1941 2812 illustrations

292 2842 581 2899 virtutum
612 2842 857 2897 miriﬁce
887 2842 1195 2898 decoravit.
1259 2845 1552 2908 Quantum
1590 2847 1818 2900 constat
1850 2860 1942 2899 me

295 2930 574 3002 gaudere,
606 2928 657 2983 si
680 2944 883 2985 omnes
904 2932 1066 2984 artus
1089 2929 1146 2984 in
1168 2929 1402 3002 linguas
1429 2936 1812 3000 verterentur,
1840 2931 1944 2987 im-

297 3016 577 3089 possibile
606 3020 695 3072 est
723 3015 995 3089 cuiquam
1021 3017 1327 3091 explicare.

369 3105 431 3161 Si
462 3109 659 3162 autem
678 3108 880 3161 vestra:
902 3103 1084 3160 solitae
1107 3106 1354 3161 bonitati
1378 3106 1624 3180 placeat,
1660 3107 1893 3162 attende
1927 3124 1940 3162 :

296 3193 398 3250 ubi
427 3210 529 3251 vos
549 3194 623 3249 ad
644 3193 1011 3266 pradictum,
1031 3195 1146 3251 Deo
1166 3195 1434 3264 ducente,
1468 3195 1718 3269 gradum
1743 3211 1945 3266 prove-

295 3286 453 3339 ctum
484 3282 669 3340 fuisse
687 3283 967 3355 comperi,
982 3284 1067 3339 uti
1094 3283 1305 3340 vestris
1326 3283 1791 3355 obtemperarem
1813 3283 1949 3353 jus-

294 3371 480 3443 sibus,
510 3388 615 3427 cur
644 3371 840 3427 venire
896 3369 1122 3440 distuli,
1179 3386 1420 3426 causam
1452 3376 1650 3427 tamen
1690 3370 1798 3426 etsi
1831 3387 1947 3426 non

2044 799 2240 857 .fuisse
2266 819 2278 869 ;
2328 799 2427 856 sed
2456 800 2595 872 quia
2624 800 2833 858 divinae
2876 800 3158 859 voluntati
3188 819 3281 859 me
3313 807 3566 876 emptum
3600 805 3714 861 iter

2059 888 2353 963 complere
2368 906 2483 947 non
2506 889 2698 957 libuit,
2732 890 2947 953 animal
2970 892 3140 962 cujus
3169 891 3433 949 vehiculo
3464 893 3709 953 Romam

2059 979 2936 1052 usquetenderesatagebam,in
2956 980 3159 1037 itinere
3174 981 3712 1052 priusinfirmatum

2058 1084 2298 1139 prorsus
2329 1067 2548 1123 ibidem
2578 1067 2723 1124 mihi
2752 1069 2954 1127 defuit.
2985 1070 3348 1142 Quapropter
3368 1070 3717 1131 ulteriusin-

2056 1156 2259 1213 cedere
2279 1156 2418 1228 quia
2439 1172 2555 1214 non
2586 1156 2859 1222 valerem,
2892 1157 3226 1230 infectoque
3254 1160 3484 1232 negotio
3511 1161 3714 1217 statim

2058 1245 2248 1301 redire
2267 1244 2642 1301 vehementer
2655 1247 3077 1313 erubescerem,
3114 1246 3277 1320 prius
3299 1248 3538 1321 quidem
3571 1251 3714 1307 titu-

2057 1334 2194 1389 bare
2207 1334 2349 1405 coepi
2361 1377 2373 1401 ,
2384 1338 2678 1406 postremo
2693 1340 2887 1391 tamen
2904 1335 3233 1391 litterarum
3247 1337 3461 1394 studiis
3475 1354 3711 1410 operam

2058 1422 2196 1479 dare
2218 1422 2503 1496 disposui,
2533 1423 2732 1495 ibique
2770 1424 2972 1496 paucis
3000 1425 3101 1480 Dei
3124 1425 3321 1497 gratia.
3344 1425 3708 1499 interpositis

2056 1511 2550 1579 moris,hactenus
2566 1512 2830 1568 animum
2848 1514 3163 1571 exercendo
3182 1519 3449 1573 moratus
3462 1508 3566 1573 fui.
3584 1514 3715 1573 Haec

2055 1600 2342 1672 estigitur
2370 1617 2567 1666 causa,
2601 1599 2943 1657 dulcissime
2971 1601 3231 1669 domine,
3264 1619 3369 1658 cur
3399 1607 3713 1675 postquam

2053 1688 2198 1745 illud
2225 1690 2380 1761 quod
2407 1689 2602 1745 anima
2648 1707 2776 1745 mea
2799 1690 2899 1745 diu
2936 1695 3258 1762 optaverat,
3291 1690 3556 1751 evenisse
3574 1709 3713 1749 con-

2057 1776 2205 1849 cepi,
2239 1777 2311 1833 ad
2334 1794 2437 1834 vos
2457 1777 2734 1834 festinare
2756 1777 2976 1835 distuli.
3016 1780 3137 1839 [mo
3185 1780 3375 1853 magis
3404 1796 3472 1837 ac
3501 1781 3711 1854 magis.

2055 1869 2119 1921 ut
2150 1865 2360 1922 melius
2385 1866 2549 1925 vobis
2567 1868 2776 1925 amodo
2788 1867 2909 1923 vita
2927 1868 3139 1924 comite
3158 1867 3448 1927 deservire
3466 1868 3711 1940 valeam,

2054 1955 2290 2011 studere
2310 1954 2608 2027 proposui.
2644 1955 2810 2011 Nunc
2833 1960 3030 2013 autem
3074 1956 3216 2028 quia
3238 1973 3341 2030 per
3370 1960 3555 2017 totam
3585 1957 3706 2017 fere

2054 2043 2281 2100 Italiam
2314 2044 2612 2101 scholares
2633 2048 2691 2099 et
2723 2044 2976 2106 maxime
3012 2044 3424 2112 Provinciales,
3456 2061 3562 2102 nec
3594 2061 3709 2102 non

2054 2131 2241 2203 ipsius
2262 2131 2486 2188 ordinis
2507 2132 2577 2187 de
2598 2148 2713 2204 quo
2739 2133 3039 2205 sum,quia
3066 2132 3262 2206 plures
3286 2132 3519 2205 legibus
3533 2139 3715 2193 cater-

2052 2221 2227 2276 vatim
2245 2219 2509 2278 studium
2531 2220 2878 2278 adhibentes
2898 2221 3262 2283 incessanter
3297 2221 3615 2295 conspicio,
3643 2227 3701 2278 et

2052 2308 2475 2364 monasterium
2494 2312 2760 2382 nostrum
2783 2326 2817 2364 a
2844 2309 3070 2365 clericis
3083 2313 3142 2364 et
3157 2308 3372 2365 alaicis
3383 2311 3510 2367 sine
3531 2310 3712 2365 inter-

2053 2397 2333 2453 missione
2354 2396 2687 2469 placitando
2714 2396 2998 2465 lacessiri,
3044 2401 3221 2469 atque
3242 2398 3544 2467 justarum
3576 2415 3710 2470 pos-

2053 2486 2385 2565 sessionum
2413 2485 2829 2544 detrimentum
2862 2485 2979 2557 pati
3010 2485 3338 2551 considero,
3371 2485 3707 2557 aliquantu-

2052 2573 2170 2630 lam
2194 2574 2535 2646 bujusmodi
2562 2573 2868 2630 scientiam
2921 2573 3137 2630 habere
3158 2575 3443 2631 desidero.
3478 2576 3625 2631 Nam
3656 2575 3707 2631 si

2052 2664 2193 2735 quid
2225 2663 2281 2719 in
2307 2663 2415 2721 hoc
2437 2678 2627 2736 opere,
2662 2662 2861 2719 divina
2880 2662 3163 2735 largiente
3184 2665 3393 2735 gratia,
3425 2663 3705 2738 pravale-

2052 2766 2197 2819 rem,
2232 2766 2338 2806 nec
2360 2749 2739 2807 saecularibus
2770 2750 2999 2822 placitis
3029 2749 3343 2821 inhiarem,
3375 2752 3478 2809 sed
3521 2751 3708 2813 solam

2052 2840 2235 2896 nostri
2255 2840 2594 2897 monasterii
2599 2840 2624 2911 j
2634 2839 2918 2904 ustitiam,
2935 2843 3222 2912 quantum
3242 2855 3506 2912 possem,
3538 2841 3707 2912 adju-

2050 2945 2269 2985 varem.
2288 2928 2345 2984 Si
2369 2932 2573 2987 vestrae
2593 2927 2791 3001 igitur,
2806 2944 3044 2989 summe
3068 2928 3259 2996 Pater,
3293 2927 3565 3002 dignitati
3587 2928 3708 3001 pla-

2052 3022 2180 3073 ceat
2211 3021 2276 3072 ut
2319 3017 2377 3071 in
2405 3017 2514 3072 hoc
2555 3033 2727 3089 opere
2775 3016 3037 3073 studium
3059 3033 3163 3089 pro
3185 3033 3358 3090 posse
3379 3033 3508 3074 meo
3544 3032 3709 3073 exer-

2054 3122 2237 3173 ceam,
2271 3122 2468 3177 quaeso
2482 3104 2895 3177 etsuppliciter
2910 3106 3169 3173 obsecro,
3204 3109 3496 3178 quatenus
3527 3122 3706 3179 super

2055 3194 2163 3255 hoc
2183 3193 2410 3266 negotio
2432 3193 2837 3249 charitativam
2860 3193 3312 3249 mibilicentiam
3327 3193 3704 3267 impendatis,

2056 3285 2115 3336 et
2145 3281 2353 3338 Pisano
2386 3280 2564 3353 priori
2614 3280 2824 3338 vestris
2874 3280 3083 3337 litteris
3113 3285 3179 3339 ut
3201 3282 3345 3337 mihi
3370 3282 3701 3351 subveniat,

2058 3370 2338 3425 mandare
2367 3368 2715 3441 disponatis.
2768 3369 2830 3425 Si
2884 3368 3040 3424 enim
3093 3370 3250 3441 quod
3280 3374 3517 3442 expecto
3547 3372 3703 3443 apud

293 3459 683 3516 sufﬁcientem
714 3460 957 3516 reddere
1011 3477 1143 3515 sum
1177 3464 1439 3532 paratus,
1491 3459 1706 3515 Noscat
1744 3459 1939 3529 itaque
1970 3451 2014 3518 C
2052 3463 2306 3513 vestram
2334 3457 2798 3513 misericordiam
2831 3457 3414 3528 impetravero,Pisas
3446 3458 3518 3513 ad
3548 3474 3705 3515 exer-

289 3552 502 3617 vestra,
516 3548 1061 3619 desiderantissime
1090 3548 1278 3615 Pater,
1295 3534 1723 3614 clementia,me
1755 3562 1940 3619 quon-

2050 3545 2300 3600 cendum
2330 3545 2410 3599 ibi
2444 3544 2731 3615 studium,
2785 3545 2834 3601 si
2866 3545 3022 3601 Deus
3052 3544 3426 3613 concesserit,
3477 3546 3701 3603 adiero.

289 3638 423 3695 dam
440 3635 701 3710 praedicti
723 3636 967 3692 coanobii
1002 3636 1251 3691 fratrum
1289 3640 1528 3707 accepta
1547 3634 1800 3706 licentia,
1836 3652 1940 3708 pro
2048 3633 2285 3688 Interim
2318 3638 2514 3689 autem
2578 3651 2763 3707 usque
2806 3634 2878 3689 ad
2935 3633 3307 3689 festivitatem
3351 3635 3539 3690 sancti
3588 3635 3695 3690 Mi-

289 3726 543 3799 quodam
556 3724 727 3781 nobis
739 3724 1075 3782 imminenti
1091 3722 1513 3783 etintolerabili
1526 3724 1757 3797 negotio
1771 3723 1935 3792 satis,

289 3818 353 3869 ut
376 3815 570 3883 credo,
593 3814 720 3884 jam
740 3814 907 3870 vobis
938 3813 1258 3882 notiﬁcato,
1291 3812 1537 3869 Romam
1562 3812 1645 3868 ire
1667 3811 1933 3884 coepisse,

291 3919 356 3958 ac
371 3918 558 3976 usque
576 3902 814 3975 Papiam
837 3902 963 3958 sine
984 3901 1207 3975 collega
1240 3901 1473 3975 proprio
1488 3901 1673 3958 nimia
1692 3918 1939 3974 pauper-

2048 3722 2245 3782 chmlis
2258 3726 2461 3781 vestris
2474 3723 2888 3787 consolationis
2900 3727 3256 3796 praeceptum
3271 3725 3677 3796 exspectavero
3690 3765 3704 3779 .

2048 3811 2266 3868 Valete.

359 4028 439 4101 (1)
472 4028 641 4085 Forte
687 4027 999 4095 Bernardo,
1034 4026 1133 4099 qui
1169 4028 1241 4085 ab
1272 4044 1426 4085 anno
1468 4027 1608 4084 l065
1636 4027 1706 4082 ad
1739 4027 1877 4083 1079
1904 4025 2267 4083 Massiliense
2294 4029 2350 4082 S.
2386 4024 2636 4087 Victoris
2666 4025 3092 4083 monasterium
3124 4025 3289 4081 rexit.

3276 4176 3702 4207 επ

1562 4319 2424 4461 ΑιπΛιο

974 4640 1437 4715 EPISTOLA
1486 4640 2057 4716 ALWALONIS
2108 4644 2232 4715 AD
2290 4643 2367 4715 L.
2429 4642 3017 4715 PONTIFICEM

1510 4791 1820 4861 (Mauram,
1853 4791 2002 4847 Thes.
2034 4791 2228 4848 Annal.
2264 4792 2308 4859 Ι,
2343 4792 2490 4861 105.)

1824 4930 2140 4941 ———-————-—

356 5035 518 5093 Hanc
545 5038 605 5092 et
625 5037 966 5106 sequentem
987 5031 1294 5106 epistolam
1315 5031 1582 5106 eruimus
1599 5050 1667 5090 ex
1686 5034 1864 5090 veteri
1889 5034 2084 5106 codice
2105 5049 2215 5106 ms.
2241 5030 2475 5088 oratorii
2501 5030 2827 5106 Trecensis,
2859 5031 3028 5106 cujus
3044 5030 3360 5106 character
3375 5030 3697 5106 annos‘600

289 5123 567 5187 superare
590 5102 843 5187 videtur.
872 5102 1167 5187 .Quisuam.
1186 5104 1361 5187 fuerit
1391 5103 1591 5187 prima;
1623 5109 1827 5187 auctor
1854 5105 2083 5187 Alvvalo
2111 5105 2547 5187 et'Ij.~summus
2583 5102 2841 5187 pontifex
2870 5103 2940 5187 ad
2965 5119 3139 5187 quem
3160 5156 3163 5159 .
3187 5102 3410 5186 scribit,
3445 5104 3694 5187 necdum

287 5172 546 5256 divinare
566 5176 822 5256 potui.S_i
851 5172 1928 5256 coniecturisaliquidtribuereliceat,
1957 5179 2160 5256 L._n_o_n
2182 5177 2485 5256 Bomanus
2507 5172 2784 5256 pontifeig,
2820 5172 3213 5256 sednsimplex.
3231 5173 3540 5256 episcopus
3563 5174 3690 5255 fuit.

286 5251 527 5332 Certe‘in
559 5244 825 5332 sequenti
846 5244 1342 5332 epistol‘apudu'r‘ri
1366 5247 1635 5332 episcopi
1648 5248 1887 5332 titulum
1909 5244 2149 5332 accipit.
2182 5249 2297 5330 Nec
2325 5251 2491 5302 vacat
2508 5244 2804 5318 exemplis
2835 5245 3051 5332 quibus
3071 5244 3389 5332 simplices
3417 5244 3694 5332 episcopi

285 5315 662 5403 appellantur:
680 5315 1351 5403 summil'pqptificetha
1372 5315 1956 5403 Erung'pploniensis
1986 5315 2461 5403 aﬁcbiepiscopus
2482 5315 2733 5403 summus
3033 5315 3346 5403 appellatur
3362 5315 3680 5403 a'ytfidrico

286 5390 345 5448 in
360 5390 510 5448 'Vita
529 5393 589 5449 S.
621 5390 862 5451 Gerardi

190 5518 195 5519 ,
284 5462 641 5592 Eregationis
668 5462 1006 5521 monasticae
1038 5461 1306 5530 Pater,ad
1328 5477 1369 5588 3

333 5534 615 5592 ingeniose
645 5533 807 5592 sedis
835 5532 1114 5592 thronum
1147 5548 1323 5590 ascen
1368 5552 1369 5555 η

333 5532 615 5609 in'gonicaa
645 5533 807 5593 sedis
835 5532 1114 5593 thronum
1147 5548 1323 5590 ascen

287 5611 558 5683 prmerat.

1368 5532 1435 5603 it,
1466 5531 1761 5593 Hildricus
1791 5529 2015 5595 scilicet
2058 5529 2608 5596 Antissiodoreasis,
2639 5532 2696 5585 S.

945 5384 1190 5448 ullensis
1218 5389 1819 5462 episcopi.Heldricus
1846 5408 1983 5449 vero
2012 5383 2297 5462 abbas,ad
2327 5383 2503 5462 quem
2525 5388 2634 5462 iste
2656 5383 2939 5462 scribit,is
2967 5383 3355 5462 esse'videtur
3384 5383 3509 5441 Hel.
3541 5401 3679 5462 con:

1376 5454 1730 5538 uegeastat
1758 5462 2018 5538 epistolis
2046 5454 2627 5538 Brun'onisﬁpiscopi
2642 5456 3173 5538 fragmentumgui
3204 5454 3396 5538 Brun_o
3418 5471 3570 5513 anno
3583 5458 3691 5538 ἓξρ

2777 5525 3001 5584 ermani
3032 5524 3238 5599 abbas,
3271 5527 3383 5608 qui.
3402 5542 3553 5587 anno
3582 5526 3690 5589 990
