3894 6214
244 342 364 402 643

1057 472 1098 526 Ι.

423 578 694 617 εριετοιιΑ
741 575 1078 616 ALVVALONIS
1128 576 1200 614 AD
1255 577 1304 614 L.
1359 577 1718 616 PONTIFICEM.

239 653 382 708 Petit
428 650 637 706 absolvi
683 649 751 703 ab
785 650 1348 720 excommunicationi:
1372 651 1582 720 inﬂicta
1613 651 1676 706 ob
1709 651 1898 707 illatas

526 720 914 794 ρνίεροδίιιινίε
963 719 1310 792 Capaleiensi
1354 722 1611 794 injurias.

306 825 956 894 Awano,miserrimus
984 826 1115 897 plus
1137 826 1362 882 caeteris
1378 825 1894 899 mortalibus,pec-

238 920 501 972 catorum
521 930 694 970 onere
713 930 974 986 pressus,
1009 915 1070 970 L.
1104 931 1337 970 summo
1365 915 1644 988 pontifici,
1675 917 1895 972 nostris

235 1003 600 1077 temporibus
615 1001 788 1058 unico
806 1017 951 1075 pene
975 1002 1288 1059 Dominicis
1304 1003 1485 1060 viuere
1511 1005 1889 1077 procuratori,

237 1092 524 1166 quidquid
548 1090 699 1165 patri
717 1090 873 1148 illius
897 1091 1205 1148 dominove
1225 1109 1448 1148 servus.

305 1181 620 1238 Dominicze
654 1180 1202 1248 animadversionis,
1237 1181 1490 1254 propriis
1522 1181 1894 1254 exigentibus

233 1269 505 1343 peccatis,
541 1269 761 1324 ultione
791 1285 1130 1340 percussus,
1164 1269 1372 1326 mortis
1394 1269 1602 1326 timore
1629 1270 1892 1339 territus,

235 1359 442 1414 animae
475 1362 702 1412 tantum
735 1357 944 1412 salutis
971 1357 1248 1430 cupidus,
1275 1359 1345 1414 ad
1381 1375 1479 1414 vos
1521 1376 1620 1414 seu
1656 1359 1728 1413 ad
1761 1359 1890 1414 uni-

982 340 1175 401 S/EC.
1221 340 1299 401 XI
1342 340 1573 402 AUCT.
1621 337 1936 402 INCERTI
1982 338 2172 400 ANNI
2219 340 2318 400 ET
2364 338 2660 401 SCRIPT.
2707 349 2930 396 mssa.

3549 340 3675 400 6M

1937 478 1979 538 Α
2018 488 2130 542 que
2161 472 2288 541 ejus
2322 472 2755 544 congregationi
2785 472 3098 543 episcopus
3120 475 3388 543 peccator
3418 471 3483 527 L.
3517 472 3675 528 salu-

2010 566 2124 614 tem
2156 566 2215 615 et
2237 561 2573 616 sanitatem.

2078 648 2310 705 Gratias
2350 649 2529 705 reddo
2578 649 2765 722 vobis,
2827 649 3034 706 fratres
3085 649 3443 716 charissimi,
3510 651 3671 721 quod

2008 743 2224 793 sanctaa
2239 737 2603 794 auctoritatis
2641 755 2839 794 amore
2857 739 3164 806 ferventes,
3197 755 3233 794 a
3253 737 3672 796 communione

2007 830 2219 881 sanctae
2261 825 2533 881 Ecclesia;
2590 826 2882 898 privatum
2941 825 3304 882 Alwalonem
3363 827 3672 900 suscipere

2005 913 2277 970 noluistis
2322 914 2379 969 in
2413 913 2778 986 sepulturam
2810 931 2823 970 :
2859 915 2960 970 sed
2991 913 3150 971 hunc
3179 930 3296 988 quo
3326 918 3530 974 tenore
3561 915 3667 972 ab-

2003 1001 2272 1059 solverim
2303 1007 2509 1059 notum
2530 1003 2741 1059 faciam
2765 1003 2949 1060 vobis.
2967 1003 3128 1059 Misit
3147 1019 3402 1076 namque
3433 1005 3506 1061 ad
3529 1019 3666 1078 gra-

2003 1092 2146 1148 tiam
2166 1097 2378 1150 nostrm
2403 1091 2890 1164 majestatisuxor
2917 1107 3052 1148 cum
3075 1091 3212 1150 filiis
3232 1093 3382 1150 duos
3410 1093 3570 1150 viros
3587 1093 3666 1150 fe»-

2001 1186 2198 1238 rentes
2211 1180 2432 1237 litteras
2446 1181 2853 1254 promittentes
2891 1198 3128 1240 omnem
3152 1181 3626 1238 emendationem
3641 1225 3656 1252 ,

1999 1273 2056 1324 et
2087 1273 2346 1341 petentes
2378 1269 2500 1324 ﬁeri
2543 1268 2998 1326 absolutionem.
3031 1271 3290 1334 Quorum
3322 1285 3429 1344 ego
3458 1270 3654 1328 verbis

2001 1375 2114 1413 non
2146 1358 2410 1425 credens,
2436 1357 2593 1412 nolui
2621 1357 2915 1424 assentiri,
2943 1357 3254 1431 donecipsi
3287 1363 3658 1424 sacramento

235 1464 369 1503 cum
400 1445 728 1503 animarum
764 1445 1058 1502 medicum
1117 1447 1412 1520 confugio,
1472 1451 1527 1503 et
1571 1464 1698 1519 quae
1743 1447 1889 1504 meis
1987 1446 2336 1518 juraverunt
2366 1447 2519 1518 quod
2545 1463 2690 1502 uxor
2720 1463 2851 1502 cum
2888 1446 3024 1503 {iliis
3055 1463 3246 1520 usque
3275 1446 3334 1502 in
3375 1447 3661 1504 festivita-

235 1535 529 1592 ulceribus
553 1533 887 1591 adhibenda
904 1535 1023 1590 sint
1049 1535 1442 1593 medicamina
1465 1535 1782 1593 salubriter
1809 1536 1891 1592 in-

235 1624 426 1680 timari
453 1640 720 1696 exposco.
746 1623 942 1678 Nostis
969 1640 1223 1696 namque
1246 1623 1370 1696 ipse
1392 1630 1612 1695 quanto
1655 1640 1886 1680 excom-

1997 1539 2113 1590 tem
2129 1536 2188 1590 S.
2219 1536 2470 1601 Martini,
2503 1535 2613 1607 ipsi
2633 1537 2802 1591 beato
2834 1536 3342 1609 Martinoejusque
3357 1536 3661 1596 canonicis

1997 1628 2150 1679 recta
2196 1625 2308 1679 fide
2332 1625 2710 1680 emendarent
2731 1625 3017 1697 quidquid
3042 1625 3373 1697 principum
3401 1640 3658 1683 censura

234 1711 654 1770 municationis
679 1711 955 1768 astrictus
985 1717 1185 1769 teneor
1205 1714 1575 1768 anathemate
1592 1715 1664 1768 ob
1691 1715 1885 1785 Capu-
1985 1712 2280 1782 judicaret
2294 1730 2392 1768 eos
2416 1713 2624 1768 debere
2655 1713 3049 1778 emendare,et
3070 1713 3396 1770 secundum
3423 1731 3652 1771 morem

235 1801 356 1858 leia:
381 1801 827 1875 praposituram
887 1801 944 1858 S.
979 1801 1212 1857 Martini
1246 1801 1469 1858 scilicet
1512 1806 1880 1874 potestatem.

236 1891 398 1947 Unde
414 1891 463 1946 si
480 1890 624 1946 mihi
637 1890 765 1945 vita:
784 1891 1054 1962 protelati
1070 1891 1286 1946 fuerint
1304 1891 1452 1956 dies,
1468 1891 1883 1947 canonicorum

233 1979 423 2052 ipsius
454 1978 641 2035 sancti
671 1995 764 2034 me
806 1980 1030 2034 decrevi
1088 1996 1331 2036 examen
1385 1979 1798 2052 expetiturum,
1833 1983 1890 2034 et

226 2071 398 2140 juxta
418 2066 645 2124 concilii
667 2068 1158 2123 vestridecretum
1181 2068 1238 2122 in
1279 2067 1558 2150 omnibus
1582 2085 1676 2123 me
1707 2085 1889 2140 spon-

235 2158 343 2214 deo
360 2161 647 2214 acturum.
683 2155 966 2214 Caeterum
993 2156 1042 2212 si
1074 2173 1178 2228 spe
1203 2157 1332 2212 vitis
1367 2156 1680 2214 frustratus
1709 2157 1889 2212 exsti-

234 2251 378 2315 tere,
411 2245 573 2302 uxori
595 2249 652 2302 et
697 2245 854 2302 natis
901 2245 1047 2300 meis
1069 2245 1182 2301 sub
1233 2245 1445 2301 Christi
1471 2245 1806 2301 testimonio
1825 2244 1886 2301 in

234 2352 436 2392 eorum
457 2335 571 2390 ﬁde
588 2334 708 2390 hinc
721 2335 946 2406 agenda
965 2334 1271 2394 committo
1295 2352 1310 2402 ;
1335 2351 1402 2390 eo
1434 2337 1630 2389 tamen
1663 2338 1884 2402 tenore,

234 2422 730 2496 utobsequiaqua:
751 2421 1102 2478 Christianis
1121 2421 1450 2477 exhibenda
1479 2425 1619 2477 sunt
1638 2421 1888 2477 morien-

237 2510 568 2582 tibus,mihi
603 2511 891 2584 abnegare
923 2527 1036 2566 non
1068 2508 1444 2583 permittatis.

341 2723 607 2763 EPISTOLA
636 2722 686 2760 L.
727 2720 984 2758 EPISCOPI
1023 2720 1097 2759 AD
1135 2719 1466 2758 HELDRICUM
1495 2719 1775 2759 ΛΒΒΑΤΕΜ.

238 2797 527 2868 Signiﬁcat
600 2811 708 2866 qua
799 2794 1012 2847 ratione
1068 2792 1410 2868 Aiwalonem
1471 2793 1763 2847 absolverit
1817 2793 1888 2848 ab

769 2863 1350 2919 excommuuicatione.

307 2953 627 3012 Dilectione
656 2951 872 3007 Christi
891 2949 1133 3006 ferventi
1155 2951 1348 3008 abbati
1381 2951 1666 3008 Hawmco
1697 2952 1884 3008 omni-

1991 1800 2138 1873 legis
2165 1801 2594 1872 persolverent:
2621 1803 2776 1873 quod
2799 1801 2849 1858 si
2881 1801 3068 1858 facere
3093 1801 3656 1870 noluerint,istiduo

1993 1889 2100 1944 viri
2123 1890 2220 1961 qui
2245 1891 2523 1963 petitores
2536 1895 2675 1946 sunt
2705 1890 3114 1958 absolutionis,
3137 1890 3198 1946 in
3220 1890 3525 1948 obsidione
3554 1907 3652 1949 ca-

1994 1979 2339 2034 nonicorum
2361 1983 2419 2034 et
2447 1978 2505 2034 in
2538 1983 2823 2051 potestate
2851 1996 2914 2035 se
2945 1979 3180 2035 tradent
3199 1979 3296 2036 die
3317 1979 3652 2052 festivitatis

1999 2066 2335 2124 S.Andreaa.
2370 2067 2485 2121 Hoc
2507 2083 2644 2139 ergo
2671 2071 2866 2124 tenore
2891 2066 3252 2124 absolvimus
3281 2067 3651 2125 Alwalonem

1996 2154 2344 2211 auctoritate
2356 2155 2565 2223 Patris,
2585 2160 2643 2210 et
2660 2155 2809 2224 Filii,
2831 2160 2888 2212 et
2898 2156 3151 2229 Spiritus
3169 2157 3441 2223 sancti,et
3465 2157 3657 2214 sancti

1997 2244 2644 2316 Martini,omniumque
2673 2248 3014 2300 sanctorum
3046 2249 3104 2302 et
3134 2248 3419 2313 nostra,et
3437 2247 3654 2312 damus

1993 2331 2159 2387 vobis
2175 2331 2467 2388 licentiam
2490 2331 2550 2387 in
2572 2333 2874 2405 sepultura
2893 2332 3234 2406 recipiendi.
3251 2333 3432 2393 Vobis
3453 2338 3656 2409 autem

1996 2421 2350 2477 mandamus
2382 2425 2448 2477 ut
2475 2425 2532 2477 et
2561 2435 2661 2476 vos
2688 2438 2825 2478 eum
2878 2421 3214 2491 absolvatis,
3261 2422 3462 2495 sicque
3493 2423 3650 2481 Deus

1995 2509 2304 2566 benedicat
2329 2510 2512 2566 vobis.
2547 2510 2796 2567 Uxorem
2825 2529 2960 2567 vero
3003 2516 3062 2567 et
3107 2511 3264 2568 ﬁlios
3300 2511 3500 2568 sciatis
3530 2529 3648 2569 non

1993 2615 2124 2654 esse
2136 2597 2649 2666 absolutos,donec
2660 2600 2988 2656 emendatio
3001 2600 3081 2657 sit
3091 2601 3242 2657 facta
3252 2606 3310 2658 et
3324 2599 3652 2674 persoluta,

1995 2691 2052 2741 et
2069 2687 2198 2744 sine
2211 2687 2340 2758 ejus
2362 2687 2670 2760 praesentia
2687 2693 2748 2744 et
2759 2688 3012 2745 ﬁliorum
3027 2689 3310 2760 jubemus
3330 2706 3468 2746 eum
3487 2689 3645 2749 mitti

1995 2776 2053 2830 in
2084 2781 2259 2843 terra,
2295 2779 2360 2830 ut
2387 2792 2488 2849 per
2517 2776 2626 2832 hoc
2651 2777 2842 2834 sciant
2862 2795 2922 2834 se
2946 2777 3502 2838 excommunicatos.

235 3094 3637 3126 xm

233 3113 552 3126 .__..———-—

624 3114 1661 3410 ANSELLUS
1760 3242 3258 3500 SCHOLASTICUS

1741 3630 2135 3706 NOTITIA

984 3780 1211 3851 (Mmsx,
1244 3779 1398 3852 apud
1431 3778 1653 3836 Fabric.
1687 3781 2108 3838 Biblioth.med.
2143 3785 2196 3837 et
2220 3783 2327 3852 inf.
2349 3781 2470 3848 lat.,
2493 3786 2535 3838 t.
2570 3781 2613 3848 Ι,
2648 3799 2704 3854 p.
2741 3784 2888 3855 111.)

297 4009 995 4098 lianc-enselluchredo
1028 4008 1636 4098 monachumgtliujrus‘
1657 4016 1747 4069 est
1805 4011 2193 4098 opusculum”
2220 4011 2276 4098 in
2331 4011 2585 4098 cod:"5.7
2613 4011 2892 4098 S..lllidii
2924 4011 3445 4098 Claromontensis,
3477 4014 3629 4098 apud

227 4083 286 4140 P.
319 4083 714 4150 Montfaucon,
747 4081 896 4137 Bibl.
932 4098 1100 4149 mss.,

224 4156 278 4211 S.
312 4155 565 4225 Remigii,
597 4153 866 4226 descripta
895 4155 964 4210 ab
995 4155 1136 4210 Anse

1137 4097 1268 4208 pag.
1307 4081 1480 4166 .4293.
1527 4081 1646 4138 ’Est
1703 4081 1862 4168 vero:
1894 4083 2088 4156 operis
2115 4082 2342 4166 titulus
2389 4099 2400 4138 :
2443 4083 2897 4167 l’ieioeuiusdam
2924 4085 3183 4169 mpnachi
3209 4088 3271 4168 in
3301 4081 3626 4143 monasterio

1160 4154 1230 4208 lo.
1257 4153 1524 4208 discipulo
1554 4155 1614 4208 S.
1647 4154 1907 4208 Abboms.
1935 4154 2149 4208 abbatis
2177 4155 2559 4208 Floriacensis.
2593 4171 2744 4208 mssa
2773 4154 3008 4208 Oddoms
3034 4156 3260 4208 abbatis.

1160 4153 1232 4222 lo,
1257 4153 1524 4226 discipulo
1554 4155 1614 4211 S.
1647 4154 1907 4224 Abbonis,
1933 4153 2149 4210 abbatis
2177 4154 2559 4223 Floriacensis,
2583 4153 2744 4227 jussu
2773 4154 3008 4212 Oddom's
3034 4156 3260 4212 abbatis.

995 4419 1333 4514 VISIO
1403 4419 1944 4514 ANSELLI
2035 4419 2860 4536 SCHOLASTICI

790 4614 1006 4685 (Edidit
1033 4615 1101 4672 D.
1133 4613 1478 4672 Edelestand
1505 4631 1580 4670 nu
1614 4571 1825 4683 Meam,
1854 4615 2045 4672 Poe’sie
2073 4617 2271 4674 latinas
2296 4617 2630 4690 populaires,
2662 4621 2702 4674 t.
2739 4617 2780 4672 Ι.
2813 4633 2869 4689 p.
2901 4615 3052 4688 200.)

1718 4767 2116 4780 _

291 4881 355 4938 In
385 4881 713 4940 Salomonis
746 4883 984 4948 ferculo,

217 4971 379 5037 Quod
413 4972 736 5028 construxit
767 4973 838 5028 de
869 4973 1086 5027 Libano

215 5059 298 5115 Ex
327 5057 506 5132 lignis
529 5059 924 5125 mirabilibus,

216 5147 462 5222 Mystica
491 5147 732 5222 signans
759 5147 960 5215 altius,

215 5235 321 5293 Ubi
355 5236 792 5295 reclinatorium

214 5324 296 5380 Ex
326 5342 469 5382 auro
493 5325 712 5382 struxit
739 5323 1030 5396 optimum

211 5413 592 5485 Ascensuque
609 5428 992 5485 purpureum,

213 5498 298 5554 Ob
331 5498 694 5556 Hierusalem
714 5499 889 5569 filias,

213 5588 349 5660 Qua
381 5587 694 5665 designant
724 5588 1066 5661 Ecclesium,

1392 4881 1663 4954 Spiritale
1693 4885 2022 4942 convivium

1399 4970 1674 5042 Reperias
1695 4990 1872 5046 quam
1893 4974 2234 5048 plurimum.

1392 5058 1475 5114 lbi
1507 5077 1639 5116 cum
1673 5061 1844 5133 pleno
1875 5064 2043 5134 capia

1390 5148 1580 5205 Cornu
1613 5149 1790 5206 infert
1817 5149 2037 5206 cibaria

1384 5237 1457 5292 Ut
1487 5241 1720 5294 nostras
1749 5236 2020 5308 querelas
2049 5235 2216 5302 levet,

1387 5324 1644 5382 Diversis
1672 5324 1819 5379 cibis
1849 5325 2039 5390 satist,

1381 5415 1504 5477 Quo
1535 5414 1724 5467 cesset
1752 5410 2080 5469 humanum
2109 5425 2297 5487 genus

1389 5498 1552 5555 Flere
1580 5497 1825 5556 miseros
1855 5500 2064 5558 exitus.

1385 5586 1496 5648 Sed
1521 5601 1768 5664 carpen
1796 5604 1972 5668 poma
1999 5589 2196 5652 dulcia

2559 4883 2630 4938 Et
2659 4878 3008 4938 convallium
3037 4876 3162 4932 lilia

2564 4971 2720 5026 lnter
2749 4969 2920 5024 ﬂores
2949 4963 3326 5022 dulcissimos

2561 5061 2640 5113 Ac
2672 5055 2862 5113 mellis
2881 5059 3092 5128 gustus
3119 5053 3376 5128 sapidos,

2568 5145 2759 5202 Unum
2782 5143 3063 5216 quiddam
3092 5142 3343 5218 reperies

2560 5235 2722 5299 Quod
2753 5227 3020 5308 gustabis
3049 5232 3321 5292 suaviter.

2555 5410 2656 5468 Est
2679 5410 2884 5468 civitas
2909 5410 3266 5487 metropolis,

2565 5498 2768 5556 Remis
2798 5498 2954 5558 dicta
2981 5499 3322 5576 pernobilis,

2559 5587 2746 5657 Quam
2778 5589 2997 5652 Remus
3027 5590 3270 5670 quidam
3295 5586 3554 5650 condidit
