  <div class='ocr_page' id='page_1' title='image "/cluster/home/n/w/nwhite01/storage/ocr_20150623/151/uva.x000829795/346.png"; bbox 0 0 3894 6214; ppageno 0'>
   <div class='ocr_carea' id='block_1_1' title="bbox 246 295 356 357">
    <p class='ocr_par' dir='ltr' id='par_1_1' title="bbox 246 295 356 357">
     <span class='ocr_line' id='line_1_1' title="bbox 246 295 356 357; baseline 0.009 -1"><span class='ocrx_word' id='word_1_1' title='bbox 246 295 356 357; x_wconf 71' lang='grc'>645</span> 
     </span>
    </p>
   </div>
   <div class='ocr_carea' id='block_1_2' title="bbox 244 428 983 497">
    <p class='ocr_par' dir='ltr' id='par_1_2' title="bbox 244 428 983 497">
     <span class='ocr_line' id='line_1_2' title="bbox 244 428 983 497; baseline 0 -15"><span class='ocrx_word' id='word_1_2' title='bbox 244 429 346 492; x_wconf 85' lang='lat' dir='ltr'>Qui</span> <span class='ocrx_word' id='word_1_3' title='bbox 378 429 556 483; x_wconf 82' lang='lat' dir='ltr'><strong>frater</strong></span> <span class='ocrx_word' id='word_1_4' title='bbox 586 428 698 484; x_wconf 87' lang='lat' dir='ltr'>fuit</span> <span class='ocrx_word' id='word_1_5' title='bbox 730 428 983 497; x_wconf 84' lang='lat' dir='ltr'>Romuli,</span> 
     </span>
    </p>
   </div>
   <div class='ocr_carea' id='block_1_3' title="bbox 245 517 1050 590">
    <p class='ocr_par' dir='ltr' id='par_1_3' title="bbox 245 517 1050 590">
     <span class='ocr_line' id='line_1_3' title="bbox 245 517 1050 590; baseline 0 -18"><span class='ocrx_word' id='word_1_6' title='bbox 245 517 414 572; x_wconf 81' lang='lat' dir='ltr'>Urbis</span> <span class='ocrx_word' id='word_1_7' title='bbox 446 517 717 573; x_wconf 64' lang='lat' dir='ltr'>Romanis</span> <span class='ocrx_word' id='word_1_8' title='bbox 749 518 1050 590; x_wconf 84' lang='lat' dir='ltr'>principis.</span> 
     </span>
    </p>
   </div>
   <div class='ocr_carea' id='block_1_4' title="bbox 240 607 954 680">
    <p class='ocr_par' dir='ltr' id='par_1_4' title="bbox 240 607 954 680">
     <span class='ocr_line' id='line_1_4' title="bbox 240 607 954 680; baseline 0 -18"><span class='ocrx_word' id='word_1_9' title='bbox 240 607 432 679; x_wconf 83' lang='lat' dir='ltr'>Hujus</span> <span class='ocrx_word' id='word_1_10' title='bbox 461 607 625 663; x_wconf 81' lang='lat' dir='ltr'>urbis</span> <span class='ocrx_word' id='word_1_11' title='bbox 653 608 954 680; x_wconf 61' lang='lat' dir='ltr'>praecipua:</span> 
     </span>
    </p>
   </div>
   <div class='ocr_carea' id='block_1_5' title="bbox 239 696 1126 771">
    <p class='ocr_par' dir='ltr' id='par_1_5' title="bbox 239 696 1126 771">
     <span class='ocr_line' id='line_1_5' title="bbox 239 696 1126 771; baseline 0.001 -19"><span class='ocrx_word' id='word_1_12' title='bbox 239 697 308 752; x_wconf 87' lang='lat' dir='ltr'>Et</span> <span class='ocrx_word' id='word_1_13' title='bbox 339 697 639 769; x_wconf 90' lang='lat' dir='ltr'>quondam</span> <span class='ocrx_word' id='word_1_14' title='bbox 672 713 896 770; x_wconf 72' lang='lat' dir='ltr'>magnae</span> <span class='ocrx_word' id='word_1_15' title='bbox 927 696 1126 771; x_wconf 74' lang='lat' dir='ltr'>gloria:</span> 
     </span>
    </p>
   </div>
   <div class='ocr_carea' id='block_1_6' title="bbox 238 785 900 859">
    <p class='ocr_par' dir='ltr' id='par_1_6' title="bbox 238 785 900 859">
     <span class='ocr_line' id='line_1_6' title="bbox 238 785 900 859; baseline -0.002 -17"><span class='ocrx_word' id='word_1_16' title='bbox 238 785 457 842; x_wconf 71' lang='lat' dir='ltr'>Praesul</span> <span class='ocrx_word' id='word_1_17' title='bbox 490 785 600 841; x_wconf 74' lang='lat' dir='ltr'>mit</span> <span class='ocrx_word' id='word_1_18' title='bbox 630 785 900 859; x_wconf 91' lang='lat' dir='ltr'>egregius</span> 
     </span>
    </p>
   </div>
   <div class='ocr_carea' id='block_1_7' title="bbox 239 874 1032 948">
    <p class='ocr_par' dir='ltr' id='par_1_7' title="bbox 239 874 1032 948">
     <span class='ocr_line' id='line_1_7' title="bbox 239 874 1032 948; baseline 0.001 -18"><span class='ocrx_word' id='word_1_19' title='bbox 239 875 489 948; x_wconf 90' lang='lat' dir='ltr'>Magnus</span> <span class='ocrx_word' id='word_1_20' title='bbox 519 874 656 931; x_wconf 91' lang='lat' dir='ltr'>olim</span> <span class='ocrx_word' id='word_1_21' title='bbox 690 875 992 948; x_wconf 78' lang='lat' dir='ltr'>Remigius</span> <span class='ocrx_word' id='word_1_22' title='bbox 1019 894 1032 944; x_wconf 89' lang='lat'><strong>;</strong></span> 
     </span>
    </p>
   </div>
   <div class='ocr_carea' id='block_1_8' title="bbox 239 963 1050 1038">
    <p class='ocr_par' dir='ltr' id='par_1_8' title="bbox 239 963 1050 1038">
     <span class='ocr_line' id='line_1_8' title="bbox 239 963 1050 1038; baseline 0.001 -20"><span class='ocrx_word' id='word_1_23' title='bbox 239 963 347 1030; x_wconf 89' lang='lat' dir='ltr'>Qui</span> <span class='ocrx_word' id='word_1_24' title='bbox 379 964 523 1019; x_wconf 90' lang='lat' dir='ltr'>dum</span> <span class='ocrx_word' id='word_1_25' title='bbox 555 964 811 1036; x_wconf 78' lang='lat' dir='ltr'>pontifex</span> <span class='ocrx_word' id='word_1_26' title='bbox 839 963 1050 1038; x_wconf 79' lang='lat' dir='ltr'>legitur</span> 
     </span>
    </p>
   </div>
   <div class='ocr_carea' id='block_1_9' title="bbox 236 1051 936 1126">
    <p class='ocr_par' dir='ltr' id='par_1_9' title="bbox 236 1051 936 1126">
     <span class='ocr_line' id='line_1_9' title="bbox 236 1051 936 1126; baseline -0.001 -18"><span class='ocrx_word' id='word_1_27' title='bbox 236 1053 316 1108; x_wconf 85' lang='lat' dir='ltr'>Ac</span> <span class='ocrx_word' id='word_1_28' title='bbox 345 1051 523 1126; x_wconf 85' lang='lat' dir='ltr'>digne</span> <span class='ocrx_word' id='word_1_29' title='bbox 552 1051 936 1123; x_wconf 86' lang='lat' dir='ltr'>benedicitur,</span> 
     </span>
    </p>
   </div>
   <div class='ocr_carea' id='block_1_10' title="bbox 237 1140 953 1214">
    <p class='ocr_par' dir='ltr' id='par_1_10' title="bbox 237 1140 953 1214">
     <span class='ocr_line' id='line_1_10' title="bbox 237 1140 953 1214; baseline 0 -18"><span class='ocrx_word' id='word_1_30' title='bbox 237 1140 393 1197; x_wconf 87' lang='lat' dir='ltr'>Dum</span> <span class='ocrx_word' id='word_1_31' title='bbox 428 1140 592 1197; x_wconf 80' lang='lat' dir='ltr'>deest</span> <span class='ocrx_word' id='word_1_32' title='bbox 621 1141 816 1214; x_wconf 89' lang='lat' dir='ltr'>liquor</span> <span class='ocrx_word' id='word_1_33' title='bbox 845 1140 953 1196; x_wconf 88' lang='lat' dir='ltr'>olei</span> 
     </span>
    </p>
   </div>
   <div class='ocr_carea' id='block_1_11' title="bbox 237 1230 973 1302">
    <p class='ocr_par' dir='ltr' id='par_1_11' title="bbox 237 1230 973 1302">
     <span class='ocr_line' id='line_1_11' title="bbox 237 1230 973 1302; baseline 0 -18"><span class='ocrx_word' id='word_1_34' title='bbox 237 1231 361 1295; x_wconf 92' lang='lat' dir='ltr'>Quo</span> <span class='ocrx_word' id='word_1_35' title='bbox 393 1235 652 1302; x_wconf 89' lang='lat' dir='ltr'>ungatur</span> <span class='ocrx_word' id='word_1_36' title='bbox 683 1230 973 1302; x_wconf 80' lang='lat' dir='ltr'>pontiﬁcis</span> 
     </span>
    </p>
   </div>
   <div class='ocr_carea' id='block_1_12' title="bbox 237 1317 1055 1391">
    <p class='ocr_par' dir='ltr' id='par_1_12' title="bbox 237 1317 1055 1391">
     <span class='ocr_line' id='line_1_12' title="bbox 237 1317 1055 1391; baseline -0.002 -17"><span class='ocrx_word' id='word_1_37' title='bbox 237 1318 486 1374; x_wconf 90' lang='lat' dir='ltr'>Sacrum</span> <span class='ocrx_word' id='word_1_38' title='bbox 519 1324 692 1391; x_wconf 86' lang='lat' dir='ltr'>caput</span> <span class='ocrx_word' id='word_1_39' title='bbox 726 1337 759 1374; x_wconf 88' lang='lat' dir='ltr'>a</span> <span class='ocrx_word' id='word_1_40' title='bbox 789 1317 1055 1391; x_wconf 68' lang='lat' dir='ltr'>praesule,</span> 
     </span>
    </p>
   </div>
   <div class='ocr_carea' id='block_1_13' title="bbox 236 1407 935 1475">
    <p class='ocr_par' dir='ltr' id='par_1_13' title="bbox 236 1407 935 1475">
     <span class='ocr_line' id='line_1_13' title="bbox 236 1407 935 1475; baseline 0 -11"><span class='ocrx_word' id='word_1_41' title='bbox 236 1407 524 1464; x_wconf 88' lang='lat' dir='ltr'>Columba</span> <span class='ocrx_word' id='word_1_42' title='bbox 552 1407 754 1464; x_wconf 82' lang='lat' dir='ltr'>volans</span> <span class='ocrx_word' id='word_1_43' title='bbox 785 1424 935 1475; x_wconf 89' lang='lat' dir='ltr'>aere,</span> 
     </span>
    </p>
   </div>
   <div class='ocr_carea' id='block_1_14' title="bbox 238 1495 981 1552">
    <p class='ocr_par' dir='ltr' id='par_1_14' title="bbox 238 1495 981 1552">
     <span class='ocr_line' id='line_1_14' title="bbox 238 1495 981 1552; baseline -0.003 0"><span class='ocrx_word' id='word_1_44' title='bbox 238 1496 455 1552; x_wconf 83' lang='lat' dir='ltr'>Rostro</span> <span class='ocrx_word' id='word_1_45' title='bbox 485 1497 670 1552; x_wconf 80' lang='lat' dir='ltr'>defert</span> <span class='ocrx_word' id='word_1_46' title='bbox 701 1495 981 1551; x_wconf 73' lang='lat' dir='ltr'>citissime</span> 
     </span>
    </p>
   </div>
   <div class='ocr_carea' id='block_1_15' title="bbox 235 1583 1019 1658">
    <p class='ocr_par' dir='ltr' id='par_1_15' title="bbox 235 1583 1019 1658">
     <span class='ocr_line' id='line_1_15' title="bbox 235 1583 1019 1658; baseline -0.005 -15"><span class='ocrx_word' id='word_1_47' title='bbox 235 1592 343 1644; x_wconf 87' lang='lat' dir='ltr'>Am</span> <span class='ocrx_word' id='word_1_48' title='bbox 353 1585 575 1658; x_wconf 89' lang='lat' dir='ltr'>pullam</span> <span class='ocrx_word' id='word_1_49' title='bbox 609 1585 837 1657; x_wconf 85' lang='lat' dir='ltr'>plenam</span> <span class='ocrx_word' id='word_1_50' title='bbox 874 1583 1019 1653; x_wconf 92' lang='lat' dir='ltr'>oleo,</span> 
     </span>
    </p>
   </div>
   <div class='ocr_carea' id='block_1_16' title="bbox 238 1673 922 1747">
    <p class='ocr_par' dir='ltr' id='par_1_16' title="bbox 238 1673 922 1747">
     <span class='ocr_line' id='line_1_16' title="bbox 238 1673 922 1747; baseline -0.006 -15"><span class='ocrx_word' id='word_1_51' title='bbox 238 1676 351 1732; x_wconf 89' lang='lat' dir='ltr'>Ore</span> <span class='ocrx_word' id='word_1_52' title='bbox 385 1677 578 1747; x_wconf 78' lang='lat' dir='ltr'>portat</span> <span class='ocrx_word' id='word_1_53' title='bbox 608 1673 922 1729; x_wconf 91' lang='lat' dir='ltr'>mitissimo</span> 
     </span>
    </p>
   </div>
   <div class='ocr_carea' id='block_1_17' title="bbox 236 1760 1123 1835">
    <p class='ocr_par' dir='ltr' id='par_1_17' title="bbox 236 1760 1123 1835">
     <span class='ocr_line' id='line_1_17' title="bbox 236 1760 1123 1835; baseline -0.006 -15"><span class='ocrx_word' id='word_1_54' title='bbox 236 1764 364 1828; x_wconf 91' lang='lat' dir='ltr'>Quo</span> <span class='ocrx_word' id='word_1_55' title='bbox 395 1761 653 1835; x_wconf 79' lang='lat' dir='ltr'>pontifex</span> <span class='ocrx_word' id='word_1_56' title='bbox 673 1760 1016 1834; x_wconf 85' lang='lat' dir='ltr'>perungitur</span> <span class='ocrx_word' id='word_1_57' title='bbox 1047 1761 1123 1832; x_wconf 90' lang='grc'>(1)</span> 
     </span>
    </p>
   </div>
   <div class='ocr_carea' id='block_1_18' title="bbox 239 1849 1088 1924">
    <p class='ocr_par' dir='ltr' id='par_1_18' title="bbox 239 1849 1088 1924">
     <span class='ocr_line' id='line_1_18' title="bbox 239 1849 1088 1924; baseline -0.002 -17"><span class='ocrx_word' id='word_1_58' title='bbox 239 1852 468 1924; x_wconf 88' lang='lat' dir='ltr'>Dignus</span> <span class='ocrx_word' id='word_1_59' title='bbox 502 1867 734 1924; x_wconf 89' lang='lat' dir='ltr'>semper</span> <span class='ocrx_word' id='word_1_60' title='bbox 765 1849 1088 1922; x_wconf 81' lang='lat' dir='ltr'>Remigius.</span> 
     </span>
    </p>
   </div>
   <div class='ocr_carea' id='block_1_19' title="bbox 238 1937 1154 2012">
    <p class='ocr_par' dir='ltr' id='par_1_19' title="bbox 238 1937 1154 2012">
     <span class='ocr_line' id='line_1_19' title="bbox 238 1937 1154 2012; baseline -0.007 -15"><span class='ocrx_word' id='word_1_61' title='bbox 238 1941 434 2012; x_wconf 84' lang='lat' dir='ltr'>Hujus</span> <span class='ocrx_word' id='word_1_62' title='bbox 465 1939 676 1994; x_wconf 84' lang='lat' dir='ltr'>festum</span> <span class='ocrx_word' id='word_1_63' title='bbox 711 1939 848 1994; x_wconf 90' lang='lat' dir='ltr'>dum</span> <span class='ocrx_word' id='word_1_64' title='bbox 880 1937 1154 2010; x_wconf 89' lang='lat' dir='ltr'>populus,</span> 
     </span>
    </p>
   </div>
   <div class='ocr_carea' id='block_1_20' title="bbox 239 2026 1013 2094">
    <p class='ocr_par' dir='ltr' id='par_1_20' title="bbox 239 2026 1013 2094">
     <span class='ocr_line' id='line_1_20' title="bbox 239 2026 1013 2094; baseline -0.005 -8"><span class='ocrx_word' id='word_1_65' title='bbox 239 2029 305 2086; x_wconf 87' lang='lat' dir='ltr'>In</span> <span class='ocrx_word' id='word_1_66' title='bbox 339 2026 616 2084; x_wconf 84' lang='lat' dir='ltr'>Kalendis</span> <span class='ocrx_word' id='word_1_67' title='bbox 645 2027 1013 2094; x_wconf 83' lang='lat' dir='ltr'>Octobribus,</span> 
     </span>
    </p>
   </div>
   <div class='ocr_carea' id='block_1_21' title="bbox 239 2115 1074 2175">
    <p class='ocr_par' dir='ltr' id='par_1_21' title="bbox 239 2115 1074 2175">
     <span class='ocr_line' id='line_1_21' title="bbox 239 2115 1074 2175; baseline -0.006 0"><span class='ocrx_word' id='word_1_68' title='bbox 239 2119 402 2175; x_wconf 90' lang='lat' dir='ltr'>Dum</span> <span class='ocrx_word' id='word_1_69' title='bbox 435 2119 678 2173; x_wconf 90' lang='lat' dir='ltr'>devotus</span> <span class='ocrx_word' id='word_1_70' title='bbox 709 2115 1074 2172; x_wconf 84' lang='lat' dir='ltr'>concelebrat</span> 
     </span>
    </p>
   </div>
   <div class='ocr_carea' id='block_1_22' title="bbox 238 2204 992 2279">
    <p class='ocr_par' dir='ltr' id='par_1_22' title="bbox 238 2204 992 2279">
     <span class='ocr_line' id='line_1_22' title="bbox 238 2204 992 2279; baseline -0.008 -15"><span class='ocrx_word' id='word_1_71' title='bbox 238 2206 716 2279; x_wconf 86' lang='lat' dir='ltr'>Tripudiansque</span> <span class='ocrx_word' id='word_1_72' title='bbox 745 2204 992 2274; x_wconf 85' lang='lat' dir='ltr'>advolat,</span> 
     </span>
    </p>
   </div>
   <div class='ocr_carea' id='block_1_23' title="bbox 240 2293 896 2352">
    <p class='ocr_par' dir='ltr' id='par_1_23' title="bbox 240 2293 896 2352">
     <span class='ocr_line' id='line_1_23' title="bbox 240 2293 896 2352; baseline -0.008 0"><span class='ocrx_word' id='word_1_73' title='bbox 240 2298 403 2352; x_wconf 90' lang='lat' dir='ltr'>Inter</span> <span class='ocrx_word' id='word_1_74' title='bbox 434 2293 633 2351; x_wconf 82' lang='lat' dir='ltr'>ﬁdeles</span> <span class='ocrx_word' id='word_1_75' title='bbox 658 2298 896 2349; x_wconf 79' lang='lat' dir='ltr'>caeteros</span> 
     </span>
    </p>
   </div>
   <div class='ocr_carea' id='block_1_24' title="bbox 238 2381 999 2441">
    <p class='ocr_par' dir='ltr' id='par_1_24' title="bbox 238 2381 999 2441">
     <span class='ocr_line' id='line_1_24' title="bbox 238 2381 999 2441; baseline -0.007 0"><span class='ocrx_word' id='word_1_76' title='bbox 238 2386 313 2441; x_wconf 89' lang='lat' dir='ltr'>Et</span> <span class='ocrx_word' id='word_1_77' title='bbox 344 2385 402 2439; x_wconf 91' lang='lat' dir='ltr'>in</span> <span class='ocrx_word' id='word_1_78' title='bbox 429 2383 658 2440; x_wconf 87' lang='lat' dir='ltr'>Christo</span> <span class='ocrx_word' id='word_1_79' title='bbox 685 2381 999 2440; x_wconf 86' lang='lat' dir='ltr'>catholicos</span> 
     </span>
    </p>
   </div>
   <div class='ocr_carea' id='block_1_25' title="bbox 241 2471 1061 2541">
    <p class='ocr_par' dir='ltr' id='par_1_25' title="bbox 241 2471 1061 2541">
     <span class='ocr_line' id='line_1_25' title="bbox 241 2471 1061 2541; baseline -0.009 -10"><span class='ocrx_word' id='word_1_80' title='bbox 241 2474 492 2541; x_wconf 86' lang='lat' dir='ltr'>Quidam</span> <span class='ocrx_word' id='word_1_81' title='bbox 526 2473 692 2529; x_wconf 67' lang='lat' dir='ltr'>affuit</span> <span class='ocrx_word' id='word_1_82' title='bbox 719 2471 1061 2538; x_wconf 88' lang='lat' dir='ltr'>monachus,</span> 
     </span>
    </p>
   </div>
   <div class='ocr_carea' id='block_1_26' title="bbox 240 2559 961 2628">
    <p class='ocr_par' dir='ltr' id='par_1_26' title="bbox 240 2559 961 2628">
     <span class='ocr_line' id='line_1_26' title="bbox 240 2559 961 2628; baseline -0.003 -10"><span class='ocrx_word' id='word_1_83' title='bbox 240 2563 486 2618; x_wconf 88' lang='lat' dir='ltr'>Oratum</span> <span class='ocrx_word' id='word_1_84' title='bbox 518 2561 674 2616; x_wconf 87' lang='lat' dir='ltr'>venit</span> <span class='ocrx_word' id='word_1_85' title='bbox 700 2559 961 2628; x_wconf 89' lang='lat' dir='ltr'>sedulus,</span> 
     </span>
    </p>
   </div>
   <div class='ocr_carea' id='block_1_27' title="bbox 239 2649 967 2724">
    <p class='ocr_par' dir='ltr' id='par_1_27' title="bbox 239 2649 967 2724">
     <span class='ocr_line' id='line_1_27' title="bbox 239 2649 967 2724; baseline -0.008 -16"><span class='ocrx_word' id='word_1_86' title='bbox 239 2651 317 2708; x_wconf 90' lang='lat' dir='ltr'>Ut</span> <span class='ocrx_word' id='word_1_87' title='bbox 348 2651 659 2724; x_wconf 89' lang='lat' dir='ltr'>deplorans</span> <span class='ocrx_word' id='word_1_88' title='bbox 692 2649 967 2714; x_wconf 82' lang='lat' dir='ltr'>facinora,</span> 
     </span>
    </p>
   </div>
   <div class='ocr_carea' id='block_1_28' title="bbox 238 2737 892 2798">
    <p class='ocr_par' dir='ltr' id='par_1_28' title="bbox 238 2737 892 2798">
     <span class='ocr_line' id='line_1_28' title="bbox 238 2737 892 2798; baseline -0.009 0"><span class='ocrx_word' id='word_1_89' title='bbox 238 2742 363 2798; x_wconf 86' lang='lat' dir='ltr'>Sua</span> <span class='ocrx_word' id='word_1_90' title='bbox 392 2740 600 2795; x_wconf 76' lang='lat' dir='ltr'>defleat</span> <span class='ocrx_word' id='word_1_91' title='bbox 629 2737 892 2794; x_wconf 89' lang='lat' dir='ltr'>crimina.</span> 
     </span>
    </p>
   </div>
   <div class='ocr_carea' id='block_1_29' title="bbox 237 2825 986 2884">
    <p class='ocr_par' dir='ltr' id='par_1_29' title="bbox 237 2825 986 2884">
     <span class='ocr_line' id='line_1_29' title="bbox 237 2825 986 2884; baseline -0.008 0"><span class='ocrx_word' id='word_1_92' title='bbox 237 2828 351 2884; x_wconf 85' lang='lat' dir='ltr'>Hic</span> <span class='ocrx_word' id='word_1_93' title='bbox 379 2829 536 2884; x_wconf 89' lang='lat' dir='ltr'>intra</span> <span class='ocrx_word' id='word_1_94' title='bbox 564 2825 986 2882; x_wconf 86' lang='lat' dir='ltr'>monasterium</span> 
     </span>
    </p>
   </div>
   <div class='ocr_carea' id='block_1_30' title="bbox 237 2911 1041 2984">
    <p class='ocr_par' dir='ltr' id='par_1_30' title="bbox 237 2911 1041 2984">
     <span class='ocr_line' id='line_1_30' title="bbox 237 2911 1041 2984; baseline -0.01 -11"><span class='ocrx_word' id='word_1_95' title='bbox 237 2918 399 2973; x_wconf 89' lang='lat' dir='ltr'>Dum</span> <span class='ocrx_word' id='word_1_96' title='bbox 433 2913 693 2984; x_wconf 88' lang='lat' dir='ltr'>possidet</span> <span class='ocrx_word' id='word_1_97' title='bbox 721 2911 1041 2984; x_wconf 88' lang='lat' dir='ltr'>hospitium</span> 
     </span>
    </p>
   </div>
   <div class='ocr_carea' id='block_1_31' title="bbox 238 2999 952 3074">
    <p class='ocr_par' dir='ltr' id='par_1_31' title="bbox 238 2999 952 3074">
     <span class='ocr_line' id='line_1_31' title="bbox 238 2999 952 3074; baseline -0.008 -13"><span class='ocrx_word' id='word_1_98' title='bbox 238 3005 316 3061; x_wconf 86' lang='lat' dir='ltr'>Et</span> <span class='ocrx_word' id='word_1_99' title='bbox 336 2999 643 3074; x_wconf 87' lang='lat' dir='ltr'>copulatur</span> <span class='ocrx_word' id='word_1_100' title='bbox 673 3000 952 3055; x_wconf 85' lang='lat' dir='ltr'>fratribus</span> 
     </span>
    </p>
   </div>
   <div class='ocr_carea' id='block_1_32' title="bbox 237 3089 942 3161">
    <p class='ocr_par' dir='ltr' id='par_1_32' title="bbox 237 3089 942 3161">
     <span class='ocr_line' id='line_1_32' title="bbox 237 3089 942 3161; baseline -0.013 -11"><span class='ocrx_word' id='word_1_101' title='bbox 237 3094 314 3150; x_wconf 84' lang='lat' dir='ltr'>Et</span> <span class='ocrx_word' id='word_1_102' title='bbox 343 3089 624 3148; x_wconf 90' lang='lat' dir='ltr'>charitate</span> <span class='ocrx_word' id='word_1_103' title='bbox 646 3089 942 3161; x_wconf 86' lang='lat' dir='ltr'>jungitur,</span> 
     </span>
    </p>
   </div>
   <div class='ocr_carea' id='block_1_33' title="bbox 238 3175 1112 3238">
    <p class='ocr_par' dir='ltr' id='par_1_33' title="bbox 238 3175 1112 3238">
     <span class='ocr_line' id='line_1_33' title="bbox 238 3175 1112 3238; baseline -0.01 0"><span class='ocrx_word' id='word_1_104' title='bbox 238 3181 394 3238; x_wconf 89' lang='lat' dir='ltr'>Dum</span> <span class='ocrx_word' id='word_1_105' title='bbox 427 3178 694 3235; x_wconf 89' lang='lat' dir='ltr'>membra</span> <span class='ocrx_word' id='word_1_106' title='bbox 721 3176 874 3232; x_wconf 89' lang='lat' dir='ltr'>locat</span> <span class='ocrx_word' id='word_1_107' title='bbox 903 3175 1112 3231; x_wconf 86' lang='lat' dir='ltr'>lectulo</span> 
     </span>
    </p>
   </div>
   <div class='ocr_carea' id='block_1_34' title="bbox 240 3265 962 3330">
    <p class='ocr_par' dir='ltr' id='par_1_34' title="bbox 240 3265 962 3330">
     <span class='ocr_line' id='line_1_34' title="bbox 240 3265 962 3330; baseline -0.01 -3"><span class='ocrx_word' id='word_1_108' title='bbox 240 3271 321 3327; x_wconf 89' lang='lat' dir='ltr'>Ac</span> <span class='ocrx_word' id='word_1_109' title='bbox 353 3267 570 3325; x_wconf 88' lang='lat' dir='ltr'>dormit</span> <span class='ocrx_word' id='word_1_110' title='bbox 599 3265 962 3330; x_wconf 89' lang='lat' dir='ltr'>dormitorio,</span> 
     </span>
    </p>
   </div>
   <div class='ocr_carea' id='block_1_35' title="bbox 252 3354 825 3428">
    <p class='ocr_par' dir='ltr' id='par_1_35' title="bbox 252 3354 825 3428">
     <span class='ocr_line' id='line_1_35' title="bbox 252 3354 825 3428; baseline -0.012 -13"><span class='ocrx_word' id='word_1_111' title='bbox 252 3360 322 3415; x_wconf 90' lang='lat' dir='ltr'>In</span> <span class='ocrx_word' id='word_1_112' title='bbox 342 3357 566 3414; x_wconf 85' lang='lat' dir='ltr'>visione</span> <span class='ocrx_word' id='word_1_113' title='bbox 596 3354 825 3428; x_wconf 86' lang='lat' dir='ltr'>placida</span> 
     </span>
    </p>
   </div>
   <div class='ocr_carea' id='block_1_36' title="bbox 245 3441 1116 3518">
    <p class='ocr_par' dir='ltr' id='par_1_36' title="bbox 245 3441 1116 3518">
     <span class='ocr_line' id='line_1_36' title="bbox 245 3441 1116 3518; baseline -0.011 -14"><span class='ocrx_word' id='word_1_114' title='bbox 245 3448 366 3504; x_wconf 85' lang='lat' dir='ltr'>Hoc</span> <span class='ocrx_word' id='word_1_115' title='bbox 397 3446 551 3518; x_wconf 88' lang='lat' dir='ltr'>quod</span> <span class='ocrx_word' id='word_1_116' title='bbox 583 3443 728 3499; x_wconf 89' lang='lat' dir='ltr'>vidit</span> <span class='ocrx_word' id='word_1_117' title='bbox 759 3443 843 3499; x_wconf 90' lang='lat' dir='ltr'>sic</span> <span class='ocrx_word' id='word_1_118' title='bbox 867 3441 1116 3497; x_wconf 90' lang='lat' dir='ltr'>intimat.</span> 
     </span>
    </p>
   </div>
   <div class='ocr_carea' id='block_1_37' title="bbox 239 3529 1042 3599">
    <p class='ocr_par' dir='ltr' id='par_1_37' title="bbox 239 3529 1042 3599">
     <span class='ocr_line' id='line_1_37' title="bbox 239 3529 1042 3599; baseline -0.01 -7"><span class='ocrx_word' id='word_1_119' title='bbox 239 3537 454 3592; x_wconf 83' lang='lat' dir='ltr'>Adesto</span> <span class='ocrx_word' id='word_1_120' title='bbox 485 3550 643 3590; x_wconf 90' lang='lat' dir='ltr'>nunc</span> <span class='ocrx_word' id='word_1_121' title='bbox 672 3529 837 3599; x_wconf 92' lang='lat' dir='ltr'>mihi,</span> <span class='ocrx_word' id='word_1_122' title='bbox 869 3532 1042 3596; x_wconf 87' lang='lat' dir='ltr'>Deus,</span> 
     </span>
    </p>
   </div>
   <div class='ocr_carea' id='block_1_38' title="bbox 241 3621 1072 3693">
    <p class='ocr_par' dir='ltr' id='par_1_38' title="bbox 241 3621 1072 3693">
     <span class='ocr_line' id='line_1_38' title="bbox 241 3621 1072 3693; baseline -0.01 -12"><span class='ocrx_word' id='word_1_123' title='bbox 241 3625 348 3692; x_wconf 86' lang='lat' dir='ltr'>Qui</span> <span class='ocrx_word' id='word_1_124' title='bbox 375 3641 438 3680; x_wconf 91' lang='lat' dir='ltr'>es</span> <span class='ocrx_word' id='word_1_125' title='bbox 468 3639 623 3678; x_wconf 88' lang='lat' dir='ltr'>unus</span> <span class='ocrx_word' id='word_1_126' title='bbox 653 3625 827 3693; x_wconf 87' lang='lat' dir='ltr'>atque</span> <span class='ocrx_word' id='word_1_127' title='bbox 859 3621 1072 3681; x_wconf 85' lang='lat' dir='ltr'>trinus,</span> 
     </span>
    </p>
   </div>
   <div class='ocr_carea' id='block_1_39' title="bbox 237 3709 885 3782">
    <p class='ocr_par' dir='ltr' id='par_1_39' title="bbox 237 3709 885 3782">
     <span class='ocr_line' id='line_1_39' title="bbox 237 3709 885 3782; baseline -0.008 -15"><span class='ocrx_word' id='word_1_128' title='bbox 237 3713 306 3767; x_wconf 87' lang='lat' dir='ltr'>Et</span> <span class='ocrx_word' id='word_1_129' title='bbox 335 3711 588 3766; x_wconf 87' lang='lat' dir='ltr'>visiones</span> <span class='ocrx_word' id='word_1_130' title='bbox 619 3709 885 3782; x_wconf 87' lang='lat' dir='ltr'>gravidas</span> 
     </span>
    </p>
   </div>
   <div class='ocr_carea' id='block_1_40' title="bbox 236 3797 790 3870">
    <p class='ocr_par' dir='ltr' id='par_1_40' title="bbox 236 3797 790 3870">
     <span class='ocr_line' id='line_1_40' title="bbox 236 3797 790 3870; baseline -0.009 -14"><span class='ocrx_word' id='word_1_131' title='bbox 236 3797 551 3856; x_wconf 87' lang='lat' dir='ltr'>Ezechielis</span> <span class='ocrx_word' id='word_1_132' title='bbox 579 3797 790 3870; x_wconf 89' lang='lat' dir='ltr'>aperis,</span> 
     </span>
    </p>
   </div>
   <div class='ocr_carea' id='block_1_41' title="bbox 236 3885 855 3944">
    <p class='ocr_par' dir='ltr' id='par_1_41' title="bbox 236 3885 855 3944">
     <span class='ocr_line' id='line_1_41' title="bbox 236 3885 855 3944; baseline -0.01 0"><span class='ocrx_word' id='word_1_133' title='bbox 236 3891 313 3944; x_wconf 90' lang='lat' dir='ltr'>Ac</span> <span class='ocrx_word' id='word_1_134' title='bbox 342 3885 600 3944; x_wconf 85' lang='lat' dir='ltr'>Danielis</span> <span class='ocrx_word' id='word_1_135' title='bbox 625 3885 855 3940; x_wconf 87' lang='lat' dir='ltr'>abditas</span> 
     </span>
    </p>
   </div>
   <div class='ocr_carea' id='block_1_42' title="bbox 240 3973 830 4031">
    <p class='ocr_par' dir='ltr' id='par_1_42' title="bbox 240 3973 830 4031">
     <span class='ocr_line' id='line_1_42' title="bbox 240 3973 830 4031; baseline -0.003 -3"><span class='ocrx_word' id='word_1_136' title='bbox 240 3975 508 4031; x_wconf 87' lang='lat' dir='ltr'>Visiones</span> <span class='ocrx_word' id='word_1_137' title='bbox 539 3973 797 4029; x_wconf 89' lang='lat' dir='ltr'>elucidas</span> <span class='ocrx_word' id='word_1_138' title='bbox 819 3974 830 4026; x_wconf 86' lang='lat'>!</span> 
     </span>
    </p>
   </div>
   <div class='ocr_carea' id='block_1_43' title="bbox 307 4061 1037 4118">
    <p class='ocr_par' dir='ltr' id='par_1_43' title="bbox 307 4061 1037 4118">
     <span class='ocr_line' id='line_1_43' title="bbox 307 4061 1037 4118; baseline -0.007 0"><span class='ocrx_word' id='word_1_139' title='bbox 307 4063 506 4118; x_wconf 88' lang='lat' dir='ltr'>Pande</span> <span class='ocrx_word' id='word_1_140' title='bbox 536 4061 854 4117; x_wconf 88' lang='lat' dir='ltr'>salutarem</span> <span class='ocrx_word' id='word_1_141' title='bbox 884 4061 1037 4114; x_wconf 85' lang='lat' dir='ltr'>viam</span> 
     </span>
    </p>
   </div>
   <div class='ocr_carea' id='block_1_44' title="bbox 241 4147 1026 4214">
    <p class='ocr_par' dir='ltr' id='par_1_44' title="bbox 241 4147 1026 4214">
     <span class='ocr_line' id='line_1_44' title="bbox 241 4147 1026 4214; baseline -0.011 -6"><span class='ocrx_word' id='word_1_142' title='bbox 241 4151 313 4208; x_wconf 90' lang='lat' dir='ltr'>Ut</span> <span class='ocrx_word' id='word_1_143' title='bbox 343 4151 548 4206; x_wconf 87' lang='lat' dir='ltr'>laudes</span> <span class='ocrx_word' id='word_1_144' title='bbox 577 4153 711 4204; x_wconf 90' lang='lat' dir='ltr'>tuas</span> <span class='ocrx_word' id='word_1_145' title='bbox 741 4147 1026 4214; x_wconf 89' lang='lat' dir='ltr'>nuntiem,</span> 
     </span>
    </p>
   </div>
   <div class='ocr_carea' id='block_1_45' title="bbox 235 4235 951 4309">
    <p class='ocr_par' dir='ltr' id='par_1_45' title="bbox 235 4235 951 4309">
     <span class='ocr_line' id='line_1_45' title="bbox 235 4235 951 4309; baseline -0.013 -12"><span class='ocrx_word' id='word_1_146' title='bbox 235 4239 503 4306; x_wconf 86' lang='lat' dir='ltr'>Qualiter</span> <span class='ocrx_word' id='word_1_147' title='bbox 533 4237 724 4309; x_wconf 89' lang='lat' dir='ltr'>ruptis</span> <span class='ocrx_word' id='word_1_148' title='bbox 750 4235 951 4290; x_wconf 86' lang='lat' dir='ltr'>inferis</span> 
     </span>
    </p>
   </div>
   <div class='ocr_carea' id='block_1_46' title="bbox 233 4322 898 4389">
    <p class='ocr_par' dir='ltr' id='par_1_46' title="bbox 233 4322 898 4389">
     <span class='ocr_line' id='line_1_46' title="bbox 233 4322 898 4389; baseline -0.012 -5"><span class='ocrx_word' id='word_1_149' title='bbox 233 4328 480 4384; x_wconf 88' lang='lat' dir='ltr'>Animas</span> <span class='ocrx_word' id='word_1_150' title='bbox 507 4325 644 4380; x_wconf 91' lang='lat' dir='ltr'>inde</span> <span class='ocrx_word' id='word_1_151' title='bbox 676 4322 898 4389; x_wconf 90' lang='lat' dir='ltr'>tuleris,</span> 
     </span>
    </p>
   </div>
   <div class='ocr_carea' id='block_1_47' title="bbox 237 4413 944 4487">
    <p class='ocr_par' dir='ltr' id='par_1_47' title="bbox 237 4413 944 4487">
     <span class='ocr_line' id='line_1_47' title="bbox 237 4413 944 4487; baseline -0.011 -15"><span class='ocrx_word' id='word_1_152' title='bbox 237 4415 302 4472; x_wconf 92' lang='lat' dir='ltr'>In</span> <span class='ocrx_word' id='word_1_153' title='bbox 336 4413 634 4487; x_wconf 89' lang='lat' dir='ltr'>passionis</span> <span class='ocrx_word' id='word_1_154' title='bbox 666 4415 944 4481; x_wconf 89' lang='lat' dir='ltr'>tempore,</span> 
     </span>
    </p>
   </div>
   <div class='ocr_carea' id='block_1_48' title="bbox 235 4499 996 4567">
    <p class='ocr_par' dir='ltr' id='par_1_48' title="bbox 235 4499 996 4567">
     <span class='ocr_line' id='line_1_48' title="bbox 235 4499 996 4567; baseline -0.007 -9"><span class='ocrx_word' id='word_1_155' title='bbox 235 4503 303 4558; x_wconf 85' lang='lat' dir='ltr'>Et</span> <span class='ocrx_word' id='word_1_156' title='bbox 331 4503 390 4558; x_wconf 89' lang='lat' dir='ltr'>in</span> <span class='ocrx_word' id='word_1_157' title='bbox 421 4500 656 4558; x_wconf 62' lang='lat' dir='ltr'>Pascha</span> <span class='ocrx_word' id='word_1_158' title='bbox 687 4515 850 4555; x_wconf 91' lang='lat' dir='ltr'>sacro</span> <span class='ocrx_word' id='word_1_159' title='bbox 882 4499 996 4567; x_wconf 90' lang='lat' dir='ltr'>die,</span> 
     </span>
    </p>
   </div>
   <div class='ocr_carea' id='block_1_49' title="bbox 234 4587 946 4663">
    <p class='ocr_par' dir='ltr' id='par_1_49' title="bbox 234 4587 946 4663">
     <span class='ocr_line' id='line_1_49' title="bbox 234 4587 946 4663; baseline -0.007 -16"><span class='ocrx_word' id='word_1_160' title='bbox 234 4590 299 4647; x_wconf 91' lang='lat' dir='ltr'>In</span> <span class='ocrx_word' id='word_1_161' title='bbox 329 4607 447 4663; x_wconf 89' lang='lat' dir='ltr'>qua</span> <span class='ocrx_word' id='word_1_162' title='bbox 476 4593 634 4646; x_wconf 89' lang='lat' dir='ltr'>totus</span> <span class='ocrx_word' id='word_1_163' title='bbox 663 4587 946 4660; x_wconf 87' lang='lat' dir='ltr'>tripudiat</span> 
     </span>
    </p>
   </div>
   <div class='ocr_carea' id='block_1_50' title="bbox 235 4676 1044 4735">
    <p class='ocr_par' dir='ltr' id='par_1_50' title="bbox 235 4676 1044 4735">
     <span class='ocr_line' id='line_1_50' title="bbox 235 4676 1044 4735; baseline -0.009 0"><span class='ocrx_word' id='word_1_164' title='bbox 235 4677 405 4735; x_wconf 81' lang='lat' dir='ltr'>Orbis</span> <span class='ocrx_word' id='word_1_165' title='bbox 434 4676 613 4733; x_wconf 89' lang='lat' dir='ltr'>simul</span> <span class='ocrx_word' id='word_1_166' title='bbox 644 4679 702 4732; x_wconf 89' lang='lat' dir='ltr'>et</span> <span class='ocrx_word' id='word_1_167' title='bbox 730 4677 1044 4730; x_wconf 84' lang='lat' dir='ltr'>consonat!</span> 
     </span>
    </p>
   </div>
   <div class='ocr_carea' id='block_1_51' title="bbox 301 4761 1126 4836">
    <p class='ocr_par' dir='ltr' id='par_1_51' title="bbox 301 4761 1126 4836">
     <span class='ocr_line' id='line_1_51' title="bbox 301 4761 1126 4836; baseline -0.004 -15"><span class='ocrx_word' id='word_1_168' title='bbox 301 4766 456 4821; x_wconf 91' lang='lat' dir='ltr'>Dum</span> <span class='ocrx_word' id='word_1_169' title='bbox 485 4781 660 4836; x_wconf 88' lang='lat' dir='ltr'>sopor</span> <span class='ocrx_word' id='word_1_170' title='bbox 686 4763 900 4835; x_wconf 89' lang='lat' dir='ltr'>premit</span> <span class='ocrx_word' id='word_1_171' title='bbox 928 4761 1126 4818; x_wconf 87' lang='lat' dir='ltr'>oculos</span> 
     </span>
    </p>
   </div>
   <div class='ocr_carea' id='block_1_52' title="bbox 233 4849 993 4924">
    <p class='ocr_par' dir='ltr' id='par_1_52' title="bbox 233 4849 993 4924">
     <span class='ocr_line' id='line_1_52' title="bbox 233 4849 993 4924; baseline -0.001 -17"><span class='ocrx_word' id='word_1_172' title='bbox 233 4852 303 4908; x_wconf 87' lang='lat' dir='ltr'>Et</span> <span class='ocrx_word' id='word_1_173' title='bbox 332 4867 545 4924; x_wconf 88' lang='lat' dir='ltr'>corpus</span> <span class='ocrx_word' id='word_1_174' title='bbox 576 4851 752 4907; x_wconf 87' lang='lat' dir='ltr'>cubat</span> <span class='ocrx_word' id='word_1_175' title='bbox 781 4849 993 4906; x_wconf 89' lang='lat' dir='ltr'>lectulo</span> 
     </span>
    </p>
   </div>
   <div class='ocr_carea' id='block_1_53' title="bbox 233 4936 854 5011">
    <p class='ocr_par' dir='ltr' id='par_1_53' title="bbox 233 4936 854 5011">
     <span class='ocr_line' id='line_1_53' title="bbox 233 4936 854 5011; baseline -0.01 -15"><span class='ocrx_word' id='word_1_176' title='bbox 233 4937 298 4996; x_wconf 89' lang='lat' dir='ltr'>In</span> <span class='ocrx_word' id='word_1_177' title='bbox 329 4938 556 5011; x_wconf 89' lang='lat' dir='ltr'>pulpito</span> <span class='ocrx_word' id='word_1_178' title='bbox 587 4936 854 5010; x_wconf 87' lang='lat' dir='ltr'>Remigii,</span> 
     </span>
    </p>
   </div>
   <div class='ocr_carea' id='block_1_54' title="bbox 235 5025 792 5100">
    <p class='ocr_par' dir='ltr' id='par_1_54' title="bbox 235 5025 792 5100">
     <span class='ocr_line' id='line_1_54' title="bbox 235 5025 792 5100; baseline -0.004 -18"><span class='ocrx_word' id='word_1_179' title='bbox 235 5025 533 5084; x_wconf 80' lang='lat' dir='ltr'>Pontiﬁcis</span> <span class='ocrx_word' id='word_1_180' title='bbox 556 5026 792 5100; x_wconf 88' lang='lat' dir='ltr'>egregii,</span> 
     </span>
    </p>
   </div>
   <div class='ocr_carea' id='block_1_55' title="bbox 234 5113 1172 5187">
    <p class='ocr_par' dir='ltr' id='par_1_55' title="bbox 234 5113 1172 5187">
     <span class='ocr_line' id='line_1_55' title="bbox 234 5113 1172 5187; baseline -0.004 -16"><span class='ocrx_word' id='word_1_181' title='bbox 234 5113 325 5171; x_wconf 84' lang='lat' dir='ltr'>Me</span> <span class='ocrx_word' id='word_1_182' title='bbox 357 5114 552 5171; x_wconf 89' lang='lat' dir='ltr'>ubito</span> <span class='ocrx_word' id='word_1_183' title='bbox 579 5113 1007 5187; x_wconf 81' lang='lat' dir='ltr'>transpositum</span> <span class='ocrx_word' id='word_1_184' title='bbox 1061 5181 1068 5184; x_wconf 94' lang='lat'><strong><em>_</em></strong></span> <span class='ocrx_word' id='word_1_185' title='bbox 1167 5162 1172 5167; x_wconf 91' lang='lat'>.</span> 
     </span>
    </p>
   </div>
   <div class='ocr_carea' id='block_1_56' title="bbox 1371 295 2532 361">
    <p class='ocr_par' dir='ltr' id='par_1_56' title="bbox 1371 295 2532 361">
     <span class='ocr_line' id='line_1_56' title="bbox 1371 295 2532 361; baseline 0.001 -4"><span class='ocrx_word' id='word_1_186' title='bbox 1371 295 1700 360; x_wconf 85' lang='lat' dir='ltr'>ANSELLI</span> <span class='ocrx_word' id='word_1_187' title='bbox 1748 296 2254 361; x_wconf 83' lang='lat' dir='ltr'>SCHOLAS&#39;I‘ICI</span> <span class='ocrx_word' id='word_1_188' title='bbox 2299 296 2532 361; x_wconf 83' lang='lat' dir='ltr'>VISIO.</span> 
     </span>
    </p>
   </div>
   <div class='ocr_carea' id='block_1_57' title="bbox 1420 430 1945 486">
    <p class='ocr_par' dir='ltr' id='par_1_57' title="bbox 1420 430 1945 486">
     <span class='ocr_line' id='line_1_57' title="bbox 1420 430 1945 486; baseline 0.004 -3"><span class='ocrx_word' id='word_1_189' title='bbox 1420 430 1654 485; x_wconf 84' lang='lat' dir='ltr'>Diacoui</span> <span class='ocrx_word' id='word_1_190' title='bbox 1689 432 1945 486; x_wconf 78' lang='lat' dir='ltr'>ofﬁcium</span> 
     </span>
    </p>
   </div>
   <div class='ocr_carea' id='block_1_58' title="bbox 1416 520 2068 575">
    <p class='ocr_par' dir='ltr' id='par_1_58' title="bbox 1416 520 2068 575">
     <span class='ocr_line' id='line_1_58' title="bbox 1416 520 2068 575; baseline 0.002 -2"><span class='ocrx_word' id='word_1_191' title='bbox 1416 520 1749 575; x_wconf 86' lang='lat' dir='ltr'>Miuistrare</span> <span class='ocrx_word' id='word_1_192' title='bbox 1782 536 1874 574; x_wconf 85' lang='lat' dir='ltr'>me</span> <span class='ocrx_word' id='word_1_193' title='bbox 1905 520 2068 574; x_wconf 85' lang='lat' dir='ltr'>video</span> 
     </span>
    </p>
   </div>
   <div class='ocr_carea' id='block_1_59' title="bbox 1409 608 2215 680">
    <p class='ocr_par' dir='ltr' id='par_1_59' title="bbox 1409 608 2215 680">
     <span class='ocr_line' id='line_1_59' title="bbox 1409 608 2215 680; baseline -0.002 -16"><span class='ocrx_word' id='word_1_194' title='bbox 1409 613 1613 664; x_wconf 88' lang='lat' dir='ltr'>Coram</span> <span class='ocrx_word' id='word_1_195' title='bbox 1648 611 1950 680; x_wconf 84' lang='lat' dir='ltr'>spectante</span> <span class='ocrx_word' id='word_1_196' title='bbox 1981 608 2215 680; x_wconf 92' lang='lat' dir='ltr'>populo.</span> 
     </span>
    </p>
   </div>
   <div class='ocr_carea' id='block_1_60' title="bbox 1412 696 2036 753">
    <p class='ocr_par' dir='ltr' id='par_1_60' title="bbox 1412 696 2036 753">
     <span class='ocr_line' id='line_1_60' title="bbox 1412 696 2036 753; baseline 0 -1"><span class='ocrx_word' id='word_1_197' title='bbox 1412 698 1549 752; x_wconf 87' lang='lat' dir='ltr'>Erat</span> <span class='ocrx_word' id='word_1_198' title='bbox 1578 696 1702 753; x_wconf 90' lang='lat' dir='ltr'>dies</span> <span class='ocrx_word' id='word_1_199' title='bbox 1734 696 2036 753; x_wconf 87' lang='lat' dir='ltr'>Dominiea</span> 
     </span>
    </p>
   </div>
   <div class='ocr_carea' id='block_1_61' title="bbox 1414 785 2194 859">
    <p class='ocr_par' dir='ltr' id='par_1_61' title="bbox 1414 785 2194 859">
     <span class='ocr_line' id='line_1_61' title="bbox 1414 785 2194 859; baseline 0.003 -19"><span class='ocrx_word' id='word_1_200' title='bbox 1414 787 1536 852; x_wconf 89' lang='lat' dir='ltr'>Qua</span> <span class='ocrx_word' id='word_1_201' title='bbox 1565 786 1902 842; x_wconf 64' lang='lat' dir='ltr'>Judaaorum</span> <span class='ocrx_word' id='word_1_202' title='bbox 1935 785 2033 859; x_wconf 91' lang='lat' dir='ltr'>plu</span> <span class='ocrx_word' id='word_1_203' title='bbox 2045 786 2194 842; x_wconf 83' lang='lat' dir='ltr'>rima</span> 
     </span>
    </p>
   </div>
   <div class='ocr_carea' id='block_1_62' title="bbox 1412 875 2123 948">
    <p class='ocr_par' dir='ltr' id='par_1_62' title="bbox 1412 875 2123 948">
     <span class='ocr_line' id='line_1_62' title="bbox 1412 875 2123 948; baseline 0 -18"><span class='ocrx_word' id='word_1_204' title='bbox 1412 876 1609 930; x_wconf 86' lang='lat' dir='ltr'>Turba</span> <span class='ocrx_word' id='word_1_205' title='bbox 1639 875 1922 948; x_wconf 83' lang='lat' dir='ltr'>processit</span> <span class='ocrx_word' id='word_1_206' title='bbox 1952 875 2123 930; x_wconf 85' lang='lat' dir='ltr'>obvia</span> 
     </span>
    </p>
   </div>
   <div class='ocr_carea' id='block_1_63' title="bbox 1422 963 2158 1030">
    <p class='ocr_par' dir='ltr' id='par_1_63' title="bbox 1422 963 2158 1030">
     <span class='ocr_line' id='line_1_63' title="bbox 1422 963 2158 1030; baseline 0 -11"><span class='ocrx_word' id='word_1_207' title='bbox 1422 963 1672 1030; x_wconf 87' lang='lat' dir='ltr'>Christo,</span> <span class='ocrx_word' id='word_1_208' title='bbox 1711 963 1852 1020; x_wconf 81' lang='lat' dir='ltr'>Filio</span> <span class='ocrx_word' id='word_1_209' title='bbox 1883 964 2158 1030; x_wconf 90' lang='lat' dir='ltr'>hominis,</span> 
     </span>
    </p>
   </div>
   <div class='ocr_carea' id='block_1_64' title="bbox 1417 1052 1948 1108">
    <p class='ocr_par' dir='ltr' id='par_1_64' title="bbox 1417 1052 1948 1108">
     <span class='ocr_line' id='line_1_64' title="bbox 1417 1052 1948 1108; baseline 0.004 -2"><span class='ocrx_word' id='word_1_210' title='bbox 1417 1052 1486 1107; x_wconf 85' lang='lat' dir='ltr'>Et</span> <span class='ocrx_word' id='word_1_211' title='bbox 1513 1069 1643 1108; x_wconf 91' lang='lat' dir='ltr'>vere</span> <span class='ocrx_word' id='word_1_212' title='bbox 1674 1052 1815 1108; x_wconf 85' lang='lat' dir='ltr'>Filio</span> <span class='ocrx_word' id='word_1_213' title='bbox 1847 1053 1948 1108; x_wconf 90' lang='lat' dir='ltr'>Dei</span> 
     </span>
    </p>
   </div>
   <div class='ocr_carea' id='block_1_65' title="bbox 1418 1139 2198 1212">
    <p class='ocr_par' dir='ltr' id='par_1_65' title="bbox 1418 1139 2198 1212">
     <span class='ocr_line' id='line_1_65' title="bbox 1418 1139 2198 1212; baseline 0 -18"><span class='ocrx_word' id='word_1_214' title='bbox 1418 1140 1542 1195; x_wconf 89' lang='lat' dir='ltr'>Non</span> <span class='ocrx_word' id='word_1_215' title='bbox 1576 1145 1774 1196; x_wconf 85' lang='lat' dir='ltr'>narrat</span> <span class='ocrx_word' id='word_1_216' title='bbox 1803 1139 2198 1212; x_wconf 82' lang='lat' dir='ltr'>Evangelium.</span> 
     </span>
    </p>
   </div>
   <div class='ocr_carea' id='block_1_66' title="bbox 1414 1227 2340 1301">
    <p class='ocr_par' dir='ltr' id='par_1_66' title="bbox 1414 1227 2340 1301">
     <span class='ocr_line' id='line_1_66' title="bbox 1414 1227 2340 1301; baseline -0.001 -18"><span class='ocrx_word' id='word_1_217' title='bbox 1414 1230 1728 1301; x_wconf 85' lang='lat' dir='ltr'>Postquam</span> <span class='ocrx_word' id='word_1_218' title='bbox 1760 1229 1913 1284; x_wconf 87' lang='lat' dir='ltr'>venit</span> <span class='ocrx_word' id='word_1_219' title='bbox 1944 1229 2003 1284; x_wconf 92' lang='lat' dir='ltr'>in</span> <span class='ocrx_word' id='word_1_220' title='bbox 2038 1227 2340 1293; x_wconf 68' lang='lat' dir='ltr'>saeculum,</span> 
     </span>
    </p>
   </div>
   <div class='ocr_carea' id='block_1_67' title="bbox 1416 1317 2217 1381">
    <p class='ocr_par' dir='ltr' id='par_1_67' title="bbox 1416 1317 2217 1381">
     <span class='ocr_line' id='line_1_67' title="bbox 1416 1317 2217 1381; baseline -0.001 -10"><span class='ocrx_word' id='word_1_221' title='bbox 1416 1319 1574 1381; x_wconf 82' lang='lat' dir='ltr'>Quod</span> <span class='ocrx_word' id='word_1_222' title='bbox 1609 1322 1807 1373; x_wconf 86' lang='lat' dir='ltr'>tantus</span> <span class='ocrx_word' id='word_1_223' title='bbox 1834 1317 2018 1372; x_wconf 89' lang='lat' dir='ltr'>honor</span> <span class='ocrx_word' id='word_1_224' title='bbox 2047 1317 2217 1371; x_wconf 89' lang='lat' dir='ltr'>fuerit</span> 
     </span>
    </p>
   </div>
   <div class='ocr_carea' id='block_1_68' title="bbox 1415 1405 2032 1479">
    <p class='ocr_par' dir='ltr' id='par_1_68' title="bbox 1415 1405 2032 1479">
     <span class='ocr_line' id='line_1_68' title="bbox 1415 1405 2032 1479; baseline -0.003 -18"><span class='ocrx_word' id='word_1_225' title='bbox 1415 1406 1500 1461; x_wconf 92' lang='lat' dir='ltr'>Illi</span> <span class='ocrx_word' id='word_1_226' title='bbox 1533 1409 1706 1462; x_wconf 81' lang='lat' dir='ltr'>datus</span> <span class='ocrx_word' id='word_1_227' title='bbox 1738 1425 1770 1462; x_wconf 87' lang='lat' dir='ltr'>a</span> <span class='ocrx_word' id='word_1_228' title='bbox 1801 1405 2032 1479; x_wconf 87' lang='lat' dir='ltr'>populis</span> 
     </span>
    </p>
   </div>
   <div class='ocr_carea' id='block_1_69' title="bbox 1421 1494 2119 1568">
    <p class='ocr_par' dir='ltr' id='par_1_69' title="bbox 1421 1494 2119 1568">
     <span class='ocr_line' id='line_1_69' title="bbox 1421 1494 2119 1568; baseline -0.001 -18"><span class='ocrx_word' id='word_1_229' title='bbox 1421 1497 1683 1559; x_wconf 85' lang='lat' dir='ltr'>Quantus</span> <span class='ocrx_word' id='word_1_230' title='bbox 1715 1495 1840 1568; x_wconf 86' lang='lat' dir='ltr'>ipso</span> <span class='ocrx_word' id='word_1_231' title='bbox 1871 1495 1963 1550; x_wconf 90' lang='lat' dir='ltr'>die</span> <span class='ocrx_word' id='word_1_232' title='bbox 1991 1494 2119 1549; x_wconf 87' lang='lat' dir='ltr'>fuit.</span> 
     </span>
    </p>
   </div>
   <div class='ocr_carea' id='block_1_70' title="bbox 1416 1583 2234 1654">
    <p class='ocr_par' dir='ltr' id='par_1_70' title="bbox 1416 1583 2234 1654">
     <span class='ocr_line' id='line_1_70' title="bbox 1416 1583 2234 1654; baseline -0.002 -16"><span class='ocrx_word' id='word_1_233' title='bbox 1416 1584 1722 1639; x_wconf 83' lang='lat' dir='ltr'>Hosanna!</span> <span class='ocrx_word' id='word_1_234' title='bbox 1759 1583 2015 1638; x_wconf 86' lang='lat' dir='ltr'>clamant</span> <span class='ocrx_word' id='word_1_235' title='bbox 2045 1583 2234 1654; x_wconf 89' lang='lat' dir='ltr'>pueri,</span> 
     </span>
    </p>
   </div>
   <div class='ocr_carea' id='block_1_71' title="bbox 1420 1670 2169 1741">
    <p class='ocr_par' dir='ltr' id='par_1_71' title="bbox 1420 1670 2169 1741">
     <span class='ocr_line' id='line_1_71' title="bbox 1420 1670 2169 1741; baseline -0.004 -15"><span class='ocrx_word' id='word_1_236' title='bbox 1420 1671 1768 1727; x_wconf 84' lang='lat' dir='ltr'>Benedictus</span> <span class='ocrx_word' id='word_1_237' title='bbox 1799 1675 1854 1726; x_wconf 89' lang='lat' dir='ltr'>et</span> <span class='ocrx_word' id='word_1_238' title='bbox 1884 1671 1980 1741; x_wconf 85' lang='lat' dir='ltr'>qui</span> <span class='ocrx_word' id='word_1_239' title='bbox 2013 1670 2169 1724; x_wconf 83' lang='lat' dir='ltr'>venit</span> 
     </span>
    </p>
   </div>
   <div class='ocr_carea' id='block_1_72' title="bbox 1418 1756 2230 1815">
    <p class='ocr_par' dir='ltr' id='par_1_72' title="bbox 1418 1756 2230 1815">
     <span class='ocr_line' id='line_1_72' title="bbox 1418 1756 2230 1815; baseline -0.006 0"><span class='ocrx_word' id='word_1_240' title='bbox 1418 1760 1478 1815; x_wconf 91' lang='lat' dir='ltr'>In</span> <span class='ocrx_word' id='word_1_241' title='bbox 1513 1759 1750 1814; x_wconf 89' lang='lat' dir='ltr'>nomine</span> <span class='ocrx_word' id='word_1_242' title='bbox 1781 1775 1937 1814; x_wconf 91' lang='lat' dir='ltr'>nunc</span> <span class='ocrx_word' id='word_1_243' title='bbox 1960 1757 2190 1813; x_wconf 88' lang='lat' dir='ltr'>Domini</span> <span class='ocrx_word' id='word_1_244' title='bbox 2218 1756 2230 1810; x_wconf 84' lang='lat' dir='ltr'>l</span> 
     </span>
    </p>
   </div>
   <div class='ocr_carea' id='block_1_73' title="bbox 1417 1847 2116 1920">
    <p class='ocr_par' dir='ltr' id='par_1_73' title="bbox 1417 1847 2116 1920">
     <span class='ocr_line' id='line_1_73' title="bbox 1417 1847 2116 1920; baseline -0.004 -17"><span class='ocrx_word' id='word_1_245' title='bbox 1417 1849 1605 1919; x_wconf 78' lang='lat' dir='ltr'>liuius</span> <span class='ocrx_word' id='word_1_246' title='bbox 1636 1847 1876 1902; x_wconf 88' lang='lat' dir='ltr'>honoris</span> <span class='ocrx_word' id='word_1_247' title='bbox 1909 1847 2116 1920; x_wconf 88' lang='lat' dir='ltr'>gratia,</span> 
     </span>
    </p>
   </div>
   <div class='ocr_carea' id='block_1_74' title="bbox 1417 1935 2104 2002">
    <p class='ocr_par' dir='ltr' id='par_1_74' title="bbox 1417 1935 2104 2002">
     <span class='ocr_line' id='line_1_74' title="bbox 1417 1935 2104 2002; baseline -0.003 -11"><span class='ocrx_word' id='word_1_248' title='bbox 1417 1936 1583 1992; x_wconf 90' lang='lat' dir='ltr'>Plebs</span> <span class='ocrx_word' id='word_1_249' title='bbox 1618 1936 1814 1991; x_wconf 90' lang='lat' dir='ltr'>invida</span> <span class='ocrx_word' id='word_1_250' title='bbox 1841 1935 2104 2002; x_wconf 87' lang='lat' dir='ltr'>Judaica,</span> 
     </span>
    </p>
   </div>
   <div class='ocr_carea' id='block_1_75' title="bbox 1419 2025 2301 2094">
    <p class='ocr_par' dir='ltr' id='par_1_75' title="bbox 1419 2025 2301 2094">
     <span class='ocr_line' id='line_1_75' title="bbox 1419 2025 2301 2094; baseline -0.003 -13"><span class='ocrx_word' id='word_1_251' title='bbox 1419 2025 1714 2081; x_wconf 88' lang='lat' dir='ltr'>Christum</span> <span class='ocrx_word' id='word_1_252' title='bbox 1747 2025 1900 2080; x_wconf 89' lang='lat' dir='ltr'>cruci</span> <span class='ocrx_word' id='word_1_253' title='bbox 1936 2025 2301 2094; x_wconf 80' lang='lat' dir='ltr'>adjudicans,</span> 
     </span>
    </p>
   </div>
   <div class='ocr_carea' id='block_1_76' title="bbox 1424 2113 2056 2183">
    <p class='ocr_par' dir='ltr' id='par_1_76' title="bbox 1424 2113 2056 2183">
     <span class='ocr_line' id='line_1_76' title="bbox 1424 2113 2056 2183; baseline 0.002 -16"><span class='ocrx_word' id='word_1_254' title='bbox 1424 2113 1682 2167; x_wconf 86' lang='lat' dir='ltr'>Passieni</span> <span class='ocrx_word' id='word_1_255' title='bbox 1718 2113 2056 2183; x_wconf 86' lang='lat' dir='ltr'>subjiciens,</span> 
     </span>
    </p>
   </div>
   <div class='ocr_carea' id='block_1_77' title="bbox 1419 2201 2516 2273">
    <p class='ocr_par' dir='ltr' id='par_1_77' title="bbox 1419 2201 2516 2273">
     <span class='ocr_line' id='line_1_77' title="bbox 1419 2201 2516 2273; baseline -0.001 -17"><span class='ocrx_word' id='word_1_256' title='bbox 1419 2202 1596 2256; x_wconf 89' lang='lat' dir='ltr'>Latus</span> <span class='ocrx_word' id='word_1_257' title='bbox 1627 2201 1827 2256; x_wconf 86' lang='lat' dir='ltr'>lancea</span> <span class='ocrx_word' id='word_1_258' title='bbox 1861 2201 2163 2273; x_wconf 89' lang='lat' dir='ltr'>pungitur,</span> <span class='ocrx_word' id='word_1_259' title='bbox 2198 2201 2516 2270; x_wconf 51' lang='lat' dir='ltr'>duntur‘ﬂ;</span> 
     </span>
    </p>
   </div>
   <div class='ocr_carea' id='block_1_78' title="bbox 1415 2288 2500 2361">
    <p class='ocr_par' dir='ltr' id='par_1_78' title="bbox 1415 2288 2500 2361">
     <span class='ocr_line' id='line_1_78' title="bbox 1415 2288 2500 2361; baseline -0.001 -16"><span class='ocrx_word' id='word_1_260' title='bbox 1415 2289 1668 2361; x_wconf 91' lang='lat' dir='ltr'>Sanguis</span> <span class='ocrx_word' id='word_1_261' title='bbox 1697 2293 1754 2344; x_wconf 89' lang='lat' dir='ltr'>et</span> <span class='ocrx_word' id='word_1_262' title='bbox 1784 2305 1937 2360; x_wconf 91' lang='lat' dir='ltr'>aqua</span> <span class='ocrx_word' id='word_1_263' title='bbox 1968 2288 2236 2344; x_wconf 88' lang='lat' dir='ltr'>funditur</span> <span class='ocrx_word' id='word_1_264' title='bbox 2266 2290 2325 2358; x_wconf 85' lang='lat' dir='ltr'>[t.</span> <span class='ocrx_word' id='word_1_265' title='bbox 2378 2289 2500 2344; x_wconf 85' lang='lat' dir='ltr'>fun-</span> 
     </span>
    </p>
   </div>
   <div class='ocr_carea' id='block_1_79' title="bbox 1420 2378 2124 2450">
    <p class='ocr_par' dir='ltr' id='par_1_79' title="bbox 1420 2378 2124 2450">
     <span class='ocr_line' id='line_1_79' title="bbox 1420 2378 2124 2450; baseline -0.003 -16"><span class='ocrx_word' id='word_1_266' title='bbox 1420 2378 1630 2434; x_wconf 84' lang='lat' dir='ltr'>Anima</span> <span class='ocrx_word' id='word_1_267' title='bbox 1651 2395 1862 2450; x_wconf 92' lang='lat' dir='ltr'>corpus</span> <span class='ocrx_word' id='word_1_268' title='bbox 1892 2379 2124 2434; x_wconf 88' lang='lat' dir='ltr'>deserit.</span> 
     </span>
    </p>
   </div>
   <div class='ocr_carea' id='block_1_80' title="bbox 1413 2467 2118 2523">
    <p class='ocr_par' dir='ltr' id='par_1_80' title="bbox 1413 2467 2118 2523">
     <span class='ocr_line' id='line_1_80' title="bbox 1413 2467 2118 2523; baseline -0.001 -1"><span class='ocrx_word' id='word_1_269' title='bbox 1413 2468 1473 2523; x_wconf 87' lang='lat' dir='ltr'>In</span> <span class='ocrx_word' id='word_1_270' title='bbox 1501 2485 1712 2523; x_wconf 89' lang='lat' dir='ltr'>manus</span> <span class='ocrx_word' id='word_1_271' title='bbox 1744 2467 1931 2523; x_wconf 90' lang='lat' dir='ltr'>Patris</span> <span class='ocrx_word' id='word_1_272' title='bbox 1961 2467 2118 2522; x_wconf 89' lang='lat' dir='ltr'>abiit.</span> 
     </span>
    </p>
   </div>
   <div class='ocr_carea' id='block_1_81' title="bbox 1414 2555 2213 2629">
    <p class='ocr_par' dir='ltr' id='par_1_81' title="bbox 1414 2555 2213 2629">
     <span class='ocr_line' id='line_1_81' title="bbox 1414 2555 2213 2629; baseline -0.003 -17"><span class='ocrx_word' id='word_1_273' title='bbox 1414 2556 1573 2612; x_wconf 83' lang='lat' dir='ltr'>Hanc</span> <span class='ocrx_word' id='word_1_274' title='bbox 1600 2556 1936 2629; x_wconf 88' lang='lat' dir='ltr'>passionem</span> <span class='ocrx_word' id='word_1_275' title='bbox 1967 2555 2213 2610; x_wconf 88' lang='lat' dir='ltr'>timidus</span> 
     </span>
    </p>
   </div>
   <div class='ocr_carea' id='block_1_82' title="bbox 1419 2645 2132 2717">
    <p class='ocr_par' dir='ltr' id='par_1_82' title="bbox 1419 2645 2132 2717">
     <span class='ocr_line' id='line_1_82' title="bbox 1419 2645 2132 2717; baseline -0.003 -17"><span class='ocrx_word' id='word_1_276' title='bbox 1419 2646 1566 2700; x_wconf 91' lang='lat' dir='ltr'>Dum</span> <span class='ocrx_word' id='word_1_277' title='bbox 1601 2645 1814 2717; x_wconf 90' lang='lat' dir='ltr'>replico</span> <span class='ocrx_word' id='word_1_278' title='bbox 1847 2645 2132 2710; x_wconf 89' lang='lat' dir='ltr'>devotius,</span> 
     </span>
    </p>
   </div>
   <div class='ocr_carea' id='block_1_83' title="bbox 1417 2733 2194 2806">
    <p class='ocr_par' dir='ltr' id='par_1_83' title="bbox 1417 2733 2194 2806">
     <span class='ocr_line' id='line_1_83' title="bbox 1417 2733 2194 2806; baseline -0.001 -17"><span class='ocrx_word' id='word_1_279' title='bbox 1417 2735 1783 2806; x_wconf 85' lang='lat' dir='ltr'>Finitamque</span> <span class='ocrx_word' id='word_1_280' title='bbox 1814 2734 1955 2788; x_wconf 91' lang='lat' dir='ltr'>dum</span> <span class='ocrx_word' id='word_1_281' title='bbox 1990 2733 2194 2798; x_wconf 78' lang='lat' dir='ltr'>defleo,</span> 
     </span>
    </p>
   </div>
   <div class='ocr_carea' id='block_1_84' title="bbox 1418 2821 2185 2894">
    <p class='ocr_par' dir='ltr' id='par_1_84' title="bbox 1418 2821 2185 2894">
     <span class='ocr_line' id='line_1_84' title="bbox 1418 2821 2185 2894; baseline -0.003 -18"><span class='ocrx_word' id='word_1_282' title='bbox 1418 2822 1487 2876; x_wconf 87' lang='lat' dir='ltr'>Et</span> <span class='ocrx_word' id='word_1_283' title='bbox 1517 2822 1805 2877; x_wconf 89' lang='lat' dir='ltr'>descendo</span> <span class='ocrx_word' id='word_1_284' title='bbox 1837 2822 1908 2876; x_wconf 93' lang='lat' dir='ltr'>de</span> <span class='ocrx_word' id='word_1_285' title='bbox 1939 2821 2185 2894; x_wconf 88' lang='lat' dir='ltr'>pulpito,</span> 
     </span>
    </p>
   </div>
   <div class='ocr_carea' id='block_1_85' title="bbox 1418 2910 2074 2983">
    <p class='ocr_par' dir='ltr' id='par_1_85' title="bbox 1418 2910 2074 2983">
     <span class='ocr_line' id='line_1_85' title="bbox 1418 2910 2074 2983; baseline -0.002 -18"><span class='ocrx_word' id='word_1_286' title='bbox 1418 2910 1666 2966; x_wconf 89' lang='lat' dir='ltr'>Sinistra</span> <span class='ocrx_word' id='word_1_287' title='bbox 1695 2910 2074 2983; x_wconf 87' lang='lat' dir='ltr'>Evangelium</span> 
     </span>
    </p>
   </div>
   <div class='ocr_carea' id='block_1_86' title="bbox 1421 2997 2240 3071">
    <p class='ocr_par' dir='ltr' id='par_1_86' title="bbox 1421 2997 2240 3071">
     <span class='ocr_line' id='line_1_86' title="bbox 1421 2997 2240 3071; baseline -0.002 -17"><span class='ocrx_word' id='word_1_288' title='bbox 1421 2999 1481 3054; x_wconf 92' lang='lat' dir='ltr'>In</span> <span class='ocrx_word' id='word_1_289' title='bbox 1515 2998 1672 3054; x_wconf 90' lang='lat' dir='ltr'>ulnis</span> <span class='ocrx_word' id='word_1_290' title='bbox 1701 3003 1937 3070; x_wconf 85' lang='lat' dir='ltr'>gestans</span> <span class='ocrx_word' id='word_1_291' title='bbox 1969 2997 2240 3071; x_wconf 90' lang='lat' dir='ltr'>propriis,</span> 
     </span>
    </p>
   </div>
   <div class='ocr_carea' id='block_1_87' title="bbox 1415 3086 2030 3143">
    <p class='ocr_par' dir='ltr' id='par_1_87' title="bbox 1415 3086 2030 3143">
     <span class='ocr_line' id='line_1_87' title="bbox 1415 3086 2030 3143; baseline 0.002 -2"><span class='ocrx_word' id='word_1_292' title='bbox 1415 3087 1624 3143; x_wconf 85' lang='lat' dir='ltr'>Videre</span> <span class='ocrx_word' id='word_1_293' title='bbox 1654 3086 1800 3142; x_wconf 90' lang='lat' dir='ltr'>mihi</span> <span class='ocrx_word' id='word_1_294' title='bbox 1830 3087 2030 3142; x_wconf 91' lang='lat' dir='ltr'>videor</span> 
     </span>
    </p>
   </div>
   <div class='ocr_carea' id='block_1_88' title="bbox 1420 3175 2124 3245">
    <p class='ocr_par' dir='ltr' id='par_1_88' title="bbox 1420 3175 2124 3245">
     <span class='ocr_line' id='line_1_88' title="bbox 1420 3175 2124 3245; baseline 0 -15"><span class='ocrx_word' id='word_1_295' title='bbox 1420 3175 1776 3231; x_wconf 90' lang='lat' dir='ltr'>Descendere</span> <span class='ocrx_word' id='word_1_296' title='bbox 1809 3175 2124 3245; x_wconf 89' lang='lat' dir='ltr'>imaginem</span> 
     </span>
    </p>
   </div>
   <div class='ocr_carea' id='block_1_89' title="bbox 1420 3262 2284 3332">
    <p class='ocr_par' dir='ltr' id='par_1_89' title="bbox 1420 3262 2284 3332">
     <span class='ocr_line' id='line_1_89' title="bbox 1420 3262 2284 3332; baseline -0.005 -13"><span class='ocrx_word' id='word_1_297' title='bbox 1420 3263 1630 3319; x_wconf 91' lang='lat' dir='ltr'>Christi</span> <span class='ocrx_word' id='word_1_298' title='bbox 1665 3263 1734 3317; x_wconf 90' lang='lat' dir='ltr'>de</span> <span class='ocrx_word' id='word_1_299' title='bbox 1764 3277 1936 3319; x_wconf 90' lang='lat' dir='ltr'>cruce</span> <span class='ocrx_word' id='word_1_300' title='bbox 1967 3262 2284 3332; x_wconf 87' lang='lat' dir='ltr'>propriam,</span> 
     </span>
    </p>
   </div>
   <div class='ocr_carea' id='block_1_90' title="bbox 1429 3337 2164 3422">
    <p class='ocr_par' dir='ltr' id='par_1_90' title="bbox 1429 3337 2164 3422">
     <span class='ocr_line' id='line_1_90' title="bbox 1429 3337 2164 3422; baseline -0.003 -16"><span class='ocrx_word' id='word_1_301' title='bbox 1429 3353 1615 3422; x_wconf 86' lang='lat' dir='ltr'>Atque</span> <span class='ocrx_word' id='word_1_302' title='bbox 1647 3350 1881 3421; x_wconf 89' lang='lat' dir='ltr'>signum</span> <span class='ocrx_word' id='word_1_303' title='bbox 1912 3337 2164 3405; x_wconf 57' lang='lat' dir='ltr'>victoriis</span> 
     </span>
    </p>
   </div>
   <div class='ocr_carea' id='block_1_91' title="bbox 1425 3437 2240 3502">
    <p class='ocr_par' dir='ltr' id='par_1_91' title="bbox 1425 3437 2240 3502">
     <span class='ocr_line' id='line_1_91' title="bbox 1425 3437 2240 3502; baseline 0 -9"><span class='ocrx_word' id='word_1_304' title='bbox 1425 3439 1584 3502; x_wconf 90' lang='lat' dir='ltr'>Quod</span> <span class='ocrx_word' id='word_1_305' title='bbox 1619 3454 1760 3493; x_wconf 81' lang='lat' dir='ltr'>crux</span> <span class='ocrx_word' id='word_1_306' title='bbox 1798 3442 2039 3493; x_wconf 88' lang='lat' dir='ltr'>vocatur</span> <span class='ocrx_word' id='word_1_307' title='bbox 2067 3437 2240 3493; x_wconf 88' lang='lat' dir='ltr'>hodie</span> 
     </span>
    </p>
   </div>
   <div class='ocr_carea' id='block_1_92' title="bbox 1418 3525 2112 3598">
    <p class='ocr_par' dir='ltr' id='par_1_92' title="bbox 1418 3525 2112 3598">
     <span class='ocr_line' id='line_1_92' title="bbox 1418 3525 2112 3598; baseline -0.003 -16"><span class='ocrx_word' id='word_1_308' title='bbox 1418 3527 1477 3582; x_wconf 90' lang='lat' dir='ltr'>In</span> <span class='ocrx_word' id='word_1_309' title='bbox 1513 3525 1644 3582; x_wconf 84' lang='lat' dir='ltr'>forti</span> <span class='ocrx_word' id='word_1_310' title='bbox 1675 3530 1903 3598; x_wconf 83' lang='lat' dir='ltr'>gestare</span> <span class='ocrx_word' id='word_1_311' title='bbox 1933 3543 2112 3582; x_wconf 87' lang='lat' dir='ltr'>manu</span> 
     </span>
    </p>
   </div>
   <div class='ocr_carea' id='block_1_93' title="bbox 1415 3614 2234 3687">
    <p class='ocr_par' dir='ltr' id='par_1_93' title="bbox 1415 3614 2234 3687">
     <span class='ocr_line' id='line_1_93' title="bbox 1415 3614 2234 3687; baseline 0 -17"><span class='ocrx_word' id='word_1_312' title='bbox 1415 3616 1620 3687; x_wconf 82' lang='lat' dir='ltr'>Meque</span> <span class='ocrx_word' id='word_1_313' title='bbox 1651 3615 1742 3671; x_wconf 91' lang='lat' dir='ltr'>his</span> <span class='ocrx_word' id='word_1_314' title='bbox 1773 3616 1965 3671; x_wconf 91' lang='lat' dir='ltr'>verbis</span> <span class='ocrx_word' id='word_1_315' title='bbox 1988 3614 2234 3686; x_wconf 90' lang='lat' dir='ltr'>alloqui:</span> 
     </span>
    </p>
   </div>
   <div class='ocr_carea' id='block_1_94' title="bbox 1409 3702 2218 3774">
    <p class='ocr_par' dir='ltr' id='par_1_94' title="bbox 1409 3702 2218 3774">
     <span class='ocr_line' id='line_1_94' title="bbox 1409 3702 2218 3774; baseline 0.002 -20"><span class='ocrx_word' id='word_1_316' title='bbox 1409 3728 1435 3754; x_wconf 90' lang='grc'><strong>‹‹</strong></span> <span class='ocrx_word' id='word_1_317' title='bbox 1470 3703 1528 3758; x_wconf 90' lang='lat' dir='ltr'>Si</span> <span class='ocrx_word' id='word_1_318' title='bbox 1562 3703 1748 3759; x_wconf 89' lang='lat' dir='ltr'>credis</span> <span class='ocrx_word' id='word_1_319' title='bbox 1780 3703 1934 3774; x_wconf 91' lang='lat' dir='ltr'>quod</span> <span class='ocrx_word' id='word_1_320' title='bbox 1969 3702 2218 3758; x_wconf 83' lang='lat' dir='ltr'>ﬁdeliter</span> 
     </span>
    </p>
   </div>
   <div class='ocr_carea' id='block_1_95' title="bbox 1409 3790 2297 3864">
    <p class='ocr_par' dir='ltr' id='par_1_95' title="bbox 1409 3790 2297 3864">
     <span class='ocr_line' id='line_1_95' title="bbox 1409 3790 2297 3864; baseline -0.003 -17"><span class='ocrx_word' id='word_1_321' title='bbox 1409 3793 1518 3859; x_wconf 88' lang='lat' dir='ltr'>Tu,</span> <span class='ocrx_word' id='word_1_322' title='bbox 1553 3792 1751 3857; x_wconf 90' lang='lat' dir='ltr'>frater,</span> <span class='ocrx_word' id='word_1_323' title='bbox 1781 3791 1974 3864; x_wconf 87' lang='lat' dir='ltr'>legisti</span> <span class='ocrx_word' id='word_1_324' title='bbox 2006 3790 2236 3862; x_wconf 84' lang='lat' dir='ltr'>nuper?</span> <span class='ocrx_word' id='word_1_325' title='bbox 2270 3813 2297 3839; x_wconf 87' lang='lat'>»</span> 
     </span>
    </p>
   </div>
   <div class='ocr_carea' id='block_1_96' title="bbox 1409 3878 2176 3953">
    <p class='ocr_par' dir='ltr' id='par_1_96' title="bbox 1409 3878 2176 3953">
     <span class='ocr_line' id='line_1_96' title="bbox 1409 3878 2176 3953; baseline -0.003 -19"><span class='ocrx_word' id='word_1_326' title='bbox 1409 3881 1524 3953; x_wconf 89' lang='lat' dir='ltr'>Ego</span> <span class='ocrx_word' id='word_1_327' title='bbox 1560 3880 1808 3953; x_wconf 84' lang='lat' dir='ltr'>supplex</span> <span class='ocrx_word' id='word_1_328' title='bbox 1838 3896 1903 3935; x_wconf 88' lang='lat' dir='ltr'>ac</span> <span class='ocrx_word' id='word_1_329' title='bbox 1932 3878 2176 3935; x_wconf 90' lang='lat' dir='ltr'>humilis</span> 
     </span>
    </p>
   </div>
   <div class='ocr_carea' id='block_1_97' title="bbox 1407 3967 2313 4041">
    <p class='ocr_par' dir='ltr' id='par_1_97' title="bbox 1407 3967 2313 4041">
     <span class='ocr_line' id='line_1_97' title="bbox 1407 3967 2313 4041; baseline 0 -20"><span class='ocrx_word' id='word_1_330' title='bbox 1407 3969 1622 4024; x_wconf 88' lang='lat' dir='ltr'>Verum</span> <span class='ocrx_word' id='word_1_331' title='bbox 1660 3985 2009 4041; x_wconf 90' lang='lat' dir='ltr'>responsum</span> <span class='ocrx_word' id='word_1_332' title='bbox 2039 3967 2260 4022; x_wconf 90' lang='lat' dir='ltr'>reddidi</span> <span class='ocrx_word' id='word_1_333' title='bbox 2285 3967 2313 4021; x_wconf 63' lang='grc' dir='ltr'><em>Ἰ</em></span> 
     </span>
    </p>
   </div>
   <div class='ocr_carea' id='block_1_98' title="bbox 1407 4056 2258 4129">
    <p class='ocr_par' dir='ltr' id='par_1_98' title="bbox 1407 4056 2258 4129">
     <span class='ocr_line' id='line_1_98' title="bbox 1407 4056 2258 4129; baseline -0.002 -17"><span class='ocrx_word' id='word_1_334' title='bbox 1407 4081 1434 4106; x_wconf 92' lang='grc'><strong><em>‹‹</em></strong></span> <span class='ocrx_word' id='word_1_335' title='bbox 1467 4058 1610 4112; x_wconf 90' lang='lat' dir='ltr'>Cum</span> <span class='ocrx_word' id='word_1_336' title='bbox 1644 4057 1756 4112; x_wconf 89' lang='lat' dir='ltr'>sim</span> <span class='ocrx_word' id='word_1_337' title='bbox 1791 4056 1980 4129; x_wconf 85' lang='lat' dir='ltr'>pulvis</span> <span class='ocrx_word' id='word_1_338' title='bbox 2012 4056 2258 4129; x_wconf 81' lang='lat' dir='ltr'>exiguus</span> 
     </span>
    </p>
   </div>
   <div class='ocr_carea' id='block_1_99' title="bbox 1409 4145 2188 4217">
    <p class='ocr_par' dir='ltr' id='par_1_99' title="bbox 1409 4145 2188 4217">
     <span class='ocr_line' id='line_1_99' title="bbox 1409 4145 2188 4217; baseline 0 -17"><span class='ocrx_word' id='word_1_339' title='bbox 1409 4147 1596 4217; x_wconf 87' lang='lat' dir='ltr'>Atque</span> <span class='ocrx_word' id='word_1_340' title='bbox 1627 4145 1776 4201; x_wconf 89' lang='lat' dir='ltr'>cinis</span> <span class='ocrx_word' id='word_1_341' title='bbox 1802 4146 1914 4202; x_wconf 89' lang='lat' dir='ltr'>sim</span> <span class='ocrx_word' id='word_1_342' title='bbox 1940 4149 2188 4216; x_wconf 88' lang='lat' dir='ltr'>terreus,</span> 
     </span>
    </p>
   </div>
   <div class='ocr_carea' id='block_1_100' title="bbox 1411 4233 2074 4307">
    <p class='ocr_par' dir='ltr' id='par_1_100' title="bbox 1411 4233 2074 4307">
     <span class='ocr_line' id='line_1_100' title="bbox 1411 4233 2074 4307; baseline 0 -19"><span class='ocrx_word' id='word_1_343' title='bbox 1411 4233 1481 4288; x_wconf 90' lang='lat' dir='ltr'>Ut</span> <span class='ocrx_word' id='word_1_344' title='bbox 1512 4251 1610 4289; x_wconf 92' lang='lat' dir='ltr'>ore</span> <span class='ocrx_word' id='word_1_345' title='bbox 1640 4234 1774 4307; x_wconf 92' lang='lat' dir='ltr'>legi,</span> <span class='ocrx_word' id='word_1_346' title='bbox 1806 4234 2074 4300; x_wconf 90' lang='lat' dir='ltr'>Domine,</span> 
     </span>
    </p>
   </div>
   <div class='ocr_carea' id='block_1_101' title="bbox 1410 4320 2184 4389">
    <p class='ocr_par' dir='ltr' id='par_1_101' title="bbox 1410 4320 2184 4389">
     <span class='ocr_line' id='line_1_101' title="bbox 1410 4320 2184 4389; baseline 0.001 -13"><span class='ocrx_word' id='word_1_347' title='bbox 1410 4320 1503 4376; x_wconf 88' lang='lat' dir='ltr'>Sic</span> <span class='ocrx_word' id='word_1_348' title='bbox 1534 4323 1706 4378; x_wconf 85' lang='lat' dir='ltr'>corde</span> <span class='ocrx_word' id='word_1_349' title='bbox 1734 4323 1878 4378; x_wconf 85' lang='lat' dir='ltr'>scito</span> <span class='ocrx_word' id='word_1_350' title='bbox 1909 4323 2142 4378; x_wconf 90' lang='lat' dir='ltr'>credere</span> <span class='ocrx_word' id='word_1_351' title='bbox 2172 4340 2184 4389; x_wconf 87' lang='lat'><strong>;</strong></span> 
     </span>
    </p>
   </div>
   <div class='ocr_carea' id='block_1_102' title="bbox 1414 4408 2098 4467">
    <p class='ocr_par' dir='ltr' id='par_1_102' title="bbox 1414 4408 2098 4467">
     <span class='ocr_line' id='line_1_102' title="bbox 1414 4408 2098 4467; baseline 0.006 -6"><span class='ocrx_word' id='word_1_352' title='bbox 1414 4408 1527 4463; x_wconf 80' lang='lat' dir='ltr'>Nec</span> <span class='ocrx_word' id='word_1_353' title='bbox 1558 4413 1645 4464; x_wconf 89' lang='lat' dir='ltr'>est</span> <span class='ocrx_word' id='word_1_354' title='bbox 1676 4408 1797 4464; x_wconf 91' lang='lat' dir='ltr'>ulla</span> <span class='ocrx_word' id='word_1_355' title='bbox 1826 4410 2098 4467; x_wconf 89' lang='lat' dir='ltr'>dubietas</span> 
     </span>
    </p>
   </div>
   <div class='ocr_carea' id='block_1_103' title="bbox 1411 4495 2084 4553">
    <p class='ocr_par' dir='ltr' id='par_1_103' title="bbox 1411 4495 2084 4553">
     <span class='ocr_line' id='line_1_103' title="bbox 1411 4495 2084 4553; baseline 0.006 -4"><span class='ocrx_word' id='word_1_356' title='bbox 1411 4495 1470 4550; x_wconf 94' lang='lat' dir='ltr'>In</span> <span class='ocrx_word' id='word_1_357' title='bbox 1505 4495 1696 4552; x_wconf 91' lang='lat' dir='ltr'>cordis</span> <span class='ocrx_word' id='word_1_358' title='bbox 1727 4499 1840 4552; x_wconf 89' lang='lat' dir='ltr'>mei</span> <span class='ocrx_word' id='word_1_359' title='bbox 1875 4499 2084 4553; x_wconf 90' lang='lat' dir='ltr'>intima</span> 
     </span>
    </p>
   </div>
   <div class='ocr_carea' id='block_1_104' title="bbox 1410 4584 2355 4649">
    <p class='ocr_par' dir='ltr' id='par_1_104' title="bbox 1410 4584 2355 4649">
     <span class='ocr_line' id='line_1_104' title="bbox 1410 4584 2355 4649; baseline 0.003 -12"><span class='ocrx_word' id='word_1_360' title='bbox 1410 4584 1558 4649; x_wconf 91' lang='lat' dir='ltr'>Quin</span> <span class='ocrx_word' id='word_1_361' title='bbox 1592 4589 1646 4639; x_wconf 91' lang='lat' dir='ltr'>te</span> <span class='ocrx_word' id='word_1_362' title='bbox 1677 4588 1908 4641; x_wconf 90' lang='lat' dir='ltr'>credam</span> <span class='ocrx_word' id='word_1_363' title='bbox 1938 4603 2140 4642; x_wconf 87' lang='lat' dir='ltr'>verum</span> <span class='ocrx_word' id='word_1_364' title='bbox 2175 4591 2355 4641; x_wconf 91' lang='lat' dir='ltr'>Deum</span> 
     </span>
    </p>
   </div>
   <div class='ocr_carea' id='block_1_105' title="bbox 1409 4671 2373 4743">
    <p class='ocr_par' dir='ltr' id='par_1_105' title="bbox 1409 4671 2373 4743">
     <span class='ocr_line' id='line_1_105' title="bbox 1409 4671 2373 4743; baseline 0.002 -17"><span class='ocrx_word' id='word_1_365' title='bbox 1409 4671 1644 4736; x_wconf 87' lang='lat' dir='ltr'>Natum,</span> <span class='ocrx_word' id='word_1_366' title='bbox 1677 4689 1917 4743; x_wconf 88' lang='lat' dir='ltr'>passum</span> <span class='ocrx_word' id='word_1_367' title='bbox 1950 4691 2016 4729; x_wconf 90' lang='lat' dir='ltr'>ac</span> <span class='ocrx_word' id='word_1_368' title='bbox 2048 4678 2373 4740; x_wconf 89' lang='lat' dir='ltr'>mortuum,</span> 
     </span>
    </p>
   </div>
   <div class='ocr_carea' id='block_1_106' title="bbox 1407 4759 1993 4816">
    <p class='ocr_par' dir='ltr' id='par_1_106' title="bbox 1407 4759 1993 4816">
     <span class='ocr_line' id='line_1_106' title="bbox 1407 4759 1993 4816; baseline 0.002 -1"><span class='ocrx_word' id='word_1_369' title='bbox 1407 4763 1485 4815; x_wconf 90' lang='lat' dir='ltr'>Ac</span> <span class='ocrx_word' id='word_1_370' title='bbox 1518 4759 1792 4816; x_wconf 88' lang='lat' dir='ltr'>revixisse</span> <span class='ocrx_word' id='word_1_371' title='bbox 1822 4761 1993 4816; x_wconf 86' lang='lat' dir='ltr'>tertia</span> 
     </span>
    </p>
   </div>
   <div class='ocr_carea' id='block_1_107' title="bbox 1406 4848 2185 4920">
    <p class='ocr_par' dir='ltr' id='par_1_107' title="bbox 1406 4848 2185 4920">
     <span class='ocr_line' id='line_1_107' title="bbox 1406 4848 2185 4920; baseline -0.008 -17"><span class='ocrx_word' id='word_1_372' title='bbox 1406 4848 1527 4914; x_wconf 89' lang='lat' dir='ltr'>Die,</span> <span class='ocrx_word' id='word_1_373' title='bbox 1560 4849 1730 4904; x_wconf 88' lang='lat' dir='ltr'>credo</span> <span class='ocrx_word' id='word_1_374' title='bbox 1762 4865 1866 4920; x_wconf 90' lang='lat' dir='ltr'>per</span> <span class='ocrx_word' id='word_1_375' title='bbox 1890 4849 2119 4904; x_wconf 62' lang='lat' dir='ltr'>saecula.</span> <span class='ocrx_word' id='word_1_376' title='bbox 2161 4873 2185 4897; x_wconf 82' lang='grc'><strong>››</strong></span> 
     </span>
    </p>
   </div>
   <div class='ocr_carea' id='block_1_108' title="bbox 1404 4935 2168 5009">
    <p class='ocr_par' dir='ltr' id='par_1_108' title="bbox 1404 4935 2168 5009">
     <span class='ocr_line' id='line_1_108' title="bbox 1404 4935 2168 5009; baseline 0.004 -20"><span class='ocrx_word' id='word_1_377' title='bbox 1404 4935 1504 4990; x_wconf 89' lang='lat' dir='ltr'>Ille</span> <span class='ocrx_word' id='word_1_378' title='bbox 1535 4935 1618 4991; x_wconf 90' lang='lat' dir='ltr'>sic</span> <span class='ocrx_word' id='word_1_379' title='bbox 1650 4937 1848 4992; x_wconf 90' lang='lat' dir='ltr'>statim</span> <span class='ocrx_word' id='word_1_380' title='bbox 1881 4937 2168 5009; x_wconf 85' lang='lat' dir='ltr'>imperat:</span> 
     </span>
    </p>
   </div>
   <div class='ocr_carea' id='block_1_109' title="bbox 1403 5025 2188 5098">
    <p class='ocr_par' dir='ltr' id='par_1_109' title="bbox 1403 5025 2188 5098">
     <span class='ocr_line' id='line_1_109' title="bbox 1403 5025 2188 5098; baseline 0.009 -25"><span class='ocrx_word' id='word_1_381' title='bbox 1403 5049 1430 5073; x_wconf 83' lang='grc'>‹‹</span> <span class='ocrx_word' id='word_1_382' title='bbox 1462 5025 1595 5080; x_wconf 91' lang='lat' dir='ltr'>Sine</span> <span class='ocrx_word' id='word_1_383' title='bbox 1627 5041 1793 5081; x_wconf 91' lang='lat' dir='ltr'>mora</span> <span class='ocrx_word' id='word_1_384' title='bbox 1823 5042 1916 5081; x_wconf 89' lang='lat' dir='ltr'>me</span> <span class='ocrx_word' id='word_1_385' title='bbox 1946 5042 2188 5098; x_wconf 88' lang='lat' dir='ltr'>sequere</span> 
     </span>
    </p>
   </div>
   <div class='ocr_carea' id='block_1_110' title="bbox 1401 5113 2218 5176">
    <p class='ocr_par' dir='ltr' id='par_1_110' title="bbox 1401 5113 2218 5176">
     <span class='ocr_line' id='line_1_110' title="bbox 1401 5113 2218 5176; baseline 0.002 -9"><span class='ocrx_word' id='word_1_386' title='bbox 1401 5113 1522 5176; x_wconf 91' lang='lat' dir='ltr'>Quo</span> <span class='ocrx_word' id='word_1_387' title='bbox 1555 5129 1648 5169; x_wconf 90' lang='lat' dir='ltr'>me</span> <span class='ocrx_word' id='word_1_388' title='bbox 1676 5115 1838 5170; x_wconf 91' lang='lat' dir='ltr'>vides</span> <span class='ocrx_word' id='word_1_389' title='bbox 1871 5114 2154 5171; x_wconf 90' lang='lat' dir='ltr'>incedere.</span> <span class='ocrx_word' id='word_1_390' title='bbox 2191 5137 2218 5163; x_wconf 88' lang='grc'><strong>››</strong></span> 
     </span>
    </p>
   </div>
   <div class='ocr_carea' id='block_1_111' title="bbox 3529 304 3651 364">
    <p class='ocr_par' dir='ltr' id='par_1_111' title="bbox 3529 304 3651 364">
     <span class='ocr_line' id='line_1_111' title="bbox 3529 304 3651 364; baseline 0.016 -2"><span class='ocrx_word' id='word_1_391' title='bbox 3529 304 3651 364; x_wconf 73' lang='grc'>646</span> 
     </span>
    </p>
   </div>
   <div class='ocr_carea' id='block_1_112' title="bbox 2594 432 3354 501">
    <p class='ocr_par' dir='ltr' id='par_1_112' title="bbox 2594 432 3354 501">
     <span class='ocr_line' id='line_1_112' title="bbox 2594 432 3354 501; baseline 0.003 -15"><span class='ocrx_word' id='word_1_392' title='bbox 2594 432 2654 486; x_wconf 93' lang='lat' dir='ltr'>In</span> <span class='ocrx_word' id='word_1_393' title='bbox 2689 437 2984 487; x_wconf 91' lang='lat' dir='ltr'>momento</span> <span class='ocrx_word' id='word_1_394' title='bbox 3015 437 3149 486; x_wconf 79' lang='lat' dir='ltr'>tunc</span> <span class='ocrx_word' id='word_1_395' title='bbox 3183 435 3354 501; x_wconf 80' lang='lat' dir='ltr'>oculi,</span> 
     </span>
    </p>
   </div>
   <div class='ocr_carea' id='block_1_113' title="bbox 2591 521 3363 593">
    <p class='ocr_par' dir='ltr' id='par_1_113' title="bbox 2591 521 3363 593">
     <span class='ocr_line' id='line_1_113' title="bbox 2591 521 3363 593; baseline 0.004 -20"><span class='ocrx_word' id='word_1_396' title='bbox 2591 521 2749 583; x_wconf 92' lang='lat' dir='ltr'>Quod</span> <span class='ocrx_word' id='word_1_397' title='bbox 2785 535 2888 574; x_wconf 93' lang='lat' dir='ltr'>nec</span> <span class='ocrx_word' id='word_1_398' title='bbox 2919 537 3150 592; x_wconf 72' lang='lat' dir='ltr'>sperare</span> <span class='ocrx_word' id='word_1_399' title='bbox 3184 524 3363 593; x_wconf 87' lang='lat' dir='ltr'>potui,</span> 
     </span>
    </p>
   </div>
   <div class='ocr_carea' id='block_1_114' title="bbox 2589 608 3356 682">
    <p class='ocr_par' dir='ltr' id='par_1_114' title="bbox 2589 608 3356 682">
     <span class='ocr_line' id='line_1_114' title="bbox 2589 608 3356 682; baseline 0.004 -20"><span class='ocrx_word' id='word_1_400' title='bbox 2589 609 2673 662; x_wconf 88' lang='lat' dir='ltr'>Ad</span> <span class='ocrx_word' id='word_1_401' title='bbox 2708 608 2935 664; x_wconf 89' lang='lat' dir='ltr'>inferna</span> <span class='ocrx_word' id='word_1_402' title='bbox 2966 611 3356 682; x_wconf 88' lang='lat' dir='ltr'>progreditur,</span> 
     </span>
    </p>
   </div>
   <div class='ocr_carea' id='block_1_115' title="bbox 2589 697 3520 770">
    <p class='ocr_par' dir='ltr' id='par_1_115' title="bbox 2589 697 3520 770">
     <span class='ocr_line' id='line_1_115' title="bbox 2589 697 3520 770; baseline 0.004 -19"><span class='ocrx_word' id='word_1_403' title='bbox 2589 697 2830 753; x_wconf 88' lang='lat' dir='ltr'>Crucem</span> <span class='ocrx_word' id='word_1_404' title='bbox 2863 702 3101 770; x_wconf 84' lang='lat' dir='ltr'>gestans</span> <span class='ocrx_word' id='word_1_405' title='bbox 3135 699 3192 754; x_wconf 92' lang='lat' dir='ltr'>in</span> <span class='ocrx_word' id='word_1_406' title='bbox 3229 699 3520 756; x_wconf 90' lang='lat' dir='ltr'>manibus.</span> 
     </span>
    </p>
   </div>
   <div class='ocr_carea' id='block_1_116' title="bbox 2590 787 3342 859">
    <p class='ocr_par' dir='ltr' id='par_1_116' title="bbox 2590 787 3342 859">
     <span class='ocr_line' id='line_1_116' title="bbox 2590 787 3342 859; baseline 0.001 -19"><span class='ocrx_word' id='word_1_407' title='bbox 2590 787 2706 857; x_wconf 86' lang='lat' dir='ltr'>Ego</span> <span class='ocrx_word' id='word_1_408' title='bbox 2739 803 2957 859; x_wconf 91' lang='lat' dir='ltr'>sequor</span> <span class='ocrx_word' id='word_1_409' title='bbox 2988 787 3342 859; x_wconf 79' lang='lat' dir='ltr'>impavidus,</span> 
     </span>
    </p>
   </div>
   <div class='ocr_carea' id='block_1_117' title="bbox 2586 875 3460 949">
    <p class='ocr_par' dir='ltr' id='par_1_117' title="bbox 2586 875 3460 949">
     <span class='ocr_line' id='line_1_117' title="bbox 2586 875 3460 949; baseline 0.006 -20"><span class='ocrx_word' id='word_1_410' title='bbox 2586 875 2745 930; x_wconf 89' lang='lat' dir='ltr'>Nihil</span> <span class='ocrx_word' id='word_1_411' title='bbox 2778 877 3002 933; x_wconf 84' lang='lat' dir='ltr'>habens</span> <span class='ocrx_word' id='word_1_412' title='bbox 3035 878 3186 948; x_wconf 86' lang='lat' dir='ltr'>quod</span> <span class='ocrx_word' id='word_1_413' title='bbox 3221 894 3460 949; x_wconf 87' lang='lat' dir='ltr'>paveam</span> 
     </span>
    </p>
   </div>
   <div class='ocr_carea' id='block_1_118' title="bbox 2593 964 3222 1020">
    <p class='ocr_par' dir='ltr' id='par_1_118' title="bbox 2593 964 3222 1020">
     <span class='ocr_line' id='line_1_118' title="bbox 2593 964 3222 1020; baseline 0.002 -2"><span class='ocrx_word' id='word_1_414' title='bbox 2593 964 2762 1018; x_wconf 88' lang='lat' dir='ltr'>Tanti</span> <span class='ocrx_word' id='word_1_415' title='bbox 2796 965 2962 1020; x_wconf 91' lang='lat' dir='ltr'>ducis</span> <span class='ocrx_word' id='word_1_416' title='bbox 2993 965 3222 1020; x_wconf 80' lang='lat' dir='ltr'>fiducia.</span> 
     </span>
    </p>
   </div>
   <div class='ocr_carea' id='block_1_119' title="bbox 2589 1053 3482 1127">
    <p class='ocr_par' dir='ltr' id='par_1_119' title="bbox 2589 1053 3482 1127">
     <span class='ocr_line' id='line_1_119' title="bbox 2589 1053 3482 1127; baseline 0.004 -20"><span class='ocrx_word' id='word_1_417' title='bbox 2589 1053 2751 1108; x_wconf 92' lang='lat' dir='ltr'>Tunc</span> <span class='ocrx_word' id='word_1_418' title='bbox 2783 1054 3155 1108; x_wconf 71' lang='lat' dir='ltr'>tenebrarum</span> <span class='ocrx_word' id='word_1_419' title='bbox 3190 1054 3482 1127; x_wconf 84' lang='lat' dir='ltr'>principes</span> 
     </span>
    </p>
   </div>
   <div class='ocr_carea' id='block_1_120' title="bbox 2589 1141 3394 1212">
    <p class='ocr_par' dir='ltr' id='par_1_120' title="bbox 2589 1141 3394 1212">
     <span class='ocr_line' id='line_1_120' title="bbox 2589 1141 3394 1212; baseline 0.007 -19"><span class='ocrx_word' id='word_1_420' title='bbox 2589 1142 2664 1194; x_wconf 86' lang='lat' dir='ltr'>Ac</span> <span class='ocrx_word' id='word_1_421' title='bbox 2699 1141 2928 1212; x_wconf 62' lang='lat' dir='ltr'>pallidae</span> <span class='ocrx_word' id='word_1_422' title='bbox 2961 1142 3164 1196; x_wconf 84' lang='lat' dir='ltr'>mortis</span> <span class='ocrx_word' id='word_1_423' title='bbox 3196 1143 3394 1210; x_wconf 88' lang='lat' dir='ltr'>duces,</span> 
     </span>
    </p>
   </div>
   <div class='ocr_carea' id='block_1_121' title="bbox 2587 1229 3329 1300">
    <p class='ocr_par' dir='ltr' id='par_1_121' title="bbox 2587 1229 3329 1300">
     <span class='ocr_line' id='line_1_121' title="bbox 2587 1229 3329 1300; baseline 0.005 -18"><span class='ocrx_word' id='word_1_424' title='bbox 2587 1229 2973 1300; x_wconf 86' lang='lat' dir='ltr'>&#39;I‘ortoresque</span> <span class='ocrx_word' id='word_1_425' title='bbox 3004 1230 3329 1298; x_wconf 70' lang='lat' dir='ltr'>saevissimi,</span> 
     </span>
    </p>
   </div>
   <div class='ocr_carea' id='block_1_122' title="bbox 2592 1317 3265 1390">
    <p class='ocr_par' dir='ltr' id='par_1_122' title="bbox 2592 1317 3265 1390">
     <span class='ocr_line' id='line_1_122' title="bbox 2592 1317 3265 1390; baseline 0.003 -20"><span class='ocrx_word' id='word_1_426' title='bbox 2592 1317 3047 1389; x_wconf 84' lang='lat' dir='ltr'>Pervasorcsque</span> <span class='ocrx_word' id='word_1_427' title='bbox 3081 1319 3265 1390; x_wconf 85' lang='lat' dir='ltr'>rapidi</span> 
     </span>
    </p>
   </div>
   <div class='ocr_carea' id='block_1_123' title="bbox 2588 1405 3240 1478">
    <p class='ocr_par' dir='ltr' id='par_1_123' title="bbox 2588 1405 3240 1478">
     <span class='ocr_line' id='line_1_123' title="bbox 2588 1405 3240 1478; baseline 0.005 -18"><span class='ocrx_word' id='word_1_428' title='bbox 2588 1405 2911 1478; x_wconf 74' lang='lat' dir='ltr'>Diffugiunt</span> <span class='ocrx_word' id='word_1_429' title='bbox 2939 1407 3240 1474; x_wconf 90' lang='lat' dir='ltr'>citissime,</span> 
     </span>
    </p>
   </div>
   <div class='ocr_carea' id='block_1_124' title="bbox 2590 1494 3381 1563">
    <p class='ocr_par' dir='ltr' id='par_1_124' title="bbox 2590 1494 3381 1563">
     <span class='ocr_line' id='line_1_124' title="bbox 2590 1494 3381 1563; baseline 0.003 -15"><span class='ocrx_word' id='word_1_430' title='bbox 2590 1494 2713 1549; x_wconf 89' lang='lat' dir='ltr'>Non</span> <span class='ocrx_word' id='word_1_431' title='bbox 2747 1496 3027 1549; x_wconf 83' lang='lat' dir='ltr'>audentes</span> <span class='ocrx_word' id='word_1_432' title='bbox 3061 1497 3381 1563; x_wconf 81' lang='lat' dir='ltr'>attendere,</span> 
     </span>
    </p>
   </div>
   <div class='ocr_carea' id='block_1_125' title="bbox 2596 1583 3319 1654">
    <p class='ocr_par' dir='ltr' id='par_1_125' title="bbox 2596 1583 3319 1654">
     <span class='ocr_line' id='line_1_125' title="bbox 2596 1583 3319 1654; baseline 0.004 -18"><span class='ocrx_word' id='word_1_433' title='bbox 2596 1583 2794 1653; x_wconf 88' lang='lat' dir='ltr'>Neque</span> <span class='ocrx_word' id='word_1_434' title='bbox 2825 1583 2952 1637; x_wconf 88' lang='lat' dir='ltr'>ausi</span> <span class='ocrx_word' id='word_1_435' title='bbox 2985 1584 3319 1654; x_wconf 87' lang='lat' dir='ltr'>conspicere</span> 
     </span>
    </p>
   </div>
   <div class='ocr_carea' id='block_1_126' title="bbox 2598 1670 3403 1744">
    <p class='ocr_par' dir='ltr' id='par_1_126' title="bbox 2598 1670 3403 1744">
     <span class='ocr_line' id='line_1_126' title="bbox 2598 1670 3403 1744; baseline 0.005 -20"><span class='ocrx_word' id='word_1_436' title='bbox 2598 1671 2912 1741; x_wconf 84' lang='lat' dir='ltr'>Aspectum</span> <span class='ocrx_word' id='word_1_437' title='bbox 2939 1670 3082 1724; x_wconf 85' lang='lat' dir='ltr'>tanti</span> <span class='ocrx_word' id='word_1_438' title='bbox 3118 1671 3403 1744; x_wconf 87' lang='lat' dir='ltr'>fulminis,</span> 
     </span>
    </p>
   </div>
   <div class='ocr_carea' id='block_1_127' title="bbox 2596 1757 3400 1829">
    <p class='ocr_par' dir='ltr' id='par_1_127' title="bbox 2596 1757 3400 1829">
     <span class='ocr_line' id='line_1_127' title="bbox 2596 1757 3400 1829; baseline 0.006 -18"><span class='ocrx_word' id='word_1_439' title='bbox 2596 1760 2781 1829; x_wconf 83' lang='lat' dir='ltr'>Atque</span> <span class='ocrx_word' id='word_1_440' title='bbox 2813 1763 2932 1812; x_wconf 83' lang='lat' dir='ltr'>tam</span> <span class='ocrx_word' id='word_1_441' title='bbox 2965 1757 3105 1813; x_wconf 91' lang='lat' dir='ltr'>clari</span> <span class='ocrx_word' id='word_1_442' title='bbox 3136 1758 3400 1818; x_wconf 90' lang='lat' dir='ltr'>luminis.</span> 
     </span>
    </p>
   </div>
   <div class='ocr_carea' id='block_1_128' title="bbox 2586 1847 3361 1918">
    <p class='ocr_par' dir='ltr' id='par_1_128' title="bbox 2586 1847 3361 1918">
     <span class='ocr_line' id='line_1_128' title="bbox 2586 1847 3361 1918; baseline 0.006 -18"><span class='ocrx_word' id='word_1_443' title='bbox 2586 1847 2692 1902; x_wconf 86' lang='lat' dir='ltr'>Per</span> <span class='ocrx_word' id='word_1_444' title='bbox 2725 1863 2964 1918; x_wconf 86' lang='lat' dir='ltr'>campos</span> <span class='ocrx_word' id='word_1_445' title='bbox 2989 1853 3044 1902; x_wconf 90' lang='lat' dir='ltr'>et</span> <span class='ocrx_word' id='word_1_446' title='bbox 3077 1848 3361 1906; x_wconf 89' lang='lat' dir='ltr'>convallia</span> 
     </span>
    </p>
   </div>
   <div class='ocr_carea' id='block_1_129' title="bbox 2593 1934 3463 2009">
    <p class='ocr_par' dir='ltr' id='par_1_129' title="bbox 2593 1934 3463 2009">
     <span class='ocr_line' id='line_1_129' title="bbox 2593 1934 3463 2009; baseline 0.007 -19"><span class='ocrx_word' id='word_1_447' title='bbox 2593 1934 2735 1990; x_wconf 71' lang='lat' dir='ltr'>vai</span> <span class='ocrx_word' id='word_1_448' title='bbox 2771 1941 3129 2007; x_wconf 86' lang='lat' dir='ltr'>sparguntur</span> <span class='ocrx_word' id='word_1_449' title='bbox 3153 1938 3463 2009; x_wconf 68' lang='lat' dir='ltr'>daemones,</span> 
     </span>
    </p>
   </div>
   <div class='ocr_carea' id='block_1_130' title="bbox 2592 2024 3180 2096">
    <p class='ocr_par' dir='ltr' id='par_1_130' title="bbox 2592 2024 3180 2096">
     <span class='ocr_line' id='line_1_130' title="bbox 2592 2024 3180 2096; baseline 0.007 -18"><span class='ocrx_word' id='word_1_450' title='bbox 2592 2025 2885 2094; x_wconf 81' lang='lat' dir='ltr'>Nigriores</span> <span class='ocrx_word' id='word_1_451' title='bbox 2919 2024 3180 2096; x_wconf 87' lang='lat' dir='ltr'>fuligine,</span> 
     </span>
    </p>
   </div>
   <div class='ocr_carea' id='block_1_131' title="bbox 2595 2112 3256 2186">
    <p class='ocr_par' dir='ltr' id='par_1_131' title="bbox 2595 2112 3256 2186">
     <span class='ocr_line' id='line_1_131' title="bbox 2595 2112 3256 2186; baseline 0.006 -19"><span class='ocrx_word' id='word_1_452' title='bbox 2595 2112 2902 2168; x_wconf 84' lang='lat' dir='ltr'>&#39;l‘eterrimi</span> <span class='ocrx_word' id='word_1_453' title='bbox 2936 2114 3256 2186; x_wconf 88' lang='lat' dir='ltr'>nigredine,</span> 
     </span>
    </p>
   </div>
   <div class='ocr_carea' id='block_1_132' title="bbox 2594 2201 3268 2274">
    <p class='ocr_par' dir='ltr' id='par_1_132' title="bbox 2594 2201 3268 2274">
     <span class='ocr_line' id='line_1_132' title="bbox 2594 2201 3268 2274; baseline 0.004 -18"><span class='ocrx_word' id='word_1_454' title='bbox 2594 2201 2662 2256; x_wconf 89' lang='lat' dir='ltr'>Et</span> <span class='ocrx_word' id='word_1_455' title='bbox 2694 2201 3009 2256; x_wconf 87' lang='lat' dir='ltr'>discolores</span> <span class='ocrx_word' id='word_1_456' title='bbox 3040 2204 3230 2274; x_wconf 85' lang='lat' dir='ltr'>specie</span> <span class='ocrx_word' id='word_1_457' title='bbox 3254 2223 3268 2272; x_wconf 89' lang='lat'><strong>;</strong></span> 
     </span>
    </p>
   </div>
   <div class='ocr_carea' id='block_1_133' title="bbox 2596 2289 3353 2364">
    <p class='ocr_par' dir='ltr' id='par_1_133' title="bbox 2596 2289 3353 2364">
     <span class='ocr_line' id='line_1_133' title="bbox 2596 2289 3353 2364; baseline 0.005 -20"><span class='ocrx_word' id='word_1_458' title='bbox 2596 2289 2950 2361; x_wconf 88' lang='lat' dir='ltr'>Ululantque</span> <span class='ocrx_word' id='word_1_459' title='bbox 2982 2307 3048 2346; x_wconf 91' lang='lat' dir='ltr'>ac</span> <span class='ocrx_word' id='word_1_460' title='bbox 3080 2293 3353 2364; x_wconf 90' lang='lat' dir='ltr'>mugiunt</span> 
     </span>
    </p>
   </div>
   <div class='ocr_carea' id='block_1_134' title="bbox 2594 2377 3294 2452">
    <p class='ocr_par' dir='ltr' id='par_1_134' title="bbox 2594 2377 3294 2452">
     <span class='ocr_line' id='line_1_134' title="bbox 2594 2377 3294 2452; baseline 0.006 -20"><span class='ocrx_word' id='word_1_461' title='bbox 2594 2377 2729 2433; x_wconf 89' lang='lat' dir='ltr'>Dira</span> <span class='ocrx_word' id='word_1_462' title='bbox 2753 2395 2889 2433; x_wconf 87' lang='lat' dir='ltr'>voce</span> <span class='ocrx_word' id='word_1_463' title='bbox 2919 2395 2983 2433; x_wconf 87' lang='lat' dir='ltr'>ac</span> <span class='ocrx_word' id='word_1_464' title='bbox 3016 2381 3294 2452; x_wconf 87' lang='lat' dir='ltr'>rugiunt;</span> 
     </span>
    </p>
   </div>
   <div class='ocr_carea' id='block_1_135' title="bbox 2589 2464 3282 2538">
    <p class='ocr_par' dir='ltr' id='par_1_135' title="bbox 2589 2464 3282 2538">
     <span class='ocr_line' id='line_1_135' title="bbox 2589 2464 3282 2538; baseline 0.01 -20"><span class='ocrx_word' id='word_1_465' title='bbox 2589 2464 2763 2521; x_wconf 85' lang='lat' dir='ltr'>Velut</span> <span class='ocrx_word' id='word_1_466' title='bbox 2793 2465 2991 2522; x_wconf 91' lang='lat' dir='ltr'>leones</span> <span class='ocrx_word' id='word_1_467' title='bbox 3018 2469 3282 2538; x_wconf 66' lang='lat' dir='ltr'>saeviunt,</span> 
     </span>
    </p>
   </div>
   <div class='ocr_carea' id='block_1_136' title="bbox 2592 2555 3489 2629">
    <p class='ocr_par' dir='ltr' id='par_1_136' title="bbox 2592 2555 3489 2629">
     <span class='ocr_line' id='line_1_136' title="bbox 2592 2555 3489 2629; baseline 0.008 -20"><span class='ocrx_word' id='word_1_468' title='bbox 2592 2555 2741 2609; x_wconf 91' lang='lat' dir='ltr'>Dum</span> <span class='ocrx_word' id='word_1_469' title='bbox 2771 2555 3022 2626; x_wconf 88' lang='lat' dir='ltr'>perdunt</span> <span class='ocrx_word' id='word_1_470' title='bbox 3055 2573 3194 2612; x_wconf 87' lang='lat' dir='ltr'>suos</span> <span class='ocrx_word' id='word_1_471' title='bbox 3226 2559 3450 2616; x_wconf 89' lang='lat' dir='ltr'>catulos</span> <span class='ocrx_word' id='word_1_472' title='bbox 3477 2579 3489 2629; x_wconf 95' lang='lat'><strong>;</strong></span> 
     </span>
    </p>
   </div>
   <div class='ocr_carea' id='block_1_137' title="bbox 2592 2643 3540 2718">
    <p class='ocr_par' dir='ltr' id='par_1_137' title="bbox 2592 2643 3540 2718">
     <span class='ocr_line' id='line_1_137' title="bbox 2592 2643 3540 2718; baseline 0.011 -22"><span class='ocrx_word' id='word_1_473' title='bbox 2592 2643 2755 2697; x_wconf 79' lang='lat' dir='ltr'>Fient</span> <span class='ocrx_word' id='word_1_474' title='bbox 2786 2658 2889 2714; x_wconf 89' lang='lat' dir='ltr'>per</span> <span class='ocrx_word' id='word_1_475' title='bbox 2919 2648 3145 2700; x_wconf 88' lang='lat' dir='ltr'>noctem</span> <span class='ocrx_word' id='word_1_476' title='bbox 3179 2650 3354 2718; x_wconf 89' lang='lat' dir='ltr'>atque</span> <span class='ocrx_word' id='word_1_477' title='bbox 3385 2649 3540 2705; x_wconf 89' lang='lat' dir='ltr'>diem</span> 
     </span>
    </p>
   </div>
   <div class='ocr_carea' id='block_1_138' title="bbox 2585 2732 3386 2807">
    <p class='ocr_par' dir='ltr' id='par_1_138' title="bbox 2585 2732 3386 2807">
     <span class='ocr_line' id='line_1_138' title="bbox 2585 2732 3386 2807; baseline 0.007 -23"><span class='ocrx_word' id='word_1_478' title='bbox 2585 2732 2650 2785; x_wconf 92' lang='lat' dir='ltr'>Et</span> <span class='ocrx_word' id='word_1_479' title='bbox 2679 2747 2914 2786; x_wconf 89' lang='lat' dir='ltr'>carmen</span> <span class='ocrx_word' id='word_1_480' title='bbox 2946 2733 3279 2790; x_wconf 90' lang='lat' dir='ltr'>miserabile</span> <span class='ocrx_word' id='word_1_481' title='bbox 3311 2737 3386 2807; x_wconf 82' lang='lat'>(2)</span> 
     </span>
    </p>
   </div>
   <div class='ocr_carea' id='block_1_139' title="bbox 2589 2819 3415 2894">
    <p class='ocr_par' dir='ltr' id='par_1_139' title="bbox 2589 2819 3415 2894">
     <span class='ocr_line' id='line_1_139' title="bbox 2589 2819 3415 2894; baseline 0.01 -22"><span class='ocrx_word' id='word_1_482' title='bbox 2589 2819 2756 2875; x_wconf 90' lang='lat' dir='ltr'>Tetro</span> <span class='ocrx_word' id='word_1_483' title='bbox 2791 2819 3128 2876; x_wconf 74' lang='lat' dir='ltr'>diffundunt</span> <span class='ocrx_word' id='word_1_484' title='bbox 3159 2827 3415 2894; x_wconf 89' lang='lat' dir='ltr'>gutture.</span> 
     </span>
    </p>
   </div>
   <div class='ocr_carea' id='block_1_140' title="bbox 2592 2909 3428 2985">
    <p class='ocr_par' dir='ltr' id='par_1_140' title="bbox 2592 2909 3428 2985">
     <span class='ocr_line' id='line_1_140' title="bbox 2592 2909 3428 2985; baseline 0.004 -22"><span class='ocrx_word' id='word_1_485' title='bbox 2592 2909 2758 2963; x_wconf 90' lang='lat' dir='ltr'>Tunc</span> <span class='ocrx_word' id='word_1_486' title='bbox 2788 2916 3100 2964; x_wconf 85' lang='lat' dir='ltr'>occurrunt</span> <span class='ocrx_word' id='word_1_487' title='bbox 3131 2916 3186 2965; x_wconf 90' lang='lat' dir='ltr'>et</span> <span class='ocrx_word' id='word_1_488' title='bbox 3217 2912 3428 2985; x_wconf 89' lang='lat' dir='ltr'>angeli,</span> 
     </span>
    </p>
   </div>
   <div class='ocr_carea' id='block_1_141' title="bbox 2593 2996 3374 3069">
    <p class='ocr_par' dir='ltr' id='par_1_141' title="bbox 2593 2996 3374 3069">
     <span class='ocr_line' id='line_1_141' title="bbox 2593 2996 3374 3069; baseline 0.005 -19"><span class='ocrx_word' id='word_1_489' title='bbox 2593 2996 2974 3068; x_wconf 89' lang='lat' dir='ltr'>Applaudunt</span> <span class='ocrx_word' id='word_1_490' title='bbox 3003 2997 3129 3053; x_wconf 66' lang='lat' dir='ltr'>laeto</span> <span class='ocrx_word' id='word_1_491' title='bbox 3159 2999 3374 3069; x_wconf 87' lang='lat' dir='ltr'>Judici,</span> 
     </span>
    </p>
   </div>
   <div class='ocr_carea' id='block_1_142' title="bbox 2590 3084 3228 3156">
    <p class='ocr_par' dir='ltr' id='par_1_142' title="bbox 2590 3084 3228 3156">
     <span class='ocr_line' id='line_1_142' title="bbox 2590 3084 3228 3156; baseline 0.006 -18"><span class='ocrx_word' id='word_1_492' title='bbox 2590 3084 2952 3156; x_wconf 86' lang='lat' dir='ltr'>Excipientes</span> <span class='ocrx_word' id='word_1_493' title='bbox 2983 3085 3228 3142; x_wconf 88' lang='lat' dir='ltr'>animas.</span> 
     </span>
    </p>
   </div>
   <div class='ocr_carea' id='block_1_143' title="bbox 2594 3173 3393 3238">
    <p class='ocr_par' dir='ltr' id='par_1_143' title="bbox 2594 3173 3393 3238">
     <span class='ocr_line' id='line_1_143' title="bbox 2594 3173 3393 3238; baseline 0.009 -11"><span class='ocrx_word' id='word_1_494' title='bbox 2594 3175 2748 3238; x_wconf 89' lang='lat' dir='ltr'>Quas</span> <span class='ocrx_word' id='word_1_495' title='bbox 2781 3189 2815 3227; x_wconf 91' lang='lat' dir='ltr'>a</span> <span class='ocrx_word' id='word_1_496' title='bbox 2848 3173 3103 3228; x_wconf 90' lang='lat' dir='ltr'>tenebris</span> <span class='ocrx_word' id='word_1_497' title='bbox 3137 3173 3393 3234; x_wconf 89' lang='lat' dir='ltr'>liberans</span> 
     </span>
    </p>
   </div>
   <div class='ocr_carea' id='block_1_144' title="bbox 2594 3259 3435 3334">
    <p class='ocr_par' dir='ltr' id='par_1_144' title="bbox 2594 3259 3435 3334">
     <span class='ocr_line' id='line_1_144' title="bbox 2594 3259 3435 3334; baseline 0.007 -20"><span class='ocrx_word' id='word_1_498' title='bbox 2594 3259 2861 3315; x_wconf 90' lang='lat' dir='ltr'>Christus</span> <span class='ocrx_word' id='word_1_499' title='bbox 2891 3261 3052 3315; x_wconf 89' lang='lat' dir='ltr'>ducit</span> <span class='ocrx_word' id='word_1_500' title='bbox 3081 3262 3149 3316; x_wconf 91' lang='lat' dir='ltr'>ad</span> <span class='ocrx_word' id='word_1_501' title='bbox 3183 3265 3398 3334; x_wconf 87' lang='lat' dir='ltr'>gaudia</span> <span class='ocrx_word' id='word_1_502' title='bbox 3423 3284 3435 3332; x_wconf 91' lang='lat'><strong>;</strong></span> 
     </span>
    </p>
   </div>
   <div class='ocr_carea' id='block_1_145' title="bbox 2596 3346 3468 3410">
    <p class='ocr_par' dir='ltr' id='par_1_145' title="bbox 2596 3346 3468 3410">
     <span class='ocr_line' id='line_1_145' title="bbox 2596 3346 3468 3410; baseline 0.01 -9"><span class='ocrx_word' id='word_1_503' title='bbox 2596 3349 2760 3402; x_wconf 87' lang='lat' dir='ltr'>Tunc</span> <span class='ocrx_word' id='word_1_504' title='bbox 2790 3346 2931 3402; x_wconf 63' lang='lat' dir='ltr'>caelo</span> <span class='ocrx_word' id='word_1_505' title='bbox 2957 3348 3159 3404; x_wconf 92' lang='lat' dir='ltr'>laudes</span> <span class='ocrx_word' id='word_1_506' title='bbox 3191 3359 3468 3410; x_wconf 89' lang='lat' dir='ltr'>resonant</span> 
     </span>
    </p>
   </div>
   <div class='ocr_carea' id='block_1_146' title="bbox 2598 3435 3310 3496">
    <p class='ocr_par' dir='ltr' id='par_1_146' title="bbox 2598 3435 3310 3496">
     <span class='ocr_line' id='line_1_146' title="bbox 2598 3435 3310 3496; baseline 0.007 -5"><span class='ocrx_word' id='word_1_507' title='bbox 2598 3437 2666 3491; x_wconf 88' lang='lat' dir='ltr'>Et</span> <span class='ocrx_word' id='word_1_508' title='bbox 2696 3435 2978 3492; x_wconf 90' lang='lat' dir='ltr'>melodias</span> <span class='ocrx_word' id='word_1_509' title='bbox 3002 3438 3274 3495; x_wconf 88' lang='lat' dir='ltr'>intonant</span> <span class='ocrx_word' id='word_1_510' title='bbox 3299 3460 3310 3496; x_wconf 93' lang='lat'>:</span> 
     </span>
    </p>
   </div>
   <div class='ocr_carea' id='block_1_147' title="bbox 2595 3525 3489 3600">
    <p class='ocr_par' dir='ltr' id='par_1_147' title="bbox 2595 3525 3489 3600">
     <span class='ocr_line' id='line_1_147' title="bbox 2595 3525 3489 3600; baseline 0.009 -21"><span class='ocrx_word' id='word_1_511' title='bbox 2595 3526 2754 3590; x_wconf 92' lang='lat' dir='ltr'>Quod</span> <span class='ocrx_word' id='word_1_512' title='bbox 2783 3541 2898 3580; x_wconf 91' lang='lat' dir='ltr'>non</span> <span class='ocrx_word' id='word_1_513' title='bbox 2927 3525 3072 3580; x_wconf 87' lang='lat' dir='ltr'>vidit</span> <span class='ocrx_word' id='word_1_514' title='bbox 3102 3528 3234 3598; x_wconf 91' lang='lat' dir='ltr'>quis</span> <span class='ocrx_word' id='word_1_515' title='bbox 3263 3529 3489 3600; x_wconf 89' lang='lat' dir='ltr'>oculus,</span> 
     </span>
    </p>
   </div>
   <div class='ocr_carea' id='block_1_148' title="bbox 2590 3614 3314 3689">
    <p class='ocr_par' dir='ltr' id='par_1_148' title="bbox 2590 3614 3314 3689">
     <span class='ocr_line' id='line_1_148' title="bbox 2590 3614 3314 3689; baseline 0.007 -21"><span class='ocrx_word' id='word_1_516' title='bbox 2590 3614 2704 3669; x_wconf 89' lang='lat' dir='ltr'>Nec</span> <span class='ocrx_word' id='word_1_517' title='bbox 2731 3614 2891 3669; x_wconf 90' lang='lat' dir='ltr'>auris</span> <span class='ocrx_word' id='word_1_518' title='bbox 2912 3615 3112 3671; x_wconf 89' lang='lat' dir='ltr'>audita</span> <span class='ocrx_word' id='word_1_519' title='bbox 3141 3617 3314 3689; x_wconf 89' lang='lat' dir='ltr'>capit,</span> 
     </span>
    </p>
   </div>
   <div class='ocr_carea' id='block_1_149' title="bbox 2588 3702 3375 3774">
    <p class='ocr_par' dir='ltr' id='par_1_149' title="bbox 2588 3702 3375 3774">
     <span class='ocr_line' id='line_1_149' title="bbox 2588 3702 3375 3774; baseline 0.008 -18"><span class='ocrx_word' id='word_1_520' title='bbox 2588 3702 2702 3758; x_wconf 90' lang='lat' dir='ltr'>Nec</span> <span class='ocrx_word' id='word_1_521' title='bbox 2736 3702 2792 3756; x_wconf 94' lang='lat' dir='ltr'>in</span> <span class='ocrx_word' id='word_1_522' title='bbox 2825 3719 2924 3756; x_wconf 91' lang='lat' dir='ltr'>cor</span> <span class='ocrx_word' id='word_1_523' title='bbox 2954 3707 3144 3774; x_wconf 89' lang='lat' dir='ltr'>potest</span> <span class='ocrx_word' id='word_1_524' title='bbox 3172 3706 3375 3762; x_wconf 88' lang='lat' dir='ltr'>cadere</span> 
     </span>
    </p>
   </div>
   <div class='ocr_carea' id='block_1_150' title="bbox 2591 3790 3307 3864">
    <p class='ocr_par' dir='ltr' id='par_1_150' title="bbox 2591 3790 3307 3864">
     <span class='ocr_line' id='line_1_150' title="bbox 2591 3790 3307 3864; baseline 0.003 -20"><span class='ocrx_word' id='word_1_525' title='bbox 2591 3790 2821 3853; x_wconf 88' lang='lat' dir='ltr'>Quanta</span> <span class='ocrx_word' id='word_1_526' title='bbox 2847 3791 3064 3846; x_wconf 90' lang='lat' dir='ltr'>fuerint</span> <span class='ocrx_word' id='word_1_527' title='bbox 3093 3792 3307 3864; x_wconf 88' lang='lat' dir='ltr'>gaudia</span> 
     </span>
    </p>
   </div>
   <div class='ocr_carea' id='block_1_151' title="bbox 2585 3876 3379 3950">
    <p class='ocr_par' dir='ltr' id='par_1_151' title="bbox 2585 3876 3379 3950">
     <span class='ocr_line' id='line_1_151' title="bbox 2585 3876 3379 3950; baseline 0.006 -19"><span class='ocrx_word' id='word_1_528' title='bbox 2585 3876 2686 3932; x_wconf 87' lang='lat' dir='ltr'>Vel</span> <span class='ocrx_word' id='word_1_529' title='bbox 2714 3894 2888 3950; x_wconf 90' lang='lat' dir='ltr'>quam</span> <span class='ocrx_word' id='word_1_530' title='bbox 2913 3880 3152 3950; x_wconf 89' lang='lat' dir='ltr'>grandis</span> <span class='ocrx_word' id='word_1_531' title='bbox 3181 3881 3379 3936; x_wconf 65' lang='lat' dir='ltr'>laetitia</span> 
     </span>
    </p>
   </div>
   <div class='ocr_carea' id='block_1_152' title="bbox 2585 3967 3386 4042">
    <p class='ocr_par' dir='ltr' id='par_1_152' title="bbox 2585 3967 3386 4042">
     <span class='ocr_line' id='line_1_152' title="bbox 2585 3967 3386 4042; baseline 0.009 -21"><span class='ocrx_word' id='word_1_532' title='bbox 2585 3967 2735 4021; x_wconf 92' lang='lat' dir='ltr'>Dum</span> <span class='ocrx_word' id='word_1_533' title='bbox 2768 3967 3016 4022; x_wconf 89' lang='lat' dir='ltr'>redeunt</span> <span class='ocrx_word' id='word_1_534' title='bbox 3045 3969 3115 4023; x_wconf 89' lang='lat' dir='ltr'>ad</span> <span class='ocrx_word' id='word_1_535' title='bbox 3140 3986 3386 4042; x_wconf 85' lang='lat' dir='ltr'>superos</span> 
     </span>
    </p>
   </div>
   <div class='ocr_carea' id='block_1_153' title="bbox 2585 4057 3310 4129">
    <p class='ocr_par' dir='ltr' id='par_1_153' title="bbox 2585 4057 3310 4129">
     <span class='ocr_line' id='line_1_153' title="bbox 2585 4057 3310 4129; baseline 0.007 -19"><span class='ocrx_word' id='word_1_536' title='bbox 2585 4057 2788 4111; x_wconf 87' lang='lat' dir='ltr'>Mortis</span> <span class='ocrx_word' id='word_1_537' title='bbox 2819 4061 3028 4129; x_wconf 78' lang='lat' dir='ltr'>ereptae</span> <span class='ocrx_word' id='word_1_538' title='bbox 3060 4059 3310 4116; x_wconf 90' lang='lat' dir='ltr'>tumulo.</span> 
     </span>
    </p>
   </div>
   <div class='ocr_carea' id='block_1_154' title="bbox 2581 4145 3312 4213">
    <p class='ocr_par' dir='ltr' id='par_1_154' title="bbox 2581 4145 3312 4213">
     <span class='ocr_line' id='line_1_154' title="bbox 2581 4145 3312 4213; baseline 0.003 -13"><span class='ocrx_word' id='word_1_539' title='bbox 2581 4145 2624 4200; x_wconf 91' lang='grc' dir='ltr'>Ο</span> <span class='ocrx_word' id='word_1_540' title='bbox 2654 4145 2815 4213; x_wconf 91' lang='lat' dir='ltr'>Jesu,</span> <span class='ocrx_word' id='word_1_541' title='bbox 2850 4146 3000 4201; x_wconf 92' lang='lat' dir='ltr'>bone</span> <span class='ocrx_word' id='word_1_542' title='bbox 3029 4146 3312 4204; x_wconf 77' lang='lat' dir='ltr'>Domine!</span> 
     </span>
    </p>
   </div>
   <div class='ocr_carea' id='block_1_155' title="bbox 2581 4234 3362 4308">
    <p class='ocr_par' dir='ltr' id='par_1_155' title="bbox 2581 4234 3362 4308">
     <span class='ocr_line' id='line_1_155' title="bbox 2581 4234 3362 4308; baseline 0.005 -20"><span class='ocrx_word' id='word_1_543' title='bbox 2581 4234 2722 4298; x_wconf 91' lang='lat' dir='ltr'>Quis</span> <span class='ocrx_word' id='word_1_544' title='bbox 2752 4240 2807 4290; x_wconf 86' lang='lat' dir='ltr'>te</span> <span class='ocrx_word' id='word_1_545' title='bbox 2837 4235 3076 4290; x_wconf 89' lang='lat' dir='ltr'>laudare</span> <span class='ocrx_word' id='word_1_546' title='bbox 3106 4252 3362 4308; x_wconf 91' lang='lat' dir='ltr'>congrue</span> 
     </span>
    </p>
   </div>
   <div class='ocr_carea' id='block_1_156' title="bbox 2585 4322 3442 4395">
    <p class='ocr_par' dir='ltr' id='par_1_156' title="bbox 2585 4322 3442 4395">
     <span class='ocr_line' id='line_1_156' title="bbox 2585 4322 3442 4395; baseline 0.002 -18"><span class='ocrx_word' id='word_1_547' title='bbox 2585 4322 2842 4394; x_wconf 90' lang='lat' dir='ltr'>Usquam</span> <span class='ocrx_word' id='word_1_548' title='bbox 2877 4328 3067 4394; x_wconf 86' lang='lat' dir='ltr'>potest</span> <span class='ocrx_word' id='word_1_549' title='bbox 3094 4324 3180 4378; x_wconf 90' lang='lat' dir='ltr'>vel</span> <span class='ocrx_word' id='word_1_550' title='bbox 3215 4325 3442 4395; x_wconf 85' lang='lat' dir='ltr'>poterit,</span> 
     </span>
    </p>
   </div>
   <div class='ocr_carea' id='block_1_157' title="bbox 2586 4410 3308 4477">
    <p class='ocr_par' dir='ltr' id='par_1_157' title="bbox 2586 4410 3308 4477">
     <span class='ocr_line' id='line_1_157' title="bbox 2586 4410 3308 4477; baseline 0.004 -13"><span class='ocrx_word' id='word_1_551' title='bbox 2586 4410 2692 4475; x_wconf 88' lang='lat' dir='ltr'>Qui</span> <span class='ocrx_word' id='word_1_552' title='bbox 2726 4411 3023 4466; x_wconf 90' lang='lat' dir='ltr'>misereris</span> <span class='ocrx_word' id='word_1_553' title='bbox 3052 4411 3308 4477; x_wconf 88' lang='lat' dir='ltr'>miseris,</span> 
     </span>
    </p>
   </div>
   <div class='ocr_carea' id='block_1_158' title="bbox 2585 4499 3360 4571">
    <p class='ocr_par' dir='ltr' id='par_1_158' title="bbox 2585 4499 3360 4571">
     <span class='ocr_line' id='line_1_158' title="bbox 2585 4499 3360 4571; baseline 0.005 -19"><span class='ocrx_word' id='word_1_554' title='bbox 2585 4499 2692 4563; x_wconf 91' lang='lat' dir='ltr'>Qui</span> <span class='ocrx_word' id='word_1_555' title='bbox 2723 4499 2985 4571; x_wconf 87' lang='lat' dir='ltr'>ingratos</span> <span class='ocrx_word' id='word_1_556' title='bbox 3017 4504 3072 4555; x_wconf 90' lang='lat' dir='ltr'>et</span> <span class='ocrx_word' id='word_1_557' title='bbox 3102 4499 3360 4571; x_wconf 86' lang='lat' dir='ltr'>perditos</span> 
     </span>
    </p>
   </div>
   <div class='ocr_carea' id='block_1_159' title="bbox 2588 4587 3344 4660">
    <p class='ocr_par' dir='ltr' id='par_1_159' title="bbox 2588 4587 3344 4660">
     <span class='ocr_line' id='line_1_159' title="bbox 2588 4587 3344 4660; baseline 0.003 -19"><span class='ocrx_word' id='word_1_558' title='bbox 2588 4587 2849 4643; x_wconf 80' lang='lat' dir='ltr'>Reduces</span> <span class='ocrx_word' id='word_1_559' title='bbox 2880 4588 3022 4644; x_wconf 87' lang='lat' dir='ltr'>facis</span> <span class='ocrx_word' id='word_1_560' title='bbox 3054 4591 3344 4660; x_wconf 81' lang='lat' dir='ltr'>superos?</span> 
     </span>
    </p>
   </div>
   <div class='ocr_carea' id='block_1_160' title="bbox 2582 4675 3267 4731">
    <p class='ocr_par' dir='ltr' id='par_1_160' title="bbox 2582 4675 3267 4731">
     <span class='ocr_line' id='line_1_160' title="bbox 2582 4675 3267 4731; baseline 0.004 -4"><span class='ocrx_word' id='word_1_561' title='bbox 2582 4675 2664 4728; x_wconf 88' lang='lat' dir='ltr'>Ad</span> <span class='ocrx_word' id='word_1_562' title='bbox 2697 4675 2938 4730; x_wconf 89' lang='lat' dir='ltr'>visionis</span> <span class='ocrx_word' id='word_1_563' title='bbox 2969 4677 3267 4731; x_wconf 89' lang='lat' dir='ltr'>somnium</span> 
     </span>
    </p>
   </div>
   <div class='ocr_carea' id='block_1_161' title="bbox 2583 4761 3437 4834">
    <p class='ocr_par' dir='ltr' id='par_1_161' title="bbox 2583 4761 3437 4834">
     <span class='ocr_line' id='line_1_161' title="bbox 2583 4761 3437 4834; baseline 0.006 -19"><span class='ocrx_word' id='word_1_564' title='bbox 2583 4761 2810 4834; x_wconf 76' lang='lat' dir='ltr'>Stylum</span> <span class='ocrx_word' id='word_1_565' title='bbox 2843 4765 3148 4819; x_wconf 85' lang='lat' dir='ltr'>flectamus</span> <span class='ocrx_word' id='word_1_566' title='bbox 3183 4765 3437 4820; x_wconf 91' lang='lat' dir='ltr'>indicem</span> 
     </span>
    </p>
   </div>
   <div class='ocr_carea' id='block_1_162' title="bbox 2581 4850 3372 4915">
    <p class='ocr_par' dir='ltr' id='par_1_162' title="bbox 2581 4850 3372 4915">
     <span class='ocr_line' id='line_1_162' title="bbox 2581 4850 3372 4915; baseline 0.005 -11"><span class='ocrx_word' id='word_1_567' title='bbox 2581 4850 2686 4915; x_wconf 88' lang='lat' dir='ltr'>Qui</span> <span class='ocrx_word' id='word_1_568' title='bbox 2719 4867 2848 4905; x_wconf 90' lang='lat' dir='ltr'>vere</span> <span class='ocrx_word' id='word_1_569' title='bbox 2880 4857 3078 4907; x_wconf 89' lang='lat' dir='ltr'>narrat</span> <span class='ocrx_word' id='word_1_570' title='bbox 3109 4853 3372 4910; x_wconf 87' lang='lat' dir='ltr'>ordinem</span> 
     </span>
    </p>
   </div>
   <div class='ocr_carea' id='block_1_163' title="bbox 2579 4937 3213 4996">
    <p class='ocr_par' dir='ltr' id='par_1_163' title="bbox 2579 4937 3213 4996">
     <span class='ocr_line' id='line_1_163' title="bbox 2579 4937 3213 4996; baseline 0.009 -6"><span class='ocrx_word' id='word_1_571' title='bbox 2579 4937 2832 4994; x_wconf 78' lang='lat' dir='ltr'>Visionis</span> <span class='ocrx_word' id='word_1_572' title='bbox 2864 4939 3213 4996; x_wconf 90' lang='lat' dir='ltr'>mirabilem.</span> 
     </span>
    </p>
   </div>
   <div class='ocr_carea' id='block_1_164' title="bbox 2573 5027 3576 5099">
    <p class='ocr_par' dir='ltr' id='par_1_164' title="bbox 2573 5027 3576 5099">
     <span class='ocr_line' id='line_1_164' title="bbox 2573 5027 3576 5099; baseline 0.004 -19"><span class='ocrx_word' id='word_1_573' title='bbox 2573 5027 2716 5081; x_wconf 89' lang='lat' dir='ltr'>Cum</span> <span class='ocrx_word' id='word_1_574' title='bbox 2749 5042 2904 5099; x_wconf 90' lang='lat' dir='ltr'>ergo,</span> <span class='ocrx_word' id='word_1_575' title='bbox 2941 5029 3083 5084; x_wconf 91' lang='lat' dir='ltr'>dum</span> <span class='ocrx_word' id='word_1_576' title='bbox 3106 5030 3227 5086; x_wconf 64' lang='lat' dir='ltr'>haec</span> <span class='ocrx_word' id='word_1_577' title='bbox 3257 5045 3576 5088; x_wconf 68' lang='lat' dir='ltr'>cernerem&#39;</span> 
     </span>
    </p>
   </div>
   <div class='ocr_carea' id='block_1_165' title="bbox 2575 5115 3462 5194">
    <p class='ocr_par' dir='ltr' id='par_1_165' title="bbox 2575 5115 3462 5194">
     <span class='ocr_line' id='line_1_165' title="bbox 2575 5115 3462 5194; baseline 0.008 -26"><span class='ocrx_word' id='word_1_578' title='bbox 2575 5115 2643 5169; x_wconf 90' lang='lat' dir='ltr'>Et</span> <span class='ocrx_word' id='word_1_579' title='bbox 2673 5115 2936 5187; x_wconf 89' lang='lat' dir='ltr'>gaudens</span> <span class='ocrx_word' id='word_1_580' title='bbox 2967 5119 3112 5190; x_wconf 92' lang='lat' dir='ltr'>pede</span> <span class='ocrx_word' id='word_1_581' title='bbox 3135 5135 3462 5194; x_wconf 91' lang='lat' dir='ltr'>pergerem,</span> 
     </span>
    </p>
   </div>
   <div class='ocr_carea' id='block_1_166' title="bbox 301 5250 3639 5326">
    <p class='ocr_par' dir='ltr' id='par_1_166' title="bbox 301 5250 3639 5326">
     <span class='ocr_line' id='line_1_166' title="bbox 301 5250 3639 5326; baseline 0 -19"><span class='ocrx_word' id='word_1_582' title='bbox 301 5251 497 5326; x_wconf 62' lang='lat' dir='ltr'>(QLes</span> <span class='ocrx_word' id='word_1_583' title='bbox 526 5251 1102 5326; x_wconf 68' lang='lat' dir='ltr'>historiansplacent</span> <span class='ocrx_word' id='word_1_584' title='bbox 1131 5267 1196 5326; x_wconf 82' lang='lat' dir='ltr'>ce</span> <span class='ocrx_word' id='word_1_585' title='bbox 1226 5250 1465 5326; x_wconf 75' lang='lat' dir='ltr'>miracle</span> <span class='ocrx_word' id='word_1_586' title='bbox 1494 5269 1568 5308; x_wconf 90' lang='lat' dir='ltr'>au</span> <span class='ocrx_word' id='word_1_587' title='bbox 1604 5253 1877 5326; x_wconf 83' lang='lat' dir='ltr'>hapteme</span> <span class='ocrx_word' id='word_1_588' title='bbox 1987 5259 2179 5326; x_wconf 87' lang='lat' dir='ltr'>rostro</span> <span class='ocrx_word' id='word_1_589' title='bbox 2209 5254 2474 5326; x_wconf 73' lang='lat' dir='ltr'>deferens</span> <span class='ocrx_word' id='word_1_590' title='bbox 2504 5255 3104 5326; x_wconf 77' lang='lat' dir='ltr'>ampullamcrelestis</span> <span class='ocrx_word' id='word_1_591' title='bbox 3135 5260 3273 5314; x_wconf 91' lang='lat' dir='ltr'>doni</span> <span class='ocrx_word' id='word_1_592' title='bbox 3321 5256 3639 5326; x_wconf 81' lang='lat' dir='ltr'>chrismate</span> 
     </span>
    </p>
   </div>
   <div class='ocr_carea' id='block_1_167' title="bbox 233 5321 3632 5398">
    <p class='ocr_par' dir='ltr' id='par_1_167' title="bbox 233 5321 3632 5398">
     <span class='ocr_line' id='line_1_167' title="bbox 233 5321 3632 5398; baseline 0.001 -22"><span class='ocrx_word' id='word_1_593' title='bbox 233 5321 305 5398; x_wconf 88' lang='lat' dir='ltr'>d_e</span> <span class='ocrx_word' id='word_1_594' title='bbox 333 5321 623 5398; x_wconf 77' lang='lat' dir='ltr'>Clovis_:«_</span> <span class='ocrx_word' id='word_1_595' title='bbox 641 5321 1012 5398; x_wconf 53' lang='lat' dir='ltr'>Sanctiﬁ&#39;cato</span> <span class='ocrx_word' id='word_1_596' title='bbox 1031 5321 1286 5398; x_wconf 78' lang='lat' dir='ltr'>denique</span> <span class='ocrx_word' id='word_1_597' title='bbox 1305 5321 1484 5398; x_wconf 87' lang='lat' dir='ltr'>fon_t_e_,</span> <span class='ocrx_word' id='word_1_598' title='bbox 1519 5327 1666 5378; x_wconf 89' lang='lat' dir='ltr'>nutu</span> <span class='ocrx_word' id='word_1_599' title='bbox 1681 5321 1878 5398; x_wconf 75' lang='lat' dir='ltr'>divino</span> <span class='ocrx_word' id='word_1_600' title='bbox 1989 5325 2288 5398; x_wconf 87' lang='lat' dir='ltr'>repletam.</span> <span class='ocrx_word' id='word_1_601' title='bbox 2325 5347 2353 5374; x_wconf 88' lang='grc'><strong>››</strong></span> <span class='ocrx_word' id='word_1_602' title='bbox 2411 5321 2716 5398; x_wconf 74' lang='lat' dir='ltr'>Flodoard,</span> <span class='ocrx_word' id='word_1_603' title='bbox 2767 5329 3007 5398; x_wconf 67' lang='lat' dir='ltr'>Historia</span> <span class='ocrx_word' id='word_1_604' title='bbox 3063 5330 3361 5398; x_wconf 74' lang='lat' dir='ltr'>Remensz&#39;s,</span> <span class='ocrx_word' id='word_1_605' title='bbox 3391 5325 3426 5398; x_wconf 91' lang='lat' dir='ltr'>l.</span> <span class='ocrx_word' id='word_1_606' title='bbox 3467 5343 3504 5393; x_wconf 85' lang='grc' dir='ltr'>ι,</span> <span class='ocrx_word' id='word_1_607' title='bbox 3539 5325 3632 5380; x_wconf 90' lang='lat' dir='ltr'>ch.</span> 
     </span>
    </p>
   </div>
   <div class='ocr_carea' id='block_1_168' title="bbox 234 5390 3425 5478">
    <p class='ocr_par' dir='ltr' id='par_1_168' title="bbox 234 5390 3425 5478">
     <span class='ocr_line' id='line_1_168' title="bbox 234 5390 3425 5478; baseline 0.001 -31"><span class='ocrx_word' id='word_1_608' title='bbox 234 5390 493 5478; x_wconf 58' lang='lat' dir='ltr'>chrisma</span> <span class='ocrx_word' id='word_1_609' title='bbox 521 5392 742 5478; x_wconf 56' lang='lat' dir='ltr'>defuit:</span> <span class='ocrx_word' id='word_1_610' title='bbox 779 5390 1245 5478; x_wconf 27' lang='lat' dir='ltr'>sanctiuslau‘te‘m</span> <span class='ocrx_word' id='word_1_611' title='bbox 1281 5392 1560 5478; x_wconf 76' lang='lat' dir='ltr'>pontifex,</span> <span class='ocrx_word' id='word_1_612' title='bbox 1589 5393 1775 5478; x_wconf 48' lang='lat' dir='ltr'>ocu‘lis</span> <span class='ocrx_word' id='word_1_613' title='bbox 1805 5395 1877 5450; x_wconf 91' lang='lat' dir='ltr'>ad</span> <span class='ocrx_word' id='word_1_614' title='bbox 1991 5390 2486 5478; x_wconf 37' lang='lat' dir='ltr'>13:;Avo‘vez‘aussi</span> <span class='ocrx_word' id='word_1_615' title='bbox 2510 5390 2803 5478; x_wconf 66' lang='lat' dir='ltr'>Hinemar,</span> <span class='ocrx_word' id='word_1_616' title='bbox 2839 5397 3030 5478; x_wconf 60' lang='lat' dir='ltr'>Opera,</span> <span class='ocrx_word' id='word_1_617' title='bbox 3058 5399 3175 5478; x_wconf 41' lang='lat' dir='ltr'>tLI,</span> <span class='ocrx_word' id='word_1_618' title='bbox 3211 5415 3278 5478; x_wconf 81' lang='lat' dir='ltr'>p._</span> <span class='ocrx_word' id='word_1_619' title='bbox 3300 5390 3425 5450; x_wconf 61' lang='lat'>714.</span> 
     </span>
    </p>
   </div>
   <div class='ocr_carea' id='block_1_169' title="bbox 235 5459 1777 5534">
    <p class='ocr_par' dir='ltr' id='par_1_169' title="bbox 235 5459 1777 5534">
     <span class='ocr_line' id='line_1_169' title="bbox 235 5459 1777 5534; baseline 0.003 -19"><span class='ocrx_word' id='word_1_620' title='bbox 235 5459 446 5534; x_wconf 68' lang='lat' dir='ltr'>caelum</span> <span class='ocrx_word' id='word_1_621' title='bbox 476 5463 782 5534; x_wconf 78' lang='lat' dir='ltr'>porrectis,</span> <span class='ocrx_word' id='word_1_622' title='bbox 812 5461 986 5534; x_wconf 78' lang='lat' dir='ltr'>tacite</span> <span class='ocrx_word' id='word_1_623' title='bbox 1014 5460 1268 5534; x_wconf 73' lang='lat' dir='ltr'>traditur</span> <span class='ocrx_word' id='word_1_624' title='bbox 1281 5459 1490 5534; x_wconf 62' lang='lat' dir='ltr'>presse</span> <span class='ocrx_word' id='word_1_625' title='bbox 1520 5479 1654 5534; x_wconf 82' lang='lat' dir='ltr'>cum</span> <span class='ocrx_word' id='word_1_626' title='bbox 1688 5462 1777 5520; x_wconf 91' lang='lat' dir='ltr'>lac</span> 
     </span>
    </p>
   </div>
   <div class='ocr_carea' id='block_1_170' title="bbox 234 5529 1782 5604">
    <p class='ocr_par' dir='ltr' id='par_1_170' title="bbox 234 5529 1782 5604">
     <span class='ocr_line' id='line_1_170' title="bbox 234 5529 1782 5604; baseline 0.002 -11"><span class='ocrx_word' id='word_1_627' title='bbox 234 5529 434 5604; x_wconf 57' lang='lat' dir='ltr'>mis,»</span> <span class='ocrx_word' id='word_1_628' title='bbox 457 5529 592 5604; x_wconf 68' lang='lat' dir='ltr'>ecce</span> <span class='ocrx_word' id='word_1_629' title='bbox 621 5529 815 5595; x_wconf 75' lang='lat' dir='ltr'>subito</span> <span class='ocrx_word' id='word_1_630' title='bbox 831 5530 1104 5594; x_wconf 79' lang='lat' dir='ltr'>columba</span> <span class='ocrx_word' id='word_1_631' title='bbox 1115 5547 1220 5595; x_wconf 72' lang='lat' dir='ltr'>seu</span> <span class='ocrx_word' id='word_1_632' title='bbox 1241 5531 1341 5596; x_wconf 82' lang='lat' dir='ltr'>nix</span> <span class='ocrx_word' id='word_1_633' title='bbox 1369 5531 1782 5598; x_wconf 77' lang='lat' dir='ltr'>advolatcandi</span> 
     </span>
    </p>
   </div>
   <div class='ocr_carea' id='block_1_171' title="bbox 1783 5464 3628 5599">
    <p class='ocr_par' dir='ltr' id='par_1_171' title="bbox 1783 5464 3628 5599">
     <span class='ocr_line' id='line_1_171' title="bbox 1783 5464 3628 5599; baseline 0.002 -80"><span class='ocrx_word' id='word_1_634' title='bbox 1783 5481 1882 5596; x_wconf 48' lang='grc' dir='ltr'>ἒξ-</span> <span class='ocrx_word' id='word_1_635' title='bbox 1990 5553 2028 5598; x_wconf 64' lang='lat' dir='ltr'>v</span> <span class='ocrx_word' id='word_1_636' title='bbox 2063 5464 2322 5599; x_wconf 48' lang='lat' dir='ltr'>gzsq’est</span> <span class='ocrx_word' id='word_1_637' title='bbox 2346 5482 2461 5525; x_wconf 84' lang='lat' dir='ltr'>uno</span> <span class='ocrx_word' id='word_1_638' title='bbox 2491 5464 2911 5526; x_wconf 70' lang='lat' dir='ltr'>reminiscendo</span> <span class='ocrx_word' id='word_1_639' title='bbox 2941 5469 3041 5528; x_wconf 86' lang='lat' dir='ltr'>des</span> <span class='ocrx_word' id='word_1_640' title='bbox 3075 5464 3453 5543; x_wconf 75' lang='lat' dir='ltr'>Georgiques,</span> <span class='ocrx_word' id='word_1_641' title='bbox 3485 5464 3523 5526; x_wconf 92' lang='lat' dir='ltr'>l.</span> <span class='ocrx_word' id='word_1_642' title='bbox 3553 5481 3628 5537; x_wconf 80' lang='grc' dir='ltr'>ιν,</span> 
     </span>
    </p>
   </div>
   <div class='ocr_carea' id='block_1_172' title="bbox 1865 5576 2204 5607">
    <p class='ocr_par' dir='ltr' id='par_1_172' title="bbox 1865 5576 2204 5607">
     <span class='ocr_line' id='line_1_172' title="bbox 1865 5576 2204 5607; baseline -0.015 -7"><span class='ocrx_word' id='word_1_643' title='bbox 1865 5577 1880 5607; x_wconf 66' lang='grc' dir='ltr'>υ</span> <span class='ocrx_word' id='word_1_644' title='bbox 2002 5576 2204 5599; x_wconf 70' lang='grc' dir='ltr'>νουινο</span> 
     </span>
    </p>
   </div>
  </div>
