3894 6214
317 333 433 391 647
1042 333 1230 393 S/EC.
1277 333 1358 395 XI
1402 332 1632 395 AUCT.
1681 332 1996 393 INCERTI
2040 332 2226 391 ANNI
2273 333 2372 391 ET
2418 330 2721 392 SGHIP'I‘.
2770 336 2993 388 ’AAEEII.

315 464 521 521 Carnis
553 468 770 537 putans
800 478 893 521 me
926 465 1181 536 pondere

314 553 447 609 Jam
483 553 800 610 liberatum
829 569 1069 627 corpore

316 642 531 698 Sereno
554 640 725 699 .vultu
759 640 1028 714 placidus

315 730 405 787 Me
435 733 576 786 tunc
601 730 854 802 respexit
884 730 1205 787 Dominus:

312 842 339 868 «
375 819 497 883 Quo
530 823 593 879 tu
623 818 791 876 laetus
820 818 1238 892 progrederis?

311 936 380 948 —-
410 908 490 963 Te
514 923 748 979 sequor,
778 906 1054 979 splendor
1082 905 1345 975 luminis,

308 995 620 1051 Admirans
654 999 873 1051 tantam
905 994 1173 1067 gloriam,

307 1085 488 1155 Cujus
519 1088 652 1155 opto
683 1083 1025 1157 participem

308 1172 399 1227 Me
429 1172 553 1227 fieri
584 1189 650 1229 ac
682 1172 927 1228 socium.
964 1193 991 1220 ››

308 1260 407 1315 Ille
433 1261 681 1332 benigne
709 1259 905 1314 intulit
930 1276 942 1314 :

305 1380 372 1390 —
403 1371 432 1397 «
464 1348 613 1404 Siste
644 1350 892 1422 gradum
925 1348 1276 1420 quantocius

302 1438 383 1493 Ne
415 1438 694 1510 procedas
726 1436 992 1493 ulterius.

309 1528 421 1583 Sed
449 1527 573 1583 redi
607 1525 1032 1583 monasterium
1054 1543 1068 1591 ;

1494 464 1634 520 Plus
1662 444 1963 519 tabescunt
1993 461 2051 516 in
2083 460 2361 518 tenebris.

1500 554 1712 608 Dentes
1744 552 2001 624 strigunt
2028 568 2161 606 cum
2192 550 2450 623 tremitu,

1491 642 1673 697 Voces
1704 646 1895 697 torvas
1926 656 2059 696 cum
2090 639 2315 712 gemitu

1490 731 1658 796 Dant,
1689 733 2114 785 tormentorum
2146 727 2335 787 socios

1487 818 1623 874 Diro
1654 818 1907 875 clamore
1937 815 2253 885 concitant,

1485 907 1745 963 Aduncis
1778 910 1841 963 ut
1872 922 1963 963 me
1994 905 2268 965 manibus

1485 996 1550 1050 Et
1579 995 1813 1052 uncinis
1843 994 2229 1052 candentibus

1485 1084 1576 1139 Me
1599 1084 1829 1157 rapiant
1858 1082 2159 1148 attentius,

1489 1172 1680 1227 Unum
1712 1188 1815 1244 pro
1846 1170 2048 1228 multis
2078 1176 2145 1226 ut
2173 1175 2347 1243 caput

1483 1260 1688 1319 Poenas
1718 1260 1842 1315 luat
1872 1277 1988 1317 non
2020 1260 2276 1317 meritas.

1482 1350 1610 1415 Sed,
1647 1349 1693 1403 si
1729 1349 1949 1404 fractus
1978 1347 2137 1405 orbis
2169 1352 2299 1403 ruat
2328 1350 2402 1420 (3)

1479 1439 1546 1491 Et
1577 1435 1788 1491 cmlum
1820 1453 1954 1492 cum
1985 1442 2139 1493 terra
2169 1436 2359 1504 cadat,

1492 1526 1560 1579 Et
1588 1540 1760 1579 omne
1788 1523 1965 1581 simul
2000 1531 2197 1596 pereat

302 1616 575 1669 Nondum
605 1619 837 1685 tempus
867 1614 1026 1668 venit
1054 1618 1244 1668 tuum.
1272 1633 1300 1662 ››
1340 1642 1409 1652 --
1484 1613 1643 1676 Quod
1678 1618 1886 1668 natura
1915 1613 2288 1669 consolidans

302 1705 420 1776 Ego
452 1702 534 1759 nil
566 1718 749 1759 ausus
777 1702 991 1768 dicere,

303 1792 452 1857 Quid
482 1792 638 1850 enim
670 1790 1065 1848 contradicere

302 1880 399 1936 Vel
426 1881 565 1952 quid
595 1879 808 1936 mutire
840 1879 1155 1951 cuperem?

304 1968 427 2024 Uno
446 1969 619 2026 verbo
650 1967 922 2035 conticui,

300 2059 480 2113 Totus
508 2057 569 2111 in
601 2073 692 2112 me
723 2057 1044 2113 contremui
1074 2073 1086 2111 :

302 2178 369 2188 -
401 2170 427 2196 ‹‹
462 2146 587 2210 Qua
610 2145 704 2200 via
736 2161 994 2217 pergam,
1030 2144 1272 2203 Domine
1300 2143 1312 2199 Ι

300 2267 369 2277 -—
400 2237 523 2300 Qua
548 2233 757 2290 venisti
788 2234 1109 2306 regredere,

300 2354 369 2363 -—
396 2324 505 2379 Tot
537 2322 732 2379 hostes
762 2321 888 2377 vias
918 2320 1207 2392 saepiunt!

299 2412 358 2467 Si
392 2410 555 2467 solus
578 2409 714 2469 hinc
744 2410 1059 2483 regredior,

300 2501 424 2555 Non
449 2504 705 2557 revertar
731 2499 803 2555 ad
837 2514 1103 2571 superos.
1131 2521 1157 2547 ››
1187 2530 1255 2538 -

300 2589 401 2644 Ille
430 2593 571 2645 tunc
600 2590 754 2645 dicto
788 2587 985 2652 citius,

299 2678 610 2734 Sinistrum
641 2682 868 2748 partem
900 2675 1156 2741 intuens,

300 2767 545 2821 Trucem
579 2764 763 2822 cernit
792 2762 1130 2833 imaginem,

300 2853 541 2926 Nigram
575 2856 629 2907 et
660 2849 1041 2918 diabolicam;

300 2940 499 2997 Innuit
525 2939 663 2996 huic
692 2939 876 3011 digito
901 2957 914 2995 :

296 3061 367 3071 —-
402 3051 429 3081 ‹‹
462 3029 634 3087 Serve
663 3043 941 3099 nequam,
968 3024 1263 3085 accedito!

298 3120 471 3175 Serve
502 3115 672 3183 male,
705 3116 813 3172 hoc
848 3114 1052 3173 facito!
1089 3136 1118 3167 »
1151 3144 1221 3155 --

297 3204 641 3263 Potestative
670 3205 957 3277 imperat:

296 3325 365 3335 —-
396 3317 423 3346 «
455 3295 622 3351 Hunc
653 3308 865 3353 sanum
896 3296 954 3349 et
982 3291 1335 3351 incolumem

296 3383 553 3443 Fratrem
584 3382 761 3439 reduc
790 3382 863 3438 ad
895 3380 1169 3452 patriam,

294 3472 364 3527 Et
390 3472 460 3526 ad
493 3475 762 3531 sanctum
794 3469 1126 3542 Remigium

296 3561 492 3623 Reduc
522 3561 635 3617 cito
666 3559 825 3616 hunc
855 3557 1231 3617 monachum.

297 3649 442 3705 Vide
473 3666 544 3705 ne
563 3648 881 3720 quisquam
912 3650 1137 3710 noceat,

293 3737 405 3795 Sed
434 3737 764 3808 impavidus
794 3735 1013 3801 redeat,

292 3827 490 3898 Neque
515 3823 602 3880 tui
632 3820 973 3881 consimiles

294 3913 465 3970 Illum
492 3915 741 3984 tangant
764 3909 854 3966 vel
883 3908 1102 3968 leviter.
1137 3932 1167 3961 »
1198 3941 1265 3953 —

290 4002 619 4060 Comitante
646 3997 878 4072 diabolo

290 4092 386 4148 Sic
413 4089 697 4147 dimissus
724 4105 760 4144 a
787 4086 1072 4154 Domino;

289 4175 675 4237 Commiserat
703 4191 871 4233 ovem
903 4175 1062 4248 lupo,

289 4268 399 4324 Sed
432 4266 632 4322 fauces
662 4263 850 4322 malas
872 4264 1187 4325 strinxerat

288 4357 359 4413 Et
391 4353 706 4413 Leviatban
728 4354 1009 4420 vinxerat,

289 4444 471 4516 Cujus
500 4442 698 4500 fauces
726 4442 1084 4499 saevissimas

284 4524 474 4606 Atque
497 4536 702 4606 guttur
732 4530 1165 4604 nequissimum

283 4626 466 4678 Hamo
496 4619 806 4695 perforavit
831 4637 956 4685 suo.

285 4711 448 4766 Tunc
476 4708 654 4767 simul
686 4710 864 4766 chaos
896 4707 1063 4764 Erebi

286 4800 595 4868 Intrantes,
618 4801 933 4855 occurrunt
963 4793 1101 4851 mali

284 4884 650 4961 Spiritusque
679 4883 1051 4959 nequissimi,

282 4977 389 5042 Qui
419 4979 729 5035 redeuntes
761 4973 1049 5047 proprias,

281 5068 459 5125 Sedes
488 5067 727 5132 habent,
756 5064 857 5120 sed
892 5075 1139 5126 vacuas;

282 5157 445 5213 Unde
469 5154 660 5227 magis
690 5156 866 5224 atque
898 5147 1086 5222 magis

348 5273 462 5329 Flet
490 5272 719 5338 noctem,
752 5281 1012 5338 ramoque
1038 5264 1230 5338 sedens
1259 5262 1571 5338 miserabile
1600 5274 1841 5338 carmen.

349 5345 589 5414 lnteg-rat
614 5342 666 5396 et
693 5329 898 5394 ὴιιεδιίςς
918 5329 1036 5393 late
1065 5337 1180 5392 loca
1201 5334 1475 5408 questibus
1505 5329 1708 5399 implet.

350 5431 423 5515 (ἒξ)
452 5412 1117 5515 Ansel‘lusrserappelle
1131 5421 1229 5515 ici
1250 5420 1311 5476 la
1338 5423 1448 5475 str.
1479 5421 1516 5473 2
1553 5414 1631 5472 du
1663 5415 1867 5487 poema
1891 5412 1927 5469 3

280 5495 367 5559 du'
385 5495 482 5559 liv.
515 5515 579 5555 ιιι
604 5497 709 5554 des
732 5496 881 5553 Odes
913 5495 1191 5551 d’Horace
1215 5508 1229 5546 :

425 5575 561 5644 Duc:
582 5569 814 5644 inquieti
832 5565 1084 5626 turbidus
1114 5558 1355 5644 Hadriae,

348 5640 454 5707 Nec
473 5629 824 5722 fulminum
851 5648 1060 5709 magna
1082 5644 1284 5693 manus
1311 5629 1478 5701 lovis,

1476 1701 1726 1773 Stringit
1756 1700 2110 1757 irresolubili

1475 1790 1742 1858 Vinculo,
1775 1807 1926 1847 nexu
1954 1790 2268 1864 quadrupli
2299 1793 2378 1863 (4)

1478 1878 1568 1933 Me
1601 1878 1810 1934 ferient
1836 1878 2198 1951 impavidum

1470 1965 1682 2021 Christi
1715 1966 1869 2039 regis
1899 1967 2233 2023 diaconum.

1465 2056 1628 2111 Tunc
1658 2056 1867 2110 ductor
1893 2055 2086 2111 malus
2117 2061 2321 2113 caetero

1470 2143 1738 2216 Alloquio
1772 2148 1949 2199 terret
1968 2160 2078 2201 suo
2105 2161 2117 2199 :

1472 2256 1499 2283 ‹‹
1533 2232 1593 2289 Si
1626 2249 1726 2288 vos
1757 2232 1914 2288 hunc
1941 2232 2133 2289 solum
2163 2232 2369 2289 laedere

1478 2320 1628 2377 Malo
1657 2319 1834 2376 vultis
1865 2321 2189 2389 conamine,

1472 2408 1622 2473 Quid
1656 2408 1900 2477 facietis,
1934 2408 2157 2476 miseri,

1482 2497 1632 2553 Dum
1664 2497 1931 2561 Christus
1961 2498 2076 2554 huc
2101 2498 2381 2556 redierit?

1469 2587 1550 2641 Ne
1582 2586 1836 2658 tangatis
1867 2587 2167 2659 prohibeo,

1473 2674 1587 2729 Nec
1620 2673 1842 2730 lzedatis
1874 2675 2042 2731 vobis
2071 2680 2217 2731 veto.

1472 2763 1714 2819 Sinitote
1745 2762 1860 2819 huc
1889 2780 2129 2837 pergere

1472 2852 1594 2916 Quo
1617 2851 1855 2922 jussum
1887 2855 1978 2907 est
2004 2868 2038 2907 a
2057 2851 2319 2925 principe

1474 2939 1579 3005 Qui
1613 2956 1720 2995 nos
1752 2942 1926 2995 terret
1952 2956 2062 2995 sua
2089 2956 2280 3009 cruce,

1473 3026 1654 3096 Cujus
1685 3026 1872 3083 virtus
1901 3027 2177 3085 terribilis

1473 3115 1573 3169 Est
1603 3115 1772 3170 nobis
1806 3115 2211 3185 formidabilis,

1471 3202 1656 3266 Quam
1687 3203 1929 3261 sull'erre
1950 3221 2068 3261 non
2097 3222 2417 3277 possumus

1469 3290 1584 3346 Nec
1616 3291 1918 3349 nominare
1947 3292 2240 3359 volumus.

1467 3379 1676 3435 Noster
1707 3380 1977 3453 princeps
2011 3399 2128 3443 non
2151 3383 2406 3457 sapiens,

1477 3468 1627 3523 Dum
1658 3469 1853 3525 carnis
1874 3470 2032 3527 videt
2058 3476 2333 3543 tegumen

1470 3556 1686 3612 Purum
1713 3558 1941 3630 putavit
1968 3559 2291 3627 hominem,

1473 3645 1755 3718 Ignorans
1784 3645 1887 3703 Dei
1915 3646 2126 3704 Filium

1463 3734 1648 3789 Carne
1676 3750 1806 3791 esse
1834 3735 2267 3792 absconditum.
2304 3759 2331 3786 ››

1470 3820 1573 3878 His
1601 3823 1794 3883 verbis
1825 3823 2006 3881 duros
2032 3822 2335 3896 mitigans,

1462 3910 1715 3967 Tantum
1732 3910 1979 3983 pavoris
2007 3911 2217 3968 incutit

1462 3999 1535 4055 Ut
1564 4015 1669 4071 per
1695 4000 1860 4071 ignes
1889 3999 2222 4057 teterrimos

1466 4088 1537 4143 Et
1564 4103 1667 4159 per
1694 4086 1944 4143 telorum
1975 4087 2152 4155 acies,

1460 4177 1539 4230 Ac
1561 4191 1663 4246 per
1691 4174 1889 4247 nigras
1917 4176 2245 4248 voragines,

1463 4261 1689 4318 Illaasus
1718 4266 1777 4318 et
1804 4262 2119 4327 incolumis

1463 4349 1661 4407 Sancti
1692 4350 1871 4407 sister
1901 4351 2149 4425 Remigii

1460 4438 1619 4493 Infra
1649 4441 1816 4511 septa
1847 4441 2093 4507 cmnobii

1464 4527 1701 4583 Tutoris
1730 4543 1838 4600 ope
1863 4530 2106 4601 pessimi

1454 4613 1563 4678 Qui
1593 4630 1688 4671 me
1718 4617 1982 4673 nondum
2011 4618 2289 4678 deseruit.

1459 4703 1647 4776 Super
1673 4702 1852 4761 altare
1882 4707 2150 4778 praesulis

1455 4795 1697 4848 Textum
1731 4795 1954 4867 depono
1987 4795 2242 4861 Domini,

1454 4881 1671 4937 Deinde
1698 4899 1848 4954 pono
1881 4884 2141 4941 casulam

1447 4970 1634 5043 Super
1658 4969 1861 5027 altaris
1891 4972 2154 5028 tabulam

1456 5063 1598 5114 Cum
1630 5058 1798 5126 stola,
1832 5058 2025 5114 albam
2058 5061 2279 5132 pariter

1451 5151 1597 5203 Tum
1629 5147 1853 5218 depono
1884 5144 2178 5219 celeriter;
2212 5144 2217 5149 ’

3606 335 3735 409 θη

2664 462 2790 518 Dux
2819 478 2913 519 me
2943 462 3137 520 malus
3159 479 3273 519 non
3307 464 3526 522 deserit

2670 552 2863 624 Usque
2889 553 2961 609 ad
2992 552 3187 621 locum
3219 552 3441 619 lectuli.

2664 641 2874 697 Statim
2907 645 2964 697 et
2991 658 3025 713 e_
3050 641 3297 716 vestigio

2659 729 2882 802 Corpus
2914 729 2973 786 in
3004 733 3254 804 stratum
3286 729 3527 797 colloco.

2658 819 2827 874 Astat
2856 835 2990 874 cum
3024 818 3219 893 nigris
3239 818 3523 897 dentibus

2663 907 2733 962 Et
2762 923 2895 962 cum
2925 906 3132 978 solutis
3163 906 3445 977 crinibus,

2658 994 2802 1051 Cum
2835 995 3020 1052 oculis
3044 994 3405 1071 sanguineis,

2656 1084 2802 1139 Urso
2833 1084 2977 1156 pede
3007 1083 3354 1153 consimilis,
3390 1139 3396 1145 .

2660 1172 2897 1244 Ungues
2926 1171 3163 1243 leonum
3193 1170 3484 1249 siniilans,

2654 1260 2891 1333 Nigram
2923 1278 3159 1334 capram
3186 1260 3311 1335 pilo,
3335 1276 3552 1337 gerens
3579 1280 3593 1319 :

2656 1380 2721 1391 —
2756 1373 2783 1398 ‹‹
2819 1349 2927 1404 Fac
2961 1366 3052 1405 me
3079 1353 3412 1417 consortem
3442 1348 3655 1419 lectuli,

2659 1438 2763 1503 Qui
2799 1437 2881 1491 fui
2912 1438 3030 1492 dux
3050 1436 3275 1495 itineris
3292 1480 3308 1507 ,

2662 1527 2742 1582 Ne
2772 1527 3026 1583 verearis
3058 1526 3279 1587 socium

2660 1616 2935 1687 Recipere
2966 1617 3022 1672 in
3056 1616 3377 1690 gremium:

2649 1705 2790 1770 Quis
2821 1704 2879 1760 in
2911 1706 3003 1760 via
3033 1721 3150 1760 non
3180 1705 3380 1762 nocuit

2650 1798 2714 1848 In
2746 1793 2959 1849 lectulo
2992 1811 3106 1850 non
3134 1793 3365 1866 poterit.

2648 1883 2767 1955 Ego
2799 1882 3010 1950 audax,
3044 1899 3165 1938 non
3190 1882 3457 1955 timidus,

2644 1969 2873 2025 Christo
2895 1970 3102 2040 ﬁdens,
3135 1986 3253 2029 non
3281 1970 3524 2039 viribus,

2644 2058 2852 2113 Vertor
2879 2058 2937 2114 in
2970 2059 3168 2117 dextro
3198 2058 3378 2121 latere
3402 2078 3418 2129 ;

2646 2147 2864 2203 Locum
2896 2149 2969 2203 do
3000 2164 3180 2220 quam
3211 2147 3533 2225 celerrime.

2647 2234 2857 2291 Pedem
2892 2235 3057 2311 ponit
3086 2236 3145 2291 in
3176 2224 3458 2313 stramine

2648 2323 2723 2378 Os
2755 2324 2839 2379 ori
2872 2341 3019 2396 pene
3038 2324 3332 2398 jungitur,

2650 2410 2907 2469 Alternis
2935 2413 3128 2469 verbis
3156 2412 3476 2486 loquimur.
3506 2458 3507 2461 η

2649 2501 2902 2558 Securus
2925 2502 2994 2557 de
3025 2501 3252 2569 Christo
3286 2518 3440 2581 meq,

2647 2588 2818 2645 Illum
2845 2590 3004 2646 haud
3034 2589 3182 2646 nihil
3212 2594 3448 2649 metuo:

2638 2709 2706 2717 —
2739 2701 2768 2727 «
2814 2677 2937 2749 Dic,
2985 2679 3164 2735 sodex
3213 2679 3427 2755 [sodes]
3479 2681 3537 2734 et
3584 2678 3704 2749 dux

3322 2822 3327 2833 .
3420 2767 3696 2847 [pessime

2640 2854 2916 2912 Veritatis
2927 2855 3699 2933 contrariae[veritaticonta'a

3505 2943 3613 3017 Iris
3626 2942 3696 3019 3].

2640 3034 2773 3097 Quae
2804 3048 2991 3088 causae
3024 3048 3181 3088 nunc
3201 3031 3534 3109 exstiterint
3606 3066 3613 3071 υ

2641 3119 2743 3175 Vel
2773 3137 2900 3192 quae
2934 3120 3078 3177 ratio
3110 3121 3287 3178 fuerit
3390 3176 3393 3181 .

2646 3210 2832 3274 Quare
2850 3208 3117 3266 Christus
3146 3210 3219 3266 ad
3250 3210 3469 3269 inferos

2638 3296 3031 3366 Descenderit,
3065 3314 3180 3370 quo
3212 3298 3442 3371 animas

2642 3385 2821 3441 Vobis
2850 3385 3079 3442 tolleret
3100 3372 3393 3457 miseras,

2648 3474 2718 3529 Et
2746 3475 2816 3529 de
2847 3473 3305 3551 servitutisjugo

2646 3563 2863 3618 Tantos
2894 3563 3159 3619 redderet
3177 3562 3416 3645 liberos,

2640 3650 2869 3706 Peccati
2901 3650 3051 3706 mole
3082 3651 3353 3723 gravidos

2631 3738 2832 3794 Vestro
2858 3738 3085 3795 tolleret
3105 3739 3339 3815 jugulo.

2641 3826 2819 3882 Miror
2842 3826 3114 3899 equidem
3145 3827 3396 3885 nimium
3446 3860 3447 3863 η

2634 3919 2774 3970 Tam
2802 3914 3065 3971 validum
3098 3915 3412 3989 imperium

2631 4004 2723 4059 Sic
2755 4004 2967 4061 fractos
2996 4007 3194 4077 postes
3226 4004 3442 4061 ferreos

2635 4092 2820 4149 Unius
2850 4092 3120 4150 Christus
3146 4093 3349 4168 digito.
3384 4116 3416 4155 υ

2634 4180 2763 4253 Ipse
2792 4180 3152 4250 infrendens,
3185 4181 3528 4249 barbarum,

2636 4269 3030 4338 Horrendum,
3053 4258 3354 4339 resonans,
3383 4273 3623 4338 tetrum,

2637 4357 2746 4415 Ore
2776 4359 3023 4416 distorto
3056 4358 3262 4432 incipit

2639 4446 2961 4519 Labrisque
2989 4447 3187 4505 fremit
3216 4445 3531 4505 tremulis:

2637 4566 2707 4576 —
2735 4558 2763 4585 (‹
2798 4534 2947 4591 Alldl
2981 4551 3157 4604 nunc,
3191 4534 3343 4594 111316
3384 4533 3688 4601 monachep

2631 4625 2785 4679 Aure
2815 4623 3008 4679 cordis
3038 4628 3097 4679 et
3124 4623 3381 4696 percipe.

2632 4710 2781 4766 Vera
2810 4709 3028 4766 invitus
3058 4709 3266 4765 intimo

2634 4798 2794 4862 Quod
2827 4797 2946 4869 (sic)
2978 4795 3293 4855 celaresed
3324 4808 3583 4871 nequeo:

2633 4887 2780 4942 Nam
2811 4900 3007 4940 meum
3038 4899 3154 4939 non
3184 4885 3279 4939 est
3305 4882 3497 4957 dicere

2634 4972 2795 5039 Quod
2824 4986 3026 5026 verum
3055 4975 3146 5027 est
3174 4969 3510 5036 omnimodo

2636 5058 2943 5117 Pontifices
2970 5057 3260 5132 sacrilegi,

2630 5148 2884 5204 Abbates
2912 5163 3129 5204 normae
3155 5145 3357 5216 nescii,

2140 5265 2202 5320 Si
2226 5258 2447 5335 [rae-ty:
2475 5255 2751 5335 illantur
2775 5261 2941 5335 orbis,

2140 5324 2491 5407 Impavidum
2523 5329 2734 5397 ferient
2755 5324 2951 5389 ruinae.

2106 5432 2497 5517 (“Pent-etme
2516 5431 2716 5503 faut-il
2747 5439 2856 5496 lire
2877 5455 2892 5493 :

2148 5523 2361 5591 Vincla,
2390 5533 2545 5577 nexu
2563 5526 2938 5602 quadruplici.

2141 5606 2462 5701 ρααοινιιριι
2488 5623 2752 5694 meaque
2781 5612 2931 5679 dans
2960 5616 3092 5676 tous
3122 5611 3207 5675 les
3227 5607 3560 5690 glossema.
