3894 6214
365 347 478 424 651
1105 347 1293 414 seu.
1338 348 1416 413 x1
1459 351 1691 416 AUCT.
1737 346 2052 418 INCERTI
2096 347 2287 415 ANNI
2332 351 2436 416 ET
2478 342 2776 414 sempr.
2821 359 3047 408 'Aassn.
3655 345 3774 428 ess

362 482 544 538 Nobis
574 481 748 547 fuerit
777 481 1046 549 aemulus,
1538 483 1595 538 Si
1627 483 1790 539 vobis
1811 482 2018 555 placet,
2049 482 2293 540 domini.
2707 481 2920 539 Contra
2947 481 3210 555 regulam
3240 479 3450 537 faciam

363 571 433 626 Et
459 586 562 625 vos
593 570 758 626 nobis
789 570 1134 643 praetulerit,
1537 571 1700 626 Tunc
1731 587 1984 642 nequam
2015 571 2209 644 inquit
2237 571 2481 644 spiritus
2511 587 2526 628 :
2709 572 2844 635 Quze
2867 570 3038 642 jubet
3066 586 3174 626 nos
3203 585 3339 626 mox
3361 582 3625 641 surgere,

364 659 436 714 Et
463 657 756 715 chariores
788 659 1004 716 fecerit.
1541 691 1608 699 ——
1635 683 1660 708 ‹‹
1690 659 1820 716 Jam
1855 661 2159 717 matutinis
2190 660 2496 728 terminus,
2717 659 2788 715 Ut
2815 658 3066 715 tinnitus
3095 657 3364 731 signierit

364 747 451 802 Ad
484 747 606 804 hanc
628 749 930 820 respondit
949 749 1291 814 monachus,
1537 748 1981 820 Appropinquat
2005 749 2328 822 Remigius,
2714 747 2952 804 Auritus
2981 748 3094 821 (10)
3124 749 3198 804 ab
3228 745 3510 804 auriculis

365 836 650 892 Constans
680 841 855 909 atque
883 837 1211 911 intrepidus
1244 855 1256 893 :
1540 840 1662 902 Quo
1693 835 1896 893 laudes
1923 843 2147 893 vestras
2179 838 2389 894 habeat
2717 838 2882 892 Tunc
2910 839 2998 893 est
3027 852 3266 892 necesse
3294 835 3577 892 fratribus

365 924 446 978 Tu
483 942 586 996 pro
619 929 722 982 tua
753 925 1028 998 superbia
1545 927 1613 980 Et
1644 924 1923 982 lectiones
1953 927 2171 982 audiat.
2719 925 2792 981 Ut
2819 928 3130 982 occurrant
3159 941 3339 996 quam
3357 923 3532 981 citius
3559 942 3575 993 ;

367 1013 551 1085 Atque
583 1014 776 1071 cordis
801 1015 1064 1084 audacia,
1542 1014 1651 1071 Sed
1686 1018 1740 1070 te
1773 1019 1970 1071 monet
2001 1033 2129 1088 quae
2158 1017 2381 1088 [quam]
2413 1016 2606 1072 nescio
2715 1015 2772 1070 Si
2803 1014 2945 1087 quid
2971 1018 3032 1070 tu
3064 1011 3238 1083 male,
3269 1011 3534 1086 pervigil,

370 1101 646 1175 Vanaque
667 1102 1003 1160 extollantia
1545 1103 1916 1160 Consuetudo
1947 1103 2215 1176 improba
2721 1104 2871 1160 Dum
2903 1103 3202 1158 dormiunt
3222 1102 3500 1170 suaseris,

370 1189 678 1247 Perdidisti
708 1191 984 1264 caelestia,
1541 1192 1613 1247 Ut
1643 1196 1956 1264 postquam
1985 1193 2238 1250 tinnitus
2269 1198 2398 1250 tuas
2718 1192 2836 1248 Hoc
2867 1191 3122 1248 deﬂeant
3149 1207 3286 1248 cum
3314 1190 3591 1264 lacrymis

367 1282 516 1332 Dum
548 1283 760 1350 putans
791 1279 1009 1354 [putas]
1045 1281 1154 1336 Deo
1187 1279 1398 1337 similis
1543 1280 1901 1336 Percusserit
1928 1279 2246 1346 auriculas,
2717 1282 2864 1336 Ante
2893 1283 3270 1352 conspectum
3299 1278 3557 1345 Domini,

369 1365 476 1422 Per
498 1367 834 1440 superbiam
866 1368 990 1425 fieri
1015 1387 1030 1437 ;
1542 1367 1752 1423 Statim
1783 1367 1930 1424 lecto
1963 1367 2184 1436 exilius,
2721 1366 2832 1423 Sed
2865 1367 3006 1440 quid
3036 1371 3094 1423 te
3121 1370 3389 1424 nostrum
3419 1382 3632 1424 canere

368 1459 436 1510 Et
463 1456 533 1511 de
563 1455 717 1513 claro
743 1457 1094 1531 archangelo
1542 1459 1612 1512 Et
1639 1457 1868 1528 primus
1900 1457 1956 1512 in
1989 1457 2236 1515 ecclesia
2716 1457 2968 1528 Spectat,
2995 1455 3132 1530 lupe
3168 1459 3304 1512 trux
3334 1455 3595 1529 pessime
3615 1455 3750 1527 (11).

370 1542 580 1598 Factus
610 1561 672 1599 es
696 1545 861 1617 niger
891 1546 1172 1618 Aithiops.
1543 1545 1602 1600 Si
1635 1549 1819 1617 potes,
1850 1545 2002 1600 citus
2035 1546 2244 1613 abeas;
2721 1577 2788 1583 —
2820 1544 2938 1617 Ego
2963 1561 3133 1600 curro
3163 1560 3266 1616 per
3293 1543 3491 1600 omnia

370 1631 430 1685 Si
463 1633 644 1687 nostri
671 1633 768 1688 Dei
801 1634 1033 1690 bonitas
1541 1634 1686 1689 Nam
1718 1634 1859 1690 dum
1889 1639 2054 1707 potes
2085 1635 2410 1707 quiescere,
2720 1633 2790 1688 Et
2819 1631 2946 1689 volo
2975 1631 3137 1688 velox
3167 1649 3334 1699 aera;

369 1719 556 1790 Atque
588 1721 990 1778 misericordia
1547 1723 1616 1778 Et
1647 1725 1909 1780 membra
1939 1740 2146 1780 somno
2171 1724 2396 1779 tradere
2716 1727 2858 1776 Sum
2888 1720 3139 1777 velocior
3162 1721 3312 1776 Euro

372 1808 552 1864 Nobis
583 1809 764 1866 donat
789 1813 945 1884 quod
977 1813 1240 1869 tumidus
1539 1813 1617 1868 Ac
1645 1813 1892 1868 dulciter
1922 1813 2242 1885 quiescere,
2721 1811 2788 1866 Et
2817 1810 3001 1866 lustro
3032 1809 3425 1878 monasteria;

369 1899 560 1969 Atque
591 1902 652 1954 tu
685 1899 879 1971 perdis
906 1901 1196 1973 turgidus,
1547 1899 1618 1956 Ut
1647 1900 1884 1968 stultus,
1919 1901 2252 1958 monasterii
2725 1900 2784 1956 Si
2811 1915 2984 1972 quem
3017 1914 3214 1954 meum
3246 1898 3554 1970 reperiam,

374 1985 490 2042 Nos
520 1986 774 2044 humiles
801 1990 1193 2062 acquiramus.
1551 1989 1784 2044 Primus
1807 1989 1955 2062 petis
1985 1989 2312 2044 introitum.
2724 1987 3016 2060 Quidquid
3049 1985 3178 2044 volo
3207 1985 3317 2042 hoc
3347 1986 3538 2042 faciat.
3575 2017 3644 2027 —

376 2075 523 2138 Quid
557 2078 728 2133 refert
759 2083 823 2133 ut
853 2083 909 2134 te
938 2078 1137 2136 doleas
1549 2078 1699 2132 Dum
1725 2079 1904 2134 Venite
1929 2077 2304 2150 protrahitur,
2721 2109 2787 2118 —
2817 2077 3080 2133 Tandem
3107 2076 3348 2132 modum
3379 2075 3657 2149 nequitiae

376 2164 493 2221 Nos
524 2165 647 2221 ﬁeri
677 2167 832 2238 quod
866 2167 1096 2224 fueras?
1127 2191 1156 2218 »
1548 2167 1801 2230 Quartus
1826 2172 1882 2224 et
1910 2167 2330 2240 nonagesimus
2361 2167 2458 2239 (9).
2721 2166 2752 2222 J
2761 2182 2855 2222 am
2883 2169 2945 2220 tu
2979 2165 3247 2232 mendax,
3279 2164 3393 2238 ﬁge
3419 2168 3556 2232 tuae,

376 2251 580 2309 Plures
611 2271 910 2311 sermones
939 2255 1267 2328 sparsimus
1296 2274 1314 2310 :
1549 2255 1657 2319 Qui
1687 2271 1916 2312 morose
1937 2256 2088 2318 dum
2117 2255 2368 2321 canitur,
2721 2255 2790 2309 Et
2817 2252 3052 2310 desinas
3081 2252 3488 2326 blasphemiis.
3523 2275 3552 2302 »

375 2341 454 2395 Ac
483 2341 554 2397 de
585 2341 792 2398 multis
821 2343 1009 2416 questi
1039 2361 1248 2400 sumus
1548 2345 1711 2400 Tunc
1742 2347 1888 2402 satis
1917 2349 2082 2418 potes
2112 2359 2352 2416 surgere
2721 2342 2974 2398 Alternis
3001 2357 3304 2398 cessamus
3331 2341 3514 2415 loqui,

377 2428 511 2494 Quae
533 2429 794 2486 tulerunt
823 2431 1116 2488 insomnia
1548 2432 1620 2486 Ut
1653 2448 1924 2488 occurras
1957 2431 2016 2487 in
2042 2431 2266 2487 ordine.
2298 2461 2366 2471 -—-
2723 2429 3026 2485 Evanescit
3052 2445 3122 2485 ex
3149 2428 3354 2498 oculis,

377 2516 446 2571 Et
473 2533 508 2572 a
536 2519 729 2574 cordis
759 2520 1042 2576 memoria
1550 2552 1618 2559 —
1649 2519 1692 2576 Ο
1723 2519 2040 2591 castigator
2068 2519 2332 2590 improbe
2725 2518 2983 2573 Sumnus
3012 2516 3206 2590 gravis
3237 2533 3330 2572 me
3358 2517 3616 2587 deserit;

377 2603 661 2662 Oblivioni
691 2607 924 2663 tradita.
1555 2609 1804 2680 Imperet
1831 2607 1936 2663 tibi
1967 2607 2252 2663 Dominus
2725 2605 3041 2678 Copulatus
3071 2621 3208 2662 cum
3231 2605 3479 2674 caeteris,

374 2693 579 2749 Adhuc
610 2711 794 2750 unum
825 2696 1107 2768 quiddam
1138 2701 1338 2753 manet
1551 2696 1853 2768 Nusquam
1879 2699 1943 2751 tu
1972 2696 2120 2751 bene
2150 2695 2388 2762 habeas,
2725 2695 2836 2750 Oro
2870 2695 3050 2750 Deum
3081 2693 3333 2768 Remigii

377 2779 539 2844 Quod
565 2782 729 2838 vobis
759 2783 947 2856 stylus
976 2783 1198 2839 deferet
1554 2783 1664 2839 Sed
1687 2799 1921 2855 semper
1952 2781 2120 2840 bonis
2147 2799 2368 2849 careas,
2727 2783 2799 2838 Ut
2827 2781 3035 2838 visioni
3068 2782 3366 2840 somnium

380 2866 454 2922 Ut
477 2867 732 2925 audiatis
761 2869 970 2935 seduli,
1556 2870 1664 2937 Qui
1696 2871 1910 2926 suades
1942 2874 2007 2925 ut
2033 2870 2330 2926 dormiens
2728 2869 2924 2926 Faciat
2951 2885 3079 2926 esse
3109 2885 3459 2944 congruum.

454 3035 532 3114 (9)
563 3033 606 3090 Il
636 3036 902 3114 vaudrait
934 3037 1304 3114 mi‘euxpour
1324 3037 1376 3093 le
1403 3054 1539 3095 sens
1569 3055 1681 3110 que
1711 3037 1826 3094 l’on
1857 3038 2032 3095 chan-
2141 3055 2284 3095 aura
2314 3055 2517 3114 sonne,
2553 3039 2630 3095 du
2660 3037 2792 3114 vieil
2826 3037 3114 3095 allemand
3143 3041 3286 3110 sing,
3310 3038 3510 3096 cloche
3529 3039 3785 3114 quis'est

382 3111 626 3178 gestces
641 3107 962 3182 _deuxA_vers
991 3109 1061 3164 de
1091 3107 1254 3182 place
1288 3127 1300 3164 :
1586 3107 1605 3110 “
2141 3113 2415 3166 conservé
2446 3107 2596 3166 dans
2617 3112 2803 3182 tocsin.

631 3179 771 3252 Dum
800 3179 1397 3252 Vsmrapfotrahitur,
2387 3183 2484 3238 Les
2512 3182 2651 3236 clers
2679 3183 2714 3236 ὰ
2742 3180 2905 3236 hante
2933 3182 3062 3236 voix
3079 3185 3130 3235 et
3157 3181 3299 3236 clere

635 3251 743 3318 Qui
765 3267 974 3306 morose
1001 3251 1129 3308 dum
1151 3255 1396 3318 canitur,
2387 3255 2448 3307 Te
2477 3252 2646 3308 Deum
2680 3267 2980 3307 uuoauus
3007 3255 3324 3308 chantérent

634 3321 869 3395 Quartus
900 3332 948 3378 el
972 3325 1374 3395 nonagesim-us,
2353 3393 2360 3395 _
2387 3325 2482 3379 Les
2512 3339 2672 3395 seiras
2696 3330 2747 3379 et
2773 3323 2854 3395 les
2880 3321 3088 3395 cloches
3114 3325 3405 3395 munerem

633 3393 776 3467 Tum;
799 3395 934 3449 satis
958 3403 1104 3466 potes
1119 3393 1378 3467 surgere.
1447 3466 1455 3467 ί
1755 3464 1764 3467 _
2208 3394 2320 3467 (11)
2352 3393 2508 3467 Dans
2542 3393 2796 3467 l‘bymne
2826 3393 3172 3467 de‘FlAavius,
3191 3393 3282 3467 Ad
3306 3393 3563 3467 lationem
3589 3395 3787 3467 pedum

552 3462 564 3475 ο
635 3412 776 3448 ωηο
799 3412 934 3449 suus
958 3412 1104 3466 pares
1131 3412 1378 3478 surgere.
2149 3467 2159 3478 .
2208 3412 2320 3467 (ιι)
2352 3412 2508 3450 uans
2542 3412 2558 3448 ι
2583 3412 2796 3476 ςιχωηθ
2826 3412 2896 3448 ue
2923 3412 3281 3476 r'iav1us,_{ia
3306 3412 3563 3449 wuonem
3587 3412 3784 3522 parum

455 3462 600 3538 Mais
631 3461 715 3520 les
744 3465 894 3538 deux
925 3471 1278 3538 manuscrits
1298 3467 1382 3521 les
1405 3466 1632 3538 placent
1651 3467 1722 3522 de
1752 3464 1808 3522 la
1839 3467 2029 3521 meme
2137 3483 2197 3521 in
2230 3468 2392 3522 Cwna
2444 3466 2680 3531 Damam,
2713 3465 2859 3536 Opp.
2883 3464 2942 3520 S.
2965 3464 3248 3536 Gregorii,
3280 3469 3322 3520 t.
3359 3463 3458 3533 Ill,
3488 3481 3548 3537 p.
3701 3507 3715 3533 ,
3744 3465 3784 3521 ι1

383 3535 748 3611 muniere,_et
772 3535 898 3611 _l’on
939 3536 1230 3611 s’écartait
1273 3535 1426 3611 alors
1465 3554 1604 3593 sans
1635 3553 1824 3592 aucun
1859 3554 2027 3592 scru-
2135 3554 2170 3611 γ
2199 3554 2235 3594 a
2266 3553 2280 3590 :

380 3607 517 3680 pule
547 3608 618 3680 de
647 3606 856 3680 l’ordre
883 3608 1289 3680 grammatical
1313 3610 1421 3680 ﬁdes
1444 3612 1616 3680 mots.
1950 3645 1960 3656 ι
2138 3605 2156 3611 ⁷
2386 3609 2531 3662 Trux
2559 3608 2702 3678 lupe,
2730 3605 2878 3680 ludia;
2897 3607 3150 3680 pessime.

453 3681 565 3753 (10)
597 3678 1042 3736 Ρτοῦθὼιθᾶιθηῐ
1070 3679 1110 3734 il
1159 3681 1281 3736 laut
1310 3679 1417 3735 lire
1453 3679 1675 3734 audilus
1697 3695 1718 3741 ,·
1746 3681 2024 3751 signierit,
2381 3680 2507 3735 Fers
2537 3693 2678 3747 agna
2705 3679 2834 3734 miti
2861 3678 3034 3732 basia.

1108 3973 1241 4062 DE
1303 3971 1700 4061 MUSIGIS
1757 3971 2302 4062 OPUSGULIS
2364 3969 3044 4068 SEQUENTIBUS

1870 4149 2295 4224 MONITUM.

1083 4320 1252 4394 (Dom
1282 4319 1571 4382 Genesar,
1605 4314 1903 4386 Scriptores
1931 4315 2282 4373 ecclesiastici
2307 4315 2374 4373 de
2401 4317 2632 4385 musica,
2659 4319 2704 4374 t.
2739 4315 2784 4386 Ι,
2821 4315 3072 4388 Praefat.)

452 4619 795 4675 Claudimus
820 4615 1014 4688 inquit
1043 4619 1106 4668 D.
1139 4611 1401 4679 Gerbert,
1435 4609 1693 4688 primum
1725 4609 1834 4666 hoc
1865 4609 2232 4688 Collectionis
2261 4615 2474 4688 nostra:
2511 4609 2782 4688 volumen
2826 4608 3005 4688 variis
3041 4609 3524 4688 dimensionibus
3572 4630 3781 4688 mono-

380 4691 604 4758 chordi,
630 4689 788 4761 quod
809 4679 1406 4761 instrumentumsuo
1428 4679 1495 4737 ex
1529 4682 1763 4761 nomine
1793 4681 2228 4761 u_niu_s_chordaa
2258 4683 2318 4761 i_n
2347 4681 2574 4761 th_eoria
2605 4680 2840 4761 musicae
2876 4679 3087 4736 veteris
3137 4685 3271 4751 post
3307 4682 3553 4761 malleus
3587 4685 3782 4761 Pithe-

377 4779 531 4835 goraa
562 4749 786 4835 certum
817 4765 898 4835 et»
921 4755 1228 4835 infallibile
1259 4754 1704 4835 fundamentum
1737 4754 1848 4835 fuit
1877 4753 2364 4835 adinveniendas
2383 4749 3571 4835 ndemonstrandasque.consonantiasnet
3594 4755 3780 4835 inter-

377 4819 528 4888 ἴδηαι
555 4831 801 4887 musica.
833 4833 1022 4900 Atque
1052 4827 1188 4901 inde
1217 4825 1443 4880 musica
1471 4825 1714 4881 scientia
1745 4825 1817 4901 ad
1841 4820 2753 4901 certitudinetnmathematicam
2785 4819 3063 4900 assurgit,
3088 4819 3410 4901 radiosque
3450 4821 3786 4885 Divinitatis

380 4903 551 4960 nobis
573 4904 828 4972 ostentat
858 4891 1224 4972 in'operibus
1253 4902 1495 4972 naturai.
1539 4896 1882 4972 corporibus
1916 4913 2121 4972 nempe
2148 4894 2602 4972 quibuscunque
2628 4891 2968 4972 sonoris,in
2999 4891 3218 4972 quibus
3244 4893 3462 4972 eadem
3505 4903 3782 4972 caput”-

378 4977 469 5028 ter
499 4973 755 5028 rationes
785 4961 1164 5025 inveniuntur
1193 4967 1518 5023 innumeris
1550 4961 1670 5023 tum
1693 4961 2258 5040 liai-monicis'quam
2289 4961 2697 5040 arithmeticis,
2728 4966 2787 5040 et
2814 4961 3030 5016 eadem
3049 4961 3298 5040 quidem
3327 4963 3783 5040 demonstratio-

383 5061 526 5098 num
558 5041 850 5114 evidentia
880 5041 938 5114 in
970 5041 1222 5112 pondere
1255 5045 1311 5095 et
1339 5055 1634 5114 mensura,
1658 5037 1848 5110 qualis
1879 5037 1938 5092 in
1969 5030 2288 5108 geometria
2306 5033 2561 5114 habetur
2592 5030 3184 5114 aquibus-omnibus
3353 5036 3536 5094 Deum
3579 5055 3784 5096 rerum

384 5113 742 5171 conditorem
765 5100 1064 5186 erigimur,
1099 5115 1272 5185 prout
1298 5112 1484 5167 omnia
1513 5112 1570 5165 in
1603 5100 1880 5175 mensura,
1908 5100 2233 5172 et'numero,
2263 5111 2315 5160 et
2335 5119 2404 5175 p‘
2427 5101 2582 5158 edere
2609 5100 2900 5174 disposuit
2928 5102 3081 5178 (Sap.
3111 5120 3192 5173 ιι,
3221 5105 3317 5180 21)
