3894 6214
114 294 245 386 ὖεὲ

1439 320 1867 387 BERNELINI
1909 322 2236 391 MUSICA'.‘

3413 327 3535 388 654

1351 585 2305 689 Βεκκειιινι

751 792 1005 879 CITA
1062 793 1207 878 ET
1266 790 1545 882 VERA
1603 792 2032 880 DIVISIO
2089 789 2890 883 MONOCHORDI

1411 968 1486 1023 IN
1516 967 1899 1025 DlATONlCO
1928 969 2233 1026 GENERE.

186 1095 437 1176 Edimus
466 1108 721 1176 sequens
747 1091 1097 1176 opusculum
1127 1108 1195 1148 ex
1225 1093 1827 1176 cold.‘m'em.branaceo
1858 1093 2318 1176 reginte‘Su‘ecize
2367 1093 2690 1176 Christinae,
2737 1094 2838 1176 qui
2887 1098 3239 1176 asservatur.
3266 1094 3326 1152 in
3377 1093 3522 1176 bibl.

120 1167 400 1223 Vaticana
430 1162 698 1237 signatus
726 1162 1022 1237 olim_480,
1057 1180 1217 1237 nunc
1249 1165 1401 1219 1661.
1437 1164 1497 1219 ln
1532 1164 1717 1220 fronte
1756 1164 1774 1219 Ι

116 1258 139 1294 ιθ
163 1237 428 1295 icentiori
461 1235 733 1291 additur:
769 1235 827 1290 ϐ.
862 1235 1127 1290 Scholasti
1153 1235 1384 1291 Abacus.
1434 1237 1716 1291 Bernelini
1756 1237 1985 1303 Abacus,
2034 1238 2262 1291 musica.
2312 1236 2490 1291 Arith.
2535 1241 2588 1291 et
2630 1237 2807 1293 Geom.

1966 1166 2099 1220 abet
2145 1165 2309 1220 Λικισί
2360 1167 2561 1235 regula:
2609 1170 2660 1220 et
2696 1165 2813 1220 alia
2863 1165 3128 1235 quaedam.
3179 1165 3525 1223 Charactere

2903 1237 3105 1293 erberti
3149 1237 3220 1293 ad
3267 1237 3523 1295 Adalbol-

112 1312 145 1365 αἱ
157 1327 249 1367 ἠπ
269 1308 582 1382 nonnulla,
601 1311 711 1362 etc.
744 1305 911 1382 illurn
934 1306 1215 1382 nimirum
1236 1305 1645 1382 Adelboldum,
1659 1306 1765 1382 Δ(ιιι-ἰ
1789 1306 1981 1382 adhuc
1996 1306 2404 1382 scholasticus,
2418 1307 2621 1382 _t_'act_us
2643 1311 2850 1382 postea
2867 1308 3178 1380 episcopus
3196 1309 3524 1382 Trajecten-

113 1400 221 1448 εις,
255 1380 538 1451 Gerberto
559 1379 684 1451 jam
713 1377 971 1449 pontifici
996 1377 1383 1451 _sub_nomine
1412 1377 1699 1434 Silvestri‘
1728 1379 1783 1451 gII
1810 1378 2072 1451 vicissim
2097 1378 2397 1451 inscripsit
2417 1377 2700 1451 libellum.
2726 1377 3038 1451 G_erbe‘rtus
3058 1377 3193 1435 vero
3209 1395 3271 1436 se
3296 1377 3524 1437 schola-

115 1454 335 1508 sticum
368 1448 634 1506 nominat
662 1448 729 1522 in
756 1450 949 1522 regula,
974 1448 1041 1503 de
1069 1449 1242 1503 Abaco
1271 1451 1529 1522 computz',
1562 1466 1688 1520 quae
1724 1450 1779 1522 in
1812 1448 2046 1503 laudato
2082 1448 2297 1505 codice'
2324 1448 2538 1522 legitur
2585 1453 2717 1520 post
2760 1449 2926 1522 Beda:
2971 1466 3177 1522 versus
3220 1451 3294 1506 De
3339 1453 3523 1522 confe-

111 1528 315 1588 ctione,
349 1527 462 1577 etc.
495 1520 777 1593 Sequitur
806 1536 871 1593 p.
903 1521 963 1573 18
988 1522 1242 1593 przrfatz'o
1282 1521 1469 1593 Aeaci,
1520 1537 1680 1591 quem
1717 1521 1912 1592 jtmior
1963 1522 2287 1593 Bcrnclinus
2333 1520 2506 1575 edidit
2548 1522 2813 1576 Parisius.
2861 1521 3089 1576 Domino
3135 1522 3345 1577 Amelio
3396 1520 3522 1577 Ber-

111 1595 343 1675 ηιπζξημης
370 1608 503 1674 situs
519 1591 748 1675 aeternae
773 1591 1053 1675 felicitatis
1076 1607 1294 1675 manus.
1327 1592 1537 1659 Mirari,
1560 1591 1732 1675 fater
1761 1599 1960 1675 sancte,
2008 1607 2117 1675 non
2164 1591 2352 1675 desino
2399 1593 2702 1675 auctionis
2744 1594 2860 1648 tuae
2906 1593 3386 1675 inslantiqm,_etc.
3408 1594 3522 1675 Ap-

110 1664 458 1736 imllaturiin
482 1663 691 1736 eadem
724 1661 1060 1736 praefatione
1087 1663 1326 1736 Amelz'us
1348 1663 1680 1736 penerabilis
1707 1663 1952 1736 sacerdos
1982 1664 2030 1716 et
2075 1662 2409 1736 monachus;
2460 1663 2816 1736 mentionem
2865 1678 3099 1736 quoque
3144 1661 3524 1736 facitopsris

108 1739 212 1794 ιιιιὶ
236 1753 335 1810 pp.
367 1734 626 1792 Gerberti.
663 1732 841 1806 p.'3h.
876 1732 1168 1805 Opusculo
1198 1733 1269 1788 de
1298 1733 1489 1790 Abaco
1520 1750 1654 1789 mox
1682 1733 2061 1806 subjungitur
2091 1750 2345 1806 praesens
2378 1733 2495 1790 Cito
2523 1742 2573 1789 et
2604 1750 2730 1790 vera
2756 1732 2954 1789 divisio
2980 1732 3354 1795 rhoncchordi.

189 1965 509 2024 Dimidium
524 1964 1147 2039 proslambanomenos
1169 1970 1258 2020 est
1282 1965 1456 2032 Mese,
1474 1964 1654 2036 hujus
1670 1983 1767 2021 au-
1793 1969 1849 2035 Α
1878 1965 2060 2020 trardi
2075 1966 2238 2038 prius
2252 1970 2458 2022 tonum
2472 1972 2528 2022 et
2539 1966 2937 2035 semitonium,
2954 1967 3318 2040 posteaduos
3331 1970 3518 2025 tonos.

111 2063 237 2113 tem
269 2054 584 2111 dimidium
617 2058 705 2111 est
745 2059 875 2109 nete
924 2053 1333 2127 hyperboleon,
1380 2056 1549 2125 cujus
1595 2054 1769 2110 tertia

110 2161 253 2218 pars
284 2143 401 2200 sibi
432 2143 631 2199 addita
656 2146 743 2198 est
782 2148 912 2198 nete
961 2143 1440 2215 diezeugmenon.
1486 2144 1765 2215 Ejusdem

111 2239 249 2290 nete
279 2230 674 2306 hyperboleon
705 2230 993 2287 medietas
1025 2230 1297 2288 similiter
1325 2232 1375 2287 ei
1407 2232 1625 2299 addita,
1677 2235 1766 2288 est

112 2326 395 2396 paranete
424 2320 878 2394 diezeugmenon
906 2339 919 2389 ;
952 2322 1121 2393 cujus
1152 2324 1359 2393 quarta
1402 2337 1536 2393 pars
1569 2323 1645 2393 (1)
1677 2325 1767 2377 est

112 2414 394 2484 paranete
404 2407 819 2483 hyperboleon,
834 2408 1015 2481 hujus
1028 2413 1221 2465 autem
1237 2410 1518 2465 medietas
1536 2409 1645 2466 sibi
1669 2410 1763 2465 ad-

112 2499 241 2555 dita
269 2503 360 2554 est
389 2497 521 2554 trite
559 2497 1037 2570 diezeugmenon.
1081 2498 1260 2569 hujus
1309 2502 1506 2553 autem
1556 2502 1765 2570 quarta

113 2605 251 2661 pars
282 2589 359 2659 (2)
391 2591 481 2643 est
511 2586 644 2642 trite
676 2586 1085 2659 hyperboleon.
1119 2587 1257 2642 Nete
1305 2587 1762 2660 diezeugmenon

114 2681 315 2733 autem
344 2675 517 2732 tertia
546 2692 683 2747 pars
714 2675 825 2730 sibi
856 2675 1053 2731 addita
1100 2679 1189 2732 est
1240 2692 1563 2747 paramese.
1620 2676 1763 2732 Ecce

114 2765 301 2821 habes
332 2769 461 2820 octo
491 2764 830 2831 divisiones,
865 2780 1112 2841 quarum
1144 2764 1459 2834 unicuique
1489 2764 1561 2820 ad
1592 2782 1761 2820 suam

112 2855 422 2927 diapason,
456 2851 676 2907 scilicet
702 2868 888 2922 usque
916 2852 1565 2923 proslambanomenon,
1590 2858 1647 2909 et
1667 2854 1766 2909 ha-

112 2943 281 2999 bebis
317 2939 653 3013 quindecim
677 2955 873 3007 sonos,
899 2941 957 2994 in
979 2940 1070 2997 bis
1088 2941 1368 3013 diapason
1391 2943 1762 2999 constitutos.

113 3030 318 3086 Prima
347 3025 573 3099 species
601 3026 961 3083 diatessaron
994 3033 1215 3084 constat
1265 3046 1333 3086 ex
1381 3034 1538 3099 tono,
1589 3031 1763 3086 semi-

112 3119 277 3175 tonio
310 3120 370 3172 et
399 3121 537 3172 tono
563 3115 663 3187 (3).
696 3114 964 3171 Secunda
990 3132 1059 3171 ex
1088 3117 1318 3174 duobus
1346 3118 1500 3175 tonis
1521 3124 1577 3176 et
1598 3119 1767 3175 semi-

112 3205 298 3263 tonio.
331 3204 534 3262 Tertia
561 3220 630 3258 ex
656 3201 965 3259 semitonio
993 3207 1053 3260 et
1081 3205 1310 3262 duobus
1347 3206 1523 3262 tonis.
1572 3207 1768 3263 Prima

115 3295 345 3369 species
374 3293 647 3366 diapente
686 3295 917 3348 constat
961 3308 1029 3349 ex
1079 3292 1270 3364 prima
1315 3295 1506 3366 specie
1552 3296 1768 3350 diates-

115 3382 549 3454 sardnadjecto
580 3387 718 3436 tono
749 3380 1040 3452 superius.
1084 3383 1355 3438 Secunda
1400 3400 1470 3438 ex
1512 3383 1769 3439 secunda

121 3474 485 3529 diatessaron
513 3470 741 3542 adjecto
768 3473 903 3525 tono
934 3470 1228 3543 superius.
1260 3472 1453 3527 Tertia
1482 3488 1551 3527 ex
1596 3472 1769 3528 tertia

122 3561 490 3617 diatessaron
521 3559 746 3631 adjecto
777 3564 915 3615 tono
946 3559 1211 3615 inferius.
1245 3562 1460 3626 Quarta
1490 3578 1557 3616 ex
1577 3561 1768 3633 prima

123 3647 315 3722 specie
364 3648 727 3704 diatessaron
779 3647 1004 3719 adjecto
1060 3651 1196 3704 tono
1244 3648 1509 3704 inferius.
1557 3650 1766 3707 Protus

121 3743 354 3795 constat
383 3754 450 3794 ex
478 3737 670 3811 prima
699 3736 891 3809 specie
923 3737 1216 3810 diapente,
1247 3743 1304 3794 et
1336 3738 1525 3810 prima
1575 3739 1767 3812 specie

120 3829 481 3885 diatessaron
529 3825 838 3898 superius;
891 3826 1218 3899 subjugalis
1262 3828 1391 3899 ejus
1439 3845 1508 3884 ex
1560 3829 1765 3884 eadem

116 3917 310 3989 specie
340 3916 633 3987 diapente,
666 3920 723 3970 et
759 3915 962 3970 eadem
990 3915 1182 3988 specie
1210 3916 1578 3973 diatessaron
1601 3935 1765 3989 supe-

113 4009 233 4061 rius
251 4006 348 4078 (t).
370 4004 659 4060 Deuterus
672 4009 901 4060 constat
912 4021 978 4060 ex
992 4005 1251 4060 secunda
1264 4006 1457 4077 specie
1470 4005 1763 4079 diapente,

116 4094 451 4151 etsecunda
483 4092 672 4166 specie
702 4092 1065 4149 diatessaron
1115 4093 1387 4165 superius
1437 4094 1765 4168 subjugalis

114 4185 244 4256 ejus
276 4199 346 4238 ex
374 4182 578 4237 eadem
611 4181 802 4254 specie
833 4181 1123 4253 diapente,
1159 4188 1215 4237 et
1258 4184 1421 4238 tertia
1452 4182 1531 4253 (5)
1574 4184 1765 4255 specie

114 4273 480 4328 diatessaron
511 4269 772 4325 inferius.
807 4269 1005 4325 Tritus
1036 4274 1264 4325 constat
1292 4287 1360 4325 ex
1385 4271 1557 4325 tertia
1577 4271 1794 4343 specie.

115 4361 411 4433 diapente,
435 4363 492 4413 et
521 4358 694 4414 tertia
713 4358 906 4430 specie
922 4358 1284 4414 diatessaron
1309 4376 1320 4427 ;
1343 4359 1420 4429 (6)
1440 4360 1767 4433 subjugalis

115 4451 245 4521 ejus
274 4465 347 4505 ex
373 4448 577 4504 eadem
630 4447 822 4520 specie
876 4446 1170 4520 diapente,
1216 4452 1273 4503 et
1321 4447 1524 4503 eadem
1576 4451 1767 4521 specie

116 4540 482 4595 diatessaron
513 4537 779 4595 inferius.
812 4536 1131 4593 Tetrardus
1171 4541 1399 4593 constat
1444 4554 1513 4593 ex
1559 4541 1768 4609 quarta

113 4627 310 4699 specie
341 4626 636 4699 diapente,
669 4630 727 4682 et
759 4625 950 4698 prima
999 4626 1192 4698 specie
1252 4626 1618 4682 diatessaron
1665 4642 1765 4680 su-

1876 2054 2240 2110 Concordant
2278 2058 2473 2111 autem
2506 2055 2696 2127 prima
2744 2055 2933 2129 specie
2982 2055 3369 2126 diatessaron,
3420 2073 3524 2113 ex-

1874 2146 2061 2214 cepto,
2097 2144 2253 2214 quod
2283 2143 2549 2199 Tetrardi
2580 2149 2670 2200 est
2699 2146 2938 2217 inferior
2968 2145 3065 2217 (7).
3114 2144 3421 2202 Deutsrius
3465 2150 3526 2203 et

1874 2231 2048 2287 tritus
2079 2231 2316 2287 omnino
2346 2232 2623 2287 contrarii
2645 2236 2816 2299 sunt;
2841 2249 2975 2287 cum
2996 2232 3269 2305 diapente
3286 2233 3521 2289 Deutsri

1872 2319 2037 2390 prius
2067 2323 2185 2375 tres
2217 2323 2386 2375 tonos
2417 2319 2652 2384 habeat,
2674 2324 2732 2375 et
2746 2324 2949 2391 postea
2970 2320 3380 2389 semitonium;
3402 2321 3522 2377 dia-

1874 2412 2044 2479 pente
2059 2425 2193 2464 vero
2214 2408 2336 2463 triti
2360 2408 2525 2480 prius
2547 2408 2945 2477 semitonium,
2969 2412 3172 2481 postea
3186 2412 3305 2464 tres
3324 2413 3515 2479 tonos;

1872 2503 1928 2551 et
1958 2497 2323 2553 diatessaron
2356 2497 2582 2554 deuteri
2612 2498 2691 2554 sit
2718 2499 2969 2554 duorum
3008 2502 3282 2554 tonorum
3321 2501 3381 2554 et
3426 2514 3517 2554 se-

1874 2586 2125 2654 mitonii,
2139 2585 2498 2641 diatessaron
2517 2591 2711 2643 autem
2729 2587 2850 2642 triti
2879 2586 3172 2643 semitonii
3188 2590 3247 2642 et
3265 2586 3517 2643 duorum
3618 2640 3624 2651 ,

1869 2678 2164 2730 tonorum.
2182 2674 2239 2729 Si
2265 2674 2616 2731 converteris
2637 2674 2908 2748 diapente
2924 2675 3095 2748 proti,
3120 2675 3371 2733 efficitur
3390 2673 3514 2733 dia-

1873 2767 2043 2834 pente
2072 2764 2332 2820 tetrardi.
2368 2765 2595 2820 Rursus
2636 2764 2877 2821 tetrardi
2924 2764 3197 2837 diapente
3239 2780 3517 2821 conversa

1872 2858 2108 2908 resonat
2138 2852 2408 2925 diapente
2440 2853 2609 2925 proti.
2653 2853 3027 2910 Diatessaron
3068 2870 3203 2910 vero
3252 2852 3516 2926 ipsorum

1874 2957 1987 2995 non
2022 2941 2396 2997 convertitur.
2447 2942 2507 2997 Si
2554 2942 2907 2998 converteris
2954 2942 3225 3015 diapente
3267 2940 3513 3013 deuteri,

1872 3028 2121 3086 efﬁcitur
2132 3029 2400 3102 diapente
2412 3030 2553 3085 triti.
2570 3030 2797 3087 Rursus
2814 3030 2935 3086 triti
2952 3030 3222 3103 diapente
3238 3046 3519 3087 conversa

1873 3121 2108 3172 resonat
2122 3117 2393 3190 diapente
2413 3117 2655 3174 deuteri.
2678 3118 2961 3175 Similiter
2979 3122 3038 3174 et
3057 3119 3310 3175 converti
3328 3122 3521 3193 potest

1874 3204 2234 3261 diatessaron
2265 3222 2464 3262 eorum
2477 3249 2489 3262 .

2108 3355 2382 3394 MENSURA
2413 3354 2777 3394 FISTULARUM
2815 3356 2882 3394 ET
2908 3354 3304 3396 MONOCHORDI.

1948 3471 2205 3543 Rogatus
2236 3489 2268 3526 a
2287 3469 2556 3543 pluribus
2576 3489 2753 3544 quam
2778 3487 2948 3544 stepe,
2973 3487 3076 3543 pro
3099 3475 3274 3543 captu
3300 3472 3520 3547 ingenii

1874 3560 2294 3630 demonstrare,
2330 3578 2457 3633 qua:
2487 3559 2633 3617 ratio
2663 3560 2741 3617 sit
2770 3565 2835 3616 ut
2864 3560 3293 3617 mensuralitati
3320 3574 3522 3618 mono-

1875 3648 2074 3704 chordi
2095 3653 2345 3721 nequeat
2360 3651 2729 3722 respondere,
2758 3653 2861 3706 aut
2880 3649 2928 3705 si
2954 3649 3109 3705 istud
3133 3648 3285 3707 inter
3297 3654 3522 3708 secreta

1875 3736 2068 3794 adhuc
2098 3737 2331 3793 latentis
2362 3742 2582 3793 naturae
2613 3738 3001 3810 interceptum
3033 3737 3283 3807 deﬁciat,
3310 3736 3520 3795 saltem

1876 3844 1947 3882 ne
1978 3825 2095 3882 alia
2123 3826 2395 3899 quaelibet
2416 3826 2748 3883 inveniendi
2767 3843 2970 3883 earum
2993 3844 3299 3884 mensuras
3320 3826 3522 3902 regula

1875 3934 1936 3971 se
1967 3917 2191 3983 oll‘erat,
2211 3934 2282 3972 ne
2291 3915 2514 3988 judicio
2534 3920 2762 3973 tantum
2781 3916 3014 3973 aurium
3031 3916 3174 3972 illud
3196 3917 3523 3974 committa-

1875 4022 2029 4074 mus,
2064 4010 2121 4061 et
2147 4005 2488 4062 Aristoxeno
2521 4005 2848 4078 proximare
2876 4005 3200 4074 videamur,
3242 4023 3277 4062 a
3323 4005 3521 4062 Boetio

1874 4100 2069 4151 autem
2097 4099 2154 4150 et
2170 4094 2567 4166 Pythagoricis
2585 4095 3064 4151 condemnemur.
3086 4093 3347 4151 Primum
3368 4094 3519 4163 dico,

1874 4183 2138 4240 Boetium
2160 4200 2276 4239 non
2295 4183 2678 4255 culpandum,
2701 4181 2872 4255 quasi
2893 4200 3008 4240 non
3030 4188 3266 4256 experta
3283 4182 3520 4251 dixisse,

1876 4273 2130 4330 maxime
2147 4289 2282 4328 cum
2306 4272 2640 4345 Pythagora
2657 4272 2909 4328 inventis
2928 4272 3196 4329 videatur
3213 4271 3523 4337 institisse,

1876 4363 1976 4418 sed
2009 4366 2066 4416 et
2094 4361 2444 4431 Macrobius,
2467 4365 2523 4416 et
2544 4361 2898 4416 Censorinus
2920 4360 2991 4416 ad
3018 4358 3307 4415 Cerellum
3327 4359 3399 4414 de
3418 4376 3525 4414 na-

1874 4450 1976 4506 tali
2008 4467 2135 4519 suo,
2168 4449 2476 4505 videantur
2498 4448 2593 4506 his
2623 4454 3019 4506 consentanea
3048 4447 3379 4519 reliquisse,
3420 4447 3524 4504 sed

1878 4540 2024 4596 forte
2046 4538 2158 4594 alio
2182 4539 2354 4593 modo
2380 4538 2667 4594 foramina
2680 4538 3010 4595 fistularum
3027 4538 3099 4593 ad
3112 4536 3524 4610 inspirandum

1877 4629 2125 4684 formata
2150 4627 2304 4699 apud
2336 4642 2436 4682 eos
2458 4626 2662 4697 fuisse,
2687 4627 2841 4699 quod
2863 4629 2921 4682 et
2938 4642 3046 4682 nos
3066 4630 3265 4682 utrum
3286 4624 3529 4681 curiosi-

115 4716 344 4788 perius:
372 4714 701 4788 subjugalis
724 4716 853 4786 ejus
873 4731 941 4769 ex
962 4716 1162 4771 eadem
1187 4716 1377 4787 specie
1399 4715 1690 4787 diapente,
1716 4720 1772 4771 et
1802 4704 1845 4771 C
1885 4721 2002 4772 tate
2032 4715 2293 4771 adhibita
2322 4715 2672 4787 perscrutati
2699 4716 3010 4783 fuerimus,
3043 4730 3149 4770 nec
3178 4730 3271 4776 ne,
3320 4730 3524 4786 super-

114 4805 319 4861 eadem
353 4804 545 4876 specie
581 4803 941 4860 diatessaron
994 4802 1258 4860 inferius.
1309 4804 1515 4860 Omnis
1566 4808 1771 4877 tropus

115 4885 451 4965 subjugalis
481 4893 747 4949 eamdem
782 4892 957 4949 habet
988 4894 1257 4966 diapente
1288 4898 1344 4949 et
1383 4892 1768 4966 diatessaron,

115 4998 295 5054 quam
329 4981 701 5037 authenticus
718 4982 866 5052 ejus.
892 4981 1094 5038 Ditl’ert
1114 4986 1308 5039 autem
1317 5025 1336 5054 ,
1360 4984 1514 5055 quod
1534 4984 1773 5039 authen-

114 5071 270 5127 ticus
300 5070 665 5126 diatessaron
697 5070 873 5126 habet
901 5088 1079 5142 supra
1111 5072 1402 5144 diapente,
1444 5071 1772 5146 subjugalis

116 5159 290 5216 infra.
325 5162 537 5217 Protus
567 5163 624 5215 et
654 5161 954 5216 tetrardus
984 5161 1259 5216 contrarii
1287 5165 1448 5230 sunt,
1499 5178 1565 5217 eo
1615 5163 1769 5234 quod

118 5248 395 5322 diapente
424 5247 578 5320 proti
609 5248 786 5306 habet
816 5248 993 5321 prius
1045 5250 1191 5305 duos
1236 5254 1424 5317 tonos,
1469 5254 1527 5307 et
1573 5253 1774 5323 postea

118 5335 524 5407 semitonium,
555 5341 612 5394 et
640 5336 701 5394 in
736 5339 848 5395 {ine
894 5343 1134 5407 tonum;
1187 5339 1464 5412 Diapente
1505 5356 1639 5396 vero
1689 5344 1772 5397 te-

187 5471 267 5539 (4)
291 5471 489 5526 Adde:
523 5487 594 5527 ex
624 5471 813 5528 eadem
838 5472 1076 5527 sublata.

208 5542 266 5600 2)
298 5542 411 5598 Hic
435 5543 631 5599 denuo
657 5542 1028 5598 addendum:
1051 5542 1224 5598 eidem
1253 5543 1493 5600 sublata.

208 5544 266 5613 2)
298 5544 411 5598 Hic
435 5544 631 5599 denuo
657 5544 1028 5598 addendum:
1051 5544 1224 5598 eidem
1253 5544 1493 5600 sublata.

188 5544 430 5686 E3)Hze_c
460 5617 518 5686 et
547 5615 855 5686 sequentia
873 5614 1382 5686 conferendasunt
1408 5631 1542 5672 cum
1568 5614 1774 5673 Mono-

119 5683 338 5748 chorda
365 5683 675 5759 Guidonis,
706 5690 770 5747 ut
800 5684 1032 5767 facilius
1060 5683 1471 5761 intelligantur

1881 4806 2154 4861 sedemus
2185 4803 2394 4859 dicere.
2428 4803 2537 4858 Sed
2573 4803 2711 4875 quia
2741 4802 2851 4859 hoc
2890 4803 3036 4859 forte
3074 4801 3272 4875 plures
3319 4800 3528 4858 lecturi

1881 4896 2039 4959 sunt,
2071 4896 2127 4948 et
2158 4891 2454 4963 aliquibus
2485 4892 2662 4947 etiam
2684 4890 2815 4965 ipsa
2835 4890 3216 4948 monechordi
3238 4906 3531 4948 commen-

1882 4981 2161 5039 suralitas
2193 4982 2392 5054 ignota
2422 4981 2553 5051 erit,
2587 4997 2885 5049 numeros,
2918 4981 3135 5055 quibus
3155 4983 3383 5038 constat
3402 4996 3531 5037 me-

1883 5072 2067 5129 tiendi
2102 5070 2324 5144 regula,
2355 5076 2412 5126 et
2437 5070 2731 5142 quomodo
2761 5063 3046 5143 paulatim
3072 5070 3144 5126 ad
3174 5085 3302 5127 eam
3334 5068 3536 5143 plura-

1881 5161 2106 5218 litatem
2141 5164 2486 5234 perventum
2518 5160 2616 5227 sit,
2649 5160 3063 5233 compendiose
3087 5174 3532 5233 prosequemur,

1882 5254 1948 5306 ut
1977 5254 2037 5305 et
2066 5250 2138 5305 ad
2171 5265 2272 5306 eos
2304 5247 2667 5321 quibuslibet
2697 5247 2934 5315 additis,
2976 5247 3309 5304 ﬁstularum
3357 5246 3536 5302 etiam

1885 5339 2117 5396 numeri
2147 5342 2204 5395 et
2234 5355 2524 5395 mensurae
2551 5341 2875 5411 patescant,
2908 5341 2966 5393 et
2985 5336 3046 5392 hi
3077 5335 3415 5393 refellantur
3435 5331 3539 5409 qui

1977 5472 2031 5615 li)
2062 5472 2247 5596 Lege:
2279 5473 2535 5543 inferius.

1977 5544 2011 5615 5
2060 5542 2151 5615 Me
2169 5543 2305 5615 ius:
2336 5540 2535 5615 secanti

1975 5538 2028 5610 5)
2060 5538 2305 5598 Melius:
2336 5538 2594 5610 secunda,
2628 5556 2734 5596 seu
2765 5538 2971 5596 eadem.

1976 5613 2034 5684 6)
2062 5613 2224 5684 Adde
2248 5630 2261 5669 :
2292 5614 2565 5684 superius.

1976 5617 2012 5668 6
2062 5617 2261 5669 Adde:
2292 5617 2565 5684 superius.

1975 5617 2034 5763 7)
2060 5682 2309 5743 Melius:
2342 5683 2626 5758 superior.
