3894 6214
367 446 386 459 δ

1055 371 1246 436 S/EC.
1288 371 1372 436 XI
1414 372 1646 436 AUCT.
1690 369 2002 433 INGERTI
2044 367 2234 432 ANNI
2275 369 2376 433 ET
2419 369 2714 433 SCRIPT.
2743 374 2965 428 ’Aaszn.

323 501 620 576 deinceps.
651 503 763 562 Sed
806 503 962 562 hanc
997 510 1260 563 octavam
1309 505 1481 579 primi
1530 505 1758 561 numeri
1799 503 1968 576 quasi
1993 503 2049 570 Α
2077 503 2414 560 differentia
2441 503 2530 560 vel
2562 503 2791 560 numeri
2823 521 2858 560 a
2883 503 3072 577 primo
3103 501 3176 560 ad
3209 500 3512 575 quintum,
3533 501 3628 560 vel
3661 501 3751 559 ab.

322 608 698 661 communem
727 605 1003 651 vocemus
1031 595 1386 651 diametrum
1428 593 1782 661 ﬁstularum,
1817 592 1971 648 sicut

321 677 548 740 dictum
570 684 661 739 est
687 682 760 740 de
790 682 1045 751 chordis,
1079 687 1144 738 ut
1173 683 1243 739 ad
1273 681 1731 740 taciturnitatem
1779 695 1968 753 usque

320 768 577 842 gravitas
623 769 754 849 ipsa
781 771 1114 840 descendat,
1155 775 1331 845 atque
1379 771 1436 826 in
1490 769 1758 826 acumine
1808 769 1968 825 nervi

321 857 574 928 nimium
601 859 753 916 tensi
783 860 939 916 vocis
968 859 1248 916 tenuitate
1297 863 1670 932 rumpantur,
1701 858 1782 914 ita
1811 862 1868 914 et
1907 857 1968 914 in

321 944 539 1006 fistulis
568 945 692 1003 hac
716 950 843 1005 rata
869 946 1099 1004 videtur
1129 950 1498 1015 mensura,ut
1537 945 1732 1002 minor
1760 946 1964 1014 octies,

322 1033 518 1100 media
545 1033 738 1094 decies
777 1036 987 1106 sexies,
1019 1035 1276 1093 maxima
1331 1036 1528 1092 tricies
1573 1040 1630 1091 et
1677 1035 1768 1092 bis
1815 1035 1966 1092 hanc

321 1125 584 1185 octavam
625 1122 715 1180 vel
755 1123 1040 1180 dimidiam
1089 1126 1202 1197 (23)
1250 1124 1483 1180 habeat.
1535 1127 1620 1180 lta
1668 1125 1728 1180 F.
1788 1125 1968 1182 octies

319 1209 675 1279 diametrum
703 1211 935 1282 habeat;
969 1213 1030 1269 E.
1063 1213 1356 1282 novies;D.
1389 1213 1581 1269 decies
1612 1213 1965 1270 diametrum

318 1301 377 1354 et
401 1301 686 1373 septimam
714 1300 824 1372 (24)
847 1301 1153 1370 diametri;
1185 1305 1244 1357 Ο.
1277 1301 1470 1358 decies
1517 1299 1869 1357 diametrum
1911 1305 1970 1356 et

318 1385 478 1449 bisse
505 1387 778 1448 diametri
804 1413 850 1454 ςς
870 1389 1274 1457 ;B.duodecies
1303 1389 1658 1446 diametrum
1679 1391 1745 1457 ;A
1775 1389 1967 1446 decies

316 1479 378 1532 et
404 1478 496 1533 ter
522 1476 876 1535 diametrum
902 1482 959 1535 et
989 1478 1391 1546 medietatem;
1423 1479 1489 1534 G.
1525 1477 1714 1534 decies
1732 1482 1790 1534 et
1822 1495 1964 1550 qua-

315 1566 406 1626 ter
431 1563 809 1632 diametrum,
839 1569 899 1623 et
927 1567 1075 1624 duas
1104 1583 1290 1624 nonas
1321 1566 1618 1632 diametri;
1662 1567 1722 1622 F.
1775 1567 1966 1622 decies

315 1651 505 1714 sexies
535 1653 928 1723 diametrum;
961 1655 1022 1711 E.
1049 1654 1240 1712 decies
1265 1656 1447 1712 octies
1472 1656 1862 1724 diametrum;
1895 1657 1962 1712 D.

312 1739 564 1813 vigesies
591 1741 966 1811 diametrum,
1000 1746 1057 1800 et
1105 1748 1377 1816 quartam
1425 1744 1722 1812 diametri;
1773 1749 1831 1800 C.
1881 1745 1964 1799 vi-

314 1827 506 1902 gesies
535 1833 594 1886 et
619 1830 802 1902 semel
831 1832 1188 1890 diametrum
1217 1837 1274 1890 et
1301 1835 1532 1890 tertiam
1565 1833 1864 1902 diametri;
1898 1833 1962 1890 Β.

313 1915 564 1990 vigeeiee
593 1921 653 1974 et
681 1923 890 1992 quater
917 1919 1307 1978 diametrum:
1342 1925 1409 1976 A.
1461 1921 1710 1995 vigesies
1752 1921 1968 1994 septies

314 2005 1012 2082 diametrum.G.vigesies
1047 2011 1226 2067 octies
1251 2010 1688 2080 diametrum,et
1716 2015 1971 2083 quatuor

315 2110 502 2154 nonas
549 2096 842 2171 diametri,
883 2099 942 2155 id
994 2103 1106 2167 est,
1135 2118 1207 2158 ςσ.
1232 2102 1276 2162 ξ.
1325 2117 1364 2147 ω
1394 2101 1536 2171 (25);
1587 2100 1650 2155 F.
1703 2098 1968 2173 trigesies

315 2187 376 2240 et
403 2183 496 2240 bis
523 2183 896 2244 diametrum.
929 2187 1138 2261 Liquet
1161 2188 1359 2261 igitur,
1388 2189 1543 2262 quod
1576 2189 1806 2244 numeri
1829 2205 1966 2262 pra:-

315 2270 519 2346 scripti
547 2290 582 2332 a
608 2290 789 2334 XXIIII.
823 2291 1014 2348 usque
1067 2277 1140 2332 ad
1190 2275 1438 2348 duplum
1485 2292 1680 2334 XLVIII.
1714 2277 1971 2333 efliciant

315 2359 624 2434 diapason,
669 2351 1037 2436 etei/ferunt
1066 2365 1178 2436 (26)
1211 2380 1314 2437 per
1342 2365 1770 2422 duodenarium
1801 2382 1966 2421 com-

313 2449 689 2532 putati,'quie
732 2450 1076 2510 differentia:
1113 2451 1365 2525 singulis
1387 2453 1515 2526 jam
1565 2452 1815 2510 inventis
1845 2461 1964 2510 aii.

313 2553 435 2602 ccc.
483 2554 592 2597 IIII.
643 2540 908 2598 numeris
949 2539 1181 2610 additis,
1231 2541 1492 2597 efficiunt
1544 2558 1809 2615 quosque
1876 2559 1966 2598 se-

315 2629 582 2700 quentes,
613 2643 860 2702 queque
889 2627 950 2684 in
985 2646 1165 2685 unum
1191 2629 1526 2700 juncta3(27)
1548 2630 1812 2686 efficiunt
1832 2647 1972 2686 eun-

313 2716 449 2774 dem
476 2723 534 2772 ii.
566 2731 684 2774 ccc.
717 2731 823 2775 IIII.
855 2733 1202 2784 numerum;
1252 2717 1408 2774 sicut
1453 2721 1510 2774 et
1554 2717 1660 2783 illi,
1701 2737 1737 2774 a
1782 2737 1962 2776 xxIIII.

315 2803 420 2877 qui
460 2819 566 2876 per
611 2803 1039 2862 duodenarium
1069 2805 1230 2861 ducti
1277 2822 1377 2862 eas
1423 2807 1706 2876 efﬁciunt,
1739 2808 1788 2864 si
1824 2810 1963 2880 jun-

312 2895 550 2966 gantur,
579 2909 634 2948 c.
663 2909 796 2949 xcu.
828 2897 1268 2967 repraesentant,
1292 2894 1392 2967 qui
1423 2900 1480 2951 et
1509 2895 1620 2969 ipsi
1651 2896 1966 2955 duodecies

313 2979 498 3050 ducti,
544 2987 603 3037 ii.
651 2997 772 3038 ccc.
827 2999 934 3038 IIII.
992 2982 1327 3040 restituunt.
1359 2985 1540 3056 Eque
1585 2984 1644 3040 in
1693 2983 1807 3042 alio
1838 2986 1964 3042 dia-

313 3085 501 3144 pason
530 3069 740 3142 evenit,
773 3069 952 3128 iidem
985 3071 1215 3128 numeri
1245 3089 1280 3127 a
1307 3089 1502 3128 xLVIII.
1533 3089 1722 3146 usque
1753 3074 1825 3129 ad
1856 3074 1964 3130 du-

315 3156 503 3232 plum,
534 3159 594 3216 id
623 3163 734 3229 est,
765 3177 915 3230 xcv1,
945 3160 1208 3217 efﬁciunt
1234 3162 1561 3218 secundum
1593 3162 1876 3234 diapason
1909 3167 1966 3219 et

313 3245 674 3306 differentias
703 3265 807 3322 per
833 3249 1261 3306 duodenarium
1283 3251 1757 3324 computati,quae
1797 3251 1960 3307 diﬂe-
1991 3237 2034 3304 C

313 3336 504 3394 rentia
557 3336 810 3411 singulis
852 3339 980 3410 jam
1036 3337 1287 3396 inventis
1335 3357 1370 3395 a
1425 3347 1519 3395 ﬁii.
1563 3357 1649 3396 nc.
1699 3357 1818 3395 VIII.
1853 3341 1964 3412 (28)

312 3441 647 3496 numerum,
680 3427 834 3486 sicut
860 3430 918 3484 et
945 3427 1030 3483 illi
1077 3445 1112 3483 a
1156 3443 1350 3485 XLVIII.
1385 3429 1485 3502 qui
1516 3445 1620 3501 per
1665 3429 1962 3486 duodena-

310 3512 466 3571 rium
495 3515 659 3572 ducti
687 3531 788 3574 eas
806 3515 1144 3586 efﬁciunt,si
1163 3517 1521 3590 junguntur,
1545 3521 1963 3590 repraesentant

311 3618 433 3660 ccc.
465 3621 716 3662 LxxxIIII.
749 3605 851 3677 qui
882 3609 940 3661 et
965 3604 1075 3678 ipsi
1107 3605 1420 3663 duodecies
1452 3605 1610 3662 ducti
1641 3613 1956 3663 iiii.nc.vuI.

309 3691 651 3751 restituunt.
680 3693 906 3750 Medius
938 3701 1134 3750 autem
1161 3695 1222 3750 in
1254 3699 1505 3768 utroque
1524 3695 1806 3767 diapason
1835 3698 1956 3750 tam

305 3781 370 3839 in
391 3782 680 3852 numeris,
711 3799 890 3854 quam
922 3787 980 3839 et
1009 3782 1069 3838 in
1095 3785 1394 3840 mensuris
1441 3782 1528 3840 vel
1578 3783 1988 3839 monochordi'

308 3870 400 3928 vel
429 3870 762 3928 ﬁstularum
793 3869 845 3926 is
874 3874 982 3942 est,
1015 3870 1116 3945 qui
1158 3871 1232 3928 ad
1281 3872 1538 3944 primum
1585 3871 1825 3942 quidem
1867 3871 1956 3926 vel

309 3963 582 4016 octavum
605 3963 696 4016 est
720 3958 984 4032 quintus,
1015 3960 1088 4016 ad
1117 3965 1385 4018 octavum
1411 3975 1547 4015 vero
1576 3959 1660 4016 vel
1686 3959 1957 4032 quintum

311 4047 607 4105 decimum
635 4051 727 4105 est
753 4049 1136 4122 subquartus,
1160 4050 1242 4106 ita
1270 4052 1337 4104 ut
1367 4048 1439 4104 ad
1471 4047 1717 4104 alterum
1737 4048 1815 4104 sit
1835 4064 1956 4104 ses-

309 4134 562 4211 quialter
586 4135 676 4194 vel
721 4137 1014 4211 diapente,
1045 4137 1120 4193 ad
1145 4136 1394 4194 alterum
1425 4135 1836 4208 sesquitertius
1867 4136 1954 4193 vel

306 4224 698 4296 diatessaron,
749 4231 807 4284 et
863 4243 1018 4284 unus
1066 4225 1294 4281 dicatur
1360 4223 1734 4298 sescuplaris,
1809 4225 1956 4282 alter

305 4313 541 4388 triplus,
569 4315 880 4389 utriusque
925 4331 1059 4371 vero
1097 4314 1380 4386 diapason
1430 4313 1541 4371 sibi
1581 4318 1952 4386 comparatus

305 4402 385 4460 sit
411 4403 648 4478 duplus.
681 4404 844 4461 Sicut
875 4403 1034 4459 enim
1077 4405 1314 4458 octavus
1363 4403 1436 4458 ad
1485 4401 1766 4475 primum,
1799 4403 1952 4459 sicut

303 4493 549 4566 quintus
578 4493 842 4551 decimus
872 4491 944 4548 ad
994 4494 1282 4557 octavum,
1331 4491 1415 4548 ita
1463 4491 1846 4550 duodecimus
1875 4494 1947 4548 ad

2077 596 2279 648 octavo
2310 593 2382 648 ad
2413 591 2824 648 duodecimum
2856 591 3034 648 simul
3058 591 3273 663 juncti,
3293 607 3409 648 non
3441 591 3744 662 efﬁciunt,

2075 679 2273 752 plures
2304 698 2481 754 quam
2513 686 2631 736 tres
2661 699 2824 752 aeque
2872 679 3102 738 numeri
3153 679 3244 736 vel
3294 679 3639 737 differentiis
3679 681 3745 736 si

2068 771 2398 843 jungantur
2424 769 2512 827 vel
2543 787 2577 826 a
2603 770 2809 843 quinto
2858 770 2930 826 ad
2981 773 3274 841 octavum,
3303 768 3394 826 vel
3435 786 3470 825 a
3518 769 3744 828 duode.

2076 857 2228 914 cimo
2259 859 2326 914 ad
2361 859 2635 931 quintum
2667 857 2984 915 decimum.
3023 859 3136 914 lloc
3185 857 3314 914 ideo
3363 857 3587 914 dictum
3635 859 3740 926 sit,

2075 947 2233 1018 quod
2262 947 2702 1019 quantumlibet
2732 947 2791 1002 in
2824 945 3119 1004 mensuris
3147 945 3480 1003 fistularum
3532 949 3748 1004 octava

2075 1035 2516 1108 supergreditur
2545 1036 2820 1108 primam,
2847 1035 2935 1091 vel
2965 1035 3174 1106 quinta
3202 1035 3431 1091 decima
3467 1039 3738 1092 octavam

2073 1122 2389 1198 plusquam
2418 1123 3084 1198 duplum,diﬂ'erentiam
3107 1128 3304 1180 tamen
3327 1127 3510 1182 totam
3525 1125 3739 1196 quaerit

2075 1211 2218 1268 vela
2248 1212 2438 1285 prima
2465 1213 2538 1268 ad
2570 1217 2855 1280 octavam,
2889 1212 2976 1268 vel
3028 1212 3100 1268 ab
3158 1215 3361 1268 octava
3408 1213 3482 1270 ad
3527 1212 3733 1270 duode-

2073 1303 2275 1357 cimam
2305 1302 2436 1374 (29).
2471 1302 2732 1371 Quintam
2762 1303 2823 1356 in
2851 1303 3028 1374 primo
3077 1301 3363 1374 diapason,
3400 1301 3482 1357 vel
3529 1301 3732 1358 duode-

2073 1392 2274 1446 cimam
2323 1392 2374 1446 ic
2423 1390 2656 1448 secundo
2704 1389 2886 1446 divide
2932 1389 3190 1458 mediam,
3230 1394 3282 1448 et
3339 1393 3538 1463 cuique
3578 1394 3736 1464 parti

2073 1495 2287 1553 aequam
2337 1495 2406 1535 ex
2457 1495 2523 1534 ea
2573 1479 2824 1550 relinque
2869 1480 3180 1550 portionem
3210 1479 3346 1550 (30).
3377 1479 3527 1535 Data
3552 1477 3734 1556 igitur

2076 1566 2276 1638 primm
2297 1567 2385 1622 vel
2416 1567 2628 1622 minori
2660 1565 2870 1624 ﬁstula:
2901 1566 3164 1638 qualibet
3202 1565 3594 1640 longitudine,
3625 1569 3728 1624 sed

2076 1654 2286 1712 melius
2309 1655 2558 1723 videtur,
2591 1657 2880 1712 diametro
2907 1655 3210 1712 foraminis
3239 1655 3422 1714 octies
3468 1654 3726 1732 longitu—

2075 1741 2196 1799 dini
2223 1744 2380 1811 dato,
2407 1744 2746 1816 ubicunque
2775 1745 3052 1816 deinceps
3081 1749 3257 1800 tonus
3279 1749 3370 1800 est
3399 1745 3727 1814 faciendus,

2076 1833 2266 1904 major
2303 1833 2516 1890 habeat
2563 1834 2850 1890 minorem
2905 1837 3110 1900 totam,
3158 1836 3216 1889 et
3262 1833 3640 1902 diametrum,
3673 1839 3734 1892 et

2079 1921 2348 1976 diametri
2377 1922 2506 1993 ejus
2537 1925 2819 1978 octavam.
2849 1921 2913 1978 In
2943 1921 3307 1978 diatessaron
3329 1921 3517 1994 major
3536 1921 3728 1978 mino-

2077 2027 2199 2066 rem
2231 2013 2288 2065 et
2313 2011 2442 2081 ejus
2470 2009 2727 2077 tertiam,
2771 2015 2829 2066 et
2873 2010 3114 2082 insuper
3153 2009 3425 2067 diametri
3467 2009 3725 2067 tertiam.

2077 2099 2141 2154 In
2187 2098 2458 2172 diapente
2501 2099 2690 2171 major
2734 2099 3043 2165 minorem,
3077 2103 3134 2154 et
3178 2099 3308 2170 ejus
3361 2097 3643 2168 mediam,
3674 2103 3730 2156 et

2077 2187 2315 2260 insuper
2343 2187 2612 2243 diametri
2642 2187 2918 2244 mediam.
2953 2189 3017 2242 In
3048 2187 3331 2260 diapason
3381 2188 3572 2260 major
3613 2187 3728 2244 mi-

2077 2292 2278 2331 norem
2307 2275 2509 2349 duplo,
2539 2280 2598 2332 et
2625 2280 2814 2332 totum
2851 2275 3092 2349 insuper
3119 2275 3727 2335 diametrum.Cmterze

2075 2381 2208 2420 vero
2239 2363 2408 2420 facile
2437 2381 2540 2436 per
2569 2380 2848 2421 numeros
2875 2369 3202 2421 occurrent;
3235 2366 3338 2421 Est
3367 2369 3569 2421 autem
3612 2365 3731 2422 dia-

2077 2457 2331 2509 metrum
2367 2452 2454 2509 vel
2485 2451 2707 2524 circuli,
2755 2453 2855 2526 qui
2905 2458 2994 2510 est
3041 2454 3101 2508 in
3149 2454 3435 2511 foramine
3487 2471 3559 2510 ex
3597 2471 3730 2532 am-

2077 2541 2248 2616 pliori
2279 2545 2462 2616 parte,
2495 2542 2800 2612 medietas,
2833 2541 2921 2598 vel
2972 2542 3276 2599 foraminis
3317 2543 3731 2600 transversitas

2075 2648 2145 2688 ex
2174 2631 2712 2704 deductioriiparte,
2748 2648 2867 2704 qua
2908 2630 3231 2704 inspiratur
3277 2632 3498 2702 ﬁstula,
3530 2635 3590 2688 et
3636 2632 3730 2688 cui

2076 2720 2347 2776 foramini
2380 2721 2646 2792 subjacet
2673 2737 2807 2776 una.
2840 2719 2914 2776 Ut
2939 2725 3134 2776 autem
3169 2719 3497 2776 minoribus
3525 2719 3586 2777 id
3635 2737 3725 2777 os-

2074 2809 2348 2865 tendatur
2377 2808 2768 2876 numeris,sed
2796 2812 2995 2864 tamen
3024 2809 3368 2882 interruptis
3397 2809 3725 2866 secundum

2075 2897 2475 2971 symphonias,
2508 2898 2591 2954 ita
2617 2897 2729 2954 erit
2759 2897 3158 2969 figurandum.

2321 3119 2438 3176 XV.
3010 3117 3186 3174 VIIII.

2322 3207 2496 3262 XXV.
3013 3205 3186 3262 VIIII.

2322 3295 2573 3352 XXXIII.
3007 3293 3226 3351 XVIIII.
3260 3311 3308 3349 σ.

2324 3385 2466 3452 LIII,
2499 3405 2548 3440 σ.
3004 3382 3227 3439 XVIIII.
3261 3398 3308 3437 σ.

2322 3473 2538 3539 LXXII,
2579 3471 2624 3529 ,ζ

2140 3695 2208 3750 Hi
2240 3695 2468 3752 numeri
2498 3692 2872 3766 interruptim
2904 3693 3078 3766 positi
3099 3695 3211 3750 sub
3233 3694 3497 3768 exemplo
3519 3713 3720 3757 conso-

2069 3784 2302 3840 nantiae
2333 3788 2560 3839 tantum
2590 3786 2940 3854 monstrant,
2963 3800 3078 3838 XVI.
3111 3800 3368 3857 namque
3398 3785 3470 3841 ad
3494 3803 3716 3842 xxxnII.

2065 3871 2325 3943 primum
2355 3871 2672 3943 diapason;
2713 3887 2932 3926 XXXIIII.
2965 3871 3037 3927 ad
3091 3889 3264 3928 nxxu.
3318 3877 3376 3928 et
3421 3873 3716 3944 quadrans

2068 3960 2395 4016 secundum
2427 3959 2740 4031 diapason;
2767 3976 2896 4014 xxv.
2928 3959 2988 4014 in
3019 3959 3210 4016 medio
3238 3959 3409 4032 primi
3433 3960 3713 4034 diapason

2067 4049 2138 4104 ad
2169 4049 2418 4105 alterum
2448 4048 2739 4120 diapente,
2781 4047 2855 4103 ad
2888 4047 3138 4104 alterum
3186 4048 3548 4105 diatessaron
3599 4054 3708 4116 est,

2065 4137 2217 4194 sicut
2245 4142 2302 4194 et
2332 4155 2445 4193 LIII.
2478 4141 2537 4193 et
2566 4140 2834 4193 octavum
2866 4159 2913 4191 σ.
2957 4135 3019 4192 in
3067 4136 3260 4193 medio
3304 4137 3544 4194 secundi
3585 4139 3708 4194 dia-

2063 4243 2242 4300 pason
2276 4227 2348 4283 ad
2378 4225 2626 4283 alterum
2655 4225 3039 4293 diatessaron,
3061 4226 3134 4282 ad
3166 4226 3415 4282 alterum
3443 4226 3714 4300 diapente

2061 4320 2177 4383 est;
2206 4319 2350 4371 'vnu.
2400 4319 2458 4372 et
2497 4332 2664 4383 vum,
2725 4319 2782 4372 et
2837 4331 3018 4370 XVIIII.
3056 4335 3102 4370 σ.
3148 4319 3206 4371 et
3250 4333 3428 4372 XVIIII.
3457 4338 3528 4372 -σ,
3574 4320 3714 4373 sunt

2059 4405 2416 4461 ditl'erentiae.
2451 4405 2562 4461 Sed
2595 4404 2644 4460 si
2675 4403 2898 4477 positos
2947 4403 3054 4459 hos
3103 4421 3380 4460 numeros
3414 4403 3713 4460 multoties

2058 4493 2419 4565 duxeris,qui
2441 4492 2846 4566 interponendi
2879 4496 3036 4558 sunt,
3070 4509 3204 4548 mox
3258 4491 3468 4565 integri
3509 4508 3709 4549 occur-

303 4581 577 4655 quintum
616 4579 978 4654 duplicitatis
1009 4579 1233 4636 obtinet
1260 4581 1566 4638 rationem.
1592 4581 1812 4638 Medios
1843 4599 1946 4637 au-
1983 4603 2026 4667 D
2058 4585 2206 4653 rent,
2234 4582 2560 4638 secundum
2584 4580 2845 4654 regulam
2878 4581 3030 4636 infra
3055 4581 3518 4637 demonstratan.
3551 4582 3716 4638 Sicut

301 4674 420 4728 tem
451 4671 513 4726 in
545 4674 796 4743 utroque
820 4668 1102 4741 diapason
1143 4669 1414 4741 quintum
1446 4674 1504 4726 et
1534 4670 1944 4727 duodecimum

301 4759 771 4831 esse,ostendere
800 4761 1050 4830 possunt
1079 4757 1165 4814 vel
1196 4757 1552 4828 differentias,
1581 4757 1669 4816 vel
1698 4761 1950 4831 numeri,

300 4864 405 4922 per
434 4846 860 4907 duodenarium
889 4845 1125 4903 easdem
1156 4847 1453 4918 facientes,
1487 4853 1552 4904 ut
1581 4853 1835 4920 quatuor
1865 4847 1950 4905 vel

573 5222 724 5282 elius
753 5241 768 5280 :
801 5222 869 5282 Et
895 5222 1249 5282 dilferentias.

392 5010 465 5065 23

391 5080 463 5136 24

391 5153 463 5208 25

391 5225 460 5281 26

389 5291 482 5363 27)
511 5303 561 5354 Δ
591 5296 693 5352 CC.
715 5291 1049 5355 LXXXVIII.
1081 5295 1153 5352 ad
1186 5295 1350 5351 DXII.
1384 5291 1690 5357 inclusive,
1723 5296 1946 5363 septem

293 5362 564 5426 videlicet
591 5369 857 5439 termini;
890 5369 1044 5440 quod
1077 5367 1253 5422 etiam
1286 5364 1344 5418 in
1395 5380 1531 5418 mox
1561 5362 1948 5434 sequentibus

296 5441 645 5497 notandum.

367 5511 482 5580 (28)
511 5511 748 5569 Clarum
779 5513 892 5577 est,
914 5509 1011 5564 hic
1035 5506 1257 5564 omissa
1284 5520 1413 5562 esse
1443 5503 1754 5580 sequentia
1786 5519 1800 5559 :
1829 5505 1944 5580 Nu-

294 5577 470 5638 me
487 5582 686 5638 additae
715 5583 963 5653 efﬁciunt
1004 5593 1238 5653 quosque
1273 5579 1584 5653 sequentes,
1607 5590 1838 5653 ngcgue
1885 5577 1946 5631 in

297 5667 470 5707 unum
504 5655 712 5723 juncta
743 5647 1026 5723 'efﬁciunt‘
1053 5647 1287 5703 eundem
1333 5647 1447 5703 IIII.
1498 5647 1603 5703 DC.
1661 5648 1796 5705 VIII.
1844 5663 1946 5702 nu-

519 5007 720 5066 Potius
753 5025 766 5064 :
795 5008 1158 5064 Diametrum.

515 5079 683 5147 Lege,
717 5085 980 5137 octavam.

510 5148 644 5284 Hd:
675 5157 786 5222 est,
801 5151 846 5282 ἓ
867 5156 926 5209 et
945 5151 1006 5236 ,ἐι
1035 5153 1365 5236 conferatur
1393 5154 1530 5207 nota
1561 5151 1650 5218 14,
1677 5148 1786 5205 col.
1818 5151 1944 5206 655.

573 5222 724 5282 elIus
753 5241 768 5280 :
847 5229 869 5280 t
895 5223 1249 5284 cii/Terentius.

464 5009 488 5366 ξ

2061 4670 2120 4726 in
2180 4669 2573 4726 monochordo
2631 4673 3026 4727 monstratum
3081 4673 3190 4735 est,
3248 4669 3330 4724 ita
3381 4669 3488 4724 erit
3538 4674 3598 4726 et
3655 4671 3712 4726 in

2062 4759 2298 4826 fistulis,
2333 4762 2397 4814 ut
2422 4757 2483 4813 in
2516 4759 2705 4830 primo
2754 4757 3034 4830 diapason
3085 4755 3310 4827 quinta,
3343 4755 3403 4810 in
3454 4758 3712 4814 secundo

2060 4845 2406 4902 duodecima
2437 4846 2556 4902 sint
2583 4847 2788 4903 mediae
2821 4845 2932 4917 (31)
2965 4853 3016 4900 et
3059 4845 3116 4898 in
3145 4843 3400 4898 terminis
3445 4845 3657 4904 scilicet
3677 4864 3714 4902 α

2058 5023 2292 5071 merum,
2317 5009 2428 5062 etc.

2130 5079 2242 5160 (ἕρ)
2263 5078 2429 5160 sane
2457 5077 2711 5160 σαίηίαηι
2738 5075 3030 5160 deam.-

2130 5142 2240 5218 (30)
2273 5147 2420 5212 Quid
2452 5142 2656 5220 auctor
2686 5161 2786 5220 per
2815 5143 2934 5198 haec
2965 5143 3156 5200 dicere
3177 5142 3351 5220 _vclit,
3382 5142 3710 5220 intelligere

2059 5213 2170 5274 non
2209 5213 2472 5290 possum,
2500 5217 2646 5270 forte
2681 5213 2878 5290 aliqua
2907 5213 3314 5290 sunt__omissa.

2128 5287 2238 5362 (31')
2272 5291 2552 5362 Legerem
2575 5302 2732 5362 ego;
2752 5287 2886 5362 ‘Sint
2914 5287 3120 5362 (mediae
3147 5291 3271 5362 tam
3289 5294 3339 5344 et
3368 5288 3430 5362 in
3451 5288 3704 5362 tenninis

2053 5356 2278 5428 scilicet,
2310 5356 2474 5442 quam
2502 5359 2555 5410 et
2673 5356 3016 5484 digerentiis,
3048 5365 3100 5414 et
3123 5359 3304 5415 nihilo
3345 5357 3532 5439 minus
3563 5358 3702 5435 (non

2055 5431 2276 5484 minus)
2306 5447 2363 5484 In
2396 5443 2666 5483 mensuris
2695 5430 2719 5484 i
2780 5437 2878 5484 est.
2911 5433 3018 5484 etc.
3069 5428 3224 5484 Alias
3272 5444 3429 5484 enim
3462 5428 3702 5484 omnino

2055 5431 2276 5500 minus)
2306 5428 2363 5485 in
2396 5429 2666 5483 mensuris
2695 5428 2758 5484 id
2780 5437 2878 5495 est,
2911 5433 3018 5486 etc.
3069 5428 3224 5486 Alias
3272 5428 3429 5500 enim
3462 5428 3702 5486 omnino

2055 5499 2259 5574 nullus
2301 5504 2392 5556 est
2428 5515 2669 5574 sensus.
2701 5500 2962 5574 Forsitan
3011 5501 3207 5574 autem
3256 5499 3524 5574 quaedam
3563 5504 3700 5557 sunt

2053 5573 2292 5640 omissa,
2325 5571 2482 5626 unde
2512 5585 2724 5630 sensus
2757 5573 3022 5630 redditur
3050 5571 3360 5630 obscurus.
