3894 6214
285 367 400 432 6⁸21

1023 364 1211 430 ΒιΕΟ.
1256 364 1336 430 XI
1377 364 1610 432 AUCT.
1654 364 1986 430 INCERTI‘
2011 363 2202 428 ANNI
2243 363 2344 430 ΕΤ
2385 362 2680 428 SCRIPT.
2727 368 2951 424 ’Amn.

359 501 472 574 (44)
519 499 580 558 Si
623 503 830 557 tonum
877 501 1122 573 quaeris,
1168 501 1358 573 major
1403 497 1600 556 ﬁstula
1643 499 1929 555 minorem
1958 500 2015 567 Α
2042 499 2231 571 equod
2266 501 2358 554 est
2412 503 2607 567 tonus,
2636 497 2725 554 vel
2780 502 2968 554 totum
3025 497 3070 554 D
3129 500 3187 554 et
3241 496 3373 570 ejus
3425 496 3700 565 tertium,

285 591 518 658 habeat,
552 593 609 646 et
635 591 764 660 ejus
793 593 1076 646 octavam.
1102 589 1161 645 Si
1193 589 1581 658 diatessaron,
1615 589 1802 659 major
1831 586 1935 642 mi-

287 697 489 736 norem
519 683 578 735 et
604 679 734 750 ejus
765 679 1017 745 tertiam,
1041 682 1100 733 et
1122 677 1302 751 tertia;
1335 677 1645 742 decimam,
1667 681 1724 732 et
1756 675 1934 730 unde-

286 770 450 826 cimm
483 773 727 824 sextam.
750 769 806 821 Si
841 768 1132 840 diapente,
1159 767 1348 838 major
1378 766 1686 830 minorem,
1720 769 1776 819 et
1805 765 1934 835 ejus

285 857 562 927 mediam,
587 861 643 912 et
673 855 1000 912 medietatis
1023 860 1307 921 octavam,
1329 859 1386 908 et
1415 857 1623 908 octava:
1648 858 1929 908 octavam.

284 947 343 1002 Si
403 946 684 1018 diapason
743 945 948 1014 major,
1012 942 1297 998 minorem
1353 941 1553 1014 duplo,
1586 947 1644 998 et
1693 941 1936 1014 insuper

284 1036 414 1106 ejus
444 1050 625 1091 unam
673 1039 958 1099 octavam,
981 1037 1038 1088 et
1078 1035 1290 1087 octava:
1332 1035 1613 1087 octavam.
1639 1030 1699 1086 Si
1730 1030 1930 1103 diapa-

283 1141 390 1180 son
440 1127 497 1178 et
547 1122 837 1194 diapente,
873 1121 1062 1192 major
1119 1121 1407 1176 minorem
1460 1119 1658 1191 triplo,
1689 1124 1747 1175 et
1803 1119 1932 1190 ejus

282 1213 432 1269 duas
462 1215 714 1277 octavas,
760 1211 818 1266 id
873 1214 980 1277 est,
1034 1213 1326 1282 quartam.
1361 1209 1421 1264 Si
1479 1209 1572 1265 bis
1627 1207 1928 1281 diapason,

282 1303 472 1373 major
514 1299 799 1358 minorem
849 1297 1198 1371 quadruplo,
1245 1303 1300 1354 et
1347 1297 1589 1371 insuper
1636 1297 1764 1369 ejus
1815 1301 1932 1352 tres

279 1395 530 1447 octavas.

757 1495 892 1533 ITEM
931 1493 1072 1532 IDEM
1111 1493 1238 1532 ALIO
1277 1492 1454 1531 MODO.

355 1567 410 1622 Si
444 1566 652 1623 ﬁstulae
679 1565 922 1638 aequalis
952 1564 1367 1638 grossitudinie
1395 1568 1586 1633 erunt,
1612 1562 1799 1634 major
1829 1563 1932 1618 mi-

279 1656 439 1713 noris
467 1653 895 1729 longitudinem
929 1657 1136 1726 quater
1165 1653 1223 1708 in
1255 1668 1318 1709 se
1348 1651 1579 1720 habeat,
1601 1656 1657 1708 et
1691 1653 1932 1724 insuper

205 1736 214 1743 ’
280 1743 549 1802 diametri
583 1744 713 1814 (45),
738 1743 892 1815 quod
925 1743 985 1797 in
1027 1757 1278 1798 concavo
1311 1745 1420 1809 est,
1453 1745 1661 1813 quater
1690 1757 1931 1797 mensu-

281 1849 406 1888 ram
437 1832 730 1889 contineat
762 1833 898 1902 (46),
931 1831 1019 1886 bis
1049 1829 1329 1902 diapason
1362 1829 1805 1885 consonantiam
1841 1847 1926 1884 re-

281 1921 533 1978 sonabit.
557 1921 614 1975 Si
646 1921 835 1992 major
885 1919 1170 1974 minorem
1202 1917 1261 1974 in
1294 1935 1402 1974 sua
1431 1918 1792 1989 longitudine
1839 1917 1932 1974 bis

278 2010 574 2076 habuerit,
599 2012 656 2064 et
694 2009 936 2080 insuper
977 2007 1358 2064 concavitatis
1407 2008 1536 2080 ejus
1585 2005 1762 2063 semel
1811 2007 1934 2062 dia-

281 2103 556 2166 metrum,
589 2097 871 2170 diapason
921 2097 992 2153 ad
1039 2113 1102 2153 se
1147 2095 1396 2152 invicem
1455 2097 1833 2152 resonabunt.
1871 2096 1930 2152 Si

282 2187 470 2260 major
519 2185 802 2242 minorem
834 2186 894 2241 in
926 2201 988 2241 se
1033 2189 1218 2241 totam
1265 2184 1557 2251 habuerit,
1591 2189 1648 2240 et
1693 2185 1936 2258 insuper

277 2274 664 2348 longitudinis
686 2275 814 2346 ejus
846 2273 1240 2341 medietatem,
1261 2272 1442 2330 simul
1465 2289 1597 2329 cum
1622 2273 1933 2330 medietate

281 2363 572 2431 diametri,
595 2363 752 2435 quod
798 2362 854 2417 in
899 2378 1148 2418 concavo
1179 2367 1286 2429 est,
1311 2361 1582 2435 diapente
1615 2363 1930 2419 resonabit.

280 2453 424 2508 Item
457 2451 505 2508 si
541 2450 738 2508 ﬁstula
760 2452 948 2522 major
976 2449 1262 2506 minorem
1287 2449 1547 2506 ﬁstulam
1577 2451 1634 2505 in
1667 2467 1730 2507 se
1748 2455 1930 2507 totam

279 2540 568 2608 habuerit,
591 2545 648 2597 et
685 2539 928 2612 insuper
957 2539 1344 2612 longitudinis
1389 2543 1650 2596 octavam
1682 2545 1929 2612 partem,

277 2647 412 2686 cum
443 2633 646 2686 octava
669 2628 961 2694 diametri,
985 2632 1192 2684 tonum
1224 2627 1539 2684 resonabit.
1567 2629 1710 2685 Item
1743 2628 1792 2685 si
1825 2630 1930 2684 iis-

277 2717 403 2774 tula
432 2718 622 2789 major
641 2715 927 2772 minorem
958 2716 1018 2771 in
1041 2732 1103 2773 se
1130 2715 1344 2772 habeat
1373 2719 1576 2784 totam,
1603 2720 1662 2771 et
1691 2716 1932 2790 insuper

275 2805 665 2880 longitudinis
723 2805 850 2876 ejus
898 2807 1122 2860 sextam
1170 2802 1460 2860 decimam
1503 2809 1751 2877 partem,
1792 2823 1928 2862 cum

277 2899 441 2952 sexta
459 2893 687 2950 decima
707 2892 999 2959 diametri,
1023 2891 1400 2948 semitonium
1422 2892 1541 2949 fere
1561 2894 1925 2950 consonahit.

277 2983 390 3040 Sed
421 2987 618 3038 tamen
647 2981 862 3038 melius
891 2984 1162 3038 sumetur
1188 2981 1565 3037 semitonium
1595 2999 1700 3054 per
1719 2981 1930 3039 diates-

277 3089 452 3130 saron
483 3087 659 3143 quam
691 3087 794 3144 per
822 3074 1014 3126 sextas
1043 3070 1320 3127 decimas.

337 3183 610 3226 MENSURA
641 3183 1016 3223 MONOCHORDI
1059 3183 1126 3222 ΕΤ
1166 3183 1525 3224 ORGANORUM
1558 3185 1618 3224 IN
1647 3184 1870 3224 GENEBE

628 3255 948 3306 DIATONICO,
981 3255 1040 3294 IN
1072 3255 1250 3295 PRIMO
1279 3255 1576 3295 DIAPASON.

347 3338 460 3411 (47)
481 3338 524 3393 E
555 3336 732 3394 habet
760 3337 801 3392 F
825 3339 883 3392 et
911 3337 1039 3408 ejus
1059 3341 1346 3404 octavam,
1368 3337 1426 3392 id
1448 3341 1556 3404 est,
1580 3337 1936 3409 sesquiocta-

272 3444 434 3484 vum.
458 3427 504 3482 D
534 3429 720 3483 totum
752 3426 793 3481 E
821 3429 878 3481 et
897 3427 1027 3498 ejus
1048 3430 1338 3493 octavum,
1363 3427 1421 3482 id
1442 3430 1550 3493 est,
1577 3427 1927 3499 epogdoum-

273 3518 314 3573 Ο
344 3520 532 3572 totum
565 3516 606 3572 F
636 3519 695 3571 et
724 3514 854 3586 ejus
885 3513 1143 3582 tertium,
1165 3515 1320 3588 quod
1343 3518 1434 3572 est
1461 3514 1930 3586 sesquitertium,

270 3605 359 3662 vel
387 3604 642 3678 epitrita,
679 3602 738 3659 id
789 3607 879 3660 est
921 3603 1310 3662 diatessaron.
1334 3603 1377 3660 Β
1425 3607 1614 3660 totum
1641 3605 1684 3658 C
1711 3607 1770 3660 et
1798 3605 1928 3675 ejus

271 3693 727 3766 octavum,quod
745 3697 836 3749 est
851 3697 1028 3750 tonus
1044 3710 1060 3761 ;
1076 3691 1164 3749 vel
1182 3696 1371 3748 totum
1386 3691 1428 3746 E
1445 3695 1503 3748 et
1517 3692 1647 3762 ejus
1664 3692 1923 3761 tertium,

271 3783 428 3856 quod
458 3786 548 3840 est
575 3782 962 3850 diatessaron,
983 3780 1072 3837 vel
1104 3785 1293 3838 totum
1325 3780 1366 3834 F
1395 3783 1453 3836 et
1479 3781 1608 3851 ejus
1640 3779 1921 3852 medium,

272 3872 428 3946 quod
478 3874 536 3928 et
590 3869 880 3944 diapente.
911 3872 957 3926 A
997 3874 1187 3927 totum
1240 3870 1282 3925 B
1336 3872 1394 3924 et
1448 3868 1578 3940 ejus
1629 3872 1920 3940 octavum,

343 4067 458 4140 (44)
488 4068 623 4146 Quae
674 4065 770 4123 hic
811 4070 1354 4146 sequuntur,‘cu.m._
1377 4063 1838 4146 praecedentibus
1867 4070 1926 4146 et

270 4136 807 4223 sequentibusnon
840 4136 1220 4218 concordant;
1255 4136 1826 4223 igiturpcprrigenda,
1859 4143 1924 4194 ut

269 4206 537 4338 sequitur
567 4227 580 4266 :
611 4211 679 4293 Si
713 4213 903 4264 tonum
945 4209 1165 4290 quaeris,
1194 4207 1378 4289 major
1422 4206 1923 4292 ﬁstula'minorem

269 4282 342 4337 ha
376 4290 482 4349 eat,
505 4284 554 4340 et
585 4297 702 4352 ejus
730 4283 993 4352 octavam,
1016 4282 1068 4352 et
1097 4293 1273 4350 ipsius
1297 4281 1502 4352 octava
1535 4281 1778 4336 octavam
1806 4280 1920 4352 (a)v;

269 4300 482 4349 naoeal,
505 4300 554 4340 α
585 4300 702 4354 ejus
730 4300 993 4345 ocmvam,
1017 4300 1067 4333 ει
1097 4300 1273 4350 ψδηιδ
1297 4300 1502 4334 υσιιιυιε
1535 4300 1778 4336 ocuwam
1806 4300 1920 4352 (ay;

268 4355 318 4409 si
345 4353 708 4420 diatessaron,
739 4350 918 4421 major
943 4351 1214 4404 minorem
1239 4355 1290 4404 et
1320 4349 1436 4420 ejus
1463 4351 1705 4416 tertiam,
1739 4354 1788 4406 et
1817 4354 1924 4406 ter-

271 4425 673 4502 tise_decimam,
711 4431 763 4478 et
811 4422 1088 4502 vigesima?
1132 4421 1504 4502 δρττιαγηίω).
1643 4421 1920 4502 diapente,

269 4496 455 4577 major:
482 4490 771 4577 minorem,
803 4500 852 4546 et
898 4492 1014 4560 ejus
1048 4490 1306 4574 mediam,
1340 4494 1393 4546 et
1419 4490 1750 4577 medietatis
1775 4502 1922 4576 oeta-

273 4563 394 4623 vam
421 4567 528 4638 (c).
556 4567 621 4623 Si
648 4565 932 4635 diapason,
963 4563 1142 4635 major
1167 4564 1438 4619 minorem
1463 4563 1650 4636 duplo,
1681 4567 1734 4620 et
1761 4566 1926 4620 insu-

263 4640 510 4716 perejus
551 4651 724 4716 unam
769 4640 1015 4716 octavam
1043 4633 1236 4716 (ιι).βί
1273 4633 1552 4716 diapason.
1567 4638 1620 4690 et
1647 4634 1921 4716 diapente,

269 4705 450 4774 maior
493 4709 763 4764 minorem
790 4705 980 4777 triplo,
1012 4713 1065 4760 et
1113 4706 1230 4778 ejus
1250 4777 1255 4778 ί
1279 4705 1417 4762 duas
1473 4709 1708 4778 octavas,
1737 4705 1797 4762 id
1825 4714 1922 4776 est,

268 4785 527 4852 quartam
561 4782 616 4835 et
655 4779 884 4848 insuper
909 4783 1113 4835 octavae
1138 4777 1398 4845 mediam,
1429 4781 1483 4833 et
1512 4777 1676 4849 hujus
1718 4777 1922 4835 medie-

332 4920 406 4984 (a)
437 4921 496 4970 F.
525 4919 702 4968 minor
730 4917 921 4968 ﬁstula.
1795 4924 1917 4972 2304

517 4993 636 5044 ejus
663 4984 868 5030 octava.
1827 4986 1920 5034 288

517 5047 707 5094 octava
734 5047 955 5094 octava.
1860 5049 1920 5098 36

423 5105 480 5155 E.
511 5109 642 5156 tono
671 5105 876 5157 distans
904 5108 970 5158 ab
1000 5107 1056 5156 F.
1795 5109 1919 5160 2628

331 5166 409 5233 (ὁ)
427 5168 482 5218 F.
511 5169 690 5233 minor
724 5169 919 5220 ﬁstula.
1797 5173 1918 5221 2304

517 5231 636 5296 ejus
661 5233 835 5283 tertia.
1827 5234 1918 5282 768

519 5302 689 5354 tertiis
719 5302 943 5354 decima.
1805 5297 1926 5380 767".ly

515 5385 784 5450 vigesima
815 5389 981 5436 sexta.
1811 5382 1924 5462 19116

423 5466 474 5514 ϐ.
507 5465 840 5516 diatessaron
864 5465 930 5514 ad
960 5465 1015 5514 F.
1795 5466 1919 5513 3168

313 5523 397 5588 (c)
426 5529 480 5578 F.
513 5527 688 5578 minor
716 5527 912 5578 ﬁstula.
1798 5528 1920 5577 2304

518 5590 636 5652 ejus
665 5590 859 5639 media.
1802 5590 1922 5639 1152

517 5651 816 5702 medietatis
843 5654 1048 5702 octava.
1833 5653 1921 5701 144

424 5713 480 5763 Β.
512 5712 764 5776 diapente
799 5713 868 5764 ad
899 5713 956 5763 F.
1800 5715 1922 5765 3680

2042 587 2196 659 quod
2229 589 2287 642 et
2315 587 2704 653 diatessaron,
2733 585 2823 644 vel
2863 591 3050 643 totum
3083 587 3126 643 E
3153 591 3209 643 et
3237 587 3367 660 ejus
3407 585 3700 654 medium,

2041 675 2196 747 quod
2245 679 2334 732 est
2385 675 2678 748 diapente.
2711 677 2757 732 G
2787 675 2963 733 habet
3005 679 3194 732 totum
3225 679 3266 732 C
3292 679 3352 732 et
3397 676 3530 748 ejus
3579 679 3704 732 ter-

2045 764 2212 832 tium,
2248 765 2401 836 quod
2460 769 2550 820 est
2605 764 2989 821 diatessaron.
3036 765 3104 820 G.
3137 767 3359 834 autem,
3393 764 3553 836 quod
3607 768 3705 820 est

2042 851 2176 908 trite
2205 869 2648 924 synemmenon,
2682 853 2858 908 habet
2895 856 3084 909 totum
3115 852 3161 909 D
3195 853 3372 926 primi
3411 851 3703 926 diapasmi

2040 946 2100 997 et
2149 942 2276 1012 ejus
2331 941 2614 1006 medium,
2661 941 2717 996 id
2769 946 2878 1014 est,
2910 942 3202 1014 diapente.
3235 943 3303 1000 G.
3335 941 3405 998 G.
3434 945 3502 998 Α.
3525 942 3599 998 Β.
3633 941 3696 999 C.

2373 1154 2426 1191 IN
2465 1153 2723 1192 SECUNDO
2762 1153 3037 1193 DlAPASON
3079 1151 3364 1193 MENSUIM.

2111 1256 2152 1306 F
2181 1251 2357 1309 habet
2384 1257 2573 1309 totum
2601 1256 2668 1320 G,
2686 1253 2802 1323 (48)
2831 1258 2889 1310 et
2931 1253 3061 1324 ejus
3106 1257 3397 1323 octavum,
3419 1253 3578 1328 quod
3607 1257 3701 1311 est

2039 1347 2234 1411 tonus,
2267 1341 2355 1398 vel
2395 1346 2583 1398 totum
2615 1343 2656 1399 B
2686 1347 2744 1398 et
2785 1343 2915 1414 ejus
2961 1341 3224 1410 tertium,
3251 1342 3408 1415 quod
3435 1345 3532 1400 est
3570 1341 3698 1400 dia-

2039 1435 2325 1499 tessaron,
2354 1429 2441 1486 vel
2497 1434 2684 1486 totum
2714 1433 2754 1485 C
2793 1435 2850 1486 et
2886 1431 3015 1503 ejus
3073 1431 3360 1499 medium,
3391 1430 3550 1506 quod
3593 1445 3698 1488 est

2039 1518 2329 1591 diapente,
2357 1517 2447 1574 vel
2479 1517 2639 1574 aliud
2670 1517 2711 1573 F
2743 1517 2943 1592 duplo,
2968 1519 3124 1591 quod
3175 1523 3265 1575 est
3310 1517 3619 1592 diapason.
3651 1520 3693 1576 E

2039 1611 2229 1663 totum
2255 1608 2291 1662 F
2312 1611 2369 1664 et
2395 1609 2523 1680 ejus
2553 1609 3015 1680 octavum,quod
3047 1611 3138 1664 est
3165 1612 3362 1677 tonus,
3381 1607 3472 1666 vel
3500 1611 3695 1665 totum

2037 1699 2084 1752 A
2109 1701 2166 1752 et
2195 1697 2326 1768 ejus
2354 1697 2614 1768 tertium,
2648 1697 2802 1768 quod
2843 1701 2933 1754 est
2970 1696 3356 1766 diatessaron,
3386 1696 3474 1754 vel
3503 1700 3694 1754 totum

2039 1785 2082 1840 B
2113 1790 2170 1841 et
2209 1786 2338 1857 ejus
2385 1784 2669 1852 medium,
2693 1786 2849 1858 quod
2899 1791 2955 1842 et
3003 1785 3294 1859 diapente,
3323 1783 3413 1843 vel
3463 1784 3622 1842 aliud
3653 1787 3695 1844 E

1961 1870 2009 1936 B
2037 1873 2238 1946 duplo,
2263 1875 2417 1946 quod
2463 1879 2552 1930 est
2602 1876 2906 1948 diapason.
2929 1875 2976 1931 D
3005 1879 3194 1931 totum
3225 1875 3266 1932 E
3296 1877 3355 1931 et
3378 1875 3506 1946 ejus
3531 1881 3692 1932 octa-

2039 1979 2200 2030 vum,
2225 1963 2380 2034 quod
2412 1969 2501 2019 est
2544 1968 2742 2032 tonus,
2765 1962 2855 2019 vel
2903 1966 3092 2020 totum
3125 1964 3168 2020 G
3200 1963 3334 2020 trite
3362 1979 3693 2036 synemme-

2039 2069 2179 2120 non,
2225 2055 2283 2107 et
2339 2052 2468 2123 ejus
2527 2051 2790 2120 tertium,
2831 2052 2985 2125 quod
3041 2057 3133 2108 est
3184 2051 3577 2121 diatessaron,
3604 2053 3694 2108 vel

2038 2145 2228 2198 totum
2258 2147 2303 2196 Α
2338 2146 2394 2196 et
2423 2143 2552 2213 ejus
2605 2141 2889 2210 medium,
2917 2142 3073 2213 quod
3133 2145 3224 2198 est
3278 2139 3573 2214 diapente,
3602 2141 3694 2199 vel

2038 2229 2198 2286 aliud
2245 2230 2290 2286 D
2323 2230 2521 2302 duplo,
2571 2231 2726 2303 quod
2778 2235 2868 2286 est
2915 2229 3216 2303 diapason.
3245 2229 3288 2286 C
3316 2233 3506 2288 totum
3551 2231 3595 2288 F
3639 2233 3700 2289 et

2037 2319 2166 2390 ejus
2216 2319 2478 2388 tertium,
2512 2319 2668 2391 quod
2719 2323 2810 2375 est
2859 2319 3246 2385 diatessaron,
3289 2318 3378 2375 vel
3426 2322 3617 2376 totum
3647 2320 3698 2376 G

2037 2423 2362 2481 paramese,
2394 2412 2450 2463 et
2481 2408 2613 2479 ejus
2651 2407 2935 2477 medium,
2959 2408 3114 2479 quod
3159 2411 3248 2464 est
3276 2405 3574 2480 diapente,
3603 2407 3695 2465 vel

2039 2495 2196 2552 aliud
2241 2497 2282 2552 C
2333 2495 2536 2569 duplo,
2585 2495 2741 2568 quod
2797 2501 2887 2552 est
2943 2494 3246 2568 diapason.
3279 2499 3540 2554 Btotum
3571 2501 3696 2554 Cet

2037 2586 2166 2658 ejus
2195 2588 2480 2653 octavam,
2513 2586 2572 2640 id
2631 2588 2722 2642 est
2775 2589 2973 2654 tonus,
3007 2583 3096 2641 vel
3143 2589 3333 2642 totum
3373 2586 3420 2641 E
3459 2589 3522 2642 et
3565 2587 3695 2659 ejus

2035 2675 2298 2742 tertium,
2321 2674 2477 2746 quod
2523 2678 2614 2731 est
2656 2673 3043 2743 diatessaron,
3071 2673 3157 2730 vel
3189 2677 3378 2730 totum
3407 2675 3450 2732 F
3478 2677 3538 2733 et
3564 2676 3695 2748 ejus

2037 2763 2320 2832 medium,
2344 2764 2498 2836 quod
2523 2767 2610 2820 est
2629 2763 2922 2836 diapente,
2940 2761 3028 2819 vel
3061 2761 3220 2819 aliud
3249 2763 3295 2818 B
3319 2763 3692 2837 duplo,quod

2035 2856 2125 2908 est
2152 2851 2458 2924 diapason,
2480 2849 2568 2908 vel
2616 2850 2776 2907 aliud
2808 2849 2850 2906 F
2877 2849 3074 2924 triplo,
3098 2851 3158 2906 id
3188 2855 3277 2908 est
3323 2851 3608 2925 diapason
3637 2857 3694 2910 et

2035 2939 2326 3013 diapente.
2358 2944 2402 2996 A
2433 2944 2622 2996 totum
2654 2939 2696 2996 B
2725 2944 2784 2997 et
2819 2941 2948 3012 ejus
2977 2939 3375 3009 octavum,vel
3425 2943 3618 2998 totum
3647 2941 3694 2998 D

2033 3034 2091 3085 et
2119 3031 2248 3101 ejus
2295 3029 2558 3100 tertium,
2591 3027 2678 3084 vel
2710 3031 2899 3085 totum
2929 3029 2970 3084 Ε
3003 3032 3061 3084 et
3105 3028 3235 3100 ejus
3283 3029 3568 3098 medium,
3598 3028 3690 3086 vel

2033 3117 2196 3174 aliud
2254 3119 2296 3174 Δ
2341 3116 2542 3190 duplo.
2583 3117 2630 3172 G
2679 3120 2869 3173 totum
2916 3116 2958 3172 Ο
3012 3121 3072 3172 et
3125 3117 3256 3188 ejus
3305 3117 3569 3185 tertium,
3601 3117 3690 3174 vel

2033 3210 2222 3264 totum
2254 3205 2302 3262 G
2332 3220 2635 3278 paramese
2673 3203 2874 3277 duplo.
2907 3205 2949 3260 Γ
2975 3207 3166 3262 totum
3197 3204 3244 3261 α
3273 3207 3332 3261 et
3369 3205 3498 3276 ejus
3528 3207 3685 3261 octa-

2041 3311 2201 3363 vum,
2227 3294 2316 3351 vel
2363 3298 2551 3352 totum
2583 3293 2626 3350 Β
2654 3297 2714 3350 et
2758 3294 2887 3364 ejus
2927 3292 3190 3364 tertium,
3209 3291 3298 3350 vel
3345 3295 3534 3350 totum
3563 3290 3607 3350 C
3634 3296 3690 3351 et

2040 3385 2170 3456 ejus
2217 3382 2502 3450 medium,
2547 3381 2637 3439 vel
2687 3381 2847 3438 aliud
2897 3381 2938 3438 F
2985 3380 3186 3454 duplo,
3217 3381 3306 3438 vel
3355 3380 3600 3440 tertium
3647 3382 3688 3438 F

2039 3471 2389 3546 quadruplo.
2437 3473 2497 3528 F.
2532 3471 2602 3528 G.
2638 3474 2704 3528 A.
2738 3471 2804 3528 Β.
2840 3469 2901 3526 C.
2938 3470 3005 3526 D.
3039 3471 3102 3528 E.
3138 3471 3198 3527 F.
3231 3470 3298 3526 G.
3330 3473 3397 3526 G.
3428 3472 3495 3526 A.
3527 3470 3592 3526 Β.
3624 3469 3682 3526 C.

2258 3693 2526 3734 MONITUM
2554 3692 2630 3732 AD
2660 3691 3018 3732 SEMITONIUM
3049 3690 3469 3735 INVENIBNDUXO
3571 3728 3582 3738 ί

2101 3785 2144 3840 Α
2167 3799 2403 3840 summa
2422 3796 2775 3856 quacunque
2796 3781 2988 3838 locata
3006 3779 3348 3854 vigesimam
3375 3780 3687 3855 septimam

2033 3872 2370 3939 subtrahas,
2401 3888 2470 3928 ex
2528 3868 2732 3928 relicta
2777 3873 3041 3926 octavam
3095 3869 3384 3926 decimam
3433 3885 3688 3943 queres,

2031 4069 2174 4150 latis.
2205 4071 2448 4150 octavam
2480 4066 2572 4150 (ε).
2608 4065 2676 4122 δί
2732 4065 2814 4150 bis
2869 4065 3154 4150 άίαραδοην
3195 4067 3373 4150 ’ζιαίον

2030 4139 2369 4212 quadrupli),
2385 4145 2447 4212 et
2464 4138 2696 4212 insuper
2721 4138 2840 4212 ejus
2854 4140 3104 4212 quatuor
3149 4140 3390 4212 octavas,
3413 4141 3468 4194 et
3494 4139 3692 4212 octava

2029 4207 2276 4282 octavam
2305 4209 2398 4280 (Γ).
2425 4207 2668 4282 Major-is
2725 4207 3012 4265 claritatis
3068 4208 3263 4282 gratia
3319 4207 3690 4282 singulorum

2031 4280 2298 4353 exempla
2313 4277 2332 4280 ’⁷
2349 4277 2665 4353 8061111180,
2699 4297 2848 4353 quae,
2897 4296 3034 4335 cum
3072 4277 3305 4336 'tabella
3351 4277 3685 4336 ﬁstularum

2032 4353 2142 4408 col.
2174 4351 2305 4418 665,
2332 4352 2440 4406 666
2466 4351 2976 4408 conferri'debent.

2126 4424 2214 4495 45)
2246 4422 2366 4495 Qui
2389 4423 2453 4477 ﬁt
2476 4426 2674 4495 octava
2703 4439 2840 4495 pars
2870 4419 3276 4495 longitudinis.

2127 4492 2216 4549 46)
2245 4493 2407 4549 Adde
2441 4511 2455 4548 :
2489 4494 2624 4549 Cum
2652 4492 2841 4549 octava
2867 4492 3149 4548 diametri.
3336 4539 3345 4549 .
3559 4517 3566 4520 ·
3677 4515 3684 4549 :

2031 4561 2312 4692 669472⁵έὲ
2343 4564 2434 4620 his
2465 4569 2523 4620 et
2554 4565 2937 4637 sequentibus
2975 4563 3309 4620 conferatur
3333 4561 3554 4622 tabella
3578 4563 3687 4622 col.

2199 4424 2217 4636 ξ

2107 4677 2498 4782 (ἇὸἷνβέιηωθ
2508 4721 2590 4762 se.

2094 4921 2172 4985 (d)
2203 4919 2428 4985 minoris
2446 4919 2637 4970 ﬁstulae
2666 4922 2787 4970 2304
2817 4881 3058 4980 duplum.
3561 4921 3691 4985 Mqu

2284 4983 2404 5046 ejus
2433 4986 2641 5033 octava.
3600 4981 3692 5031 288

2185 5053 2536 5126 Ἐκάίδμὲριὲ
2569 5051 2638 5126 9d
2663 5051 2778 5126 ΕΞ-.
2921 5110 2936 5126 .
3476 5060 3481 5066 ’
3565 5052 3690 5126 ἓβὲ

2094 5117 2164 5181 (ε)
2196 5110 2419 5190 minoris
2447 5113 2636 5190 ﬁstulae
2663 5113 2785 5163 2304
2813 5110 3056 5175 triplum.

2279 5179 2824 5313 3’c‘i3v‘ié‘33‘i'npem-
2853 5303 2883 5313 ,.
2929 5312 2936 5313 ,
3404 5228 3412 5234 ’

2281 5303 2443 5367 hujus
2471 5299 2775 5352 medietatis
2803 5303 3009 5350 octava.
3622 5301 3690 5352 ,18

2280 5383 2336 5432 Β.
2367 5382 2625 5444 diapason
2654 5378 2986 5444 etgdiapente
3015 5377 3168 5444 ad_F.'.
3563 5381 3686 5444 ’1050

2095 5445 2170 5509 (Γ)
2201 5445 2424 5509 minoris
2451 5441 2644 5509 ﬁstulae
2674 5443 2797 5509 2304
2823 5441 3218 5506 quadruplum.
3564 5443 3684 5509 8ng

2284 5507 2401 5568 ejus
2429 5506 2662 5566 quatuor
2690 5503 2910 5554 octavis.
3050 5503 3067 5505 7
3565 5503 3692 5568 1152

2284 5567 2483 5618 octava;
2513 5569 2716 5616 octava.
3625 5567 3687 5616 36

2278 5647 2333 5697 F.
2361 5645 2443 5697 bis
2471 5643 2734 5708 diapason
2763 5645 2830 5696 ad
2860 5645 2915 5696 F.
3538 5645 3683 5696 10601
