3894 6214
133 263 241 325 681

1430 265 1787 325 ΑΝΟΝΥΜἸ
1833 265 1884 325 ΙΙ
1930 265 2242 327 MUSICA.

3420 269 3537 330 68‘)

131 393 436 466 Septimus
477 394 686 450 modus
736 395 1058 451 intenditur
1104 397 1177 450 ab
1212 397 1270 451 F.
1306 397 1374 450 ad
1410 397 1470 452 Η.
1519 402 1778 453 rarenter
1806 399 1862 464 Α
1888 397 1986 468 qui
2019 398 2283 469 quamvis
2312 399 2578 454 eamdem
2610 402 2799 455 teneat
2822 400 3094 470 speciem,
3121 400 3408 456 diversam
3431 398 3534 455 ha-

130 488 323 538 autem
360 483 436 538 ad
468 483 525 538 S.
557 483 862 540 continens
885 485 1194 557 septimam
1219 485 1371 540 inter
1392 489 1456 540 G.
1483 489 1539 541 et
1562 487 1628 541 Β.
1656 487 1777 542 dia-

126 588 308 644 pason
343 573 622 643 speciem,
657 584 837 644 supra
867 591 997 629 vero
1031 578 1088 629 et
1119 574 1268 629 infra
1317 591 1536 631 vocem.
1587 577 1778 645 Hujus

123 663 331 716 cantus
364 659 656 732 principia
686 664 742 714 et
772 660 1180 717 distinctiones
1213 666 1349 716 sunt
1380 679 1480 717 sex
1511 663 1550 716 1"
1579 663 1622 716 G
1655 663 1777 718 HM

118 749 164 804 N
197 749 261 805 0.
297 748 554 804 Octavus
586 749 796 804 modus
824 751 1086 806 ascendit
1113 752 1183 806 ad
1217 751 1280 805 0.
1315 768 1444 805 raro
1478 756 1670 806 autem
1706 751 1776 806 ad

115 838 172 893 P.
207 836 530 909 possidens
563 842 832 909 quartam
864 856 897 894 a
925 840 964 895 D
984 839 1055 894 ad
1079 839 1142 894 Ο.
1169 839 1496 894 secundum
1517 839 1774 911 primum

112 925 475 998 magistrum
504 926 786 998 diapason
821 928 1088 994 formam,
1120 944 1296 999 supra
1318 944 1450 983 vero
1473 928 1770 983 chordam.

110 1014 258 1070 Huic
308 1014 381 1070 N.
439 1014 788 1071 Ptolomaeus
840 1017 1135 1071 annexuit.
1190 1017 1257 1070 Et
1305 1016 1445 1088 quia
1491 1016 1774 1088 diapason

110 1107 316 1160 octava
347 1103 548 1176 specie
578 1108 750 1171 caret,
783 1109 1053 1175 quartam
1103 1108 1168 1159 ut
1211 1105 1450 1176 primus.
1483 1104 1771 1161 obtinuit:

1890 487 1986 542 bet
2018 485 2272 553 finalem,
2307 491 2364 541 et
2394 504 2509 542 non
2559 489 2824 543 eamdem
2874 489 2945 542 ad
2995 492 3051 542 C.
3108 489 3532 544 remissionem.

1889 577 2076 645 Hujus
2099 582 2307 632 cantus
2337 577 2501 632 initia
2523 581 2586 632 ut
2607 576 2855 634 aliorum
2880 577 3302 648 discipulorum
3327 576 3537 648 legalia

1889 669 2028 719 sunt
2058 670 2326 736 quatuor,
2358 667 2402 720 D
2435 667 2474 721 E
2508 668 2548 722 F
2577 667 2642 722 G.
2688 665 3092 722 distinctiones
3121 681 3242 734 ex,
3274 669 3318 719 D
3346 665 3386 719 E
3419 665 3459 720 F
3489 665 3535 720 G

1889 754 1933 808 H
1965 754 2018 809 M
2053 754 2136 808 vel
2179 757 2221 809 Ι.
2274 755 2339 809 Et
2383 756 2442 810 hi
2493 759 2631 811 sunt
2678 760 2924 827 quartus
2975 754 3254 827 magister
3293 753 3539 824 ejusque

1885 841 2230 914 discipulus.
2265 843 2322 896 Si
2357 844 2621 916 magistri
2653 849 2891 900 cantum
2911 845 2949 899 F
2969 844 3060 900 vel
3082 844 3146 900 G.
3172 840 3538 900 inchoaveris

1886 932 1956 985 ad
1977 933 2039 995 Ο.
2061 931 2135 986 sit
2153 931 2436 987 minimus
2456 934 2665 989 modus
2683 932 3049 1000 intensionis,
3084 930 3357 1004 discipuli
3379 947 3533 998 vero,

1886 1034 2074 1074 causae
2109 1021 2456 1091 supradicta:
2489 1023 2846 1089 differentiae,
2885 1022 2954 1078 ad
2982 1023 3022 1077 Ε
3055 1019 3442 1078 remissionis.

666 1381 1243 1476 ANONYMI
1316 1381 1401 1472 ΙΙ
1475 1380 2194 1476 TRACTATUS
2272 1385 2436 1476 DE
2516 1307 2986 1480 MUSICA

169 1712 458 1783 Quinque
492 1713 630 1766 sunt
659 1710 1056 1766 consonantiae
1090 1709 1350 1780 musicae,
1374 1709 1768 1777 Diatessaron,
1799 1715 1846 1780 Β
1879 1715 1995 1767 tres
2027 1712 2336 1767 continuos
2363 1717 2530 1768 tonos
2562 1716 2620 1767 et
2649 1711 3051 1768 semitonium.
3076 1711 3365 1784 Diapason
3393 1727 3532 1783 quo-

107 1820 224 1874 quae
257 1806 318 1858 et
345 1798 742 1871 sesquitertia
770 1799 1021 1854 dicitur:
1056 1798 1357 1870 Diapente,
1394 1816 1520 1870 quae
1554 1803 1610 1854 et
1649 1815 1770 1854 ses-

105 1891 424 1964 quialtera:
469 1889 783 1961 Diapason,
809 1905 935 1959 quis
960 1891 1016 1943 et
1038 1887 1217 1959 dupla
1238 1892 1477 1943 vocatur
1490 1888 1773 1960 Diapente

104 1986 154 2036 et
167 1980 500 2052 Diapason,
521 1995 649 2050 quae
665 1981 721 2032 et
735 1975 909 2048 tripla
927 1980 1329 2048 nuncupatur:
1353 1977 1448 2030 Bis
1466 1977 1743 2048 diapason
1756 2017 1768 2041 ,

105 2085 222 2141 quae
255 2074 315 2125 et
344 2065 710 2140 quadrupla.
743 2067 896 2120 Duas
928 2065 1159 2130 harum,
1195 2065 1250 2119 id
1273 2069 1382 2131 est,
1408 2063 1770 2120 diatessaron

105 2163 156 2213 et
184 2155 473 2230 diapente
504 2156 562 2209 in
592 2154 970 2225 frequentiori
1003 2171 1113 2209 usu
1147 2157 1447 2219 tenemus;
1486 2153 1675 2219 tertia,
1711 2153 1768 2208 id

105 2251 205 2311 est,
237 2247 540 2318 diapason
572 2260 702 2298 raro
735 2242 977 2309 utimur,
1015 2246 1252 2298 caeteras
1273 2241 1332 2296 in
1355 2242 1570 2298 nostris
1592 2242 1772 2296 canti-

107 2335 247 2391 leni
271 2351 391 2390 non
419 2332 794 2389 adhibemus.
819 2331 1188 2387 Diatessaron
1210 2331 1390 2403 igitur
1409 2348 1615 2385 vocum
1640 2330 1768 2401 qui-

108 2424 231 2480 dem
263 2428 358 2480 est
389 2426 674 2495 quatuor;
709 2421 850 2492 quia
875 2424 1128 2492 quatuor
1158 2420 1508 2476 chordarum
1531 2423 1641 2485 est,
1666 2421 1768 2476 sed

107 2516 298 2568 tamen
315 2510 764 2568 intervallorum
779 2510 986 2565 trium:
1013 2514 1253 2565 Constat
1274 2526 1341 2565 ex
1363 2510 1594 2564 duobus
1614 2509 1767 2564 tonis

107 2600 494 2657 etsemitonio
508 2598 752 2654 minore.
782 2599 883 2654 Est
899 2602 1094 2654 autem
1113 2604 1288 2653 tonus
1311 2599 1463 2669 quod
1486 2603 1537 2652 et
1562 2614 1763 2666 sonus;

106 2690 491 2746 semitonium
522 2704 656 2743 vero
687 2692 777 2744 est
807 2689 1003 2758 majus
1030 2691 1087 2742 et
1120 2687 1336 2742 minus.
1380 2686 1763 2742 Semitonium

106 2781 302 2833 autem
317 2777 562 2842 dicitur,
580 2777 734 2847 quod
753 2793 866 2831 non
890 2775 1172 2830 dimidius
1189 2774 1265 2830 sit
1281 2779 1475 2842 tonus,
1501 2776 1601 2830 sed
1626 2774 1766 2846 quia

104 2881 213 2920 non
251 2864 333 2921 sit
365 2864 620 2936 perfecte
669 2869 864 2918 tonus.
916 2863 1195 2934 Diapente
1242 2880 1377 2918 vero
1420 2880 1627 2918 vocum
1677 2867 1766 2918 est

103 2955 395 3024 quinque,
430 2951 569 3022 quia
599 2951 858 3023 quinque
884 2951 1234 3008 chordarum
1274 2957 1381 3018 est,
1433 2951 1762 3006 intervallo-

102 3053 233 3097 rum
267 3044 549 3112 quatuor,
581 3038 718 3110 quia
743 3043 970 3094 constat
991 3040 1178 3094 tribus
1201 3040 1354 3095 tonis
1377 3044 1434 3095 et
1453 3040 1758 3095 semitonio

103 3131 355 3186 minore.
392 3127 682 3199 Diapason
715 3143 920 3182 rursus
952 3131 1179 3182 constat
1207 3145 1275 3183 ex
1304 3129 1667 3183 diatessaron
1704 3133 1761 3184 et

105 3220 408 3292 diapente,
443 3216 500 3271 id
532 3219 640 3284 est,
673 3231 742 3271 ex
771 3215 1030 3286 quinque
1062 3215 1212 3271 tonis
1243 3220 1298 3270 et
1321 3217 1552 3271 duobus
1581 3215 1760 3272 semi-

107 3309 285 3364 toniis
318 3305 673 3376 minoribus,
706 3303 808 3376 qui
842 3321 958 3359 non
988 3303 1272 3376 impleant
1301 3309 1526 3359 tonum.

179 3396 274 3451 Ha:
307 3395 492 3468 igitur
521 3397 640 3450 tres
666 3392 1452 3465 principales'cdnsonantim,
1475 3393 1759 3448 diatessa-

112 3501 208 3538 ron
238 3483 533 3550 videlicet,
577 3483 848 3554 diapente
897 3498 963 3536 ac
1011 3482 1294 3553 diapason
1347 3482 1403 3536 in
1455 3482 1654 3536 decem
1705 3485 1761 3536 et

113 3576 235 3628 octo
265 3571 503 3628 chordis
534 3588 636 3643 per
655 3570 1026 3626 tetrachorda
1044 3573 1100 3624 et
1118 3570 1510 3640 pentachorda
1534 3573 1590 3626 et
1610 3575 1760 3625 octo-

113 3659 324 3716 chorda
355 3665 489 3733 apte
537 3660 1003 3732 distinguuntur.
1049 3657 1194 3713 Nam
1245 3675 1416 3714 omne
1463 3660 1618 3730 quod
1669 3663 1758 3714 est

114 3750 539 3805 tetrachordum
573 3751 806 3804 resonat
852 3747 1297 3804 consonantiam
1348 3748 1754 3814 diatessaron;

113 3843 242 3893 sunt
263 3839 421 3893 enim
445 3838 705 3910 quinque
728 3835 1070 3909 principalia
1094 3836 1478 3901 tetrachorda,
1499 3836 1755 3907 hypaton

113 3925 385 3993 videlicet,
451 3942 674 3991 meson,
739 3941 1199 3997 synemmenon,
1261 3924 1755 3996 diezeugmenon,

113 4012 497 4086 hyperboleon
527 4031 540 4070 :
575 4031 701 4086 quae
752 4014 811 4068 in
866 4013 1156 4069 diatonico
1212 4029 1420 4086 genere
1470 4012 1756 4070 melorum

116 4109 380 4159 resonant
409 4103 858 4159 consonantiam
890 4102 1272 4158 diatessaron.
1299 4103 1433 4158 Tria
1461 4103 1756 4174 siquidem

115 4196 244 4246 sunt
272 4208 491 4265 genera
513 4193 823 4258 melorum,
852 4190 1128 4246 diatonon
1162 4190 1400 4257 scilicet,
1435 4192 1674 4247 chroma
1703 4196 1760 4246 et

116 4283 539 4349 enarmonium;
575 4281 674 4337 sed
706 4281 986 4337 diatonon
1020 4279 1226 4334 durius
1245 4283 1302 4334 et
1322 4279 1650 4336 naturalius
1670 4285 1760 4336 est

118 4370 355 4426 caeteris:
393 4369 554 4426 unde
585 4368 754 4440 quasi
787 4367 1109 4440 repudiatis
1159 4367 1288 4421 aliis
1338 4367 1444 4422 hoc
1485 4369 1758 4423 usitatius

121 4454 375 4515 habetur.
417 4457 642 4514 Dicitur
675 4461 869 4513 autem
918 4455 1244 4523 diatonum,
1295 4457 1448 4527 quod
1503 4457 1560 4510 in
1606 4458 1764 4512 omni
1797 4441 1841 4506 Ι)

124 4547 482 4603 tetrachordo
506 4562 608 4618 per
625 4550 829 4611 tonum
853 4562 919 4600 ac
937 4548 1140 4598 tonum
1164 4548 1221 4599 et
1240 4543 1616 4599 semitonium
1640 4563 1766 4617 pro-

123 4628 426 4702 grediatur.
484 4635 668 4691 Habet
716 4637 910 4689 autem
963 4633 1083 4687 haec
1134 4632 1338 4687 eadem
1388 4634 1766 4690 consonantia

125 4721 477 4782 diatessaron
512 4728 630 4779 tres
660 4722 913 4795 species:
939 4721 1196 4776 Primam
1219 4720 1502 4787 videlicet,
1527 4738 1643 4792 qua
1664 4739 1765 4794 per

127 4812 314 4867 tonum
347 4832 414 4870 ac
443 4817 655 4868 tonum
690 4811 1185 4882 semitoniumque
1216 4810 1614 4882 progreditur:
1667 4815 1763 4865 Sc-

127 4901 362 4958 cundam
394 4920 553 4971 vero,
589 4919 702 4973 qua
722 4917 823 4973 per
845 4905 1048 4956 tonum
1074 4899 1450 4956 semitonium
1472 4917 1538 4955 ac
1561 4905 1763 4955 tonum

129 4989 487 5048 modulatur:
523 4991 778 5046 Tertiam
813 5004 1062 5060 quoque,
1098 5005 1214 5059 qua
1238 5004 1342 5060 per
1385 4987 1762 5044 semitonium

129 5077 316 5134 tonum
339 5098 402 5136 ac
428 5072 632 5135 tonum
656 5075 904 5134 canitur.
931 5077 1208 5149 Diapente
1230 5081 1423 5132 autem
1448 5094 1766 5133 consonan-

130 5159 204 5217 tia
215 5165 594 5243 distinguitur
606 5184 708 5240 per
723 5166 1136 5240 pentachorda,
1153 5179 1278 5238 quae
1292 5169 1348 5221 et
1366 5164 1496 5237 ipsa
1516 5171 1767 5238 quatuor

132 5247 294 5310 habet
323 5259 567 5330 species.
611 5257 683 5312 Et
731 5255 919 5328 prima
966 5254 1332 5328 progreditur
1379 5254 1615 5326 quidem
1663 5272 1766 5327 per

133 5340 323 5400 tonum
349 5351 560 5404 tonum
596 5344 972 5402 semitonium
1003 5347 1059 5399 et
1088 5348 1322 5398 tonum:
1356 5343 1622 5400 Secunda
1664 5362 1766 5418 per

134 5428 324 5488 tonum
351 5433 733 5492 semitonium
766 5437 974 5488 tonum
1023 5447 1088 5487 ac
1133 5435 1367 5487 tonum:
1421 5433 1616 5488 Tertia
1664 5451 1766 5507 per

136 5520 496 5582 semitonium
523 5528 581 5580 et
625 5528 745 5580 tres
791 5526 961 5580 tonos
1007 5521 1351 5584 continuos:
1401 5520 1617 5588 Quarta
1663 5539 1766 5597 per

436 5652 703 5715 PATROL.
751 5647 894 5711 CLI.

1883 1817 1994 1871 que
2011 1802 2392 1856 consonantia
2413 1801 2796 1873 distinguitur
2819 1817 2917 1872 per
2936 1805 3065 1871 octo
3087 1800 3355 1857 chordas.
3389 1800 3532 1857 Con-

1883 1893 1998 1945 stat
2028 1890 2206 1953 enim,
2229 1894 2293 1944 ut
2312 1877 2533 1944 dictum
2552 1893 2658 1959 est,
2684 1907 2751 1944 ex
2772 1890 3035 1962 quinque
3056 1889 3212 1946 tonis
3225 1889 3529 1946 etduobus

1881 1977 2206 2033 semitoniis
2238 1978 2587 2045 minoribus,
2623 1978 2926 2034 continens
2957 1978 3224 2035 videlicet
3246 1977 3305 2034 in
3328 1993 3389 2032 se
3410 1977 3530 2034 dia-

1882 2069 2146 2122 tessaron
2176 2070 2232 2121 et
2262 2067 2551 2136 diapente.
2586 2067 2769 2123 Habet
2798 2072 2995 2123 autem
3026 2071 3083 2122 et
3129 2067 3259 2138 ipsa
3305 2065 3528 2138 species

1881 2159 2127 2225 septem,
2160 2171 2286 2224 qua:
2320 2155 2595 2225 quoniam
2629 2156 2688 2210 in
2722 2173 2850 2212 raro
2874 2173 2985 2211 usu
3009 2156 3317 2224 habentur,
3343 2155 3527 2211 brevi-

1879 2241 2014 2296 tatis
2045 2258 2224 2298 causa
2249 2261 2282 2298 a
2313 2243 2482 2298 nobis
2522 2244 3061 2314 praetermittentur.
3531 2303 3536 2312 ,

1949 2330 2198 2385 Nomina
2227 2336 2424 2386 autem
2457 2331 2830 2399 chordarum,
2863 2333 2922 2387 in
2957 2331 3172 2402 quibus
3203 2331 3289 2386 hae
3321 2347 3525 2386 conso-

1879 2419 2092 2474 nantiae
2125 2420 2591 2491 distinguuntur,
2625 2420 2747 2474 hac
2773 2424 2930 2476 sunt.
2961 2419 3154 2475 Prima
3200 2423 3258 2474 et
3305 2419 3527 2491 gravis-

1877 2507 2028 2562 sima
2041 2509 2304 2572 omnium
2319 2513 2407 2563 est
2419 2507 3290 2580 proslambanomenos,duplici
3302 2508 3527 2564 ratione

1874 2594 2218 2663 immobilis,
2251 2597 2338 2651 vel
2372 2598 2510 2668 quia
2541 2597 2764 2652 scilicet
2788 2597 3240 2653 fundamentum
3265 2601 3354 2652 est
3387 2595 3527 2651 reli-

1875 2701 2126 2756 quarum
2157 2702 2388 2753 vocum,
2418 2686 2504 2741 vel
2536 2686 2676 2756 quia
2706 2686 2766 2740 in
2801 2686 2989 2740 tribus
3018 2684 3332 2757 generibus
3354 2684 3528 2740 melo-

1874 2791 2028 2840 rum,
2062 2773 2352 2830 diatonico
2386 2773 2674 2842 videlicet,
2711 2774 3066 2830 chromatico
3089 2777 3146 2829 et
3163 2773 3526 2840 enarmonio,

1873 2879 2016 2918 sono
2046 2868 2102 2918 et
2133 2864 2369 2918 nomine
2393 2867 2696 2934 permanet
2720 2862 3050 2918 uniformis.
3074 2863 3158 2917 Ad
3182 2877 3360 2933 quam
3382 2861 3527 2917 obti-

1874 2955 1971 3005 net
1998 2952 2118 3006 toni
2150 2953 2586 3023 proportionem
2619 2967 2871 3023 sequens
2904 2951 3118 3023 hypate
3150 2951 3428 3023 hypaton,
3468 2955 3527 3006 et

1873 3039 2000 3110 ipsa
2032 3040 2302 3094 similiter
2330 3039 2547 3110 duplici
2579 3058 2646 3095 ex
2676 3058 2854 3096 causa
2880 3039 3232 3096 immobilis:
3266 3038 3354 3094 vel
3384 3038 3526 3110 quia

1873 3127 2093 3182 scilicet
2123 3128 2183 3181 in
2215 3128 2404 3182 tribus
2435 3129 2747 3199 generibus
2773 3133 2863 3185 est
2893 3128 3240 3195 consimilis,
3271 3127 3358 3182 vel
3383 3127 3522 3198 quia

1869 3233 1902 3270 a
1934 3215 2125 3286 prima
2153 3217 2514 3287 praecedente
2541 3218 2612 3271 ad
2641 3217 2873 3273 tertiam
2897 3222 3240 3289 sequentem
3263 3216 3388 3272 sine
3410 3216 3520 3271 hac
3558 3279 3564 3285 _

1871 3321 1985 3359 non
2019 3308 2207 3375 potest
2254 3303 2545 3360 cantilena
2593 3305 2837 3372 intendi,
2891 3323 3079 3377 neque
3125 3324 3160 3362 a
3206 3306 3378 3362 tertia
3427 3321 3519 3362 se-

1871 3396 2082 3464 quente
2114 3393 2184 3447 ad
2216 3393 2468 3465 primam
2500 3393 2627 3448 sine
2655 3393 2765 3448 hac
2787 3393 3024 3449 remitti.
3049 3395 3520 3466 Tertianamque

1870 3499 1969 3552 seq
1981 3498 2126 3537 ucns
2138 3486 2268 3553 post
2281 3481 2386 3536 has
2401 3485 2490 3536 est
2502 3481 2822 3553 parhypate
2843 3481 3120 3553 hypaton,
3136 3498 3240 3538 nec
3253 3484 3311 3538 in
3325 3487 3518 3540 totum

1870 3570 2123 3636 mobilis,
2158 3588 2263 3626 nec
2292 3571 2350 3624 in
2385 3575 2571 3626 totum
2602 3569 2953 3628 immobilis:
2988 3570 3206 3641 quiain
3229 3571 3519 3627 diatonico

1869 3659 2105 3730 quidem
2146 3665 2203 3714 et
2251 3659 2608 3714 chromatico
2657 3675 2866 3731 genere
2912 3657 3220 3716 uniformis
3251 3658 3520 3727 habetur,

1866 3746 1926 3801 in
1957 3748 2296 3803 enarmonio
2323 3765 2456 3803 vero
2481 3747 2755 3804 variatur.
2778 3748 2846 3803 Et
2875 3763 3081 3804 rursus
3112 3764 3146 3802 a
3166 3747 3524 3819 praecedente

1868 3837 2132 3892 secunda
2163 3837 2233 3892 ad
2261 3841 2604 3908 sequentem
2637 3841 2906 3908 quartam
2940 3837 3066 3892 sine
3097 3835 3204 3891 hac
3224 3835 3394 3892 tertia
3421 3852 3526 3907 poa

1867 3930 1986 3980 test
2011 3931 2225 3981 cantus
2259 3927 2504 3994 intendi,
2553 3925 2702 3982 vela
2754 3930 2964 3998 quarta
3012 3927 3404 3997 consequente
3433 3925 3525 3980 ad

1867 4014 2189 4069 secundam
2224 4015 2643 4085 praecedentem
2677 4015 2914 4071 remitti.
2941 4015 3041 4070 Est
3062 4015 3259 4085 itaque
3285 4011 3529 4069 semito-

1869 4103 1949 4157 nii
1991 4102 2400 4174 inter-hypate
2447 4103 2724 4175 hypaton,
2776 4109 2832 4159 et
2881 4103 3201 4176 parhypate
3242 4103 3524 4174 hypaton.

1870 4192 2008 4247 Post
2037 4191 2145 4247 has
2177 4193 2374 4264 itaque
2404 4193 2784 4264 consequitur
2810 4198 3020 4264 quarta
3040 4192 3321 4264 lychanos
3341 4192 3526 4264 hypa-

1868 4285 1968 4336 ton
2010 4280 2247 4336 mobilis
2299 4297 2400 4351 per
2449 4281 2668 4351 omnia,
2721 4281 2861 4353 quia
2907 4281 3176 4337 videlicet
3223 4281 3282 4335 in
3332 4281 3523 4336 tribus

1869 4369 2182 4441 generibus
2211 4371 2492 4436 variatur,
2524 4375 2581 4425 et
2609 4371 2680 4425 ab
2704 4369 3076 4425 inferioribus
3099 4369 3171 4423 ad
3193 4367 3517 4439 superiora,

1872 4458 1958 4512 vel
1989 4475 2018 4512 a
2052 4459 2454 4529 superioribus
2482 4459 2554 4513 ad
2586 4458 2859 4514 inferiora
2889 4458 3016 4513 sine
3047 4457 3157 4512 hac
3193 4454 3380 4512 facilis
3414 4472 3523 4527 pa-

1875 4551 1955 4601 tet
1985 4545 2044 4600 in
2075 4545 2400 4602 intensione
2431 4547 2517 4602 vel
2550 4547 2892 4602 remissione
2923 4545 3264 4601 modulandi
3287 4543 3396 4599 via.
3421 4544 3524 4598 Est

1874 4639 2070 4690 autem
2103 4639 2277 4690 tonus
2309 4636 2460 4690 inter
2487 4634 2806 4707 parhypate
2836 4635 3090 4706 hypaton
3141 4637 3198 4690 et
3243 4631 3522 4704 lychanos

1874 4723 2150 4794 hypaton.
2201 4726 2247 4778 A
2297 4724 2486 4795 prima
2533 4722 2714 4795 igitur
2774 4721 3401 4795 proslambanomenos
3447 4720 3521 4776 ad

1875 4815 2145 4882 quartam
2176 4796 2453 4883 lychanos
2481 4812 2739 4884 hypaton
2769 4811 3094 4868 intenditur
3142 4809 3525 4866 consonantia

1875 4901 2257 4965 diatessaron,
2285 4905 2342 4955 et
2381 4902 2451 4956 ab
2501 4901 2703 4957 eadem
2754 4904 2962 4973 quarta
3006 4902 3076 4956 ad
3125 4900 3378 4972 primam
3422 4915 3528 4971 per

1873 4993 2077 5045 tonum
2109 4993 2164 5043 et
2195 4989 2570 5044 semitonium
2603 4994 2660 5045 et
2688 4994 2893 5046 tonum
2936 4990 3270 5046 remittitur.

1946 5078 2158 5144 Quinta
2189 5078 2399 5133 dehinc
2433 5079 2813 5150 subsequitur
2843 5081 3054 5152 hypate
3085 5096 3286 5136 meson
3321 5080 3525 5134 immo-

1873 5167 2028 5235 bilis,
2056 5167 2206 5222 sicut
2236 5171 2292 5222 et
2323 5167 2532 5240 hypate
2564 5167 2842 5240 hypaton,
2879 5173 3014 5224 tono
3037 5169 3276 5241 quidem
3296 5168 3524 5223 distans

1875 5275 1908 5313 a
1937 5257 2214 5330 lychanos
2246 5257 2519 5329 hypaton,
2555 5257 2625 5311 ad
2657 5257 2868 5329 hypate
2899 5258 3154 5330 hypaton
3186 5260 3381 5313 autem
3433 5269 3524 5309 re-

1875 5364 2092 5402 sonans
2118 5346 2559 5402 consonantiam
2584 5345 2968 5415 diatessaron,
2993 5347 3065 5401 ad
3088 5343 3525 5418 proslambano—

1875 5453 2078 5492 menos
2113 5451 2344 5508 quoque
2375 5434 2782 5508 sympheniam
2813 5435 3103 5506 diapente,
3137 5434 3255 5490 sive
3285 5447 3320 5485 a
3348 5443 3524 5500 supe-

1874 5525 2127 5584 rioribus
2158 5525 2229 5582 ad
2262 5523 2538 5582 inferiora
2561 5523 2893 5582 remittatur
2923 5521 3232 5589 cantilena,
3285 5517 3404 5578 sive
3449 5514 3524 5578 ab

3125 5648 3203 5710 22
