3894 6214
257 278 376 341 683

995 282 1304 345 8ᾸΞΟ..ΧΙ
1351 282 1579 346 AUCT.
1627 283 1945 345 INCERTI
1991 283 2182 345 ANNI
2229 281 2328 344 ET
2372 283 2533 346 SCRl

1409 282 1579 346 uc'r.
1627 283 1945 345 INCERTI
1991 283 2182 345 ANNI
2229 281 2328 344 ET
2372 283 2676 346 SCRIPT.
2723 261 2947 343 man.

3563 282 3683 343 684

262 413 636 468 inferioribus
668 415 736 468 ad
766 414 1069 485 superiora
1100 414 1454 468 intendatur.
1492 414 1710 470 Deinde
1743 418 1902 470 sexto
1933 419 1986 482 Α
2017 420 2134 469 tres
2167 421 2333 469 tonos
2365 417 2672 471 continuos
2704 422 2760 471 et.
2811 415 3216 475 semitonium,
3269 414 3383 470 sed
3436 416 3507 470 ad
3553 431 3686 486 par-

263 499 387 556 loco
412 503 647 573 ponitur
676 501 995 574 parhypate
1028 519 1254 565 meson,
1289 519 1392 557 nec
1421 503 1479 557 in
1514 508 1698 558 totum
1725 504 1908 558 mobi-

264 588 355 657 lis,
391 606 492 644 nec
525 591 582 644 in
615 593 800 645 totum
830 589 1177 657 immobilis,
1213 590 1442 647 sicutet
1467 591 1788 664 parhypate
1811 592 1913 664 hy-

265 683 469 748 paton;
504 681 561 732 et
591 678 718 748 ipsa
748 696 981 751 quoque
1012 679 1320 735 semitonio
1353 680 1546 735 differt
1579 683 1651 736 ab
1704 681 1916 752 hypate

265 781 488 821 meson.
523 766 633 821 Sed
667 768 737 821 ad
761 768 1082 840 parhypate
1104 768 1360 841 hypaton
1388 769 1611 824 obtinet
1637 769 1916 841 sympho-

263 854 422 909 niam
456 854 817 912 diatessaron
851 857 1141 912 intensam
1172 858 1263 912 vel
1295 857 1625 912 remissam.
1658 856 1916 928 Septimo

266 941 514 1013 denique
545 944 746 1000 ordine
765 945 1021 1002 succedit
1043 945 1322 1017 lychanos
1347 962 1572 1012 meson,
1598 963 1701 1018 per
1721 944 1919 1001 omnia

268 1029 521 1099 mobilis,
556 1032 709 1088 sicut
739 1038 794 1090 et
826 1034 1108 1106 lychanos
1147 1034 1436 1108 hypaton;
1490 1051 1617 1106 qua:
1650 1053 1684 1090 a
1708 1034 1917 1106 parhy-

266 1123 398 1191 pate
429 1136 629 1176 meson
657 1122 893 1192 quidem
923 1127 1060 1178 tono
1092 1123 1291 1190 distat,
1326 1123 1397 1178 ad
1430 1122 1708 1195 lychanos
1741 1123 1919 1194 hypa-

269 1209 365 1260 ton
382 1209 576 1262 autem
592 1207 955 1265 diatessaron
971 1214 1226 1276 resonat,
1244 1209 1316 1264 ad
1334 1209 1651 1282 parhypate
1666 1210 1920 1282 hypaton

271 1311 400 1348 vero
433 1295 702 1368 diapente
730 1303 1056 1370 concrepat.
1093 1298 1305 1353 Octavo
1337 1298 1610 1370 deinceps
1651 1299 1775 1355 loco
1806 1298 1922 1354 col-

270 1383 494 1439 locatur
524 1401 702 1454 mese,
737 1403 861 1458 quae
893 1392 982 1442 est
1009 1387 1201 1442 media
1224 1387 1593 1458 superiorum
1613 1392 1667 1442 et
1689 1387 1923 1442 inferio-

273 1489 425 1540 rum,
452 1473 772 1530 immobilis
794 1480 850 1530 et
870 1477 998 1547 ipsa
1021 1477 1174 1531 sicut
1205 1481 1259 1530 et
1282 1475 1922 1547 proslambanomenos;

275 1561 414 1632 quia
471 1579 573 1617 nec
627 1581 656 1617 a
716 1564 1118 1636 superioribus
1186 1565 1425 1619 vocibus
1486 1565 1555 1618 ad
1626 1564 1928 1618 inferiores

275 1651 507 1720 pervius
539 1650 881 1717 descensus,
915 1669 1019 1706 nec
1051 1653 1124 1706 ab
1157 1650 1532 1706 inferioribus
1563 1651 1634 1706 ad
1667 1652 1927 1722 superio-

277 1757 368 1794 res
398 1740 524 1793 sine
555 1738 662 1794 hac
696 1739 882 1795 facilis
916 1745 1072 1812 patet
1100 1756 1397 1796 ascensus.
1433 1740 1500 1793 Et
1549 1739 1669 1794 haec
1722 1756 1928 1794 rursus

276 1845 309 1883 a
341 1828 617 1900 lychanos
650 1843 848 1884 mesen
882 1828 1109 1884 distans
1137 1833 1294 1893 tono,
1338 1828 1408 1882 ad
1464 1828 1674 1900 hypate
1725 1845 1926 1883 meson

276 1933 409 1972 vero
440 1917 578 1971 facit
610 1917 1050 1972 consonantiam
1096 1916 1474 1982 diatessaron,
1528 1917 1596 1970 ad
1652 1916 1928 1988 lychanos

278 2004 533 2076 hypaton
590 2009 788 2059 autem
835 2004 1127 2075 diapente,
1178 2003 1249 2057 ad
1311 2003 1929 2074 proslambanomenos

281 2108 513 2165 quoque
537 2098 770 2149 resonat
790 2094 1090 2165 diapason.
1117 2092 1220 2148 Ubi
1247 2098 1443 2163 aperte
1465 2094 1638 2148 datur
1659 2091 1929 2164 intelligi,

280 2183 435 2252 quod
468 2182 870 2254 supradictum
903 2185 1012 2247 est,
1048 2181 1413 2236 diatessaron
1447 2183 1505 2235 et
1551 2180 1822 2251 diapente
1871 2179 1929 2233 in

282 2269 562 2341 diapason
592 2270 894 2326 contineri.
927 2270 1072 2325 Nam
1106 2287 1140 2325 a
1173 2286 1331 2325 mese
1364 2269 1421 2323 in
1470 2268 1682 2340 hypate
1732 2284 1932 2322 meson

281 2358 572 2414 invenitur
619 2359 803 2415 missa
850 2358 1237 2424 diatessaron,
1273 2357 1432 2412 etab
1473 2356 1684 2428 hypate
1731 2372 1933 2412 meson

280 2448 340 2501 in
373 2447 994 2519 proslambanomenos
1027 2448 1301 2518 diapente
1352 2445 1627 2501 remissa:
1680 2445 1937 2515 itemque

281 2537 548 2608 diapente
577 2537 826 2592 remissa
851 2554 884 2590 a
918 2551 1075 2591 mese
1099 2536 1158 2590 in
1183 2535 1462 2606 lychanos
1487 2534 1766 2606 hypaton,
1787 2539 1843 2588 et
1865 2533 1936 2586 ab

282 2626 480 2680 eadem
513 2626 573 2679 in
602 2624 1225 2696 proslambanomenos
1257 2621 1504 2677 remissa
1535 2621 1895 2677 diatessaron
1921 2638 1933 2687 ;

284 2713 726 2783 conversimque
779 2728 813 2766 a
870 2708 1493 2782 proslambanomenos
1549 2710 1606 2763 in
1661 2709 1936 2781 lychanos

286 2802 536 2873 hypaton
571 2800 802 2854 intensa
830 2799 1216 2865 diatessaron,
1249 2801 1306 2854 et
1336 2799 1406 2853 ab
1438 2798 1640 2854 eadem
1680 2798 1737 2852 in
1767 2807 1938 2852 ‘mese

285 2889 516 2944 intensa
547 2888 846 2960 diapente;
883 2902 1206 2958 rursusque
1243 2905 1275 2942 a
1318 2885 1940 2958 proslambanomenos

286 2980 346 3032 in
374 2977 585 3049 hypate
617 2992 816 3032 meson
852 2977 1082 3031 intensa
1115 2976 1409 3046 diapente,
1441 2979 1498 3029 et
1527 2975 1600 3029 ab
1642 2975 1843 3030 eadem
1879 2975 1937 3028 in

289 3081 447 3121 mese
469 3063 701 3121 intonsa
724 3065 1104 3120 diatessaron.
1129 3067 1172 3118 A
1198 3079 1356 3119 mese
1382 3063 1561 3135 igitur
1580 3064 1637 3119 in
1662 3064 1942 3134 proslam-

288 3156 646 3210 banomenos
680 3153 925 3209 remissa
954 3153 1260 3225 diapason.

361 3242 579 3298 Deinde
600 3246 930 3313 sequuntur
951 3242 1066 3298 duo
1089 3241 1460 3297 tetrachorda
1482 3240 1692 3311 partim
1716 3257 1948 3313 synem-

290 3348 500 3388 menon
525 3332 737 3403 partim
763 3331 1218 3402 diezeugmenou
1243 3348 1256 3396 ;
1282 3329 1384 3385 sed
1409 3345 1832 3400 synemmenon
1861 3334 1943 3384 te-

290 3419 668 3477 trachordum
693 3418 1071 3492 conjungitur
1093 3435 1226 3474 cum
1251 3433 1410 3472 mese
1431 3417 1943 3489 persemitonium,

293 3509 446 3581 quod
477 3512 568 3564 est
598 3509 752 3563 inter
782 3523 942 3563 mese
965 3510 1024 3561 et
1043 3506 1178 3560 trite
1201 3520 1650 3576 synemmenon;
1675 3505 1942 3577 diezeug-

295 3613 509 3652 menon
543 3601 738 3651 autem
771 3593 1208 3650 tetrachordum
1235 3593 1643 3665 disjungitura
1665 3610 1820 3648 mese
1841 3610 1944 3665 per

292 3691 519 3753 tonum,
554 3684 654 3755 qui
681 3686 772 3738 est
799 3681 952 3738 inter
1001 3696 1159 3735 mese
1207 3684 1265 3736 et
1311 3697 1632 3752 paramese.
1681 3680 1840 3736 Unde
1885 3686 1942 3737 et

291 3775 439 3830 illud
453 3772 780 3846 appellatur
797 3785 1236 3842 synemmenon,
1263 3769 1316 3824 id
1333 3774 1443 3837 est,
1468 3772 1934 3841 conjunctarum;

286 3863 446 3918 istud
477 3877 610 3915 vero
643 3858 1120 3930 diezeugmenon,
1153 3857 1210 3912 id
1240 3862 1347 3925 est,
1379 3859 1829 3928 disjunctarum.
1875 3859 1933 3914 Si

284 3951 467 4022 igitur
496 3965 530 4003 a
559 3963 738 4016 mese,
759 3963 887 4018 quae
905 3949 994 4003 est
1009 3950 1228 4015 octava,
1246 3947 1515 4003 intendas
1533 3945 1932 4016 semitonium,

277 4040 541 4094 occurret
561 4052 713 4092 nona
761 4035 892 4091 trite
935 4052 1376 4108 synemmenon,
1399 4051 1504 4091 nec
1525 4034 1584 4089 in
1606 4038 1796 4089 totum
1816 4051 1934 4090 mo-

283 4125 442 4190 bilis,
479 4142 582 4180 nec
612 4124 671 4179 in
695 4127 883 4180 totum
907 4125 1246 4194 immobilis,
1275 4125 1491 4180 faciens
1515 4123 1586 4179 ad
1610 4122 1927 4196 parhypate

278 4229 481 4269 meson
515 4212 956 4269 consonantiam
987 4214 1369 4270 diatessaron.
1402 4214 1448 4267 A
1481 4227 1597 4282 qua
1628 4211 1677 4265 si
1723 4228 1929 4268 rursus

271 4303 613 4359 intendatur
630 4307 826 4372 tonus,
849 4308 1113 4359 occurret
1132 4302 1381 4368 decima,
1408 4299 1683 4371 parahete
1703 4316 1930 4371 synem-

273 4408 508 4460 menon,
545 4390 779 4447 mobilis
807 4407 907 4464 per
937 4391 1155 4458 omnia,
1189 4393 1246 4444 et
1277 4387 1413 4442 facit
1443 4387 1806 4443 diatessaron
1851 4391 1922 4445 ad

2024 503 2233 575 hypate
2289 521 2488 558 meson
2535 523 2648 558 non
2696 504 2846 560 valet
2905 503 3200 560 remittere
3259 504 3681 573 diatessaron;

2026 592 2180 646 unde
2211 596 2268 647 et
2294 596 2519 648 remota
2565 593 2795 648 videtur
2843 610 2876 648 a
2923 591 3295 650 tetrachordo
3343 607 3574 657 meson,
3631 594 3691 646 et

2025 680 2382 736 omnimodis
2414 685 2502 735 est
2533 682 2824 737 contraria
2857 681 2990 737 trite
3035 695 3485 754 synemmenon,
3519 681 3685 748 adeo,

2028 775 2088 822 ut
2122 769 2168 823 si
2200 768 2474 825 utralibet
2518 770 2728 825 harum
2762 771 2822 825 in
2877 774 3048 826 cantu
3103 769 3450 841 proferatur,
3505 768 3690 824 altera

2028 857 2365 914 nullatenus
2398 858 2700 914 inferatur.
2733 859 2819 914 Ab
2845 859 3048 914 eadem
3097 873 3403 930 paramese
3446 856 3680 913 intenso

2030 946 2340 1001 scmitonio
2359 946 2973 1018 consequiturdecima
2986 947 3152 1002 tertia
3177 946 3311 1002 trite
3327 945 3687 1018 diezeugme-

2032 1051 2170 1102 non,
2200 1051 2304 1089 nec
2335 1034 2392 1089 in
2422 1038 2612 1090 totum
2646 1034 2884 1091 mobilis
2917 1051 3021 1091 nec
3049 1035 3107 1089 in
3131 1039 3318 1090 totum
3339 1033 3685 1101 immobilis,

2033 1123 2180 1178 sicut
2214 1128 2268 1178 et
2302 1123 2618 1195 parhypate
2648 1123 2925 1196 hypaton,
2959 1125 3030 1179 ad
3056 1139 3233 1195 quam
3258 1123 3380 1180 htec
3400 1123 3528 1195 ipsa
3550 1123 3688 1178 facit

2034 1211 2478 1267 consonantiam
2529 1211 2837 1282 diapason.
2889 1213 2958 1267 Et
3005 1215 3091 1267 est
3141 1227 3210 1267 ea
3255 1211 3384 1283 ipsa
3429 1227 3686 1266 consona

2034 1304 2314 1370 paranete
2349 1315 2790 1370 synemmenon,
2827 1301 3063 1354 nomine
3091 1302 3321 1355 tantum
3347 1291 3688 1370 discrepans

2037 1389 2109 1442 ab
2141 1403 2228 1457 ea,
2261 1393 2312 1441 et
2368 1389 2522 1459 quod
2570 1406 2603 1443 a
2652 1405 2808 1444 mese
2857 1390 2926 1443 ad
2979 1387 3130 1442 hanc
3183 1387 3249 1441 ﬁt
3288 1387 3542 1442 intensio
3591 1404 3694 1459 per

2035 1482 2238 1529 tonum
2263 1481 2319 1529 et.
2342 1477 2741 1543 semitonium,
2767 1478 2837 1532 ad
2860 1476 3019 1532 illam
3037 1491 3172 1532 vero
3191 1493 3293 1548 per
3312 1476 3688 1531 semitonium

2037 1570 2094 1618 et.
2126 1571 2348 1618 tonum.
2387 1565 2472 1618 Ab
2504 1580 2570 1619 eo
2601 1581 2808 1619 rursus
2840 1565 3068 1619 intenso
3099 1567 3236 1619 tono
3281 1569 3544 1620 occurret
3589 1565 3689 1619 de-

2039 1652 2190 1706 cima
2223 1659 2432 1723 quarta
2480 1657 2751 1723 paranete
2804 1651 3260 1724 diezeugmenon
3308 1651 3545 1708 mobilis
3591 1669 3693 1724 per

2039 1741 2258 1810 omnia,
2292 1740 2444 1794 sicut
2474 1744 2530 1796 et
2561 1739 2838 1812 lychanos
2887 1740 3163 1812 hypaton,
3215 1741 3286 1794 ad
3339 1757 3515 1811 quam
3565 1739 3694 1812 ipsa

2039 1830 2176 1884 facit
2207 1828 2649 1884 consonantiam
2682 1829 2987 1897 diapason.
3025 1829 3152 1884 Hzee
3183 1828 3386 1884 eodem
3419 1845 3524 1884 suo
3547 1844 3692 1884 sono

2041 1934 2252 1972 sonoru
2265 1933 2436 1988 mque
2470 1917 2839 1988 proportione
2872 1916 3196 1989 mquiparat
3217 1920 3350 1972 nete
3371 1931 3695 1988 synemme-

2041 2022 2175 2060 non.
2202 2006 2342 2060 Nam
2370 2006 2519 2059 sicut
2541 2024 2571 2058 a
2600 2022 2755 2061 mese
2778 2005 2849 2059 ad
2873 2005 3033 2059 illam
3058 2005 3383 2060 intenditur
3403 2004 3684 2061 diatessa-

2041 2111 2144 2148 ron
2172 2110 2271 2164 per
2289 2093 2664 2148 semitonium
2693 2097 2894 2147 tonum
2918 2098 2974 2148 et
2996 2098 3224 2161 tonum,
3247 2093 3330 2147 sic
3351 2097 3408 2149 et
3429 2095 3502 2148 ad
3523 2093 3693 2149 istam

2041 2198 2144 2253 per
2159 2188 2361 2237 tonum
2382 2182 2758 2237 semitonium
2778 2185 2833 2236 et.
2844 2187 3068 2237 tonum.
3097 2181 3362 2237 Remittit
3378 2182 3502 2236 haec
3520 2181 3694 2236 etiam

2044 2271 2198 2326 sicut
2228 2275 2284 2324 et
2312 2269 2431 2336 illa,
2479 2271 2926 2325 consonantiam
2976 2271 3249 2342 diapente
3297 2269 3370 2324 ad
3418 2269 3696 2340 lychanos

2045 2373 2270 2414 meson.
2332 2360 2477 2413 Item
2537 2359 2609 2413 ab
2666 2358 2869 2414 eadem
2919 2361 3194 2430 paranete
3242 2357 3697 2430 diezeugmenon

2043 2447 2272 2502 intenso
2286 2451 2422 2501 tono
2439 2446 2706 2517 sequitur
2725 2446 2954 2502 decima
2971 2447 3177 2517 quinta
3193 2450 3323 2501 nete
3340 2446 3700 2519 diezeugme-

2047 2553 2183 2603 non,
2219 2534 2540 2589 immobilis
2573 2535 2724 2589 sicut
2755 2539 2812 2589 et
2858 2534 3070 2607 hypate
3122 2551 3346 2600 meson,
3397 2535 3470 2590 ad
3519 2550 3697 2606 quam

2049 2624 2174 2694 ipsa
2200 2623 2388 2677 reddit
2414 2622 2854 2676 consonantiam
2887 2622 3192 2696 diapason.
3225 2622 3480 2678 Resonat
3499 2627 3697 2677 autem

2046 2712 2154 2767 hoc
2182 2710 2618 2766 tetrachordum
2650 2728 2682 2764 a
2721 2726 3020 2782 paramese
3055 2711 3418 2779 inchoatum,
3464 2712 3622 2766 sicut
3647 2716 3703 2766 et

2049 2799 2295 2870 reliqua,
2331 2798 2772 2853 consonantiam
2804 2798 3187 2854 diatessaron.
3214 2799 3316 2853 Cui
3339 2799 3539 2855 addito
3559 2803 3694 2855 tono

2049 2888 2285 2959 quidem
2339 2887 2491 2940 inter
2538 2902 2695 2942 mese
2743 2891 2800 2943 et
2847 2902 3149 2958 paramese
3204 2887 3268 2941 ﬁt
3313 2889 3698 2943 consonantia

2050 2976 2337 3047 diapente.
2374 2975 2519 3029 Huic
2552 2978 2786 3046 aptatur
2814 2974 3249 3030 tetrachordum
3275 2974 3699 3045 hyperboleon:

2050 3063 2282 3118 intenso
2314 3063 2470 3117 enim
2504 3062 2812 3118 semitonio
2843 3079 2876 3117 a
2909 3067 3040 3117 nete
3089 3063 3550 3135 diezeugmenon
3601 3080 3704 3118 na-

1971 3136 2014 3202 C
2053 3152 2238 3207 scitur
2267 3150 2494 3206 decima
2525 3155 2688 3206 sexta
2717 3151 2851 3206 trite
2872 3150 3282 3222 hyperboleon,
3307 3167 3412 3207 nec
3435 3151 3494 3206 in
3517 3156 3704 3207 totum

2055 3239 2309 3306 mobilis,
2345 3255 2451 3294 nec
2473 3238 2532 3293 in
2554 3242 2743 3294 totum
2766 3237 3108 3304 immobilis,
3134 3238 3286 3294 sicut
3306 3243 3362 3294 et
3385 3239 3707 3312 parhypate

2055 3345 2278 3394 meson,
2309 3328 2381 3383 ad
2414 3343 2589 3399 quam
2618 3329 2748 3400 ipsa
2780 3330 3014 3383 resonat
3045 3327 3488 3383 consonantiam
3510 3327 3707 3399 diapa-

2053 3434 2180 3473 son.
2212 3417 2297 3472 Ab
2331 3433 2398 3472 ea
2427 3432 2658 3488 quoque
2708 3417 2936 3472 intenso
2985 3420 3124 3472 tono
3167 3415 3426 3472 succedit
3471 3415 3700 3471 decima

2051 3506 2302 3578 septima
2331 3509 2606 3577 paranete
2637 3504 3028 3576 hyperboleon
3061 3504 3296 3560 mobilis
3327 3521 3430 3576 per
3478 3504 3700 3572 omnia,

2050 3595 2202 3650 sicut
2231 3599 2288 3650 et
2315 3593 2595 3666 lychanos
2627 3609 2852 3662 meson,
2887 3594 2958 3649 ad
2992 3610 3168 3665 quam
3201 3594 3332 3666 ipsa
3376 3593 3516 3649 facit
3564 3610 3701 3650 con-

2049 3683 2383 3739 sonantiam
2415 3681 2719 3753 diapason.
2768 3682 2815 3736 A
2864 3699 2980 3753 qua
3027 3698 3236 3738 rursus
3281 3681 3512 3737 intenso
3560 3686 3702 3737 tono

2049 3771 2431 3842 subsequitur
2459 3769 2686 3824 decima
2716 3775 2918 3825 octava
2946 3775 3078 3825 nete
3109 3773 3239 3825 nete
3283 3769 3702 3841 hyperboleon,

2045 3857 2371 3914 immobilis
2401 3858 2554 3913 sicut
2583 3862 2639 3912 et
2659 3874 2837 3926 mese,
2863 3858 2934 3914 ad
2957 3875 3135 3931 quam
3154 3859 3284 3931 ipsa
3306 3858 3499 3914 reddit
3517 3857 3708 3931 dupli-

2045 3965 2168 4005 cem
2194 3964 2428 4003 sonum.
2451 3947 2955 4012 Quemadmodum
2977 3947 3132 4003 enim
3158 3946 3708 4019 proslambanome-

2042 4054 2150 4093 nos
2177 4037 2249 4092 ad
2281 4051 2480 4091 mesen
2513 4036 2767 4091 intendit
2795 4037 3102 4108 diapason,
3136 4035 3217 4092 ita
3246 4051 3406 4094 mese
3435 4036 3507 4091 ad
3563 4041 3700 4093 nete

2039 4124 2450 4197 hyperboleon.
2486 4124 2648 4180 Unde
2677 4129 2733 4181 et
2772 4124 3390 4198 proslambanomenos
3440 4125 3513 4180 ad
3563 4130 3699 4180 nete

2038 4212 2431 4286 hyperboleon
2467 4213 2605 4269 facit
2635 4214 3035 4286 bisdiapason,
3077 4230 3205 4285 qua:
3255 4218 3314 4269 et
3361 4213 3696 4286 quadrupla

2037 4306 2430 4373 nuncupatur.
2461 4303 2570 4358 Sed
2623 4301 2764 4369 haec,
2815 4307 2879 4357 ut
2925 4302 3144 4357 dictum
3195 4306 3303 4370 est,
3362 4302 3422 4357 in
3471 4301 3696 4359 nostris

2036 4390 2344 4447 cantilenis
2378 4407 2492 4445 non
2525 4389 2852 4446 adhibetur.

272 4480 552 4553 lychanos
585 4497 786 4536 meson
818 4498 919 4554 per
947 4485 1152 4537 tonum
1185 4474 1561 4532 semitonium
1596 4480 1652 4531 et
1681 4479 1882 4532 tonum
1908 4496 1920 4547 ;
1954 4503 2005 4567 Β
2107 4481 2188 4534 Ex
2217 4478 2571 4551 supradictis
2602 4479 2784 4551 igitur
2811 4479 3117 4551 speciebus
3167 4481 3693 4536 consonantiarum

277 4570 349 4625 ad
393 4562 714 4643 parhypate
761 4586 961 4626 meson
1013 4583 1146 4623 vero
1198 4569 1431 4618 resonat
1478 4567 1920 4622 consonantiam

277 4659 570 4731 diapente.
604 4659 736 4715 Post
768 4659 918 4716 hanc
945 4670 1176 4729 quoque
1207 4652 1436 4708 intenso
1483 4656 1619 4708 tono
1660 4656 1927 4726 sequitur

276 4752 408 4803 nete
439 4764 855 4819 synemmenon
888 4743 1217 4809 undecima,
1251 4756 1378 4812 qua
1422 4741 1493 4796 ad
1545 4759 1742 4798 mesen
1794 4745 1920 4816 qui-

274 4836 408 4890 dem
440 4843 670 4894 resonat
701 4831 1084 4894 consonantia
1113 4829 1498 4899 diatessaron,
1530 4831 1602 4886 ad
1642 4831 1920 4904 lychanos

270 4940 404 4980 vero
435 4941 634 4984 meson
663 4927 956 4998 diapente.
989 4919 1047 4974 Si
1081 4921 1274 4974 autem
1308 4935 1343 4974 a
1371 4935 1527 4976 mese
1558 4921 1690 4992 quis
1733 4922 1920 4978 inten-

273 5013 371 5068 dat
403 5019 623 5084 tonum,
657 5014 920 5070 occurret
952 5023 1278 5080 paramese,
1329 5025 1453 5080 quae
1505 5009 1702 5065 relicto
1745 5015 1918 5066 tetra-

271 5102 485 5160 chordo
510 5115 927 5173 synemmenon
962 5098 1130 5168 quasi
1165 5101 1296 5169 post
1325 5115 1522 5154 mesen
1544 5099 1774 5154 videtur
1793 5114 1920 5156 esse

273 5208 443 5258 nona,
479 5194 576 5249 sed
608 5192 715 5245 hoc
742 5191 938 5258 aptato
967 5185 1383 5257 comprobatur
1403 5203 1529 5242 esse
1551 5187 1915 5243 duodecima.

271 5280 371 5335 Eat
398 5285 594 5336 autem
627 5271 947 5330 immobilis
977 5277 1034 5328 et
1063 5274 1192 5345 ipsa
1220 5274 1370 5329 sicut
1399 5278 1456 5329 et
1487 5274 1698 5346 hypate
1736 5274 1917 5347 hypa-

270 5372 394 5436 ton,
444 5368 514 5422 ad
567 5380 744 5437 quam
791 5361 1059 5417 videlicet
1108 5362 1236 5433 ipsa
1284 5362 1421 5415 facit
1475 5362 1917 5419 consonantiam

269 5457 572 5523 diapason.
602 5453 731 5510 Haec
761 5452 965 5508 eadem
997 5465 1230 5523 quoque
1255 5465 1556 5520 paramese
1587 5451 1658 5505 ad
1706 5451 1917 5524 hypate

270 5559 474 5609 meson
505 5543 742 5620 quidem
769 5541 1015 5602 remittit
1045 5536 1486 5598 consonantiam
1517 5537 1786 5614 diapente
1814 5557 1918 5620 per

2034 4572 2350 4623 nascentur
2376 4571 2502 4622 octo
2552 4568 2710 4622 modi
2761 4567 2880 4623 sive
2927 4567 3096 4640 tropi,
3146 4585 3248 4640 per
3290 4584 3438 4638 quos
3488 4568 3689 4624 omnis

2035 4660 2250 4729 cantus
2282 4655 2640 4712 moderatur.
2673 4655 2893 4711 Horum
2926 4657 3153 4728 primus
3178 4660 3232 4712 et
3261 4655 3530 4711 omnium
3565 4673 3698 4729 gra-

2032 4743 2311 4800 vissimus
2336 4748 2576 4799 vocatur
2605 4743 2985 4817 hypodorius,
3013 4746 3305 4801 secundus
3352 4745 3691 4818 hypophry-

2029 4833 2184 4905 gius,
2218 4833 2424 4887 tertius
2457 4831 2827 4905 hypolydius,
2862 4838 3108 4905 quartus
3157 4833 3380 4900 dorius,
3435 4834 3690 4906 quintus

2031 4920 2333 4994 phrygius,
2367 4925 2564 4976 sextus
2592 4920 2808 4993 lydius,
2859 4922 3144 4994 septimus
3195 4921 3548 4995 mixolydius
3597 4922 3689 4979 vel

2030 5009 2435 5080 hyperdorius,
2461 5014 2698 5064 octavus
2744 5009 3298 5083 hypermixolydius.
3335 5010 3402 5067 Et
3452 5011 3688 5082 primus

2029 5098 2268 5168 quidem
2299 5100 2609 5168 superatur
2638 5114 2671 5151 a
2703 5099 2960 5154 secundo
2991 5099 3052 5154 in
3085 5099 3386 5155 cacumine
3407 5103 3566 5155 tono:
3599 5116 3688 5156 se-

2028 5185 2258 5240 cundus
2287 5189 2481 5240 autem
2513 5201 2548 5236 a
2579 5184 2747 5240 tertio
2776 5190 2946 5241 tono:
2979 5187 3187 5242 tertius
3211 5203 3344 5243 vero
3387 5205 3421 5242 a
3469 5193 3686 5258 quarto

2027 5272 2370 5329 semitonio:
2407 5276 2653 5343 quartus
2685 5289 2922 5346 quoque
2948 5293 2984 5330 a
3028 5275 3232 5347 quinto
3284 5279 3451 5331 tono:
3503 5275 3683 5346 quin-

2026 5366 2122 5416 tus
2148 5365 2341 5416 autem
2374 5377 2407 5415 a
2436 5363 2596 5416 sexto
2629 5365 2791 5418 tono:
2829 5367 3026 5420 sextus
3054 5379 3188 5419 vero
3220 5380 3254 5418 a
3283 5362 3534 5435 septimo
3587 5379 3681 5419 se-

2026 5448 2299 5504 mitonio:
2336 5448 2622 5519 septimus
2656 5455 2850 5508 autem
2883 5453 2954 5508 ab
2985 5457 3183 5508 octavo
3211 5456 3383 5507 tono:
3417 5452 3575 5524 quod
3618 5452 3682 5507 in

2026 5536 2406 5602 monochordi
2436 5538 2752 5614 partitione
2778 5541 2839 5602 in
2867 5545 3144 5618 promptu
3173 5545 3265 5604 est
3299 5539 3519 5615 videre,
3572 5541 3681 5606 ubi
