3894 6214
177 196 299 285 ess

1462 194 1823 259 ANONYMI
1866 190 1963 265 III,
1995 194 2310 259 MUSICA.

3461 193 3580 253 686

177 351 268 396 ea,
299 348 427 402 quae
458 338 547 387 est
570 347 725 387 mese
748 330 1073 403 hypodorii,
1096 330 1415 402 inquinarat
1438 329 1496 384 in
1519 331 1607 385 sui
1631 330 1820 401 dispo-
1856 335 1905 396 Α
2012 330 2175 384 Prius
2200 329 2507 384 dividenda
2540 333 2627 383 est
2659 333 2775 384 tota
2806 329 2959 383 linea
2998 330 3055 383 in
3097 332 3347 401 quatuor
3396 327 3579 398 parti-

172 422 388 478 sitione
420 419 698 492 lychanos
731 436 929 474 meson
964 418 1367 491 hypophrygii,
1402 424 1459 473 et
1508 418 1821 490 parhypate

169 496 375 569 meson
421 507 740 581 hypolydii,
790 526 894 563 nec
940 524 1056 562 non
1108 507 1320 579 hypate
1380 524 1580 564 meson
1649 506 1819 562 dorii.

165 600 322 656 Meae
353 604 551 654 autem
584 596 967 669 hypophrygii
1000 602 1090 652 est
1122 613 1425 667 paramese
1475 595 1779 668 hypodorii
1809 612 1821 651 :

160 704 323 745 mese
371 703 606 759 quoque
653 684 949 757 liypolydii
1000 690 1089 741 est
1154 684 1289 740 trite
1364 686 1819 756 diezeugmenon

160 776 432 848 ejusdem
459 773 799 846 hypodorii:
833 766 1089 846 itemque
1126 790 1283 829 mese
1315 774 1460 829 dorii
1513 779 1605 829 est
1652 789 1819 845 para-

161 868 297 921 nete
327 863 782 933 diezeugmenon
815 863 1079 933 ejusdem
1113 862 1447 934 hypodorii;
1482 862 1663 918 distat
1711 861 1819 932 igi-

161 958 262 1010 tur
292 968 453 1009 mese
483 951 628 1007 dorii
663 951 1024 1007 diatessaron
1057 951 1550 1017 consonantia(t).
1584 951 1820 1021 Sicque-

162 1047 484 1115 sequentes
513 1040 663 1111 trepi
708 1056 836 1095 sese
885 1039 1234 1095 alterutrum
1290 1040 1348 1093 in
1399 1039 1669 1094 acumine
1719 1056 1821 1094 su-

158 1135 393 1204 perant,
427 1134 493 1184 ut
531 1134 663 1184 nete
702 1127 1089 1200 hyperboleon
1133 1127 1438 1200 hypodorii
1488 1128 1820 1183 inveniatur

158 1232 324 1275 mese
354 1216 856 1290 hypermixolidii;
900 1216 1152 1288 facitque
1199 1216 1401 1271 eadem
1452 1216 1818 1289 hypermixo-

153 1306 303 1378 lydii
336 1306 407 1361 ad
453 1304 603 1361 dorii
655 1321 856 1361 mesen
904 1297 1349 1361 consonantiam
1399 1303 1693 1376 diapente,
1745 1305 1818 1359 ad

152 1411 384 1452 mesem
406 1410 539 1450 vero
560 1393 862 1467 hypodorii
886 1398 1118 1449 resonat
1139 1408 1355 1449 conson
1372 1394 1593 1448 antiam
1617 1393 1819 1465 diapa-

154 1501 299 1552 son;
337 1482 628 1556 siquidem
661 1499 729 1538 ea
761 1483 907 1553 ipsa;
941 1498 1069 1554 qua!
1107 1487 1196 1537 est
1248 1481 1440 1538 media
1488 1481 1681 1554 primi,
1734 1487 1823 1536 cst

150 1576 207 1630 et
238 1572 439 1645 prima
466 1572 671 1627 octavi.
697 1571 978 1636 Quocirca
1006 1570 1350 1642 plerumque
1399 1571 1704 1642 contingit,
1758 1575 1823 1624 ut

149 1664 369 1719 cantus
397 1659 852 1716 eminentiorum
880 1663 1179 1731 troporum
1202 1677 1235 1715 a
1252 1659 1345 1714 sui
1366 1662 1558 1715 status
1590 1660 1823 1714 rectitu-

153 1750 297 1806 dine
331 1749 700 1805 resolvantur
726 1749 784 1802 in
817 1747 1067 1803 chordas
1098 1748 1423 1803 inferiores.
1457 1748 1538 1802 Ex
1569 1747 1663 1803 his
1710 1747 1821 1802 ita-

153 1854 274 1912 que
298 1842 554 1911 quatuor
581 1837 859 1892 dicuntur
887 1835 1229 1903 authentici,
1283 1835 1339 1889 id
1391 1840 1501 1902 est,
1554 1836 1823 1908 magistri

154 1928 245 1983 vel
284 1926 667 2000 principales:
702 1926 906 1996 eisque
935 1925 1195 1980 vicissim
1254 1930 1671 1996 supponuntur
1722 1924 1819 1980 alii

156 2021 442 2089 quatuor,
476 2015 577 2087 qui
607 2017 892 2069 vocantur
937 2013 1114 2086 plagi,
1150 2015 1205 2069 id
1255 2019 1363 2081 est,
1414 2013 1685 2069 laterales
1735 2013 1820 2069 vel

155 2103 550 2177 particulares
582 2104 679 2173 (2).

262 2193 473 2249 Indicis
501 2209 536 2246 α
564 2207 772 2246 summo
800 2193 1020 2262 capiens
1050 2192 1277 2246 exordia
1302 2193 1515 2261 primus

272 2283 341 2337 In
367 2282 594 2337 minimi
616 2282 799 2352 primo
828 2281 978 2350 ﬂexu
1000 2287 1275 2351 postrema
1304 2281 1537 2351 reponit,

264 2372 398 2440 Quae
426 2369 577 2426 sedes
604 2372 714 2425 stat
740 2370 1082 2441 principium
1111 2368 1349 2442 ﬁnisque
1390 2368 1636 2433 secundi,

1935 421 2044 473 bus
2079 435 2181 490 per
2210 418 2322 474 tria
2356 425 2571 489 puncta
2602 433 2833 488 semper
2863 434 2896 472 a
2927 418 3162 473 dextero
3184 418 3360 472 latere
3382 432 3581 488 proce-

1935 506 2101 572 dens,
2136 507 2194 561 id
2226 512 2335 574 est,
2370 524 2402 560 a
2447 507 2649 561 dextra
2701 506 2970 577 magada.
3022 506 3082 559 ln
3130 505 3316 576 primo
3366 507 3583 576 puncto

1934 612 2083 666 pone
2116 595 2176 650 P.
2211 612 2338 667 qua:
2371 595 2588 650 chorda
2615 599 2854 649 vocatur
2884 597 3015 649 nete
3054 591 3467 665 hyperboleon.
3520 593 3584 648 In

1938 684 2195 739 secundo
2228 700 2378 756 pone
2410 685 2475 739 H.
2512 688 2569 738 et
2598 688 2837 739 vocatur
2860 698 3038 739 mese.
3091 683 3157 737 In
3204 680 3377 756 tertio
3417 684 3482 735 D.
3529 683 3587 736 et

1932 776 2173 827 vocatur
2204 752 2480 844 lychanos
2506 772 2783 845 hypaton.
2806 773 2868 827 In
2892 776 3099 844 quarto
3126 752 3324 827 autem
3345 785 3495 842 pone
3517 768 3580 823 Α.

1932 861 2018 916 vel
2050 862 2107 915 in
2142 861 2385 917 sinistra
2415 862 2682 933 magada,
2710 862 2877 932 cujus
2899 861 3118 916 chorda
3140 857 3582 931 proslambano-

1931 966 2156 1005 menos.
2194 951 2412 1005 Deinde
2445 950 2636 1006 divide
2667 966 2769 1022 per
2801 955 2928 1005 octo
2960 954 3154 1021 partes
3186 963 3375 1020 usque
3407 946 3479 1003 ad
3520 946 3580 1000 P.

1931 1045 1989 1093 et
2020 1056 2168 1109 pone
2202 1055 2405 1094 novem
2443 1055 2629 1110 usque
2672 1040 2745 1094 ad
2795 1040 2858 1094 Ο.
2912 1043 2969 1094 et
3015 1037 3126 1094 erit
3170 1042 3369 1105 tonus,
3413 1036 3584 1107 cujus

1931 1127 2148 1182 chorda
2179 1133 2416 1182 vocatur
2446 1128 2581 1183 trite
2620 1127 3039 1201 hyperboleon:
3092 1131 3151 1183 et
3199 1127 3411 1182 iterum
3455 1128 3583 1181 octo

1931 1220 2125 1286 partes
2160 1232 2345 1286 usque
2373 1217 2441 1271 ad
2478 1218 2543 1271 Ο.
2576 1220 2634 1272 et
2655 1231 2859 1272 novem
2892 1232 3082 1288 usque
3133 1216 3206 1271 ad
3254 1215 3329 1270 N.
3373 1218 3430 1270 et
3475 1212 3587 1269 erit

1932 1308 2138 1371 tonus;
2170 1303 2389 1359 chorda
2418 1306 2547 1375 ejus
2567 1310 2805 1361 vocatur
2856 1305 2989 1361 trite
3031 1302 3441 1378 hyperboleon.
3515 1303 3586 1358 Et

1930 1393 2051 1448 haec
2083 1397 2221 1447 sunt
2251 1392 2669 1464 sesquioctavre
2705 1393 3132 1466 proportiones.
3153 1392 3373 1449 Deinde
3391 1389 3585 1447 divide

1931 1498 2117 1554 usque
2146 1484 2217 1538 ad
2250 1483 2310 1536 P.
2343 1483 2401 1536 in
2432 1488 2550 1539 tres
2584 1490 2801 1555 partes,
2832 1487 2893 1538 ‘et
2915 1484 2973 1537 in
3007 1482 3216 1555 quarta
3246 1497 3396 1554 pone
3426 1480 3506 1535 M.
3529 1482 3588 1536 et

1930 1572 2039 1627 erit
2070 1571 2422 1643 symphonia
2451 1571 2854 1638 diatessaron;
2910 1571 3128 1649 chorda
3166 1570 3295 1640 ejus
3344 1572 3588 1624 vocatur

1933 1660 2064 1716 trite
2096 1650 2812 1734 diezeugmenonfDivide
2842 1662 3054 1716 iterum
3084 1659 3144 1714 in
3194 1660 3342 1715 duas
3390 1660 3586 1730 partes

1933 1756 2117 1820 nsque
2145 1751 2213 1803 ad
2246 1750 2306 1804 P.
2340 1755 2396 1805 et
2427 1752 2488 1804 in
2518 1751 2691 1805 tertia
2721 1767 2870 1822 pone
2900 1750 2944 1804 Ι.
2978 1752 3036 1805 et
3082 1748 3191 1805 erit
3236 1744 3585 1820 symphonia

1932 1838 2230 1909 diapente;
2257 1838 2476 1895 chorda
2501 1839 2627 1909 ejus
2658 1844 2898 1894 vocatur
2927 1853 3249 1910 paramese.
3296 1835 3472 1891 Porro
3494 1834 3582 1890 di-

1932 1927 2059 1981 vide
2093 1928 2164 1981 ah
2196 1929 2236 1983 l.
2273 1944 2461 1999 usque
2493 1928 2563 1981 ad
2591 1928 2655 1983 Il.
2694 1931 2750 1983 et
2782 1928 2838 1982 in
2870 1926 3081 1983 horum
3137 1925 3327 1982 medio
3376 1940 3581 1996 super-

1932 2031 2080 2087 pone
2099 2016 2345 2088 ﬁguram
2361 2018 2515 2082 trite,
2531 2017 2701 2087 cujus
2716 2017 2933 2072 chorda
2945 2020 3185 2073 vocatur
3200 2014 3334 2071 trite
3355 2029 3583 2087 synem-

1932 2121 2163 2159 menon.
2204 2108 2340 2160 [tem
2368 2106 2555 2160 divide
2587 2122 2772 2177 usque
2804 2106 2875 2160 ad
2909 2106 2951 2159 Ι.
2985 2105 3042 2160 in
3073 2104 3220 2161 duas
3259 2106 3476 2176 partes,
3523 2106 3580 2157 et

1927 2192 1984 2246 in
2010 2194 2181 2247 tertia
2195 2210 2343 2264 pone
2365 2194 2410 2249 G
2459 2197 2515 2248 et
2537 2194 2749 2249 iterum
2771 2194 2880 2249 erit
2901 2192 3252 2266 symphonia
3308 2192 3581 2264 diapente

1927 2281 2098 2352 cujus
2121 2281 2350 2336 chorda
2380 2285 2620 2337 vocatur
2650 2281 2928 2354 lychanos
2963 2296 3188 2335 meson.
3223 2279 3427 2335 Divide
3474 2279 3584 2334 ite-

1926 2386 2055 2424 rum
2086 2368 2143 2424 in
2176 2370 2323 2425 duas
2355 2374 2549 2441 partes
2581 2373 2768 2442 neque
2802 2371 2871 2424 ad
2894 2370 2962 2424 H.
2989 2373 3044 2425 et
3064 2369 3122 2423 in
3142 2367 3313 2424 tertia
3333 2383 3486 2440 pone
3516 2367 3575 2422 F.

158 2506 161 2507 ν
268 2460 481 2515 Tertius
513 2476 547 2513 a
575 2474 785 2514 summa
814 2474 1038 2514 rursum
1066 2459 1212 2529 capit
1242 2457 1441 2512 indicis
1469 2460 1667 2512 ortum.

264 2548 334 2602 In
362 2563 572 2603 summo
601 2549 769 2618 ﬁnem
790 2547 1129 2616 distinguens
1157 2547 1512 2601 auricularis.

1925 2459 2094 2527 cujus
2163 2458 2381 2514 chorda
2454 2461 2694 2514 vocatur
2761 2459 3309 2531 parhypatemeson.
3378 2456 3577 2530 Divide

1922 2546 2134 2601 iterum
2184 2547 2243 2601 in
2293 2548 2442 2602 duas
2490 2552 2684 2619 partes
2729 2564 2917 2619 usque
2961 2548 3031 2602 ad
3078 2548 3120 2602 Ι.
3163 2550 3220 2601 et
3280 2545 3341 2600 in
3404 2543 3576 2601 tertia

1922 2651 2069 2706 pnne
2100 2636 2162 2690 E.
2197 2637 2368 2706 cujus
2398 2636 2617 2691 chorda
2644 2641 2883 2691 vocatur
2911 2636 3124 2708 hypate
3157 2650 3382 2689 meson.
3424 2634 3571 2688 Item

1920 2724 2111 2780 divide
2151 2742 2335 2797 usque
2368 2725 2440 2779 ad
2471 2726 2526 2780 F.
2562 2723 2621 2779 in
2645 2729 2765 2780 tres
2787 2728 3004 2796 partes,
3032 2727 3090 2779 et
3111 2723 3169 2778 in
3189 2725 3401 2794 quarta
3422 2736 3572 2793 pone

1917 2814 1976 2869 C.
2012 2820 2068 2870 et
2097 2814 2207 2869 erit
2235 2813 2586 2886 symphonia
2614 2812 2998 2880 diatessaron,
3033 2812 3201 2882 cujus
3223 2811 3441 2866 chorda
3477 2824 3577 2865 vo-

1916 2907 2082 2957 catur
2110 2903 2427 2975 parhypate
2456 2902 2732 2975 hypaton.
2765 2902 2963 2957 Divide
2992 2901 3134 2957 item
3162 2916 3351 2973 usque
3399 2899 3471 2954 ad
3508 2899 3573 2954 E.

1919 2988 1978 3044 in
2010 2995 2126 3046 tres
2158 2996 2373 3063 partes,
2407 2996 2465 3046 et
2494 2992 2554 3046 in
2587 2995 2794 3063 quarta
2820 3007 2971 3063 pone
3012 2991 3073 3045 Β.
3119 2991 3290 3062 cujus
3357 2988 3578 3045 chorda

263 2637 367 2691 Hic
394 2640 556 2707 caput
585 2640 638 2690 et
666 2636 796 2705 ﬁnis
822 2637 1009 2706 quarti
1036 2635 1337 2690 dinoscitur
1362 2651 1489 2690 esse.

261 2724 471 2781 Indicis
501 2727 563 2779 in
590 2724 768 2780 medio
797 2726 1017 2796 quintus
1043 2725 1211 2778 sumit
1240 2732 1402 2795 caput
1428 2728 1629 2787 artum,

262 2813 337 2868 Et
364 2810 536 2867 medii
558 2814 725 2882 ﬁnem
746 2812 1136 2866 modulaminis
1163 2816 1313 2883 aptat
1342 2814 1405 2867 in
1429 2830 1637 2883 unque:

266 2902 380 2969 Qui
409 2902 554 2954 locus
581 2903 832 2954 exortum
859 2902 1003 2955 sexti
1024 2900 1291 2972 ﬁnemque
1316 2906 1519 2957 tuetur.

266 2987 477 3044 Indicis
499 2986 627 3042 hinc
645 2987 809 3042 rudia:
838 2990 1046 3058 septeni
1067 2990 1285 3058 perﬁcit
1312 2998 1508 3044 ortum.

258 3080 530 3133 Summus
559 3091 703 3148 apex
726 3075 895 3131 medii
920 3077 1075 3137 cuius
1102 3085 1372 3147 postrema
1395 3080 1643 3146 resumit,

270 3164 507 3220 Octavus
537 3164 639 3220 hac
665 3163 785 3220 sede
813 3172 977 3236 caput
1005 3166 1271 3237 ﬁnemque
1302 3168 1533 3236 reponit;

231 3326 317 3398 (1)
350 3323 605 3398 Supple:
640 3326 849 3398 A‘mesc
877 3324 1183 3398 hypodorii.

234 3340 286 3398 (ι
303 3340 317 3393 )
350 3340 605 3450 Sugple:
640 3340 679 3380 Α
708 3340 849 3381 mese
877 3340 1183 3395 nypoaoru.

234 3398 319 3467 (2)
349 3399 436 3450 Ha
479 3399 609 3451 etur
639 3395 734 3453 hic
760 3396 817 3451 in
854 3412 964 3451 ms.
1000 3396 1266 3455 tonarius
1299 3412 1400 3467 per
1448 3412 1652 3451 omnes
1696 3401 1822 3452 octo

161 3467 402 3549 modos,
436 3467 696 3549 antiquis
727 3467 880 3549 notis
904 3467 1148 3549 musicis
1174 3467 1551 3549 perscriptus,
1577 3468 1648 3549 oh
1681 3486 1821 3539 qua-

152 3556 297 3594 rum
330 3542 527 3611 tamen
575 3538 887 3607 defectum,
930 3542 996 3594 ut
1047 3538 1227 3611 supra
1265 3538 1576 3611 monitum,
1630 3538 1822 3611 ipsum

158 3609 465 3665 tonarium
497 3610 766 3665 omittere
800 3626 1105 3666 necessum
1126 3609 1262 3665 fuit.
1285 3610 1492 3665 Postea
1513 3610 1621 3666 hoc
1652 3609 1825 3666 modo

168 3779 1559 3807 επ

1844 3064 1887 3143 C
1920 3084 2166 3136 vocatur
2188 3080 2401 3152 hypate
2432 3079 2691 3151 hypaton
2729 3080 2805 3151 (3)

1933 3326 2151 3399 pergit;
2186 3326 2407 3399 Indicis,
2442 3330 2551 3380 etc.

2006 3399 2079 3469 (3)
2113 3397 2240 3451 Haec
2272 3397 2330 3450 in
2376 3397 2488 3451 ﬁne
2532 3412 2747 3469 manca
2788 3412 2917 3452 esse
2961 3396 3252 3469 videntur.
3306 3396 3595 3468 Sequitur

1935 3467 2069 3540 inde
2117 3468 2187 3524 de
2240 3473 2389 3540 octo
2421 3467 2598 3540 tonis,
2658 3472 2722 3522 ut
2772 3484 2993 3540 supra,
3035 3468 3109 3540 in
3188 3467 3464 3539 ALcumb,
3534 3474 3594 3525 et

1936 3539 1993 3593 in
2020 3542 2352 3621 Auentino
2379 3538 2661 3607 habetur;
2696 3538 2865 3610 quae,“
2881 3556 2954 3595 ne
2982 3539 3183 3596 itidem
3228 3538 3590 3612 repetantur,

1935 3628 2269 3667 omlsunus.

1561 3776 3586 3812 Μ

702 3941 1280 4035 ΑΝΟΝΥΜΙ
1360 3942 1494 4033 ΙΙΙ
1556 3941 2424 4037 FRAGMENTUM
2502 3944 3071 4040 MUSICES.

249 4299 332 4354 Ab
363 4300 516 4354 omni
534 4299 1104 4370 superparticutarisi
1131 4299 1455 4354 continuam
1482 4303 1536 4352 et
1572 4314 1830 4369 superpa-
1861 4300 1909 4365 D
1939 4304 2169 4370 quarta,
2204 4306 2464 4356 remanet
2494 4301 2694 4368 diesis,
2738 4301 2797 4357 id
2840 4307 2949 4367 est,
3001 4309 3208 4376 quarta
3247 4321 3384 4378 pars
3433 4308 3588 4362 toni:

178 4387 476 4467 ticularem
503 4389 624 4460 quis
652 4389 867 4457 auferat
893 4388 1301 4458 proportionem
1330 4389 1429 4441 etc.
1457 4387 1535 4441 Ac
1569 4386 1616 4441 si
1650 4386 1828 4440 dixis-

175 4481 303 4532 set:
335 4475 395 4531 Si
436 4476 629 4531 minor
656 4476 953 4547 proportio
987 4475 1055 4530 de
1088 4474 1663 4545 majoredetrahatur
1692 4491 1828 4546 pro-

175 4563 469 4636 portione,
517 4564 575 4619 id
623 4564 778 4635 quod
828 4563 1202 4636 relinquitur,
1275 4563 1639 4636 geminatum
1712 4579 1826 4617 non

172 4653 361 4720 efficit
383 4652 778 4726 integritatem
804 4652 1051 4708 minoris
1068 4651 1479 4724 proportionis,
1495 4669 1622 4724 quae
1637 4651 1827 4706 aufer-

173 4745 295 4797 tur.
324 4740 499 4798 Verbi
527 4742 745 4814 gratia:
779 4741 936 4797 Tolle
980 4741 1366 4810 diatessaron,
1412 4741 1483 4794 de
1533 4740 1827 4811 diapente,

177 4828 238 4884 id
270 4833 381 4897 est,
410 4830 559 4886 duos
588 4835 761 4887 tonos
787 4835 843 4886 et
872 4829 1249 4886 semitonium
1281 4830 1352 4885 de
1384 4829 1569 4883 tribus
1595 4829 1750 4885 tonis
1773 4832 1832 4883 et

181 4918 516 4985 semitonio,
550 4922 607 4974 et
638 4924 898 4974 remanet
928 4924 1134 4974 tonus:
1187 4917 1285 4989 qui
1334 4918 1667 4989 geminatus
1716 4934 1831 4972 non

181 5007 362 5062 efﬁcit
394 5008 691 5079 integrum
724 5008 1107 5075 diatessaron,
1137 5012 1398 5062 remanet
1428 5008 1583 5062 enim
1599 5007 1834 5063 semito-

180 5095 368 5151 nium.
387 5096 626 5152 lterium
642 5096 1055 5168 sesquiquarta
1069 5096 1366 5152 auferatur
1379 5097 1448 5151 de
1464 5095 1834 5168 sesquitertia

180 5176 454 5251 remanet
483 5185 896 5242 semitonium:
953 5201 1088 5240 nam
1138 5185 1551 5257 sesquiquarta
1605 5184 1835 5241 duobus

181 5273 339 5330 tonis
367 5276 622 5329 constat.
659 5273 787 5345 Ipso
813 5273 1122 5330 semitonio
1139 5274 1432 5346 triplicata
1467 5273 1838 5346 sesquitertia

182 5379 300 5419 non
334 5362 602 5435 pervenit
629 5362 698 5418 sd
727 5361 1123 5434 integritatem
1164 5364 1609 5435 sesquiquartm.
1655 5363 1838 5435 quue

176 5450 245 5527 in
275 5451 524 5524 ceteris,
557 5451 667 5513 hoc
696 5455 807 5524 est,
838 5449 1251 5527 sesquiquinta.
1268 5451 1511 5540 tollatur
1526 5453 1598 5512 de
1617 5452 1842 5530 sesqui-

1941 4405 2077 4443 nam
2110 4388 2518 4461 sesquiquinta
2548 4394 2778 4445 constat
2809 4408 2876 4446 ex
2907 4396 3064 4461 tono,
3098 4397 3156 4448 et
3184 4394 3493 4449 semitonio
3537 4400 3595 4451 et

1936 4477 2105 4532 diesi.
2144 4477 2329 4533 Diesis
2359 4482 2553 4533 autem
2580 4480 2995 4552 quadrnplata,
3017 4482 3158 4554 quia
3179 4482 3595 4555 sesquiquarta

1937 4570 2044 4633 est,
2077 4569 2282 4621 tonum
2306 4565 2601 4637 integrum
2626 4568 2825 4635 efficit,
2848 4573 2906 4625 et
2926 4574 3189 4627 remanet
3212 4571 3592 4628 semitonium

1938 4659 1996 4709 et
2024 4654 2224 4721 diesis,
2258 4655 2347 4709 vel
2378 4655 2648 4711 ulterius.
2673 4657 2784 4712 Sed
2817 4662 3013 4715 tamen
3046 4660 3095 4715 si
3121 4659 3230 4716 hoc
3278 4660 3484 4717 feceris
3532 4649 3592 4718 in

1940 4742 2325 4799 arithmeticis
2370 4745 2867 4815 proportionibus,
2920 4763 3109 4819 usque
3157 4748 3229 4803 ad
3288 4749 3591 4808 inﬁnitum

1941 4831 2327 4903 progreditur.
2362 4832 2507 4887 Nam
2540 4832 2590 4888 si
2621 4834 3058 4905 sesquitertium
3093 4837 3163 4893 de
3208 4838 3593 4911 sesquialtero

1942 4918 2135 5004 tollas,
2170 4920 2326 4990 quod
2363 4922 2725 4987 remanserit,
2758 4922 3231 4996 siduplicaveris,
3254 4928 3327 4983 ad
3365 4931 3591 5004 sesqui-

1940 5000 2175 5063 tertiam
2226 5025 2412 5081 usque
2458 5011 2891 5082 proportionem
2940 5015 3240 5086 pervenire
3305 5000 3593 5091 nequihit,

1946 5098 2225 5169 quoniam
2275 5099 2678 5170 sesquioctava
2726 5104 3047 5174 proportio,
3112 5121 3239 5178 quas
3303 5112 3594 5176 remanet;

1946 5184 2243 5258 duplicata
2291 5185 2686 5259 integritatem
2738 5190 3118 5264 sesquitertia:
3180 5193 3426 5265 implere
3482 5211 3597 5250 non

1947 5274 2178 5345 poterit.
2213 5275 2374 5338 Quod
2402 5276 2636 5346 probari
2669 5283 2862 5349 potest
2891 5280 3065 5336 etiam
3097 5280 3155 5334 in
3188 5281 3603 5353 sesquiquarta

1948 5368 2005 5419 et
2026 5363 2459 5435 sesquiquinta.

2019 5452 2097 5511 Ab
2127 5452 2279 5511 omni
2310 5455 2804 5528 superparticulari
2849 5458 2901 5516 si
2945 5457 3266 5516 continuam
3311 5458 3364 5517 ei
3411 5471 3605 5535 super-
