3894 6214
254 325 369 385 687

992 331 1182 392 S/EC.
1231 333 1312 393 ΧΙ
1357 329 1586 392 AUCT.
1634 327 1944 391 INCERTI
1991 326 2181 386 ANNI
2225 325 2325 385 ET
2371 324 2666 387 SCRIPT.
2708 333 2931 383 ’AAEXII.

3539 305 3662 385 ess

256 458 653 530 particularem
685 461 802 532 quis
831 463 1048 533 auferat
1071 465 1496 535 proportionem.
1526 462 1687 528 Quod
1733 459 1894 526 dicit,
1929 460 1985 525 Α
2015 472 2130 512 non
2162 460 2430 511 statuunt
2458 457 2919 528 sesquioctavam
2959 455 3392 530 proportionem
3423 455 3564 512 adx.
3605 457 3669 523 et

258 546 350 602 his
367 547 648 621 exemplis
673 551 908 622 probari
930 555 1143 625 potest.
1168 550 1598 625 Sitpropositus
1613 549 1898 606 terminus
2007 562 2106 600 VII.
2160 561 2296 600 nam
2351 545 2514 602 deest
2535 551 2734 602 octava
2755 563 2891 619 pars
2911 545 3177 612 unitatis,
3201 547 3257 600 et
3277 561 3344 600 ex
3368 543 3663 612 hocintel-

257 654 412 692 unus
443 642 499 692 et
527 637 704 706 idem,
736 641 806 695 ad
840 657 1017 713 quem
1050 645 1280 715 aptetur
1295 640 1677 712 sesquialtera
1693 640 1750 694 et
1784 655 1901 693 ses-

262 726 541 798 quitertia
568 726 884 801 proportio.
918 731 1022 787 Hic
1043 732 1124 788 sit
1155 749 1231 786 VI.
1265 731 1336 786 ad
1382 745 1554 801 quem
1584 743 1728 783 vnn.
1781 744 1901 781 scs—

265 816 516 889 quialter
528 820 636 883 est,
659 836 776 877 VIII.
795 836 928 876 vero
944 819 1356 891 sesquitertius
1377 835 1387 874 :
1406 817 1507 889 qui
1522 817 1907 889 disponantur

263 907 372 964 hoc
412 911 604 966 modo.
661 926 738 965 VI.
792 926 907 964 VIII.
969 925 1110 964 VIIII.
1171 909 1240 963 Et
1296 907 1574 980 quoniam
1623 906 1711 960 hae
1779 905 1906 960 duae

268 999 670 1071 proportiones
718 998 1009 1054 continuae
1071 995 1558 1070 superpaculares
1629 998 1785 1061 sunt,
1848 995 1909 1048 in

269 1089 457 1143 tribus
489 1087 758 1144 terminis
788 1087 1114 1142 constitutas
1145 1104 1221 1142 VI.
1252 1103 1375 1142 VIII.
1397 1103 1540 1140 vnn.
1574 1085 1910 1141 auferamus

269 1175 526 1248 primum
553 1176 890 1240 terminum,
921 1177 994 1231 ad
1017 1193 1192 1248 quem
1217 1193 1336 1230 VIII.
1361 1180 1450 1230 est
1479 1173 1910 1246 sesquitertius,

269 1280 390 1320 VIII.
426 1265 792 1336 sesquialter,
826 1269 1089 1320 remanet
1114 1283 1230 1321 VIII.
1264 1270 1320 1320 et
1349 1283 1493 1320 VIIII.
1530 1264 1630 1336 qui
1687 1262 1912 1334 sesqui-

269 1354 451 1408 octavi
484 1358 642 1409 sunt.
664 1355 774 1410 Sed
797 1354 1200 1426 sesquioctava
1220 1355 1516 1426 proportio
1539 1369 1650 1408 non
1679 1357 1767 1408 est
1802 1366 1918 1407 me-

269 1442 454 1498 dietas
474 1443 722 1500 minoris
753 1443 1164 1516 proportionis,
1220 1444 1278 1499 id
1330 1448 1437 1510 est,
1498 1440 1912 1513 sesquitertiae;

270 1531 548 1602 quoniam
581 1531 882 1604 duplicata
909 1548 1021 1588 non
1054 1531 1409 1602 efﬁcit‘eam,
1445 1533 1544 1587 sed
1577 1531 1769 1586 minor
1807 1533 1914 1585 est.

273 1620 648 1692 Duplicemus
678 1620 856 1692 igitur
883 1621 1349 1694 sesquioctavam
1379 1621 1837 1694 proportionem,
1863 1624 1920 1674 et

274 1709 393 1764 sint
425 1713 543 1766 tres
588 1710 817 1766 numeri
865 1710 947 1766 ita
987 1709 1277 1784 dispositi,
1327 1710 1425 1781 qui
1470 1728 1503 1766 a
1549 1709 1918 1781 proportione

274 1815 396 1856 VIII.
430 1801 487 1854 et
515 1816 654 1854 VIIII.
690 1817 804 1856 non
836 1800 1127 1868 recedant,
1162 1801 1418 1871 fiantque
1467 1799 1645 1854 octies
1693 1814 1813 1854 VIII.
1865 1804 1920 1854 et
1947 1824 1994 1890 Β

277 1887 457 1942 octies
504 1904 646 1943 VIIII.
697 1891 756 1944 et
803 1888 999 1944 novies
1049 1906 1184 1943 vnn.
1235 1889 1292 1943 id
1345 1890 1456 1942 est.
1502 1904 1678 1942 ann.
1747 1902 1917 1942 Lxxn.

276 1992 459 2031 Lxxx1.
491 1975 581 2031 vel
609 1977 744 2045 duo,
775 1976 1062 2048 quoniam
1091 1977 1317 2048 primus
1370 1978 1442 2032 ad
1491 1977 1818 2032 secundum
1864 1979 1923 2032 et

275 2065 572 2121 secundus
595 2066 665 2122 ad
688 2066 924 2121 tertium
947 2065 1411 2136 sesquioctavam
1435 2065 1796 2121 constituunt
1819 2064 1919 2120 ha-

275 2153 630 2222 bitudinem;
662 2155 761 2210 sed
794 2154 1003 2211 tertius
1034 2155 1106 2211 ad
1129 2155 1386 2228 primum
1414 2155 1612 2210 minus
1633 2160 1722 2210 est
1742 2171 1920 2226 quam

276 2242 706 2313 sesquitertius.
738 2243 861 2299 Non
893 2247 982 2300 est
1008 2259 1144 2316 ergo
1162 2244 1603 2316 sesquioctavus
1638 2244 1922 2300 medietas

275 2331 649 2402 sesquitertii.
708 2333 774 2388 Et
823 2333 883 2388 in
947 2334 1222 2389 omnibus
1289 2333 1923 2406 superparticularibus

274 2420 567 2477 continuis
594 2421 703 2477 hoc
725 2421 1147 2493 speculandum
1174 2427 1284 2489 est,
1308 2422 1585 2495 quoniam
1610 2422 1659 2479 si
1684 2423 1874 2478 minor
1890 2440 1924 2478 a

273 2509 492 2578 majore
525 2510 916 2581 subtrahitur,
948 2511 1004 2566 id
1039 2513 1196 2583 quod
1229 2511 1598 2583 relinquitur,
1623 2511 1924 2567 minusest

274 2597 582 2654 medietate
604 2599 912 2655 subtractae
937 2599 1346 2671 proportionis,
1372 2601 1650 2671 quoniam
1665 2600 1926 2671 duplica-

271 2690 399 2741 tum
452 2703 567 2742 non
615 2688 668 2742 ei
713 2692 1065 2758 coaequatur,
1118 2689 1272 2759 quod
1321 2693 1612 2744 monstrat
1662 2689 1926 2759 subjecta

273 2773 606 2846 descriptio.
642 2774 831 2846 Hujus
869 2775 1281 2848 descriptionis
1312 2777 1431 2831 haec
1463 2777 1610 2832 ratio
1641 2781 1730 2834 est
1774 2793 1829 2832 x.
1867 2782 1925 2832 et

276 2879 373 2917 VII.
401 2867 458 2917 et
476 2880 530 2918 x.
555 2866 612 2917 et
629 2879 749 2918 VIII.
766 2856 1281 2936 sesquiseptimam
1299 2866 1587 2921 decimam
1601 2866 1922 2938 proportio-

277 2967 411 3006 nem
433 2950 586 3006 inter
606 2967 668 3006 se
685 2951 901 3012 habent
921 2969 1048 3024 quae
1066 2953 1189 3010 sola
1207 2955 1658 3028 sesquiseptima
1698 2955 1925 3012 decima

279 3038 340 3092 in
371 3037 494 3094 sola
525 3039 748 3097 unitate
778 3040 1148 3114 intelligitur.
1177 3042 1233 3098 Si
1274 3042 1489 3099 iterum
1521 3043 1763 3099 alteram
1809 3060 1928 3100 ses-

279 3126 694 3198 quiseptimam
709 3128 994 3186 decimam
1009 3131 1925 3203 proportionemaddidero,ernnt

277 3232 336 3271 II.
371 3220 428 3271 et
453 3216 501 3272 si
533 3233 594 3273 II.
629 3219 840 3274 addam
874 3236 1052 3291 super
1073 3237 1128 3275 x.
1153 3225 1210 3276 et
1231 3237 1326 3275 VII.
1352 3222 1408 3275 id
1433 3226 1541 3287 est,
1566 3221 1658 3276 bis
1698 3221 1925 3294 sesqui-
1953 3187 1996 3256 α

276 3305 586 3377 septimam
617 3307 928 3377 decimam,
956 3313 1127 3364 erunt
1154 3326 1209 3365 χ.
1241 3313 1299 3364 et
1326 3310 1467 3365 VIIII.
1503 3310 1604 3381 qui
1633 3329 1687 3366 χ.
1708 3315 1924 3370 etVIIII.

2011 635 2046 689 ‘Ii
2056 634 2232 707 gitur,
2256 635 2393 707 quia
2415 653 2528 691 non
2553 636 2772 691 faciunt
2793 633 3396 709 duassesquiseptima:
3423 633 3664 690 decimae

2013 729 2220 779 tonum
2243 725 2556 797 integrum.
2582 726 2662 781 De
2682 743 2737 781 x.
2763 729 2820 781 et
2839 743 2936 781 VII.
2963 743 3024 781 II.
3043 728 3101 780 et
3116 727 3467 796 octavapars
3486 722 3668 780 unius

2016 817 2155 869 sunt
2185 817 2389 870 octava
2415 831 2572 887 pars,
2606 815 2706 886 qui
2739 815 2853 871 duo
2883 818 2942 870 et
2968 817 3168 872 octava
3197 831 3335 887 pars
3364 813 3468 869 uni
3490 812 3541 868 si
3559 813 3668 868 ad-

2018 903 2233 958 dantur
2263 907 2319 958 et
2349 921 2402 959 x.
2428 908 2483 958 et
2513 921 2609 959 VII.
2647 904 2795 959 fiunt
2821 921 2876 958 x.
2910 907 2967 960 et
2991 920 3133 959 VIIII.
3167 907 3227 958 et
3271 905 3476 960 octava
3528 918 3671 973 pars

2020 991 2262 1047 unitatis
2291 993 2362 1047 ad
2396 1010 2451 1048 x.
2485 997 2542 1048 et
2570 1011 2682 1048 VII-
2705 993 3167 1064 sesquioctavus.
3194 993 3294 1048 Est
3315 996 3512 1047 autem
3543 991 3671 1052 hac

2019 1081 2167 1136 ratio
2199 1080 2524 1136 necessaria
2551 1081 2738 1154 primo
2769 1081 3022 1154 capitulo
3048 1080 3349 1152 sequentis
3380 1080 3541 1137 libri.

2090 1173 2154 1226 Si
2183 1172 2697 1243 superpartirularis
2708 1172 2986 1243 proportio
3004 1171 3219 1229 binario
3240 1170 3666 1242 multiplicatur,

2025 1263 2080 1316 id
2109 1261 2248 1332 quod
2277 1261 2357 1331 ﬁt,
2389 1276 2561 1331 neque
2587 1262 3086 1332 superparticulare
3113 1265 3188 1315 est
3212 1277 3385 1330 neque
3400 1259 3674 1331 muliple-x

2024 1351 2185 1422 etc.(1
2205 1351 2696 1414 ).Binariodicitur
2709 1349 3088 1422 multiplicari
3105 1350 3422 1422 proportio,
3437 1349 3677 1421 quando

2024 1457 2092 1495 ea
2116 1439 2530 1511 duplicatur,et
2549 1439 2740 1512 qualis
2763 1437 3182 1512 sitprimatalis
3203 1441 3361 1494 estet
3381 1437 3676 1504 secunda;

2028 1530 2081 1584 id
2107 1534 2215 1595 est,
2243 1530 2739 1600 quemadmodum
2765 1529 2941 1584 habet
2966 1545 3026 1584 se
3049 1527 3274 1600 primus
3295 1527 3588 1583 terminus
3605 1526 3678 1582 ad

2029 1619 2376 1686 secundum,
2410 1617 2491 1674 sic
2523 1619 2817 1675 secundus
2849 1633 2910 1674 se
2941 1617 3116 1673 habet
3161 1617 3233 1674 ad
3281 1616 3543 1672 tertium.
3595 1615 3682 1671 Sit

2029 1707 2576 1780 superparticularis
2609 1707 2923 1780 proportio,
2957 1710 3023 1762 ut
3041 1721 3142 1762 IIII.
3179 1706 3252 1762 ad
3281 1721 3362 1774 VI,
3395 1691 3678 1778 hécquo—

2029 1799 2186 1853 niam
2211 1815 2326 1853 una
2341 1803 2446 1865 cst,
2473 1797 2697 1854 binario
2721 1795 3168 1869 multiplicetur:
3193 1795 3285 1852 bis
3306 1795 3462 1852 enim
3486 1807 3679 1851 unum

2031 1901 2090 1943 II.
2123 1887 2288 1941 ﬁunt.
2325 1887 2562 1958 Oportet
2589 1895 2746 1958 ergo,
2778 1891 2844 1942 ut
2864 1890 3003 1942 sunt
3020 1903 3120 1941 IIII.
3145 1886 3218 1942 ad
3241 1903 3318 1942 VI.
3345 1884 3426 1941 sic
3447 1875 3576 1941 esse
3591 1901 3678 1953 VI,

2031 1973 2104 2027 ad
2137 1971 2317 2027 alium
2351 1973 2669 2043 quemlibet
2698 1984 3031 2042 numerum,
3064 1972 3157 2028 hic
3189 1977 3330 2029 sunt
3349 1985 3489 2028 VIIII.
3536 1973 3678 2040 dno,

2031 2062 2307 2132 quoniam
2327 2078 2530 2116 novem
2546 2063 2616 2116 ad
2635 2079 2737 2137 IIII.
2754 2078 2859 2118 nec
2878 2061 3182 2133 multiplex
3206 2067 3316 2130 est,
3341 2078 3447 2117 nec
3473 2076 3682 2138 superf

2032 2149 2399 2222 particulare.
2436 2151 2596 2216 Quod
2624 2150 2670 2206 si
2700 2151 2777 2216 id,
2803 2152 2954 2222 quod
2978 2168 3047 2206 ex
3066 2149 3166 2207 tali
3191 2149 3682 2222 multiplicatione

2031 2244 2321 2306 nascetur,
2354 2255 2541 2310 neque
2573 2239 2878 2311 multiplex
2904 2245 2995 2296 est
3037 2255 3225 2312 neque
3254 2237 3689 2312 superparﬁcu-

2031 2327 2187 2384 lare:
2222 2334 2418 2384 tamen
2450 2327 2619 2398 illud,
2655 2328 2809 2400 quod
2844 2326 3306 2400 multiplicatum
3335 2331 3444 2395 est,
3473 2327 3564 2383 vel
3585 2344 3684 2382 su-

2031 2417 2516 2492 perparticularis
2546 2416 2631 2473 vel
2654 2415 2898 2474 alterius
2918 2417 3172 2490 generis,
3195 2433 3310 2473 non
3333 2426 3466 2472 Vero
3487 2416 3688 2472 multi-

2033 2509 2202 2582 plicis
2233 2507 2406 2579 (erit).
2437 2505 2595 2569 Quod
2632 2521 2701 2561 ex
2733 2507 2910 2578 priori
2943 2505 3427 2578 multiplicatione
3477 2509 3686 2562 natum

2031 2597 2368 2669 est,duplex
2389 2595 2839 2667 ses’quiquartus
2853 2599 2961 2665 est,
2977 2600 3042 2651 ut
3081 2599 3321 2650 suntInI
3349 2595 3422 2651 ad
3450 2601 3578 2650 VIIII
3625 2593 3684 2649 id

2033 2703 2220 2759 neque
2253 2684 2560 2756 multiplex
2608 2701 2796 2756 neque
2843 2683 3374 2756 superparticulare
3421 2688 3532 2749 est,
3581 2683 3685 2739 sed

2033 2775 2344 2847 multiplex
2370 2772 2939 2846 superparticularis.
2965 2775 3035 2829 Et
3055 2773 3213 2844 quod
3233 2771 3684 2828 bin‘ario‘multi-

2033 2865 2310 2937 plicatum
2341 2867 2448 2935 est,
2483 2862 2824 2935 multiplicis
2854 2863 3105 2936 generis,
3131 2879 3248 2918 non
3280 2868 3389 2929 est,
3423 2862 3526 2919 sed
3565 2861 3683 2918 vel-

2033 2952 2580 3026 superparticularis
2609 2952 2697 3009 vel
2729 2952 2971 3008 alterius
3000 2951 3251 3025 generis.
3281 2953 3354 3007 At
3376 2950 3472 3006 hic
3495 2961 3689 3024 neque

2033 3041 2377 3114 multiplicis
2410 3057 2598 3114 neque
2623 3041 2886 3108 alterius,
2919 3042 3020 3098 sed
3051 3041 3312 3097 ditﬁnitae
3361 3044 3686 3113 superpar-

2033 3131 2298 3188 ticularis
2319 3134 2408 3187 est
2427 3129 2816 3202 multiplicata
2827 3129 3210 3203 s’esquialtera
3228 3129 3548 3202 proportio.
3584 3129 3691 3185 Est

2034 3238 2168 3277 vero
2200 3221 2320 3277 haec
2360 3220 2506 3278 ratio
2557 3220 2886 3276 necessaria
2934 3219 3158 3276 decimo
3201 3218 3460 3293 capitulo
3505 3218 3689 3290 hujus

2037 3311 2188 3366 libri.

351 3430 426 3502 (1)
459 3430 591 3488 Vid.
632 3431 789 3488 Boet.
824 3431 1046 3504 p.1093
1075 3436 1132 3488 et
1165 3433 1304 3488 1130
1331 3433 1468 3490 edit.
1511 3427 1825 3492 Basilcensi
1854 3452 1887 3492 a

655 3432 789 3488 Boet.
824 3431 1046 3504 p.1093
1075 3436 1132 3488 et
1165 3433 1304 3488 1130
1331 3433 1468 3490 edit.
1511 3427 1825 3492 Basil‘censi
1854 3452 2007 3494 anno
2040 3438 2193 3494 1546.

275 3553 2934 3589 2W

2939 3557 3688 3586 221::
3725 3558 3728 3560 ⁷

984 3693 1582 3792 MENSUBA
1658 3696 2506 3793 MONOCHORDI
2585 3695 3004 3790 BOETII

1347 3865 1414 3930 Ε
1413 3887 1458 3928 ει·
1485 3865 1678 3928 codice
1708 3864 2300 3929 Benedc'cto-Burano
2331 3867 2484 3929 Saec.
2517 3883 2629 3928 XII.

352 4093 562 4147 Totum
583 4091 1041 4152 monochordum
1057 4097 1271 4170 partire
1290 4095 1562 4169 inprimis
1580 4097 1636 4152 in
1658 4101 1930 4170 quatuor,
1959 4102 2008 4165 D
2033 4098 2255 4170 jusque
2284 4098 2486 4155 litterae
2518 4098 2576 4153 in
2605 4114 2782 4154 suum
2802 4097 3158 4170 aaquivocum
3183 4096 3242 4152 id
3272 4100 3363 4153 est
3391 4097 3481 4153 fac
3500 4114 3688 4154 unum

278 4186 335 4236 et
363 4182 422 4236 in
452 4180 618 4237 initio
651 4184 1026 4241 monochordi
1058 4202 1207 4258 pone
1241 4187 1300 4241 F.
1335 4189 1392 4241 et
1422 4185 1479 4240 in
1515 4187 1702 4258 primo
1747 4204 1924 4258 passu

277 4270 366 4325 fac
398 4271 460 4326 B.
490 4270 549 4325 in
580 4273 834 4328 secundo
857 4273 917 4328 F.
944 4291 1120 4340 mese,
1145 4275 1201 4330 in
1225 4273 1396 4329 tertio
1417 4277 1474 4328 F.
1501 4282 1748 4346 quartus
1772 4277 1919 4331 linit.

273 4359 436 4416 Tunc
467 4377 500 4414 a
529 4359 643 4415 fine
676 4360 764 4416 fac
794 4366 910 4418 tres
942 4375 1154 4436 passas
1182 4362 1242 4417 in
1274 4360 1549 4418 ultimum
1594 4365 1652 4420 F.
1706 4365 1821 4420 duo
1860 4365 1919 4420 in

273 4448 704 4519 acutissimum,
740 4455 796 4506 et
817 4451 876 4506 in
905 4456 1113 4523 quarto
1136 4468 1316 4523 passu
1343 4451 1524 4508 habes
1548 4470 1597 4509 c.
1624 4454 1918 4526 superius.

277 4537 417 4594 Item
449 4556 484 4594 a
515 4539 629 4595 ﬁne
659 4540 750 4596 fac
782 4541 929 4597 duos
959 4558 1171 4614 passus
1225 4540 1284 4595 in
1336 4542 1601 4598 eamdem
1647 4543 1705 4598 F.
1756 4548 1814 4600 et
1861 4545 1920 4599 in

272 4627 442 4684 tertio
473 4627 653 4686 habes
677 4630 736 4686 b.
774 4630 1063 4701 superius.
1097 4629 1259 4686 Tunc
1287 4631 1360 4686 ab
1377 4631 1580 4687 eadem
1611 4633 1669 4688 b.
1703 4635 1793 4688 fac
1848 4635 1920 4690 ad

274 4717 450 4773 ﬁnem
469 4723 722 4790 quatuor
747 4736 975 4792 passus,
999 4729 1250 4790 queram
1275 4720 1502 4793 primus
1529 4722 1726 4779 ﬁnitin
1749 4736 1922 4797 supc-

275 4806 399 4862 rius
429 4824 479 4863 e.
516 4809 656 4864 item
689 4826 723 4864 a
746 4809 859 4863 ﬁne
886 4808 974 4863 fac
1000 4808 1148 4864 duos
1176 4825 1387 4881 passus
1413 4809 1472 4866 in
1490 4813 1755 4869 eamdem
1777 4830 1826 4870 e.
1867 4818 1925 4870 et

275 4900 425 4952 retro
458 4896 516 4952 in
552 4897 720 4952 tertio
752 4896 932 4952 habes
963 4914 1016 4951 a.
1041 4898 1332 4971 Superius.
1358 4901 1520 4956 Tunc
1542 4902 1613 4958 ab
1631 4903 1834 4959 eodem
1866 4922 1919 4958 II.

275 4984 365 5040 fac
383 4985 454 5041 ad
478 4987 655 5041 ﬁnem
679 4987 932 5056 quatuor
954 4996 1185 5058 pasSus,
1210 5005 1461 5060 quorum
1481 4992 1708 5064 primus
1725 4993 1921 5048 termi-

667 5074 703 5127 ὁ
1789 5066 1799 5075 .

276 5160 514 5217 nabitur
544 5160 603 5214 in
636 5159 700 5215 D.
737 5161 1030 5233 superius.
1065 5169 1107 5218 A
1146 5165 1260 5222 ﬁne
1302 5167 1390 5224 fac
1441 5171 1560 5224 tres
1602 5185 1815 5240 passus
1864 5169 1923 5224 in

275 5267 304 5304 Ο

275 5273 304 5304 υ

272 5339 330 5395 C.
361 5336 657 5409 superius,
690 5344 746 5396 et
776 5344 928 5398 retro
955 5344 1013 5400 in
1037 5349 1245 5418 quarto
1262 5345 1444 5402 habes
1469 5273 1853 5418 G.gsuperius.
1879 5348 1923 5403 A

1058 5435 1094 5489 d

271 5518 386 5573 ﬁne
415 5518 510 5572 fac
541 5518 688 5576 duos
720 5535 933 5594 passus
963 5523 1023 5578 in
1036 5523 1100 5578 D.
1127 5523 1420 5595 superius,
1445 5526 1502 5579 et
1522 5519 1673 5581 retro
1687 5525 1924 5582 tertium

272 5604 341 5663 G.
371 5621 816 5678 synemmenon.
849 5609 1057 5669 Postea
1085 5610 1323 5685 duplica
1352 5613 1610 5686 spatium
1643 5614 1923 5674 uniuscu-

2036 4204 2278 4260 passum
2311 4205 2345 4244 a
2366 4188 2500 4257 fine,
2522 4187 2580 4243 id
2598 4192 2707 4254 est,
2732 4189 2804 4244 ab
2828 4186 3095 4243 acumine
3112 4183 3170 4241 in
3197 4203 3691 4260 unamquamque

2033 4275 2361 4333 litterarum
2383 4278 2774 4349 superiorum,
2795 4277 3119 4333 secundum
3148 4293 3392 4348 passum
3415 4276 3476 4331 in
3509 4293 3686 4334 suum

2031 4368 2436 4438 cognominem
2468 4381 2722 4439 gravem.

2493 4491 2777 4547 MENSURA
2808 4504 3205 4547 monocnoam.

2467 4600 2550 4654 Ex
2581 4597 2704 4654 Cod.
2741 4597 2794 4653 S.
2827 4598 2975 4654 Bias.
3009 4612 3116 4654 saec
3144 4613 3243 4652 XII.

2105 4723 2566 4779 Monochordum
2588 4723 2994 4795 disparaturus
3007 4725 3189 4777 totam
3211 4720 3596 4794 epiphauiam
3627 4721 3687 4775 in

2030 4827 2160 4868 vem
2190 4816 2387 4884 partes
2419 4812 2729 4881 distribue,
2762 4815 2817 4868 et
2846 4811 2904 4866 in
2933 4811 3123 4885 primo
3156 4814 3375 4883 puncto
3426 4809 3684 4866 sinistre

2035 4902 2218 4974 partis
2255 4902 2312 4956 F.
2349 4907 2564 4967 notato,
2599 4902 2654 4957 in
2699 4902 2957 4957 secundo
3010 4899 3075 4956 A.
3131 4900 3188 4955 in
3237 4903 3449 4972 quarto
3512 4895 3574 4956 D.
3627 4898 3685 4954 in

2034 4992 2236 5062 quinto
2269 4993 2325 5046 F.

2318 5098 2352 5135 a
2736 5081 2770 5134 d
3272 5096 3308 5136 a

2035 5170 2094 5224 in
2126 5173 2286 5225 sexto
2316 5171 2381 5224 A.
2414 5169 2472 5224 in
2505 5169 2752 5242 septimo
2783 5168 2848 5224 D.
2884 5168 2944 5224 in
2977 5172 3176 5226 octavo
3207 5187 3260 5226 a.
3308 5169 3455 5225 Item
3497 5182 3686 5242 usque

2032 5261 2097 5314 A.
2131 5258 2190 5314 in
2221 5275 2426 5314 novem
2457 5256 2980 5330 dispareturlinea,
3003 5263 3060 5315 et
3079 5257 3376 5331 proveniet
3397 5258 3458 5314 in
3493 5248 3685 5332 primo

2033 5348 2106 5404 ab
2136 5350 2201 5404 A.
2237 5349 2494 5404 secundo
2526 5348 2588 5403 B.
2624 5349 2683 5402 in
2712 5347 2882 5404 tertio
2913 5348 2976 5406 E.
3008 5348 3069 5405 in
3099 5348 3308 5420 quinto
3340 5352 3391 5415 ξ.
3428 5348 3684 5420 quadra-

2032 5531 2182 5591 tum,
2215 5525 2276 5581 in
2303 5528 2463 5581 sexto
2495 5542 2544 5582 e.
2579 5523 2640 5581 in
2670 5523 2918 5599 septimo
2948 5528 2996 5593 ξ.
3032 5527 3174 5583 Item
3206 5528 3329 5583 tota
3367 5525 3688 5599 epiphanid

2031 5617 2097 5673 in
2116 5619 2368 5690 quatuor
2380 5613 2638 5675 resoluta
2654 5615 2713 5673 in
2727 5615 2964 5674 sinistro
2978 5616 3248 5674 secundae
3270 5616 3457 5692 partis
3467 5619 3686 5692 puncto
