3894 6214
186 327 294 405 .639

1311 328 1693 402 MENSURA
1741 328 2088 398 MONOCH.
2133 329 2420 404 BOETII.

3449 332 3568 395 690

183 439 274 520 dat
293 460 348 520 Ο.
380 458 440 518 in
470 459 659 530 tertio,
688 459 752 526 G.
777 458 835 518 in
857 464 1084 534 quarto.
1118 464 1262 528 Item
1284 477 1470 536 usque
1499 466 1563 520 G.
1589 461 1649 518 in
1671 477 1810 535 qua-
1837 467 1892 535 Α
1922 465 2234 522 dimidium
2263 465 2326 529 B.
2361 465 2419 536 Z.
2455 465 2652 536 addita
2679 465 2868 536 tertia,
2901 464 2989 536 vel
3039 466 3334 539 duplicato
3383 468 3565 533 altero

181 558 302 608 tuor
332 549 642 608 distributa
667 551 930 608 redditur
946 569 994 608 c.
1012 568 1198 624 usque
1221 553 1281 608 E.
1306 552 1806 626 quadripartitain

181 640 420 706 secundo
437 645 655 716 puncto
678 640 733 696 b.
759 640 952 710 molle,
979 640 1039 697 in
1073 640 1242 698 tertio
1279 641 1336 709 F.
1373 641 1444 697 ab
1476 642 1536 698 F.
1571 642 1806 712 quadri-

176 816 373 896 partita
401 817 472 873 ad
505 817 681 882 finem
710 817 848 874 facit
881 729 920 873 ll:
953 834 1416 890 synnemmenon
1461 819 1806 876 modernum

763 906 799 959 d

173 993 239 1050 ab
257 1008 310 1066 g.
336 993 626 1066 tripartita
647 924 802 1058 de.th
826 993 897 1060 ab
941 1012 989 1050 c.
1024 995 1304 1067 bipartita

959 1085 1128 1140 Finis.

632 1241 703 1278 DE
742 1239 1013 1281 MENSURA
1046 1241 1438 1282 MONOCHORDI.

433 1314 518 1369 Ex
544 1312 734 1371 eodem
761 1313 877 1371 cod.
895 1331 1039 1387 μηδι).
1063 1314 1120 1371 S.
1151 1316 1300 1371 Bias.
1333 1331 1456 1372 saec.
1485 1332 1587 1370 xu.

230 1437 285 1495 Si
316 1437 608 1511 regularis
652 1438 1030 1495 monochordi
1081 1439 1427 1500 divisionem
1477 1441 1803 1497 secundum

167 1526 555 1594 authenticam
604 1527 787 1583 Boetii
845 1527 1276 1585 institutionem
1331 1529 1479 1586 scire
1526 1528 1800 1597 volueris,

166 1615 405 1690 simplici
435 1615 592 1672 hanc
615 1632 883 1684 sermone
904 1616 1009 1673 tibi
1031 1618 1279 1676 studebo
1308 1619 1801 1690 patefacere.Cum

163 1721 286 1778 ergo
315 1705 373 1760 in
423 1709 739 1778 utramque
797 1710 1022 1778 partem
1084 1707 1463 1765 monochordi
1524 1708 1802 1780 magadas

164 1795 436 1872 posueris,
470 1798 658 1851 totam
691 1795 819 1867 ejus
847 1795 1274 1867 longitudinem
1307 1795 1459 1852 inter
1496 1797 1796 1868 magadas,

162 1900 253 1956 per
280 1887 536 1956 quatuor
557 1899 728 1956 aequa
749 1884 1048 1956 partire,et
1069 1885 1161 1940 his
1194 1883 1428 1958 punctis
1458 1901 1560 1942 seu
1591 1884 1684 1941 his
1715 1884 1805 1940 lit-

161 1973 290 2029 teris
315 1974 589 2052 convenit
641 1977 839 2030 notare
902 1973 961 2028 F.
986 1973 1047 2028 B.
1084 1973 1143 2028 F.
1178 1973 1236 2028 F.
1272 1977 1330 2030 C.
1380 1974 1597 2030 Deinde
1630 1991 1806 2046 quar-

160 2064 269 2118 tam
301 2067 552 2135 partem,
588 2078 714 2134 quae
747 2063 819 2117 ad
851 2063 1112 2117 dextram
1149 2062 1429 2119 dividenti
1451 2061 1722 2132 occurrit,
1746 2062 1802 2118 id

160 2154 260 2217 est,
282 2151 354 2217 7F.
390 2152 449 2211 Ζ.
472 2167 578 2225 per
608 2154 736 2206 octo
768 2149 1041 2216 divide,et
1063 2167 1280 2207 nonam
1303 2150 1492 2208 eidem
1515 2152 1682 2214 adde,
1702 2151 1808 2208 ibi-

161 2240 263 2313 que
289 2239 348 2297 E.
377 2255 553 2314 pone,
577 2238 801 2296 scilicet
825 2243 890 2296 ut
911 2239 971 2295 E.
1009 2241 1067 2296 Z.
1108 2240 1514 2314 sesquioctava
1562 2257 1807 2314 propor-

158 2326 322 2398 tione,
359 2327 418 2384 id
453 2331 564 2398 est,
596 2333 732 2390 tono
765 2329 958 2386 distet.
995 2329 1223 2386 Rursus
1253 2330 1314 2384 E:
1340 2330 1402 2386 Z.
1435 2347 1538 2403 per
1557 2333 1685 2386 octo
1717 2329 1806 2385 di-

158 2415 298 2484 vide,
321 2421 379 2473 et
400 2420 664 2475 octavam
687 2418 970 2490 adjiciens
997 2417 1062 2474 D.
1089 2418 1338 2491 signato,
1363 2420 1807 2491 secundumque

157 2508 352 2563 tonum
384 2507 618 2564 habeto.
652 2508 858 2563 Postea
889 2507 1202 2580 pristinam
1235 2512 1503 2580 quartam
1554 2513 1802 2581 partem,

157 2593 210 2649 id
239 2599 351 2667 est,
384 2596 446 2651 F.
473 2597 530 2652 Z.
560 2612 662 2668 per
692 2596 806 2652 tria
836 2596 1047 2665 divide,
1082 2601 1138 2654 et
1168 2598 1280 2653 tria
1300 2597 1488 2654 eidem
1514 2599 1683 2664 adde,
1703 2598 1810 2653 ibi-

156 2681 261 2755 que
292 2684 352 2741 C.
406 2701 576 2756 pone,
627 2685 854 2758 eritque
901 2687 960 2742 C.
993 2687 1050 2742 Z.
1086 2687 1178 2742 ab.
1228 2688 1289 2742 F.
1321 2689 1378 2742 Z.
1435 2687 1807 2759 sesquitertia

155 2773 527 2845 preportione
555 2773 785 2830 distans
805 2773 892 2829 vel
932 2774 1186 2845 epitrita,
1224 2775 1278 2831 id
1303 2779 1410 2844 est,
1443 2777 1805 2833 diatessaron

157 2860 560 2926 consonantia,
594 2877 626 2916 a
657 2861 722 2915 D.
756 2862 812 2916 Ζ.
846 2877 976 2918 vero
1009 2862 1337 2926 semitonio.
1388 2866 1469 2920 En
1511 2865 1691 2922 habes
1723 2869 1805 2921 te-

153 2948 538 3005 trachordum
571 2948 978 3021 hyperboleon,
1011 2955 1288 3008 constans
1319 2957 1478 3023 tono,
1521 2959 1679 3022 tono,
1713 2970 1807 3010 se-

151 3035 425 3092 mitonio.
459 3035 602 3090 Exin
630 3037 693 3091 B.
728 3038 882 3108 quod
929 3055 962 3092 a
989 3039 1048 3094 Ο.
1084 3043 1218 3096 tono
1272 3041 1537 3106 convenit
1564 3029 1803 3111 distare,

152 3124 269 3182 sive
300 3125 508 3180 octava
532 3123 591 3179 C.
617 3125 674 3180 Ζ.
705 3123 890 3180 eidem
915 3125 1133 3192 addita,
1159 3128 1213 3183 id
1237 3133 1343 3197 est,
1379 3130 1802 3201 sesquioctava,

1877 545 1881 548 ’
1920 555 1982 610 E.
2014 555 2072 610 Ζ.
2109 556 2286 612 debes
2307 555 2586 612 invenire.
2619 555 2686 612 D.
2720 573 2874 621 vero,
2908 555 3064 628 quod
3097 555 3168 611 ab
3197 557 3260 612 Ε.
3285 561 3420 614 tono
3451 558 3567 615 dis-

1916 648 2022 712 tat,
2055 643 2142 701 vel
2183 661 2287 717 per
2307 650 2569 702 octavam
2601 647 2664 702 E.
2700 647 2757 701 Ζ.
2794 644 2996 702 addita
3020 662 3194 714 nona,
3226 645 3314 702 vel
3345 663 3448 719 per
3478 649 3567 704 di-

1917 734 2160 790 midiam
2191 736 2256 790 A.
2291 735 2349 790 Z.
2383 735 2585 790 addita
2615 734 2803 803 tertia,
2838 750 2942 792 seu
2974 751 3076 808 per
3113 735 3566 808 duplicationem

1915 823 2156 880 alterius
2188 825 2253 880 D.
2285 825 2343 879 Z.
2378 823 2596 880 Deinde
2625 825 2684 880 C.
2711 826 2866 897 quod
2898 824 3207 880 semitonio
3239 823 3418 881 distat
3447 825 3562 881 aD.

1915 912 2033 968 sive
2065 929 2167 984 per
2196 911 2429 968 tertiam
2461 914 2519 968 F.
2544 915 2602 969 Ζ.
2639 917 2849 984 quarta
2879 913 3168 986 apposita,
3202 914 3322 970 sive
3354 931 3458 986 per
3478 914 3565 969 di-

1917 1001 2158 1060 midiam
2187 1002 2252 1056 G.
2287 1003 2344 1058 Z.
2378 1003 2575 1058 addita
2605 1002 2794 1068 tertia,
2829 1018 2933 1058 seu
2962 1019 3066 1074 per
3105 1001 3567 1076 duplicationem

1916 1089 2156 1145 alterius
2186 1089 2246 1145 C.
2280 1091 2337 1146 Z.
2371 1089 2642 1163 reperies.
2670 1091 2882 1164 Sicque
2911 1094 2967 1147 et
2995 1091 3104 1148 hoc
3127 1091 3566 1152 tetrachordum

1915 1195 2118 1234 meson
2143 1179 2213 1233 ab
2238 1179 2298 1234 F.
2328 1195 2513 1252 usque
2535 1180 2596 1234 C.
2630 1184 2836 1249 tonum
2859 1184 3065 1236 tonum
3097 1197 3164 1236 ac
3190 1181 3565 1236 semitonium

1913 1266 1996 1322 uti
2027 1267 2222 1340 priora
2241 1271 2469 1324 constat
2496 1268 2729 1328 habere.
2753 1270 2960 1329 Postea
2985 1271 3209 1342 B.quod
3231 1273 3365 1326 tono
3388 1269 3567 1326 distat

1913 1356 2037 1415 a0.
2064 1357 2121 1411 in
2155 1362 2364 1430 quarta
2395 1357 2576 1414 totius
2595 1363 2756 1431 parte
2774 1357 3154 1426 monochordi
3184 1359 3441 1432 positum
3469 1376 3564 1416 oc-

1913 1447 2114 1523 currit,
2139 1445 2410 1518 quamvis
2431 1450 2489 1501 et
2520 1445 2688 1502 aliter
2708 1447 3075 1502 multimodis
3097 1447 3338 1508 inveniri
3357 1447 3560 1520 possit.

1909 1536 1975 1590 A.
1997 1549 2152 1602 vero,
2185 1534 2340 1606 quod
2366 1533 2503 1589 item
2526 1538 2660 1589 tono
2688 1535 2882 1590 dill‘ert
2912 1552 2945 1590 a
2967 1535 3032 1591 B.
3055 1536 3143 1590 vel
3172 1551 3276 1607 per
3300 1540 3563 1592 octavam

1912 1624 1975 1679 B.
2027 1624 2084 1679 Ζ.
2138 1639 2291 1678 nona
2344 1627 2713 1695 superacuta,
2766 1622 2889 1678 sive
2941 1639 3044 1696 per
3098 1622 3334 1683 tertiam
3383 1623 3450 1678 D.
3503 1625 3562 1679 Z.

1913 1716 2123 1787 quarta
2147 1714 2374 1785 juncta,
2430 1728 2532 1770 seu
2565 1729 2667 1784 per
2723 1711 3029 1770 dimidiam
3077 1713 3138 1768 E.
3173 1713 3230 1768 Z.
3290 1711 3462 1768 tertia
3493 1713 3564 1771 ad

1911 1805 2101 1868 acuta,
2123 1818 2224 1856 seu
2255 1818 2359 1873 per
2404 1799 2857 1872 duplicationem
2890 1799 3131 1858 alterius
3159 1802 3224 1855 A.
3256 1801 3314 1856 Ζ.
3348 1817 3560 1872 quaere.

1915 1890 2057 1946 Exin
2087 1891 2152 1946 G.
2188 1890 2342 1962 quod
2374 1888 2686 1952 semitonio,
2711 1889 2893 1958 distat
2918 1889 2988 1945 ab
3017 1889 3081 1944 A.
3102 1887 3187 1948 vel
3209 1889 3381 1945 tertia
3410 1888 3472 1944 C.
3505 1889 3562 1944 Ζ.

1914 1982 2126 2051 quarta
2169 1979 2469 2054 adjuncta,
2503 1993 2607 2033 seu
2666 1994 2768 2050 per
2822 1977 3280 2049 duplicationem
3325 1975 3565 2032 alterius

1913 2061 1978 2123 G.
2019 2069 2077 2126 Z.
2107 2067 2386 2136 invenies,
2422 2069 2478 2122 et
2507 2066 2616 2122 hoc
2654 2066 3090 2122 tetrachordum
3136 2066 3392 2140 hypaton
3439 2082 3473 2120 a
3503 2065 3562 2121 Ο.

1915 2172 2104 2228 usque
2134 2155 2194 2210 in
2226 2156 2292 2210 G.
2323 2155 2383 2210 in
2412 2160 2549 2211 tono
2582 2160 2717 2210 tono
2749 2171 2815 2210 ac
2845 2153 3175 2222 semitonio,
3217 2153 3302 2209 uti
3349 2152 3563 2224 priora.

1916 2243 2376 2300 consummabis.
2399 2243 2604 2298 Adhuc
2627 2246 2806 2300 restat
2821 2246 3016 2312 tomus
3040 2259 3074 2296 a
3095 2243 3154 2297 C.
3171 2257 3360 2314 usque
3385 2241 3444 2296 in
3457 2244 3568 2295 ter-

1914 2334 2057 2389 tiam
2075 2333 2136 2388 F.
2155 2333 2213 2388 in
2247 2348 2363 2404 quo
2389 2332 2712 2387 secundum
2735 2330 3017 2401 diapason
3039 2329 3270 2396 ﬁnitur,
3301 2333 3358 2385 et
3385 2329 3565 2384 totius

1916 2438 2192 2478 mensura
2223 2415 2601 2476 monoc‘nordi
2632 2419 2692 2474 in
2723 2418 3012 2476 diatonico
3038 2416 3328 2474 melorum
3355 2430 3567 2489 genere

1915 2512 2083 2585 plene
2113 2509 2430 2583 perﬁcitur.
2466 2509 2576 2566 Sed
2633 2512 2699 2566 ut
2736 2507 2887 2567 hanc
2946 2522 3287 2568 mensuram
3331 2504 3564 2580 facilius

1914 2599 2107 2673 possis
2138 2598 2422 2654 memoria
2439 2601 2658 2663 tenere,
2682 2595 2933 2652 breviter
2954 2594 3342 2669 universalem
3373 2595 3445 2650 de
3467 2611 3564 2651 su-

1914 2689 2194 2762 pradictis
2226 2687 2489 2760 regulam
2521 2702 2636 2741 non
2677 2698 2994 2756 gravemur
3038 2683 3389 2754 subponere.
3425 2683 3569 2748 Qui-

1913 2794 2169 2850 cumque
2190 2777 2318 2834 soni
2341 2781 2478 2831 tono
2501 2773 2747 2830 invicem
2773 2773 3147 2844 respondent,
3165 2771 3566 2842 sesquioctavo

1911 2883 2014 2932 seu
2049 2867 2308 2940 epogdos
2338 2881 2436 2922 eos
2468 2861 2770 2920 intervallo
2802 2877 3076 2926 secerne;
3119 2861 3176 2914 id
3201 2863 3309 2925 est,
3344 2860 3567 2915 acutio-

1916 2973 2037 3013 rem
2070 2971 2175 3012 seu
2206 2955 2526 3010 breviorem
2558 2951 2838 3011 chordam
2869 2966 2973 3022 per
3000 2954 3126 3005 octo
3158 2965 3324 3020 aequa
3350 2947 3565 3014 divide,

1913 3048 1971 3100 et
2001 3060 2154 3110 nona
2178 3041 2502 3115 graviorem
2534 3056 2638 3095 seu
2667 3039 2990 3110 longiorem
3041 3037 3220 3091 facias
3269 3051 3567 3109 superare,

1915 3137 1980 3187 ut
2011 3130 2203 3185 minor
2233 3134 2361 3185 octo
2393 3132 2614 3200 portes,
2649 3141 2856 3181 novem
2888 3124 3080 3193 major
3110 3123 3388 3179 obtineat.

155 3213 271 3269 sive
294 3212 356 3268 in
379 3211 442 3268 E.
478 3213 536 3267 Z.
563 3212 676 3285 ipsi
717 3213 963 3284 adjecta,
996 3213 1054 3268 id
1085 3218 1195 3282 est,
1218 3216 1468 3288 epitrito,
1497 3199 1605 3273 seu
1635 3217 1809 3283 dimi-
1833 3199 1883 3267 Ο
1988 3219 2352 3290 Quicumque
2383 3199 2512 3272 soni
2542 3214 2906 3270 diatessaron
2940 3211 3292 3283 symphonia
3321 3210 3567 3265 invicem

155 3301 246 3358 dia
263 3302 772 3374 F.Z.superaucta,
787 3301 844 3357 id
877 3302 1270 3369 est,hemiolio
1291 3304 1378 3360 vel
1403 3304 1806 3377 sesquialtero,

157 3390 305 3462 quod
339 3393 574 3446 resonat
601 3388 874 3462 diapente
918 3391 1350 3464 symphoniam,
1387 3394 1602 3466 poteris
1652 3393 1810 3449 inve-

159 3479 298 3536 nire.
333 3477 543 3536 Itidem
572 3479 638 3534 Α.
672 3480 827 3551 quod
860 3484 998 3536 tono
1021 3479 1203 3536 distat
1231 3497 1266 3537 a
1294 3481 1355 3536 Β.
1382 3481 1501 3538 sive
1532 3499 1634 3554 per
1655 3486 1810 3537 octa-

159 3584 310 3636 vam,
352 3567 824 3639 sesquioctavum
848 3567 980 3641 ipsi,
1007 3569 1126 3625 sive
1145 3586 1248 3642 per
1269 3569 1500 3626 tertiam
1524 3575 1587 3625 Ι).
1610 3571 1666 3626 Ζ.
1697 3587 1814 3626 ses-

163 3655 524 3729 quitertium,
549 3671 652 3713 seu
683 3672 786 3728 per
815 3657 1069 3714 mediam
1085 3660 1146 3713 E.
1179 3659 1236 3714 Z.
1260 3657 1711 3730 sesquialterum
1735 3659 1814 3715 ei-

166 3744 516 3802 dem-facito.
553 3745 869 3801 Confestim
908 3747 971 3804 G.
1006 3748 1161 3819 quod
1185 3748 1492 3803 semitonio
1539 3747 1718 3804 distat
1745 3748 1816 3803 ab

165 3836 224 3890 Α.
258 3850 359 3905 per
392 3833 629 3890 tertiam
661 3839 887 3906 partem
918 3835 970 3890 ei
1003 3852 1273 3908 praepone
1301 3839 1360 3893 C.
1395 3837 1454 3892 Z.
1496 3836 1819 3908 sesquiter-

165 3922 306 3979 tium
321 3921 414 3979 illi
440 3922 648 3993 facere,
673 3923 871 3996 ibique
892 3927 1218 3981 secundum
1242 3925 1682 3982 tetrachordum
1705 3925 1822 3981 die-

165 4027 548 4086 seugmenon,
577 4011 716 4068 item
749 4015 908 4080 tono,
933 4017 1092 4082 tono,
1120 4031 1184 4070 ac
1213 4014 1520 4071 semitonis
1543 4017 1823 4070 constans

1918 3310 2210 3374 constant,
2245 3306 2301 3359 in
2333 3305 2563 3360 duobus
2595 3302 2750 3357 tonis
2775 3304 2833 3357 et
2862 3299 3171 3357 semitonio
3202 3298 3434 3372 epitrito
3465 3315 3566 3354 seu

1921 3394 2296 3467 sesquitertio
2328 3393 2548 3450 distant
2579 3388 2905 3456 intervallo,
2939 3387 3133 3442 minor
3177 3386 3396 3442 chorda
3451 3389 3570 3442 tres

1921 3487 2136 3558 partes,
2167 3483 2356 3553 major
2384 3484 2635 3552 quatuor
2660 3478 2856 3534 habet.
2890 3476 3257 3547 Quicumque
3288 3473 3415 3530 soni
3439 3473 3569 3529 'dia-

1925 3577 2094 3645 pente
2127 3568 2496 3644 symphonia,
2530 3568 2587 3622 id
2615 3571 2723 3634 est,
2758 3563 2948 3622 tribus
2980 3564 3134 3621 tonis
3165 3568 3222 3619 et
3264 3562 3572 3619 semitonio

1925 3659 2298 3726 concordant,
2329 3655 2604 3713 hemiolia
2628 3671 2729 3712 seu
2761 3652 3033 3726 sescupla
3056 3653 3176 3708 sive
3195 3650 3581 3723 sesquialiera

1927 3748 2299 3823 proportione
2329 3745 2628 3811 differunt,
2661 3743 2857 3798 minor
2884 3741 3104 3814 quippe
3153 3740 3372 3796 chorda
3431 3739 3579 3793 duas

1929 3841 2145 3912 partes,
2159 3836 2350 3906 major
2360 3835 2478 3890 obti
2488 3837 2584 3889 net
2604 3837 2741 3888 tres.
2759 3831 3127 3900 Quicumque
3139 3829 3269 3885 soni
3295 3827 3582 3899 diapason

1929 3925 2280 3999 symphonia
2311 3925 2658 3989 consonant,
2683 3919 2741 3975 id
2762 3923 2871 3986 est,
2906 3917 3168 3990 quinque
3190 3916 3342 3974 tonis
3364 3920 3419 3973 et
3443 3916 3588 3970 duo-

1932 4018 2042 4072 bus
2075 4012 2425 4077 semitoniis,
2458 4011 2682 4067 distant
2711 4007 2981 4081 diplasio,
3015 4007 3075 4062 id
3105 4010 3194 4063 est
3239 4004 3418 4078 duplo
3449 4021 3586 4060 con-

1934 4106 2112 4174 stant,
2136 4103 2328 4158 minor
2352 4100 2420 4156 H.
2447 4099 2671 4155 chorda
2700 4095 3000 4169 duplicata
3023 4095 3309 4167 majorem
3341 4092 3587 4148 creat.ln

1933 4194 2044 4249 hac
2075 4192 2141 4246 H.
2175 4191 2457 4262 diapason
2491 4186 2842 4260 symphonia
2873 4189 3096 4256 septem
3135 4182 3431 4238 variarum
3468 4180 3590 4235 dis-

1935 4279 2186 4344 crimina
2235 4281 2506 4334 constant
2556 4291 2788 4332 vocum.
2852 4273 3067 4329 Octava
3121 4270 3325 4326 eadem
3381 4284 3509 4339 qua:
3536 4271 3593 4322 et

166 4100 438 4158 convenit
462 4099 630 4157 ﬁnire
665 4116 679 4155 :
705 4101 907 4174 sicque
939 4107 1145 4158 tonum
1178 4119 1369 4175 usque
1393 4104 1463 4160 ad
1496 4103 1823 4160 secundum

169 4190 225 4246 F.
258 4190 316 4247 in
369 4190 566 4245 medio
599 4189 977 4246 monochordi
1018 4192 1274 4264 positum
1336 4193 1596 4248 invenies
1635 4208 1823 4249 rema-

166 4278 467 4336 nereuHoc
499 4278 559 4333 in
583 4277 708 4335 loco
733 4279 1171 4336 tetrachordum
1205 4297 1627 4353 synemmenon
1651 4281 1827 4336 debes

170 4365 486 4434 inuestem,
515 4367 687 4439 cujus
734 4368 1080 4425 acutissima
1138 4369 1357 4424 chorda
1397 4367 1733 4441 supradicto
1761 4369 1825 4424 B.
1939 4371 2130 4444 prima
2159 4373 2249 4423 est
2280 4385 2292 4423 :
2327 4367 2455 4422 ideo
2481 4366 2658 4420 etiam
2693 4360 2967 4434 superius
2997 4373 3342 4416 mensuram
3383 4371 3592 4411 mono-

178 4470 438 4515 connexa
466 4459 584 4523 est;
617 4457 876 4512 secunda
908 4457 1183 4529 praedicto
1209 4458 1273 4511 A.
1318 4455 1626 4527 tertiaque
1660 4457 1732 4512 ab
1761 4458 1828 4512 A.
1941 4456 2144 4514 chordi
2176 4455 2434 4527 septenis
2464 4458 2696 4508 tantum
2726 4449 2937 4506 litteris
2967 4448 3029 4504 in
3061 4446 3352 4503 diatonico
3382 4459 3595 4517 genere

169 4549 322 4613 tono,
353 4548 418 4600 et
437 4559 481 4600 -a
513 4546 770 4602 secundo
801 4547 865 4603 F.
899 4544 1208 4603 semitonio
1237 4545 1457 4601 distare
1488 4545 1679 4611 debet,
1711 4544 1831 4602 sive
1864 4565 1910 4630 Β
1943 4547 2319 4618 designantes
2349 4540 2831 4599 notavimus.Sed
2867 4538 2927 4593 in
2958 4534 3597 4630 chromaticumgenus

173 4649 272 4706 per
301 4635 570 4690 octavam
590 4635 655 4689 Α.
679 4635 736 4691 Ζ.
772 4635 1240 4708 sesquioctavam
1267 4633 1348 4689 illi
1373 4633 1574 4701 facias,
1611 4649 1712 4689 seu
1732 4649 1836 4708 per
1864 4622 1903 4630 ”
1945 4641 2002 4693 et
2025 4633 2468 4692 enarmonicum
2501 4630 2678 4685 etiam
2710 4625 3039 4683 mensurari
3081 4622 3354 4690 volueris,
3387 4622 3447 4677 in
3481 4637 3597 4676 uno

172 4723 426 4780 mediam
455 4723 524 4778 D.
557 4724 616 4778 Z.
657 4723 996 4780 hemioliam
1049 4741 1116 4781 ac
1160 4722 1610 4796 sesquialteram
1640 4722 1830 4778 eidem
1939 4723 2309 4781 tetrachordo
2337 4718 2611 4775 diatonici
2634 4715 2865 4788 generis
2890 4711 3241 4786 generaliter
3266 4709 3483 4784 poteris
3505 4710 3602 4765 do-

172 4812 403 4869 reddas.
425 4813 552 4878 Quo
582 4817 816 4885 peracto
847 4817 906 4870 et
930 4813 1040 4869 hoc
1061 4812 1504 4870 tetrachordum
1528 4813 1832 4879 tono,tono
1945 4812 2079 4870 ceri.
2112 4812 2197 4866 Ad
2229 4807 2588 4865 metiendum
2611 4804 2827 4876 quippe
2855 4799 3282 4858 cbromaticum
3305 4815 3474 4855 sume
3494 4798 3603 4852 mi-

176 4915 238 4955 ac
261 4899 580 4957 semitonio
606 4917 794 4974 uq'ue
817 4903 887 4958 ad
918 4902 1242 4958 secundum
1268 4901 1327 4956 F.
1358 4899 1680 4973 perspicies
1708 4916 1840 4955 con-
1946 4902 2177 4958 nimum
2209 4902 2267 4953 et
2291 4894 2700 4952 acutissimum
2725 4893 2782 4948 in
2800 4891 3069 4964 quolibet
3096 4888 3464 4946 tetrachordo
3485 4886 3605 4943 dia-

174 4990 439 5048 stare.En
463 4989 749 5065 diapason
789 4992 1230 5050 consonantiam
1264 5008 1298 5048 a
1346 4989 1528 5064 priori
1560 4989 1621 5046 F.
1653 5005 1840 5062 usque
1949 4988 2134 5046 tonici
2166 4985 2398 5060 generis
2432 4988 2658 5050 tonum,
2687 4985 2744 5037 et
2771 4997 2906 5037 eum
2928 4980 2987 5034 in
3019 4978 3136 5035 duo
3156 4977 3370 5047 divide,
3403 4976 3604 5065 sicque

177 5081 503 5146 secundum
527 5063 588 5137 in
621 5081 804 5155 dupla
829 5081 1208 5155 proportione
1241 5063 1613 5137 constantem
1649 5078 1842 5134 {inivi-
1951 5077 2237 5135 circinum
2269 5074 2328 5130 in
2361 5075 2704 5144 sequentem
2737 5075 2944 5127 tonum
2976 5069 3262 5141 majorem
3291 5069 3470 5155 verte,
3492 5063 3607 5119 sic-

180 5187 328 5228 mus.
365 5168 512 5228 Huic
544 5153 1017 5244 aliud'diapason
1049 5187 1243 5243 usque
1290 5169 1350 5224 in
1382 5168 1621 5225 tertium
1655 5169 1714 5224 F.
1748 5184 1845 5224 ea-
1954 5185 2068 5241 que
2107 5165 2219 5221 tria
2249 5160 2584 5230 semitonia,
2618 5161 2770 5217 facto
2802 5157 2993 5232 signo,
3029 5157 3209 5216 simul
3254 5153 3606 5244 complecte-

181 5258 310 5316 dem
343 5275 378 5316 a
407 5260 666 5316 secundo
693 5261 754 5316 F.
783 5239 1165 5316 m—ensurandi
1193 5257 1441 5326 ratione,
1465 5257 1668 5313 eadem
1698 5256 1849 5312 litte-
1957 5239 2037 5324 re,
2071 5260 2130 5312 et
2160 5255 2275 5309 duo
2302 5251 2530 5323 reliqua
2567 5249 2881 5307 semitonia
2909 5263 2980 5304 ex
3031 5243 3399 5304 tetrachordo
3437 5239 3609 5294 lineis

179 5363 375 5406 rarum
408 5349 691 5405 redeunte
713 5348 1024 5421 positione,
1043 5349 1249 5405 eodem
1281 5352 1557 5403 tonorum
1587 5361 1652 5402 ac
1675 5347 1850 5401 semi-
1960 5345 2274 5418 distingue.
2963 5425 2967 5426 ν
3155 5422 3168 5426 _
3422 5415 3457 5426 ﬂ

182 5439 475 5495 toniorum
504 5418 922 5495 ordine—debes
949 5418 1324 5510 subjungere
1352 5437 1415 5491 E.
1466 5435 1517 5491 si
1565 5434 1853 5506 quidquid
2033 5436 2116 5490 Ad
2141 5430 2503 5489 metiendum
2517 5443 2650 5483 vero
2672 5425 3113 5482 enarmonicum
3138 5422 3286 5476 duos
3307 5418 3613 5510 continuos

187 5527 254 5588 ab
287 5527 347 5584 F.
379 5530 519 5585 tono
561 5526 762 5596 distat,
825 5526 914 5584 vel
947 5507 1081 5601 perv
1111 5507 1377 5582 octavam
1408 5524 1470 5577 E.
1511 5523 1568 5579 Ζ.
1629 5523 1858 5596 adjecta
1965 5521 2242 5581 diatonici
2270 5519 2501 5593 generis
2523 5520 2698 5606 tonos
2716 5513 3197 5606 complectere-,et
3218 5521 3470 5606 sequens
3490 5507 3616 5606 tan-

190 5631 358 5688 nona,
406 5615 495 5674 vel
526 5632 630 5689 per
658 5594 891 5673 tertiam
921 5594 987 5673 A-.
1020 5616 1077 5672 Z.
1110 5615 1332 5685 adjecta
1364 5617 1591 5684 quarta,
1621 5594 1716 5668 vel
1757 5629 1859 5684 per
1967 5617 2094 5670 tum
2119 5607 2499 5668 semitonium
2520 5603 2580 5660 in
2603 5604 2718 5661 duo
2734 5601 3076 5673 equa,facta
3094 5598 3270 5674 linea,
3294 5594 3614 5666 distingue,

1175 5747 1206 5777 δ
