3894 6214
317 426 426 491 69!

1057 428 1243 493 S.E"..
1289 427 1366 493 XI
1410 430 1641 496 AUCT.
1688 428 2003 493 INCERTI
2045 426 2235 491 ANNI
2278 427 2382 492 ET
2426 426 2728 493 SCRIPT.
2775 433 3001 489 ’msn.

3605 412 3761 495 692‘

316 569 377 623 et
406 566 492 622 sic
520 564 581 621 in
629 556 913 621 omnibus
962 566 1346 623 tetrachordis
1394 558 1668 622 diatonici
1722 565 1954 637 generis
1985 582 2041 647 Α
2069 564 2310 636 quintus
2342 562 2402 619 in
2434 581 2485 619 a.
2519 564 2815 637 superius,
2848 569 3045 622 sextus
3075 565 3137 623 in
3169 565 3226 621 d.
3261 565 3550 639 septimus
3582 567 3640 624 in
3669 586 3731 625 a.

317 655 435 712 duo
465 654 589 712 hac
618 669 833 727 genera
860 654 1087 710 metire.

636 760 772 799 ITEM
809 760 882 799 AD
922 760 1362 800 MONOCHORDUM
1404 760 1639 798 REGULA.

387 832 693 905 Organalis
714 847 992 888 mensura
1023 832 1130 887 hoc
1156 831 1350 903 exigit,
1386 824 1618 885 utinf'ra
1641 829 1844 885 ﬁnales
1877 833 1962 885 to-

316 937 431 977 nus
448 921 730 994 sit,supra
741 920 1064 988 ditonus,id
1079 924 1166 975 est
1178 920 1249 975 ad
1266 919 1603 991 A.inG.qua:
1619 918 1961 990 hujusmodi

315 1008 663 1082 disponitur.
699 1009 956 1065 Inscribo
981 1011 1043 1062 A.
1068 1006 1129 1063 in
1163 1004 1516 1079 quocunque
1547 1008 1671 1064 loco
1704 1007 1959 1073 voluero,

315 1096 374 1153 in
408 1097 597 1155 fronte
624 1097 711 1154 vel
742 1098 801 1153 in
834 1097 1026 1153 medio
1059 1096 1459 1163 monochordi,
1495 1096 1598 1152 sed
1648 1095 1861 1152 melius
1900 1096 1961 1150 in

313 1187 627 1243 medietate
654 1185 917 1259 gravium
949 1190 1006 1241 et
1034 1190 1361 1253 acutarum,
1384 1189 1441 1241 et
1462 1185 1534 1240 ab
1565 1185 1768 1240 eadem
1793 1186 1859 1239 A.
1884 1185 1964 1240 fa-

313 1274 403 1330 cio
423 1279 674 1346 quatuor
696 1291 908 1346 passus
936 1275 1007 1329 ad
1029 1275 1325 1330 dexteram
1354 1275 1412 1329 in
1436 1275 1633 1340 ﬁnem,
1658 1277 1714 1328 et
1734 1273 1960 1345 primus

312 1378 524 1435 passus
557 1362 897 1420 terminabit
938 1362 999 1418 in
1030 1364 1096 1418 D.
1128 1362 1338 1434 reliqui
1370 1366 1592 1418 vacant.
1640 1362 1855 1417 Iterum
1888 1362 1959 1417 ab

311 1451 517 1508 eodem
546 1452 605 1507 Α.
632 1452 874 1508 intendo
890 1452 961 1507 ad
995 1451 1171 1507 ﬁnem
1190 1455 1311 1507 tres
1328 1467 1817 1523 passus,quorum
1841 1450 1957 1522 pri-

310 1556 445 1596 mus
474 1540 816 1596 terminabit
845 1542 905 1595 in
935 1542 999 1596 E.
1023 1539 1236 1611 reliqui
1267 1544 1489 1596 vacant.
1520 1538 1768 1594 Remitto
1791 1556 1824 1593 a
1846 1539 1959 1593 ﬁne

312 1629 375 1684 in
403 1629 671 1685 eamdem
692 1629 755 1684 E.
785 1634 904 1684 tres
934 1645 1167 1702 passus,
1201 1634 1477 1699 quartum
1527 1627 1585 1682 in
1620 1629 1680 1681 B.
1717 1628 1955 1683 intendo

310 1717 384 1773 ab
411 1717 613 1773 eadem
635 1720 696 1772 B.
721 1716 780 1771 in
813 1717 989 1773 ﬁnem
1015 1721 1134 1773 tres
1153 1733 1384 1788 passus,
1418 1721 1475 1771 et
1496 1716 1721 1786 primus
1744 1716 1875 1770 ﬁnit
1897 1717 1954 1770 in

311 1805 374 1861 F.
406 1803 617 1878 reliqui
644 1810 871 1861 vacant.
927 1804 1179 1861 Remitto
1211 1822 1244 1859 a
1275 1804 1388 1859 ﬁne
1436 1804 1494 1858 in
1550 1804 1706 1859 idem
1742 1806 1801 1859 F.
1836 1810 1955 1859 tres

311 1910 548 1966 passus,
580 1897 856 1965 quartum
888 1894 943 1948 in
996 1894 1057 1948 G.
1091 1892 1332 1948 Intendo
1364 1910 1399 1948 a
1426 1894 1485 1948 Ο.
1518 1893 1577 1947 in
1621 1893 1796 1948 ﬁnem
1836 1897 1954 1948 tres

312 1998 547 2055 passus,
573 1986 631 2038 et
658 1982 885 2055 primus
916 1981 1046 2037 ﬁnit
1074 1981 1132 2035 in
1166 1981 1227 2036 Ο.
1262 1981 1503 2036 Intendo
1536 1998 1569 2035 a
1603 1986 1663 2036 D.
1689 1981 1746 2035 in
1781 1982 1955 2036 ﬁnem

311 2074 563 2143 quatuor
589 2087 823 2143 passus,
854 2074 911 2125 et
939 2068 1165 2142 primus
1190 2068 1530 2124 terminabit
1555 2068 1613 2123 in
1642 2069 1701 2124 S.
1726 2085 1957 2141 synem-

313 2173 549 2226 menon,
580 2162 638 2215 et
666 2158 832 2215 ﬁnita
863 2162 952 2214 est
982 2174 1280 2214 mensura.

566 2313 573 2319 μ
840 2263 1114 2303 MENSURA
1151 2263 1441 2302 GUIDONIS.

488 2336 572 2390 Ea:
603 2335 731 2391 Cod.
779 2335 1324 2392 Benedzcto-Burano
1370 2352 1492 2391 saec.
1528 2352 1627 2391 χιι.
1664 2335 1779 2406 (l):

377 2422 523 2480 Cum
552 2424 812 2496 primum
835 2441 868 2479 a
899 2425 964 2480 G.
999 2425 1071 2480 ad
1096 2425 1272 2480 ﬁnem
1307 2441 1512 2482 novam
1545 2425 1816 2496 passibus
1839 2442 1957 2481 mo-

307 2500 670 2570 nochordum
693 2513 951 2584 partiris,
980 2514 1209 2585 primus
1230 2530 1442 2585 passus
1466 2513 1876 2569 terminabitur
1896 2514 1956 2569 in

302 2601 370 2657 A.
406 2600 702 2657 secundus
732 2605 920 2667 vacat,
978 2601 1187 2657 tertius
1225 2600 1285 2655 in
1318 2601 1390 2657 D.
1450 2605 1698 2672 quartus
1742 2606 1907 2658 vacat
1938 2619 1951 2656 :

380 2706 457 2777 (1)
489 2706 623 2762 Vid.
651 2707 778 2762 Pez.
810 2710 854 2761 t.
884 2706 951 2761 V.
974 2708 1214 2774 Anecd.,
1248 2723 1311 2779 p.
1329 2709 1455 2763 225.

2077 652 2288 724 reliqui
2321 659 2548 709 vacant.

2147 742 2289 797 Item
2322 759 2455 797 cum
2488 743 2559 797 ab
2588 743 2653 797 A.
2687 744 2757 798 ad
2792 745 2967 799 ﬁnem
3000 744 3281 801 novennis
3312 744 3571 818 partiris,
3604 747 3734 819 pri-

2073 847 2207 886 mus
2240 848 2450 903 parsus
2481 831 2894 888 terminabitur
2916 833 2973 888 in
3006 834 3067 888 Β.
3094 834 3390 890 secundus
3409 840 3597 899 vacat,
3622 840 3736 892 ter-

2075 920 2191 974 tius
2250 920 2308 974 in
2343 921 2401 974 E.
2438 926 2685 991 quartus
2725 926 2909 976 vacat.
2941 923 3191 987 Quintus
3241 922 3299 977 in
3351 924 3644 994 quadrum
3676 932 3731 991 ἢ.

2074 1008 2283 1063 Sextus
2315 1008 2372 1061 in
2405 1024 2454 1063 e.
2490 1008 2777 1080 septimus
2808 1009 2867 1063 in
2886 1015 2936 1078 ξ.
2982 1008 3192 1082 reliqui
3222 1016 3445 1067 vacant.

2142 1096 2303 1152 Tunc
2336 1115 2370 1151 a
2396 1100 2462 1151 G.
2493 1098 2564 1152 ad
2599 1097 2773 1152 ﬁnem
2795 1098 3098 1169 quaternis
3129 1098 3376 1168 dividas,
3410 1103 3467 1155 et
3496 1101 3727 1173 primus

2071 1185 2487 1241 terminabitur
2542 1184 2602 1240 in
2655 1186 2716 1241 C.
2752 1187 3048 1243 secundus
3100 1188 3161 1242 in
3190 1191 3256 1243 G.
3288 1187 3499 1245 tertius
3554 1189 3615 1246 in
3667 1208 3721 1264 g.

2071 1278 2317 1344 quartus
2349 1273 2499 1329 ﬁnit.

2140 1360 2418 1417 Similiter
2450 1379 2483 1417 a
2537 1361 2599 1418 C.
2632 1366 3053 1434 quaternorum
3106 1380 3349 1437 passum
3405 1369 3464 1421 et
3521 1365 3721 1436 ﬁnem,

2069 1450 2296 1520 primus
2328 1450 2739 1506 terminabitur
2766 1451 2825 1506 in
2849 1452 2908 1508 F.
2932 1453 3226 1508 secundus
3256 1452 3316 1509 in
3337 1469 3386 1509 c.
3423 1453 3637 1511 tertius
3664 1456 3724 1511 in

2066 1554 2117 1593 e.
2151 1542 2398 1609 quartus
2426 1538 2572 1593 ﬁnit.

2135 1628 2220 1682 Ab
2254 1627 2313 1682 F.
2347 1632 2544 1682 autem
2603 1632 3022 1699 quateruorum
3076 1646 3361 1701 passuum
3416 1631 3489 1686 ad
3523 1632 3720 1700 ﬁnem,

2067 1715 2293 1786 primus
2324 1716 2740 1772 terminabitur
2771 1717 2830 1770 in
2861 1717 2917 1772 b.
2953 1718 3295 1784 rotundum,
3324 1720 3627 1785 secundus
3661 1721 3723 1778 in

2066 1804 2338 1874 superius
2371 1804 2410 1858 f.
2441 1803 2651 1875 reliqui
2677 1808 2907 1861 vacant.

2135 1892 2201 1946 A.
2235 1892 2293 1947 b.
2337 1894 2587 1948 rotundo
2619 1894 2691 1949 ad
2721 1894 2901 1950 ﬁnem
2930 1894 3182 1951 duorum
3234 1912 3516 1967 passuum
3557 1898 3724 1970 prior

2068 1981 2481 2036 terminabitur
2511 1981 2570 2036 in
2601 1980 2888 2038 excellens
2919 1984 3234 2039 rotundum
3267 1985 3323 2041 b.
3358 1986 3419 2040 A.
3454 1986 3512 2041 d.
3547 2002 3723 2058 supe-

2068 2068 2205 2124 riori
2236 2068 2294 2123 in
2328 2069 2501 2125 ﬁnem
2536 2071 2786 2126 duorum
2818 2088 3099 2143 passuum
3140 2071 3300 2144 prior
3348 2073 3636 2131 excellens
3662 2072 3720 2131 'a.

2068 2156 2176 2213 vel.
2212 2159 2269 2213 b.
3070 2156 3075 2157 ⁷

2139 2247 2303 2302 Tunc
2332 2247 2571 2303 demum
2604 2248 2694 2304 fac
2723 2266 2757 2303 a
2788 2248 2903 2304 ﬁne
2937 2266 3118 2306 unum
3152 2266 3393 2322 passum
3424 2251 3486 2307 in
3520 2257 3724 2309 rotun-

2068 2335 2208 2389 dum
2244 2335 2517 2407 superius
2548 2338 2605 2391 b.
2640 2337 2972 2393 Secundum
3007 2332 3248 2410 passum
3280 2343 3434 2397 retro
3459 2340 3519 2396 in
3551 2359 3725 2414 grave

2068 2423 2132 2477 T.
2167 2440 2609 2495 synemmenon,
2668 2426 2821 2496 quod
2886 2426 3365 2499 subjungendum
3426 2433 3517 2485 est
3574 2429 3725 2488 inter

2067 2528 2244 2582 grave
2275 2518 2342 2568 A.
2379 2518 2435 2569 et
2464 2530 2636 2585 gravo
2662 2514 2724 2568 B.
2753 2518 2809 2569 et
2841 2514 3007 2570 ﬁnita
3036 2519 3144 2570 est.

312 2828 2226 2860 Μ

998 2945 1626 3061 ΟΤΚΙΞΙΗ
1731 2951 1826 3056 Β
1857 2950 2564 3063 ATISBON
2589 2950 3054 3063 ENSIS

1456 3141 1811 3204 MONACHI
1854 3143 2156 3204 JETATIS
2200 3143 2565 3204 INCERTIE

861 3274 1463 3370 MENSURA
1542 3274 2584 3384 QUADRIPARTIT/E
2664 3275 3165 3371 FIGURAE

1374 3452 1483 3515 Ea:
1519 3451 1647 3513 cad.
1677 3451 2279 3516 Benedicto-Duram
2317 3472 2449 3516 saec.
2481 3470 2595 3516 x11.

379 3690 1087 3763 QuidamRatisbonensis
1104 3692 1425 3748 monachus
1450 3692 1684 3749 nomine
1704 3692 1954 3748 Otkerus
1986 3694 2028 3762 Ο
2065 3696 2251 3747 tinam
2284 3696 2505 3764 partem
2533 3692 2749 3763 deputa
2796 3682 3052 3750 ‘Deutero
3109 3697 3167 3750 et
3219 3695 3344 3765 ejus
3392 3695 3717 3770 subjugali,

310 3783 609 3842 adinvenit
638 3783 792 3838 hanc
824 3794 1163 3839 mensuram
1195 3781 1707 3853 quadripartitam,
1742 3786 1801 3837 et
1850 3798 1957 3836 no-

310 3872 554 3929 minavit
583 3886 713 3927 eam
745 3869 1031 3927 Theorema
1062 3875 1359 3941 troporum,
1388 3871 1548 3941 quod
1601 3870 1792 3925 dicere
1824 3887 1955 3941 pos-

311 3976 521 4019 sumus
548 3960 790 4016 cribrum
813 3958 1168 4016 Monachordz‘.
1201 3960 1344 4016 Nam
1373 3958 1431 4014 in
1464 3977 1532 4015 ea
1549 3958 1710 4014 vides
1739 3962 1953 4030 aperte,

310 4049 604 4123 quomodo
633 4047 984 4105 conveniunt
1008 4065 1213 4105 omnes
1243 4064 1449 4121 graves
1479 4053 1537 4104 et
1565 4063 1768 4103 omnes
1810 4047 1954 4102 ﬁna-

2067 3780 2176 3836 hoc
2205 3785 2295 3836 est
2319 3781 2488 3835 tertio
2510 3784 2645 3837 tono
2668 3785 2724 3836 et
2744 3786 2972 3853 quarto.
2996 3781 3294 3853 Ultimam,
3321 3783 3377 3839 id
3401 3788 3511 3856 est,
3534 3785 3719 3842 imam

2068 3873 2293 3940 partem
2326 3869 2425 3923 .da
2456 3868 2635 3925 Protea
2694 3874 2750 3926 et
2802 3870 2930 3940 ejus
2988 3870 3235 3937 laterali,
3269 3871 3329 3928 id
3386 3876 3477 3929 est
3524 3873 3720 3945 primo

2065 3962 2202 4013 tono
2233 3960 2291 4012 et
2317 3958 2595 4013 secundo.
2630 3959 2885 4014 Summae
2941 3960 3112 4030 parti,
3148 3975 3275 4030 quae
3312 3964 3402 4016 est
3449 3961 3721 4018 Tetrardi

2066 4047 2141 4101 da
2168 4062 2376 4102 nomen
2411 4048 2521 4102 TE.
2558 4051 2691 4102 ante
2713 4047 3050 4120 penultimas
3073 4049 3225 4119 parti
3254 4049 3329 4104 da
3359 4065 3570 4106 nomen
3598 4052 3717 4107 TR.

309 4139 415 4206 les,
447 4142 505 4194 et
532 4153 736 4195 omnes
765 4138 1117 4210 superiores,
1150 4155 1216 4193 ac
1247 4152 1451 4193 omnes
1481 4134 1827 4191 excellentes
1853 4153 1865 4190 :
1899 4140 1956 4191 et
2065 4134 2399 4207 penultimas
2428 4136 2581 4208 parti
2610 4137 2686 4192 da
2718 4153 2931 4193 nomen
2963 4137 3076 4192 DE.
3109 4136 3329 4193 ultima:
3354 4138 3505 4210 parti
3524 4138 3603 4196 da
3621 4156 3721 4197 no-

310 4226 488 4284 simul
514 4226 676 4283 vides
707 4243 908 4284 omnes
961 4226 1184 4299 species
1223 4226 1585 4282 diatessaron
1640 4227 1698 4279 et
1748 4240 1953 4280 omnes
2063 4240 2197 4280 men
2228 4224 2339 4279 PR.

310 4316 533 4389 species
563 4315 855 4390 diapente,
886 4320 944 4373 et
973 4331 1256 4388 quorsum
1289 4330 1498 4368 cursus
1543 4312 1619 4367 sit
1666 4313 1951 4384 cujusque

306 4405 429 4462 toni
461 4422 667 4463 susum
696 4404 783 4462 vel
807 4407 1035 4477 jusum.
1071 4405 1257 4468 Quam
1287 4416 1626 4458 mensuram
1660 4401 1744 4455 sic
1773 4401 1950 4458 debes

305 4494 631 4567 disponere.

373 4584 589 4641 Partito
614 4600 798 4639 unum
826 4583 982 4639 latus
1012 4578 1391 4637 monochordi
1424 4578 1483 4633 in
1533 4582 1787 4650 quatuor
1818 4596 1948 4651 par-

300 4675 409 4741 tes,
442 4673 640 4746 spacio
663 4689 843 4745 supra
861 4671 949 4729 vel
990 4670 1144 4725 infra
1165 4669 1237 4724 ad
1260 4667 1414 4723 latus
1449 4666 1623 4722 unius
1641 4667 1840 4736 culmi,
1865 4686 1949 4724 re-

299 4759 455 4830 licto,
487 4762 547 4817 in
578 4778 694 4834 quo
725 4760 1006 4830 utrinque
1037 4756 1259 4812 litteras
1280 4771 1567 4812 mensurae
1591 4755 1780 4828 possis
1803 4758 1945 4814 scri-

299 4849 454 4906 bere.
478 4851 549 4906 Et
575 4851 658 4906 ita
687 4865 802 4904 uno
821 4847 1001 4902 latere
1018 4843 1443 4917 quadrifariam
1466 4844 1650 4901 diviso
1668 4861 1946 4902 mensura

295 4935 452 4994 latus
482 4936 823 5000 Guidonice,
855 4938 913 4990 et
966 4933 1199 5005 punctis
1226 4931 1286 4987 in
1339 4949 1574 4989 summa
1628 4933 1780 4990 linea
1809 4951 1943 4990 cum

2134 4313 2406 4369 Mensura
2434 4313 2756 4371 Guidonice
2786 4316 2954 4384 facta,
2988 4319 3045 4371 et
3081 4316 3316 4387 punctis
3376 4331 3633 4389 superne
3662 4321 3723 4374 et

2061 4401 2213 4457 infra
2243 4418 2376 4457 cum
2405 4401 2618 4459 litteris
2649 4403 2872 4475 positis,
2897 4408 3039 4459 tunc
3064 4420 3215 4475 pone
3230 4403 3493 4477 regulam
3518 4410 3718 4462 trans-

2057 4490 2272 4546 versim
2304 4508 2337 4547 a
2369 4495 2587 4564 puncto
2621 4491 2677 4546 in
2711 4495 2992 4564 punctum
3025 4496 3082 4547 et
3113 4493 3436 4548 secundum
3454 4491 3577 4549 haec
3600 4511 3724 4550 mo-

2059 4595 2406 4652 nogramma
2426 4580 2617 4637 incide
2634 4579 2926 4652 incipiens
2948 4596 2982 4635 a
3002 4582 3064 4636 G.
3098 4585 3157 4636 et
3174 4597 3353 4652 quam
3378 4588 3606 4653 partem
3628 4584 3725 4640 de-

2058 4669 2196 4723 beas
2227 4668 2503 4737 incidere,
2537 4670 2705 4724 docet
2726 4672 2781 4724 te
2804 4668 2898 4724 hic
2920 4672 3125 4724 cantus
3157 4669 3269 4725 TE.
3304 4669 3422 4725 TR.
3455 4670 3570 4727 TE.
3597 4670 3718 4726 TR.

2058 4757 2164 4812 SY.
2198 4757 2257 4812 id
2290 4762 2399 4822 est,
2431 4773 2870 4829 synommenon.
2905 4758 3015 4813 TE.
3040 4756 3153 4813 DE.
3174 4756 3277 4814 SE.
3309 4756 3369 4813 id
3399 4761 3513 4825 est,
3533 4760 3718 4816 semi-

2056 4843 2306 4900 tonium.
2349 4846 2455 4902 TE.
2490 4846 2607 4901 TR.
2639 4846 2748 4902 TE.
2784 4847 2892 4902 DE.
2946 4846 3060 4906 PR.
3108 4846 3221 4900 TE.
3272 4846 3387 4901 TR.
3435 4845 3547 4902 DE.
3601 4847 3717 4903 PR.

2053 4934 2163 4991 TE.
2197 4934 2314 4990 TR.
2349 4934 2459 4989 PR.
2493 4935 2604 4989 TE.
2638 4934 2750 4990 DE.
2787 4935 2897 4991 PR.
2932 4936 3041 4990 TE.
3096 4934 3215 4990 TR.
3266 4934 3378 4991 DE.
3424 4935 3539 4995 ΡΒ..
3596 4936 3719 5005 TE.

298 5024 530 5093 litteris,
565 5029 623 5082 et
651 5026 712 5078 in
743 5022 863 5078 ima
890 5022 1044 5078 linea
1073 5021 1293 5077 eisdem
1345 5023 1578 5094 punctis
1627 5028 1684 5079 et
1733 5023 1944 5078 litteris
1980 5068 2019 5094 η
2052 5022 2167 5077 TR.
2202 5022 2313 5077 PR.
2346 5023 2455 5078 SY.
2487 5022 2597 5077 TE.
2651 5023 2762 5078 DE.
2812 5024 2925 5080 PR.
2975 5024 3080 5079 SE.
3128 5024 3241 5080 TE.
3291 5023 3406 5080 TR.
3454 5022 3567 5079 TE.
3600 5024 3715 5080 SY.

296 5114 530 5181 notatis,
555 5113 631 5167 da
649 5109 913 5181 singulas
930 5113 1123 5182 partes
1140 5108 1390 5183 singulis
1412 5110 1939 5167 authenticistonis
1973 5108 2020 5131 υ
2051 5111 2167 5166 'l‘R.
2204 5111 2317 5165 DE.
2352 5111 2463 5166 PR.
2498 5111 2602 5166 SE.
2634 5111 2749 5166 TR.
2803 5112 2905 5167 SE.
2939 5112 3050 5166 DE.
3099 5112 3211 5167 PR.
3269 5112 3380 5167 TE.
3430 5112 3547 5167 TR.
3601 5112 3711 5168 SE.

271 5205 352 5257 eet
380 5201 506 5258 suis
535 5196 886 5271 plagalibus,
919 5197 1141 5255 scilicet
1161 5215 1455 5254 summam
1481 5203 1705 5270 partem
1736 5199 1811 5253 da
1827 5200 1934 5253 Te-

292 5289 487 5345 trardo
518 5291 577 5344 et
603 5287 732 5359 ejus
760 5284 969 5360 plagis,
1004 5287 1111 5342 hoc
1140 5290 1229 5343 est
1258 5288 1507 5358 septimo
1565 5290 1700 5342 tono
1731 5290 1788 5341 et
1839 5303 1934 5341 oc-

288 5380 438 5433 tavo.
470 5377 616 5433 Ante
647 5374 1029 5448 penultimam
1064 5378 1287 5448 partem
1321 5375 1394 5428 da
1432 5373 1569 5428 trito
1601 5374 1934 5430 authentico

285 5471 344 5522 et
370 5469 499 5539 ejus
524 5464 833 5539 discipulo,
865 5464 924 5521 id
946 5468 1054 5533 est,
1084 5462 1290 5533 quinto
1306 5465 1443 5517 tono
1464 5464 1520 5516 et
1541 5461 1936 5518 sexto.Penul-

2050 5199 2162 5253 PR.
2195 5199 2304 5253 TE.
2341 5198 2452 5253 DE.
2488 5198 2595 5252 PR.
2628 5199 2740 5253 TE.
2774 5201 2887 5273 TR.
2932 5200 3045 5257 DE.
3088 5199 3201 5256 PR.
3256 5200 3367 5256 TE.
3417 5199 3536 5256 TR.
3589 5200 3706 5257 PR.

2046 5286 2148 5342 SE.
2183 5287 2296 5340 PR.
2331 5286 2448 5340 TR.
2482 5286 2594 5341 DE.
2629 5286 2740 5341 PR.
2777 5287 2892 5343 PR.

2045 5376 2209 5431 Tunc
2239 5372 2441 5429 metire
2472 5374 2543 5429 ab
2573 5376 2735 5447 gravi
2766 5378 2828 5432 A.
2856 5377 3003 5435 Triti
3030 5378 3102 5434 ad
3127 5377 3304 5433 ﬁnem
3336 5393 3545 5451 novem
3569 5393 3707 5450 pas-

2045 5479 2168 5529 sus,
2202 5465 2259 5517 et
2286 5461 2515 5533 primus
2542 5479 2755 5534 passus
2785 5483 2840 5538 γ.
2875 5484 2931 5539 y.
2967 5468 3046 5539 (l)

359 5616 434 5685 (1)
475 5615 693 5688 Caetera
750 5598 987 5688 desunt,
1051 5629 1177 5682 quae
1242 5609 1439 5666 omnia
1502 5610 1837 5669 distinctius
1911 5610 2297 5684 explanantur
2354 5610 2413 5666 in
2490 5611 2713 5669 Musica
2770 5619 2825 5672 S.
2890 5614 3188 5671 Wilbelmi
3264 5584 3706 5688 Hirsaugiensis

298 5699 475 5754 quam
532 5685 686 5742 infra
741 5684 1033 5741 dabimus.
