3894 6214
134 363 250 428 693

944 363 1150 432 CIVIS
1196 365 1602 431 SPIRENSIS
1644 367 2030 432 EPISTULA
2070 370 2172 433 AD
2217 372 2761 472 HERIBERTUQI.

3431 375 3550 434 694

137 526 3549 567 W

971 642 1918 738 MONOCHORDUM
1973 651 2721 739 ENCHERIADIS

281 821 529 893 (Edidit.
567 821 637 877 D.
671 821 1014 890 RAVAISSON,
1047 823 1308 895 Rapports
1336 838 1432 878 sur
1461 824 1536 880 (es
1569 824 1927 896 biblothéques
1954 827 2042 882 des
2071 827 2464 899 ddpartements
2493 830 2557 885 de
2589 829 2808 898 l’Ouest,
2840 829 3128 901 Append.,
3161 845 3218 901 p.
3252 828 3402 899 370.)

1642 981 2052 998 ᾗ

195 1078 670 1135 Monochordum
720 1077 1096 1135 Encheriadis
1145 1081 1373 1136 constat
1413 1078 1473 1134 in
1504 1079 1549 1136 X
1578 1084 1635 1134 et
1660 1079 1785 1136 VIII
1812 1082 1866 1150 Α
1897 1082 2140 1154 ipsoque
2173 1084 2498 1141 meditullio
2544 1085 2783 1141 terciam
2817 1084 3070 1140 mediam
3103 1083 3410 1140 constitue.
3445 1085 3552 1140 De-

130 1168 333 1234 cordis,
368 1183 441 1224 ex
490 1171 750 1240 quatuor
791 1167 1057 1224 videlicet
1105 1168 1378 1241 gravibus
1436 1172 1494 1224 et
1542 1173 1792 1240 quatuor

130 1257 404 1314 ﬁnalibus
439 1259 819 1329 quatuorque
853 1256 1061 1313 mediis
1094 1273 1159 1312 ac
1195 1255 1434 1313 totidem
1467 1254 1793 1313 excellenti-

130 1347 253 1413 bus,
280 1346 590 1417 adjunctis
623 1346 853 1401 duabus
898 1344 1528 1417 superexcellentibus;
1561 1362 1794 1416 compo-

129 1437 345 1489 nuntur
370 1450 444 1490 ex
468 1437 618 1489 tono
640 1437 697 1489 et
715 1434 1024 1490 semitonio
1047 1435 1394 1506 duobusque
1413 1435 1587 1490 tonis.
1610 1435 1795 1504 Hujus

127 1528 317 1578 autem
351 1523 710 1578 monocordi
745 1522 988 1595 particio
1021 1522 1102 1578 sic
1136 1523 1485 1594 disponitur.

189 1612 460 1667 Primum
486 1615 678 1667 totam
701 1610 964 1666 tabulam
988 1627 1091 1684 per
1111 1615 1363 1682 quatuor
1378 1611 1572 1666 divide
1594 1611 1795 1666 sectio-

117 1715 516 1771 nes,quarum
554 1701 747 1772 prima
764 1700 821 1753 in
847 1699 1086 1754 sinistra
1107 1700 1356 1771 magoda
1379 1700 1577 1771 primae
1600 1698 1794 1770 gravis

117 1789 350 1844 nomine
371 1787 966 1845 tituLatur.Secunda
986 1793 1196 1859 quarta
1216 1789 1409 1859 gravis
1436 1787 1789 1843 nominatur.

119 1878 314 1934 Tercia
360 1882 580 1933 autem
615 1880 824 1950 quarta
855 1877 1048 1932 ﬁnalis
1089 1877 1321 1932 dicitur.
1344 1878 1415 1931 Et
1440 1881 1649 1946 quarta
1677 1880 1794 1930 ter-

121 1966 211 2023 cize
242 1966 603 2022 excellentis
631 1965 913 2021 vocabulo
943 1964 1140 2038 pollet.
1167 1966 1380 2020 Iterum
1409 1965 1672 2020 eamdem
1701 1968 1792 2018 ta-

120 2056 317 2112 bulam
351 2055 415 2110 in
451 2071 674 2110 novem
707 2054 1276 2125 divide,nonamque
1296 2057 1523 2126 partem
1553 2052 1611 2106 in
1645 2051 1791 2106 sini-

122 2148 237 2200 stra
281 2148 549 2217 protono
581 2143 892 2198 constitue.
925 2144 1114 2213 Atque
1152 2140 1282 2213 ipsa
1330 2141 1506 2196 corda
1535 2140 1792 2196 secunda

123 2233 312 2306 gravis
365 2236 639 2288 vocatur.
701 2229 920 2286 Deinde
971 2249 1006 2286 a
1052 2231 1250 2285 dextra
1303 2230 1553 2302 magoda
1605 2244 1792 2299 usque

125 2326 357 2393 qurtam
413 2337 658 2394 gravem
704 2321 764 2374 in
796 2319 922 2374 VIII
968 2319 1182 2388 divide,
1215 2334 1547 2390 nonamque
1595 2318 1791 2372 inante

125 2414 460 2482 porrectam
500 2425 602 2481 pro
633 2408 810 2464 tercia
857 2407 1016 2479 gravi
1058 2407 1274 2478 accipe.
1312 2408 1453 2462 Item
1501 2423 1688 2478 usque
1717 2405 1790 2463 ad

128 2501 398 2556 eamdem
434 2502 709 2572 quartam
740 2512 974 2568 gravem
1007 2513 1109 2568 per
1139 2496 1208 2551 IX
1239 2496 1516 2550 metiaris.
1543 2499 1610 2548 Et
1641 2512 1793 2550 nona

127 2605 260 2660 pars
293 2587 410 2644 erit
442 2587 636 2660 prima
674 2586 849 2641 corda
878 2585 1092 2650 finalis,
1117 2601 1303 2652 usque
1334 2585 1523 2656 ipsam
1555 2582 1790 2639 ﬁnalem

126 2692 225 2748 per
247 2680 326 2731 IX
361 2675 683 2731 metiendo.
709 2673 992 2730 Faciendo
1015 2673 1186 2728 faciet
1216 2689 1370 2727 nona
1399 2689 1534 2744 pars
1566 2673 1612 2728 lI
1645 2674 1792 2728 ﬁna-

128 2763 242 2819 lem
275 2764 338 2820 in
374 2762 713 2820 semitonio.
733 2761 872 2818 Inde
895 2777 1081 2833 usque
1107 2761 1500 2832 supradictam
1522 2765 1791 2832 quartam

125 2853 372 2908 ﬁnalem
390 2851 526 2906 VIII
545 2855 740 2921 partes
761 2850 1097 2920 disponens,
1115 2866 1270 2904 nona
1290 2849 1348 2903 in
1367 2853 1499 2904 ante
1521 2855 1795 2920 protensa

129 2939 402 2997 ostendit
434 2938 511 2992 III
540 2935 797 2992 ﬁnalem.
821 2937 949 2991 Mox
983 2937 1157 2992 etiam
1201 2937 1269 2990 ad
1303 2936 1491 3010 ipsam
1523 2943 1794 3008 quartam

130 3027 382 3084 ﬁnalem
433 3041 534 3096 per
579 3025 657 3079 IX
703 3023 990 3094 partieris,
1023 3040 1292 3095 nonaque
1349 3042 1484 3095 pars
1542 3026 1794 3097 primam

133 3115 402 3171 mediam
428 3111 871 3169 demonstrabit.
888 3112 1031 3166 Hinc
1051 3127 1239 3182 usque
1259 3114 1510 3184 primam
1543 3114 1794 3168 mediam

134 3223 232 3277 per
265 3204 340 3259 IX
373 3202 590 3269 divide,
617 3205 672 3256 et
705 3217 860 3256 nona
899 3216 1034 3270 pars
1066 3200 1280 3270 pandet
1320 3201 1638 3255 secundam
1676 3217 1795 3256 me-

134 3293 293 3346 diam
329 3291 392 3346 in
428 3289 763 3347 semitonio.
788 3288 959 3343 Retro
981 3305 1013 3341 a
1042 3291 1252 3357 quarta
1281 3286 1436 3340 ﬁnali
1467 3303 1654 3358 usque
1685 3292 1795 3343 ter-

1905 1170 2040 1226 hinc
2065 1190 2250 1244 usque
2270 1174 2340 1228 ad
2365 1174 2548 1243 ipsam
2574 1174 2815 1230 terciam
2835 1174 3089 1230 mediam
3108 1190 3212 1246 per
3229 1175 3305 1230 IX
3328 1175 3552 1241 metire,

1905 1277 2239 1332 nonamque
2263 1265 2483 1333 partem
2508 1279 2610 1333 pro
2633 1268 2842 1334 quarta
2874 1262 3066 1318 media
3088 1279 3256 1335 pone,
3281 1267 3337 1316 et
3368 1277 3555 1334 usque

1906 1353 2175 1419 quartam
2209 1349 2460 1405 mediam
2505 1367 2606 1422 per
2640 1351 2707 1405 IX
2737 1350 3068 1416 dividendo,
3105 1351 3164 1405 in
3195 1367 3350 1406 nona
3393 1355 3558 1422 parte

1906 1436 2152 1509 primam
2177 1437 2552 1493 excellentem
2575 1439 2934 1494 constituito.
2956 1439 3201 1510 Insuper
3223 1440 3412 1510 ipsum
3438 1438 3556 1510 pri-

1905 1541 2062 1581 mam
2109 1524 2482 1581 excellentem
2531 1543 2633 1597 per
2664 1531 2743 1580 1X
2775 1526 3064 1597 partieris,
3099 1527 3156 1580 in
3192 1531 3352 1597 parte
3403 1543 3558 1580 nona

1903 1614 2002 1669 fiet
2031 1614 2288 1668 secunda
2313 1612 2620 1670 excellens.
2645 1613 2840 1684 Usque
2870 1614 3108 1669 terciam
3132 1629 3265 1669 vero
3288 1613 3554 1686 supradi-

1904 1707 2058 1757 ctam
2092 1719 2193 1772 per
2221 1703 2290 1756 IX
2321 1702 2590 1769 metiens,
2616 1719 2771 1757 nona
2822 1719 2955 1774 pars
3001 1702 3353 1758 monstrabit
3379 1719 3554 1773 quar-

1902 1795 2023 1845 tam
2057 1789 2450 1846 excellentem.
2484 1791 2592 1846 Per
2636 1807 2840 1845 novem
2890 1789 2980 1845 bis
3029 1789 3373 1862 multiplica,
3409 1794 3466 1845 et
3496 1790 3554 1846 in

1904 1880 2018 1934 fine
2049 1878 2289 1934 ultimos
2329 1877 2673 1934 excellentes
2717 1877 3046 1951 multiplica
3078 1896 3090 1933 ε
3125 1878 3315 1950 prima
3341 1879 3554 1950 gravis,

1902 1967 2162 2022 secunda
2189 1967 2405 2038 gravis,
2424 1967 2604 2036 tercia
2631 1968 2845 2040 gravis,
2867 1971 3075 2039 quarta
3113 1967 3336 2038 gravis;
3368 1967 3559 2039 prima

1903 2053 2118 2119 ﬁnalis,
2151 2056 2410 2110 secunda
2453 2055 2669 2121 finalis,
2702 2055 2884 2113 tercia
2923 2055 3136 2122 ﬁnalis,
3173 2059 3382 2126 quarta
3412 2056 3556 2110 ﬁna-

1901 2142 2004 2210 Iis;
2056 2143 2246 2213 prima
2302 2144 2516 2210 media,
2552 2145 2810 2198 secunda
2865 2143 3078 2210 media,
3111 2143 3293 2199 tercia
3339 2143 3555 2212 media,

1902 2236 2111 2302 quarta
2140 2229 2352 2297 media,
2385 2232 2576 2303 prima
2616 2230 2926 2299 excellens,
2959 2231 3217 2287 secunda
3245 2230 3553 2296 excellens,

1899 2320 2072 2374 tertia
2098 2319 2403 2386 excellens,
2437 2323 2646 2390 quarta
2684 2318 2992 2386 excellens,
3027 2317 3554 2390 superexcellentes

1899 2407 2048 2463 dum.
2085 2408 2278 2462 Prima
2309 2407 2503 2463 ﬁnalis
2534 2406 2816 2462 inclinum
2847 2407 2904 2461 S.
2939 2407 3009 2461 ad
3044 2409 3220 2478 caput
3251 2406 3334 2461 ita
3361 2408 3430 2474 S;
3463 2422 3553 2461 se-

1900 2497 2092 2551 cunda
2121 2495 2315 2552 ﬁnalis
2347 2497 2622 2551 Eversum
2672 2496 2743 2549 ad
2792 2499 2968 2566 caput
2996 2493 3077 2550 ita
3105 2495 3181 2556 E;
3212 2495 3390 2551 tercia
3439 2494 3556 2550 iota

1901 2583 2151 2657 simplex
2193 2589 2250 2639 et
2300 2583 2583 2639 inclinum
2617 2584 2695 2638 ita
2721 2583 2774 2644 I;
2806 2586 3016 2654 quarta
3046 2581 3240 2639 ﬁnalis
3291 2583 3331 2638 E
3380 2583 3552 2638 dimi-

1901 2673 2064 2729 dium
2097 2673 2169 2727 ad
2202 2677 2376 2744 caput
2397 2672 2476 2727 ita
2496 2674 2556 2726 E.
2584 2671 2798 2727 Graves
2820 2670 3125 2726 retroversi
3154 2669 3358 2726 finales
3378 2671 3552 2726 ita....

1903 2761 2242 2832 Superiores
2268 2761 2510 2817 demissi
2543 2761 2733 2833 capita
2756 2760 2959 2816 ﬁnales
2980 2759 3172 2814 ita.....
3197 2757 3556 2814 Excellentes

1904 2851 2144 2906 demissi
2176 2851 2367 2922 capita
2413 2865 2616 2922 graves
2661 2850 2903 2919 ita......,
2935 2852 3169 2920 excepto
3198 2846 3334 2903 trito
3364 2846 3465 2918 qui
3495 2834 3555 2902 in

1903 2938 2178 3009 gravibus
2219 2944 2415 2994 notam
2464 2938 2640 2994 habet
2686 2938 2753 3005 Η,
2787 2936 3093 2993 inclinum.
3130 2936 3192 2990 In
3240 2934 3553 3008 superiori-

1904 3028 2015 3081 bus
2046 3027 2090 3082 H
2137 3043 2370 3082 versum
2431 3031 2489 3082 et
2544 3024 2989 3081 inclinum.......
3025 3025 3085 3079 in
3139 3023 3556 3080 excellentibus

1905 3113 2026 3169 iota
2058 3115 2342 3185 perfixum
2379 3120 2405 3177 τι
2443 3119 2566 3168 Duo
2597 3113 2816 3168 residui
2863 3113 3030 3182 signa
3060 3111 3278 3167 habent
3300 3111 3555 3182 jacentis

1908 3201 2058 3273 proti
2088 3206 2144 3256 et
2173 3201 2418 3256 deuteri.
2453 3202 2598 3256 Sunt
2633 3216 2836 3256 omnes
2866 3199 3108 3265 XXVIII,
3143 3215 3256 3271 quo
3288 3198 3559 3253 videlicet

1910 3289 2125 3360 singuli
2157 3294 2474 3344 extremam
2505 3305 2674 3343 suam
2714 3285 3124 3358 symphoniam
3155 3285 3466 3357 attingant,
3497 3287 3558 3340 id

134 3381 278 3435 tiam
301 3381 433 3451 jam
457 3379 673 3434 dictam
699 3375 1070 3431 excellentem
1097 3390 1198 3446 per
1220 3374 1477 3430 medium
1503 3375 1711 3450 divide,
1736 3376 1794 3430 in
1828 3377 1871 3443 C
1909 3380 1998 3432 est
2028 3377 2128 3430 XV
2159 3393 2391 3432 sonum.

2932 3521 3485 3534 m—‘w

1637 3641 1816 3686 CIRCA
1858 3643 1965 3688 AN.
2011 3643 2080 3686 Μ.
2457 3657 2464 3662 ’

883 3803 1057 3928 Δ.
1155 3799 1682 3932 αινιε
1777 3797 2820 3931 εΡιιιΕΝειε

1447 4035 2245 4171 EPISTOLA

834 4267 933 4327 AD
999 4263 1506 4326 HERIBERTUM
1570 4263 2119 4326 COLONIENSEM
2192 4265 2883 4328 ARCHIEPISCOPUM

1070 4421 1365 4484 Adversus
1389 4439 1802 4502 praepropera
1823 4437 2204 4502 peccatorum
2242 4421 2639 4484 absolutiones.

1225 4579 1463 4651 (Edidit.
1495 4579 1754 4637 Manum.
1786 4579 1976 4652 Amp].
2011 4579 2246 4637 Collect.
2282 4580 2326 4652 Ι,
2357 4581 2508 4652 357.)

227 4844 618 4902 Nobilissimaa
657 4841 812 4900 sedis
859 4838 1296 4912 archiepiscopo
1339 4836 1609 4895 nobiliori
1639 4837 1706 4893 H.
1742 4839 1806 4894 A.
1841 4845 1888 4912 Ι)
1920 4838 2105 4894 tinere
2134 4835 2486 4909 intelligunt,
2516 4852 2730 4892 manus
2759 4851 2998 4892 sursum
3029 4834 3218 4891 levare
3248 4838 3306 4891 et
3335 4839 3572 4908 peccata

163 4931 488 5007 inquilinus
518 4931 659 4988 civis
689 4948 758 4987 ex
785 4931 928 4987 urbe
957 4929 1138 5002 Spirae
1177 4943 1475 4984 summam
1519 4925 1812 4984 felicitatis

167 5026 385 5080 eterna
416 5022 515 5094 (1).

231 5110 375 5168 Novi
404 5109 692 5182 quosdam
717 5107 891 5164 vestri
913 5105 1158 5172 ordinis,
1177 5109 1233 5161 et
1263 5103 1499 5177 quidem
1522 5105 1668 5161 satis
1690 5122 1817 5178 pro-

168 5197 267 5257 bos
299 5205 478 5271 atque
526 5197 810 5265 eruditos,
843 5195 943 5267 qui
975 5193 1206 5266 quoties
1262 5192 1322 5248 in
1378 5192 1637 5249 ecclesiis
1693 5194 1816 5249 suis

169 5287 378 5361 populo
411 5287 515 5344 Dei
543 5286 805 5343 triticum
835 5282 1138 5356 spirituale
1168 5281 1553 5350 distribuunt,
1575 5281 1817 5355 expletis

170 5376 443 5433 omnibus
476 5391 602 5447 quae
633 5375 704 5431 ad
731 5374 988 5431 fructum
1019 5373 1232 5427 sanctae
1264 5370 1663 5428 aedificationis
1695 5387 1819 5443 per-

238 5520 314 5589 (I)
338 5517 497 5574 Hanc
517 5515 825 5590 epistolam
837 5511 1332 5590 in_vet_ustissimo_
1351 5513 1548 5570 codice
1560 5513 1820 5590 _Tui_ticn-

175 5584 257 5648 sis
271 5584 613 5648 monasterii
631 5603 809 5661 prope
827 5584 1128 5644 Coloniam
1151 5584 1476 5656 reperimus
1509 5585 1580 5642 ad
1604 5585 1819 5643 calcem

1922 4943 2029 4983 sua
2060 4925 2318 4981 conﬁteri
2361 4924 2592 4995 jubent,
2618 4940 2734 4997 quo
2765 4925 2936 4993 facto,
2970 4924 3277 4980 confestim
3331 4923 3572 4981 absolu-

1921 5015 2137 5072 tionem
2161 5017 2218 5070 et
2234 5012 2635 5070 remissionem
2657 5030 2860 5070 eorum
2875 5014 3142 5070 omnium
3163 5013 3281 5070 illis
3302 5013 3573 5070 tribuunt

1922 5108 2085 5159 tanta
2115 5101 2646 5174 facilitate,quanta
2679 5103 2921 5159 forsitan
2951 5103 3021 5160 de
3052 5102 3302 5176 pecunia
3339 5101 3575 5175 propria

1924 5191 2125 5250 obolos
2156 5195 2271 5247 tres
2304 5190 2524 5248 nollent
2554 5191 2763 5265 cuique
2794 5192 3072 5249 relaxare.
3096 5193 3213 5248 Hoc
3242 5192 3442 5263 itaque
3472 5205 3575 5243 au-

1925 5283 2172 5350 dientes,
2211 5279 2477 5338 nonnulli
2528 5280 2798 5350 fratrum,
2823 5282 2922 5354 qui
2972 5298 3042 5338 ex
3089 5280 3286 5337 divino
3336 5290 3578 5332 munere

1927 5370 2290 5443 aliquantam
2322 5386 2499 5426 sacras
2529 5370 2836 5443 Scriptura:
2878 5369 3214 5426 facultatem
3254 5365 3490 5432 habent,
3523 5365 3581 5418 et

1928 5513 2070 5593 Vitae
2102 5513 2162 5567 S.
2195 5511 2505 5580 Heriberti,
2538 5513 2629 5566 cui
2675 5512 2917 5584 proinde
2948 5511 3227 5581 scriptam
3271 5497 3575 5563 existima-

1929 5599 2142 5640 Vimus.
