3894 6214
299 394 417 456 695

1024 394 1211 497 SE9.
1255 393 1341 457 XI
1383 393 1618 457 AUCT.
1664 392 2218 455 INCERTIVANNI
2262 394 2365 455 ET
2406 395 2712 459 SCRIPT.
2756 406 2982 457 manu.

299 534 500 588 tamen
530 530 768 602 propter
812 529 1195 584 reverentiam
1249 527 1485 600 obloqui
1518 525 1661 582 nihil
1709 526 1947 592 audent,
1976 526 2033 594 Α
2060 525 2335 582 existunt.
2353 526 2556 586 Nonne
2575 529 2686 587 hoc
2706 534 2797 589 est
2815 532 2971 603 quod
2990 532 3063 591 de
3084 531 3395 593 fallacibus
3408 536 3714 611 prophsﬁs

295 621 671 677 vehementer
715 617 1206 683 scandalizantur,
1240 618 1493 672 scientes
1540 632 1658 670 rem
1711 631 1952 687 prorsus

294 708 563 765 illicitam
593 707 742 776 ﬁeri,
767 724 894 779 qua
926 706 1089 762 nulla
1118 710 1454 762 sanctorum
1485 705 1719 759 Patrum
1754 707 1951 758 aucto-

291 797 464 855 ritate
495 797 683 870 possit
711 796 965 861 defendi,
994 799 1050 850 et
1079 795 1149 850 ad
1181 793 1634 848 internecionem
1669 792 1950 864 imperite

291 884 693 944 multitudinis
720 883 966 956 laqueus
988 881 1311 937 diabolicus
1343 881 1438 946 sit,
1468 879 1859 937 existimantis
1890 897 1951 935 se

289 991 397 1032 nec
426 972 792 1031 confessione
823 976 1024 1044 postea
1071 970 1354 1042 indigere,
1390 970 1489 1024 sed
1523 969 1722 1024 omnia
1755 969 1948 1024 crimi-

222 1122 241 1129 _
292 1083 369 1123 na
388 1082 498 1121 sua
519 1068 800 1135 tanquam
825 1061 1016 1116 denuo
1038 1058 1374 1131 baptizatis,
1400 1058 1648 1113 dimissa
1667 1057 1777 1114 sibi
1800 1075 1948 1126 esse,

291 1157 644 1226 acceptaque
675 1151 784 1205 hac
830 1148 1128 1204 mortifera
1174 1147 1509 1215 securitate,
1544 1164 1658 1202 non
1691 1146 1952 1219 pericula

291 1243 624 1299 animarum
655 1255 900 1295 suarum
932 1237 1261 1305 incurrunt,
1285 1240 1345 1291 et
1365 1236 1575 1292 iterare
1600 1236 1821 1310 ﬂagitia
1842 1254 1951 1292 sua

287 1329 376 1387 vel
406 1330 676 1403 graviora
695 1327 908 1384 addere
941 1344 1044 1400 pro
1078 1325 1264 1383 nihilo
1290 1325 1514 1380 ducunt
1539 1342 1551 1381 :
1578 1326 1792 1398 quippe
1818 1341 1946 1396 quzs

285 1419 501 1477 iterum
528 1422 704 1491 atque
725 1417 937 1473 iterum
960 1419 1080 1472 tam
1108 1414 1275 1471 facile
1298 1413 1657 1487 ignoscenda
1682 1414 1795 1470 sibi
1819 1431 1946 1471 esse

284 1508 607 1567 conﬁdunt.

352 1598 531 1653 Vides
563 1597 779 1668 itaque,
806 1593 1042 1650 domine
1086 1592 1189 1659 mi,
1214 1608 1391 1664 quam
1446 1592 1562 1647 late
1610 1594 1807 1663 pateat
1837 1591 1944 1647 hoc

284 1685 531 1754 malum,
547 1685 704 1758 quod
727 1681 1039 1750 nefarium,
1057 1682 1210 1754 quod
1235 1680 1473 1753 plenum
1498 1679 1871 1751 blasphemiae
1890 1683 1946 1735 et

283 1774 523 1834 omnino
545 1773 815 1830 illicitum
836 1787 965 1828 esse
988 1768 1317 1843 evangelica
1332 1769 1473 1824 tuba
1489 1768 1941 1836 intonante,toto

2060 631 2165 687 per
2188 616 2532 689 prophetam
2554 636 2728 675 suum
2752 621 3038 678 Dominus
3068 625 3448 697 conqueritur
3466 627 3708 686 dicens:

2061 706 2400 775 Mortiﬁcant
2427 709 2643 764 animas
2673 726 2792 781 qua:
2835 727 2946 766 non
2989 715 3325 783 moriuntur,
3356 722 3411 772 et
3432 718 3718 789 viviﬁcant

2060 796 2279 848 animas
2310 811 2435 865 quae
2462 812 2568 851 non
2621 801 2831 853 vivunt.
2866 800 2988 865 Quo
3017 818 3153 874 ergo
3200 803 3403 861 ordine
3450 810 3711 877 potestas

2059 880 2174 937 ista
2203 883 2601 939 administrari
2634 886 2861 955 debeat,
2885 905 2987 960 per
3016 890 3359 963 prophetam
3386 892 3570 951 alium
3601 897 3716 952 evi-

2060 970 2264 1026 denter
2295 974 2635 1044 pronuntiat
2668 992 2680 1030 :
2727 976 3099 1045 Probatorem,
3143 980 3355 1053 inquit,
3386 983 3513 1040 dedi
3556 988 3610 1041 te
3648 988 3712 1042 iu

2052 1060 2256 1131 populo
2284 1077 2401 1116 meo
2432 1064 2733 1133 robustum,
2760 1070 2811 1120 et
2830 1068 2962 1122 scies
2994 1070 3043 1124 et
3067 1070 3325 1141 probabis
3352 1073 3473 1128 vias
3499 1089 3709 1132 eorum.

2059 1147 2347 1204 Probandi
2379 1151 2582 1223 utique
2614 1157 2752 1209 sunt
2782 1171 3021 1228 gressus
3051 1157 3712 1234 singulorum,qualiter

2056 1236 2405 1294 incesserint
2420 1241 2687 1312 perviam
2709 1250 3027 1311 morum,et
3048 1250 3362 1320 antequam
3378 1251 3711 1324 proferatur

2055 1324 2383 1382 humanum
2404 1329 2718 1400 judicium,
2736 1348 3017 1404 quorsum
3038 1340 3237 1410 vergat
3255 1337 3456 1395 divina
3474 1344 3706 1399 senten-

2052 1413 2136 1471 tia
2154 1414 2463 1488 vigilanter
2482 1417 2834 1476 intuendum
2858 1426 2966 1477 est.
2988 1422 3251 1497 Denique
3272 1426 3523 1486 Lazarus
3543 1430 3709 1503 prius

2052 1506 2142 1559 est
2163 1521 2196 1560 a
2216 1505 2459 1562 Domino
2480 1506 2825 1579 viviﬁcatus,
2843 1514 2899 1566 et
2916 1515 3119 1583 postea
3149 1531 3183 1569 a
3210 1514 3518 1591 discipulis
3541 1518 3706 1576 solu-

2051 1595 2176 1659 tus;
2198 1609 2372 1664 quem
2396 1593 2446 1651 si
2468 1599 2601 1652 ante
2621 1613 2819 1654 vocem
2840 1599 3076 1656 Domini
3100 1602 3432 1676 solvissent,
3446 1605 3545 1663 ille
3560 1608 3711 1667 nihi-

2050 1678 2307 1737 lominus
2367 1683 2751 1754 insensibilis,
2795 1686 3010 1744 fetidus
3060 1691 3303 1761 jaceret.
3354 1693 3439 1750 Ita
3497 1712 3710 1771 nempe

2049 1770 2334 1826 exanimis
2363 1771 2561 1828 anima
2589 1775 2755 1846 prius
2803 1778 3108 1845 excitetur,
3142 1786 3414 1840 evocante
3457 1770 3709 1843 Domino

283 1867 505 1923 mundo
531 1863 877 1921 ostenditur.
895 1862 1025 1929 Quis
1050 1861 1198 1916 enim
1218 1862 1391 1931 potest
1418 1866 1637 1929 peccata
1669 1857 1942 1914 dimittere
1970 1892 2018 1959 Β
2049 1857 2120 1912 ab
2151 1858 2355 1915 inferis
2385 1866 2772 1959 peccatorem,
2903 1864 2986 1922 sic
3018 1866 3351 1959 absolvatur
3377 1871 3709 1932 ministerio

283 1957 398 2013 nisi
425 1956 573 2012 solus
602 1954 779 2009 Deus?
807 1950 899 2007 cui
934 1947 1213 2004 nimirum
1241 1946 1383 2001 dicit
1414 1946 1608 2002 omnis
1641 1945 1818 2003 homo
1846 1964 1940 2002 ve-

284 2043 499 2103 raciter
528 2058 542 2099 :
578 2041 695 2098 Tibi
721 2040 824 2096 soli
847 2038 1082 2110 peccavi.
1108 2035 1325 2092 Putant
1358 2039 1553 2091 autem
1579 2051 1639 2091 se
1660 2035 1811 2091 hanc
1841 2053 1941 2107 po-

282 2137 557 2193 tsstatem
588 2128 882 2202 accepisse
910 2127 971 2182 in
1004 2143 1070 2181 eo
1104 2125 1259 2197 quod
1292 2124 1436 2179 dixit
1458 2124 1742 2180 Dominus
1774 2124 1943 2180 disci-

283 2224 441 2300 pulis
461 2220 585 2281 suis
613 2237 626 2276 :
652 2222 1001 2290 Quaecunque
1023 2215 1333 2284 tigaveritis
1356 2230 1518 2286 super
1537 2222 1760 2280 terram,
1781 2221 1945 2271 erunt

282 2316 458 2385 ligata
474 2315 526 2369 et
547 2312 609 2366 in
627 2308 797 2376 caelis,
812 2308 861 2362 et
884 2320 1221 2378 quaecunque
1242 2304 1518 2392 solveritis
1532 2319 1695 2374 super
1716 2305 1941 2392 terram,

280 2409 444 2464 erunt
468 2400 647 2458 soluta
674 2399 724 2454 et
753 2398 815 2452 in
842 2395 1008 2450 cretis.
1044 2392 1157 2450 Sed
1190 2392 1303 2447 hoc
1336 2391 1523 2447 sancti
1555 2392 1822 2447 doctores
1848 2391 1945 2447 no—

280 2492 388 2552 stri
406 2491 477 2549 ad
499 2487 759 2547 ofﬁcium
780 2480 1259 2556 dispensationis,
1283 2498 1399 2537 non
1426 2481 1497 2536 ad
1516 2481 1617 2552 jus
1639 2480 1945 2553 potestatis

280 2580 570 2657 pertinere
598 2575 827 2642 volunt,
860 2576 925 2631 ut
953 2570 1108 2643 quod
1141 2574 1274 2627 ante
1307 2568 1564 2625 tribunal
1596 2569 1777 2625 divini
1813 2585 1943 2624 exa-

281 2670 462 2731 minis
492 2669 565 2725 de
595 2663 823 2724 actibus
865 2658 1141 2718 humanis
1186 2658 1560 2717 invisibiliter
1590 2658 1941 2725 decernitur,

281 2762 396 2819 hoc
419 2760 545 2832 ipse
566 2753 725 2812 velut
746 2751 983 2825 quidam
1006 2748 1275 2806 mortalis
1296 2748 1471 2820 Deus,
1498 2747 1651 2818 apud
1676 2746 1943 2803 homines

286 2846 507 2907 visibili
537 2844 793 2918 quadam
843 2839 1033 2914 specie
1084 2841 1457 2910 exsequatur.
1484 2835 1679 2891 Dictos
1730 2836 1946 2909 quippe

288 2940 440 2998 Deos
467 2950 597 2993 esse
628 2932 957 2991 sacerdotes
989 2927 1263 3002 quisquis
1293 2942 1492 2981 sacras
1522 2923 1748 2981 litteras
1778 2942 1941 2981 scru-

296 3030 457 3085 tatur
502 3040 619 3081 non
665 3021 924 3094 ignorat;
960 3018 1061 3075 sed
1088 3020 1145 3072 et
1190 3015 1306 3070 ista
1351 3013 1605 3070 Ecclesia
1649 3014 1942 3070 terrestris

293 3118 479 3173 beata
507 3112 668 3169 illius
697 3108 948 3167 civitatis
986 3103 1303 3177 imaginem
1334 3102 1650 3174 quamdam
1680 3102 1850 3175 gerit,
1880 3107 1943 3158 ut

2052 1948 2438 2004 sacerdotum.
2473 1949 2751 2022 Quisquis
2785 1952 2952 2009 aliter
2980 1955 3120 2029 agit,
3156 1961 3382 2015 certum
3425 1963 3515 2017 est
3556 1961 3708 2035 nihil

2050 2034 2217 2091 illum
2239 2037 2337 2093 alii
2360 2039 2660 2110 proﬁcere,
2680 2040 2791 2097 sibi
2814 2059 2945 2098 vero
2965 2042 3289 2116 plurimum
3307 2048 3542 2119 obesse;
3567 2034 3709 2123 quia

2052 2123 2204 2180 sicut
2242 2125 2322 2181 ait
2368 2127 2429 2183 B.
2465 2127 2802 2201 Gregorius,
2834 2133 2955 2203 ipsa
2998 2133 3215 2203 ligandi
3260 2144 3422 2210 atque
3462 2141 3709 2198 salveudi

2045 2218 2309 2287 potestate
2336 2232 2392 2271 se
2414 2218 2622 2288 privat,
2645 2221 2743 2289 qui
2782 2219 2924 2276 hanc
2952 2238 3052 2293 pro
3077 2226 3193 2280 suis
3227 2225 3622 2297 voluntatibus,
3653 2241 3707 2288 et

2034 2319 2161 2358 ~non
2188 2320 2286 2375 pro
2315 2306 2676 2378 subjectorum
2704 2311 2919 2365 meritis
2948 2321 3214 2369 exerceat.

2124 2392 2626 2451 Considerandum
2656 2396 2855 2471 itaque
2885 2404 2975 2455 est
2996 2400 3169 2471 juxta
3187 2402 3448 2477 regulam
3478 2412 3710 2466 sancto-

2052 2496 2183 2535 rum
2217 2480 2451 2537 Patrum
2474 2500 2601 2556 quae
2633 2485 2805 2558 culpa
2823 2490 3204 2561 praecesserit,
3228 2509 3355 2565 quae
3382 2495 3707 2554 satisfactio

2053 2569 2131 2623 sit
2148 2573 2366 2639 secuta,
2382 2570 2696 2644 habitaque
2713 2576 2908 2648 sagaci
2928 2576 3296 2648 discretione,
3310 2584 3439 2639 tum
3461 2584 3705 2644 demum

2050 2656 2254 2713 timide
2272 2663 2445 2730 atque
2461 2658 2762 2718 humiliter
2775 2668 3034 2736 potestas
3051 2667 3226 2724 officii
3244 2674 3333 2725 est
3348 2670 3706 2748 adhibenda,

2051 2762 2157 2801 nec
2185 2745 2269 2801 ita
2298 2747 2611 2805 dicendum
2646 2767 2699 2805 ;‹‹
2721 2752 2985 2810 Dimittat
3012 2754 3118 2827 tibi
3144 2758 3435 2835 Dominus
3465 2745 3708 2835 peccata

2052 2838 2170 2907 tua,
2201 2839 2257 2890 et
2284 2852 2390 2908 ego
2422 2837 2529 2893 tibi
2580 2838 2830 2911 dimitto,
2857 2865 2884 2893 »
2910 2842 3024 2900 nisi
3073 2831 3218 2902 forte
3271 2831 3581 2909 familiaris
3627 2854 3706 2910 sit

2052 2923 2287 2995 injuria,
2311 2941 2438 2998 quae
2480 2929 2764 2985 sacerdoti
2809 2930 2921 3004 ipsi
2955 2949 2989 2989 a
3017 2950 3113 2990 reo
3146 2935 3222 2992 sit
3251 2935 3439 3009 illata.
3466 2941 3550 2998 De
3597 2942 3704 2999 tali

2050 3012 2250 3085 utique
2281 3019 2516 3086 peccato
2556 3016 2801 3075 ﬁdenter
2845 3020 3034 3078 dicere
3076 3028 3268 3096 potest
3302 3042 3369 3082 :«
3394 3028 3705 3104 Indulgeat

2048 3100 2155 3157 tibi
2175 3100 2459 3160 Dominus
2490 3109 2546 3160 et
2575 3121 2738 3178 ego.»
2752 3107 2861 3165 Sed
2886 3111 3407 3181 quemadmodum.
3422 3100 3598 3175 nemo
3620 3119 3706 3177 ita

295 3201 566 3279 quisquis
593 3201 667 3257 ab
695 3198 797 3255 illa
826 3197 900 3253 ob
932 3192 1361 3251 immanitatem
1410 3190 1660 3263 alicujus
1704 3190 1940 3248 sceleris
1967 3261 2010 3308 ρ
2040 3189 2470 3308 justus,nuemo
2500 3192 2583 3308 ita
2612 3199 2851 3252 sanctus
2882 3202 2991 3267 est,
3016 3203 3082 3255 ut
3112 3200 3302 3259 dicere
3330 3204 3456 3276 ipse
3486 3210 3706 3280 praesu-

436 3292 451 3308 ιι
540 3307 548 3308 ,
596 3289 630 3308 ο.
693 3288 840 3308 εῃμμ
881 3285 948 3308 -L
992 3282 1101 3308 1.-..
1150 3278 1726 3308 ι-..........η.1,ιη..λη..η
1781 3285 1933 3308 -..s....
2003 3302 2011 3308 .
2045 3294 2134 3308 Μ..
2191 3297 2237 3308 .,.
2310 3296 2378 3308 ,νη
2422 3282 2513 3308 ε..-
2543 3300 2612 3308 .--
2664 3301 2789 3308 ---μ
2847 3302 2941 3308 -_-
2999 3305 3118 3308 μ---
3219 3307 3230 3308 γ
3327 3295 3339 3308 .
3567 3297 3577 3308 .
3688 3303 3696 3308 .

288 3261 658 3361 eaml‘avsrit,
692 3288 847 3346 idem
878 3285 952 3341 ab
992 3282 1103 3338 hac
1150 3285 1431 3353 tanquam
1464 3261 1728 3352 leprosus
1779 3285 1940 3337 extra
1967 3261 2011 3329 Ο
2045 3282 2167 3334 mat
2190 3297 2237 3335 ;‹‹
2262 3280 2379 3352 Ego
2411 3282 2613 3352 justus
2662 3301 2816 3352 sum,
2841 3302 2946 3360 ego
2977 3261 3128 3344 'sum
3180 3261 3439 3363 sanctus,
3464 3261 3515 3346 »τ
3646 3303 3707 3356 et

292 3386 483 3440 castra
510 3377 875 3453 separandus
914 3372 1018 3440 sit;
1052 3386 1305 3441 cumque
1334 3386 1438 3441 per
1465 3369 1706 3425 modum
1746 3368 1937 3441 legiti-

290 3489 399 3531 mis
425 3464 844 3528 satisfactionis
872 3461 1011 3517 illuc
1047 3459 1292 3516 rediisse
1320 3458 1628 3526 videbitur,
1660 3462 1801 3514 tunc
1834 3474 1938 3530 per

289 3557 645 3620 sacerdotale
673 3550 1065 3611 ministerium
1107 3547 1277 3620 quasi
1307 3548 1627 3603 mundatus
1672 3546 1810 3602 huic
1841 3562 1935 3603 re-

288 3650 675 3722 dintegratur.
700 3640 956 3711 Denique
987 3636 1315 3694 sacerdotes
1335 3635 1689 3692 Testamenti
1711 3635 1936 3691 Veteris

288 3756 406 3797 non
428 3734 794 3795 mundabant
812 3728 1093 3800 leprosos,
1110 3726 1211 3781 sed
1230 3726 1544 3781 mundatos
1565 3724 1625 3778 in
1646 3722 1933 3794 templum

286 3826 663 3884 inducebant.
686 3820 811 3884 Qua
829 3831 964 3888 ergo
984 3813 1265 3877 tenuitate
1292 3816 1356 3886 [f.
1380 3812 1727 3882 temeritate]
1740 3826 1935 3871 sacer.
1962 3846 1975 3856 .

289 3917 456 3973 dotes
484 3911 627 3968 Novi
678 3904 1033 3963 Testamenti
1075 3904 1295 3977 lepram
1344 3901 1709 3975 spiritualem
1760 3917 1932 3955 mun-

289 4006 429 4060 dare
457 4016 520 4057 se
550 3994 936 4071 proﬁtentur?
964 3994 1144 4059 Quem
1182 4010 1443 4065 unquam
1475 3989 1931 4087 sanctorum

286 4091 532 4149 veniunt
559 4086 769 4159 cuique
794 4084 1078 4158 peccatori
1117 4082 1334 4138 dixisse
1370 4099 1381 4136 :
1414 4076 1933 4178 Dgotihidimitto

289 4180 526 4254 peccata
552 4179 675 4246 tua,
700 4192 767 4230 ac
797 4191 913 4230 non
934 4174 1129 4247 potius
1151 4166 1598 4228 communicatis
1611 4166 1858 4237 jejuniis
1878 4170 1935 4221 et

288 4265 671 4335 orationibus,
694 4263 752 4319 id
785 4263 869 4320 eis
889 4262 1105 4335 quibus
1134 4257 1444 4353 subvenire
1461 4254 1792 4353 volebanta
1821 4255 1933 4353 Do-

287 4357 449 4413 mino
493 4354 867 4427 impetrasse;
916 4351 1071 4424 quod
1119 4348 1372 4421 legimus
1431 4343 1491 4398 in
1541 4340 1935 4425 ecclesiastica

2045 3366 2232 3424 multo
2262 3369 2450 3443 magis
2481 3374 2738 3428 cavenda
2765 3378 2855 3429 est
2883 3374 3002 3431 haec
3029 3375 3399 3451 blasphemia
3429 3382 3489 3438 in
3519 3385 3703 3457 Spiri-

2044 3459 2169 3511 tum
2200 3462 2493 3527 sanctum,
2530 3462 2700 3532 cujus
2746 3463 3050 3535 proprium
3091 3483 3238 3538 opus
3292 3474 3381 3526 est
3430 3466 3719 3532 remissio

2042 3550 2535 3617 peccatorum,ne
2564 3549 2815 3622 quisque
2857 3551 3033 3609 homo
3072 3554 3298 3611 homini
3346 3559 3539 3616 dicere
3590 3579 3706 3619 au-

2044 3634 2177 3690 deat
2198 3635 2274 3705 (2)
2296 3653 2347 3690 :«
2372 3637 2488 3707 Ego
2510 3642 2748 3710 peccata
2764 3644 2867 3696 tua
2886 3642 3174 3699 dimitto.»
3196 3645 3250 3699 Si
3274 3647 3435 3703 enim
3465 3648 3577 3706 hoc
3602 3667 3705 3723 po-

2041 3725 2175 3791 test,
2201 3726 2391 3794 potest
2419 3731 2846 3797 consequenter
2873 3728 3017 3785 illud
3050 3731 3240 3789 dicere
3264 3750 3312 3789 :«
3343 3735 3461 3809 Ego
3491 3741 3549 3794 te
3572 3740 3706 3811 jus-

2040 3811 2231 3899 tifioo;l
2255 3834 2277 3860 ι
2302 3815 2517 3899 etnon
2535 3814 2606 3869 de
2623 3814 2760 3878 ,solo
2784 3820 2897 3874 Deo
2918 3818 3202 3890 dicemus,
3225 3822 3380 3880 Deus
3401 3826 3501 3897 qui
3520 3828 3678 3899 justi

2040 3899 2179 3955 ﬂeat
2207 3890 2454 3971 impium
2482 3919 2496 3957 :
2520 3903 2677 3973 quod
2703 3907 2821 3961 tam
2850 3904 3100 3979 impium
3124 3913 3214 3966 est
3241 3890 3703 3988 corde-cogitare

2040 4004 2219 4059 quam
2248 3989 2595 4062 sacrilegum
2627 4008 2725 4049 ore
2754 3995 3028 4066 proferre.

2112 4076 2385 4134 Poterant
2414 4083 2609 4136 autem
2642 4082 2743 4152 qui
2772 4081 3109 4155 hujusmodi
3142 4090 3299 4156 sunt,
3328 4094 3385 4145 et
3415 4090 3570 4148 hanc
3600 4112 3699 4152 ca-

2041 4163 2518 4224 lumniam-facile
2538 4169 2810 4239 devitarc,
2828 4176 2884 4227 et
2905 4176 3113 4231 caetera
3132 4177 3331 4234 omnia
3353 4179 3542 4238 multo
3562 4183 3706 4241 sim-

2040 4252 2248 4325 plicius
2271 4271 2460 4329 agere,
2475 4257 2525 4312 si
2542 4259 2963 4318 venerabilium
2985 4263 3289 4321 doctorum
3308 4282 3565 4339 quorum
3584 4289 3705 4330 ser-

2042 4359 2245 4399 mones
2276 4344 2608 4403 fructuosos
2648 4346 2911 4419 quotidie
2950 4352 3217 4419 audiunt,
3242 4353 3461 4413 imitari
3502 4375 3705 4419 exem-

285 4444 540 4503 Historia
568 4443 775 4500 fecisse
795 4442 1081 4499 Joannem
1104 4434 1431 4509 apostolum
1457 4431 1789 4504 projuvens
1812 4430 1931 4498 illo,
2042 4430 2139 4506 pla
2172 4432 2401 4490 vellent.
2422 4433 2511 4491 Illi
2535 4435 2849 4492 enimeum
2881 4439 2953 4495 ad
2985 4441 3144 4497 verbi
3167 4443 3349 4500 divini
3382 4450 3709 4509 tractatum

285 4550 461 4609 quem
491 4551 527 4591 a
553 4531 857 4590 latrocinio
902 4530 1255 4589 revocatum,
1279 4522 1508 4579 Christo
1547 4520 1757 4576 iterum
1801 4539 1932 4594 par-
2042 4539 2105 4577 se
2127 4522 2530 4595 expediebant,
2555 4525 2744 4596 primo
2767 4527 3031 4585 omnium
3055 4532 3440 4591 attentionem
3463 4540 3711 4597 audien-

279 4623 553 4681 turisbat.
573 4622 685 4679 Sed
716 4625 773 4677 et
802 4621 929 4693 ipse
952 4617 1135 4675 Filius
1157 4610 1414 4668 hominis
1428 4609 1661 4699 habens
1682 4612 1933 4681 potesta~
1966 4626 2013 4691 Β
2043 4610 2192 4667 tium
2216 4609 2436 4669 blanda
2458 4615 2516 4668 et
2544 4613 2820 4672 benevola
2840 4615 3194 4677 allocutione
3221 4624 3704 4699 praeformabant,

280 4717 399 4770 tem
426 4711 487 4768 in
532 4714 690 4767 terra
718 4705 1050 4766 dimittendi
1101 4703 1357 4776 peccata,
1385 4698 1637 4755 devitata
1676 4715 1934 4771 personis
2047 4699 2254 4756 deinde
2292 4699 2539 4773 ingressi
2588 4703 2979 4777 evangelicam
3010 4707 3129 4765 sive
3177 4712 3563 4782 apostolicam
3596 4698 3707 4776 seu

279 4819 398 4860 suae
429 4799 822 4875 expressione,
841 4812 959 4852 non
993 4792 1106 4849 ait:
1127 4790 1379 4879 Remitto
1408 4788 1515 4844 tibi
1548 4792 1780 4861 peccata
1810 4792 1931 4858 tua,
2040 4788 2222 4879 etiam
2249 4788 2649 4879 propheticam
2676 4792 3164 4866 explanationem,
3185 4815 3292 4871 pro
3313 4806 3490 4875 captu
3516 4822 3706 4879 popu-

279 4888 381 4948 sed
405 4889 574 4964 quasi
603 4886 926 4946 verecunde
952 4901 966 4940 :
989 4882 1176 4949 Homo,
1207 4878 1418 4953 inquit,
1440 4880 1800 4934 remittuntur
1829 4880 1937 4935 tibi
2039 4875 2180 4966 laris
2208 4876 2602 4951 intelligentiae
2646 4882 3027 4954 mysticorum
3059 4902 3352 4946 sensuum
3380 4875 3701 4966 caligian

272 4988 493 5053 peccata
522 4984 637 5035 tua.
656 4976 903 5033 Noverat
930 4971 1101 5044 plane
1136 4967 1517 5042 paralyticum
1553 4967 1720 5023 illum
1756 4967 1928 5040 longo
2038 4965 2360 5023 dilucidare
2390 4969 2723 5037 studebant,
2757 4975 2934 5043 atque
2978 4974 3132 5030 inter
3159 4977 3361 5034 omnia
3404 4965 3699 5040 teni-orem

278 5072 452 5141 atque
470 5062 874 5124 'acerbissi'mo‘
904 5059 1099 5117 dolore
1138 5063 1453 5132 purgatum
1498 5056 1925 5128 indulgentiam
2035 5054 2292 5155 incutere
2326 5057 2766 5158 peccatori.‘P.er
2797 5060 3223 5158 confessionem
3245 5081 3378 5158 vero
3412 5072 3473 5124 et
3498 5071 3696 5142 ipaani-

276 5156 507 5223 mereri,
532 5155 687 5212 sicut
713 5154 771 5206 et
794 5148 966 5204 illum
989 5149 1087 5221 qui
1120 5165 1231 5204 xxx
1251 5151 1308 5204 et
1325 5164 1425 5203 νηί
1457 5162 1643 5202 annos
1675 5144 1733 5199 in
1768 5144 1925 5199 inﬁr—
2033 5143 2278 5199 tentiam
2308 5145 2534 5200 veniam
2571 5144 2849 5217 polliceri,
2866 5149 3099 5220 justum
3131 5154 3204 5208 ad
3235 5153 3450 5213 melius
3468 5159 3695 5217 :exhor-

273 5244 476 5301 mitate
511 5242 825 5298 habentem
874 5238 935 5295 in
982 5237 1280 5312 probatica
1327 5235 1574 5308 piscina,
1613 5231 1920 5303 Evangelio
2030 5232 2162 5297 tari,
2197 5236 2323 5287 tum
2371 5234 2441 5288 de
2490 5232 2874 5291 instabilitate
2930 5255 3125 5314 rerum
3172 5245 3577 5319 praesentium,
3616 5249 3696 5306 de

269 5336 539 5400 testante,
572 5327 813 5386 curavit.
841 5329 911 5384 Et
957 5329 1173 5384 audent
1220 5325 1322 5381 ﬁlii
1373 5321 1679 5378 hominum
1730 5319 1921 5375 aliena
2029 5320 2311 5374 brevitate
2342 5325 2517 5391 atque
2562 5322 2974 5383 iucertitudine
3006 5328 3193 5400 hujus
3212 5331 3477 5402 vitanda
3493 5335 3693 5399 ὥρια-ί

267 5425 503 5494 peccata
530 5420 730 5494 ignota
760 5422 934 5490 atque
965 5417 1294 5473 indiscussa
1325 5411 1636 5476 dimittere,
1664 5424 1917 5479 quorum
2027 5406 2316 5463 examinis
2347 5408 2673 5479 severitate,
2702 5418 2998 5484 postremo
3028 5416 3099 5473 de
3129 5417 3412 5480 ineffabili
3440 5423 3694 5483 δεειῆιι.

266 5527 454 5583 neque
482 5508 591 5583 ipsi
640 5508 855 5564 conscii
904 5510 1063 5572 sunt,
1098 5518 1286 5575 neque
1332 5497 1688 5572 poenitentiae
1740 5500 1914 5553 testes
2025 5496 2160 5551 dine
2206 5499 2569 5566 sanctorum,
2601 5499 2671 5557 de
2716 5501 3119 5563 infelicissima
3149 5508 3531 5599 damnatione.
3577 5515 3692 5570 im-

335 5617 412 5685 (2)
443 5617 524 5671 Ex
551 5619 673 5670 tota
701 5614 882 5696 hujus
912 5610 1165 5699 epistqlae
1199 5608 1958 5699 serieﬁpparetnaucto—rem
2012 5601 2173 5658 illius
2220 5600 2395 5661 aliam
2446 5621 2560 5662 non
2592 5608 2901 5672 admisisse
2940 5613 3328 5699 absolutionis
3364 5619 3435 5683 in
3489 5627 3694 5689 sacra-

267 5679 465 5740 mento
498 5679 849 5759 poenitentiae
882 5679 1219 5752 formulam,
1251 5679 1364 5736 nisi
1396 5679 1872 5748 deprecatoriam.
