3894 6214
116 355 216 421 τοι

1267 350 1705 419 ANONYMUS
1749 349 2335 418 FISCANNENSIS.

3383 350 3505 415 702

120 492 456 551 Francorum
490 488 721 563 initium
753 505 1087 563 sumpsere;
1120 492 1180 563 at
1199 504 1377 561 quam
1398 487 2006 563 longe_aberraverint_,
2028 487 2161 563 inde
2184 483 2399 563 clarius
2422 483 2643 563 patebit
2664 484 2819 563 quod
2842 482 3045 563 eadem
3070 485 3333 563 abbatis,
3344 488 3509 563 prius

118 567 258 622 esset
286 562 707 619 monasterium
738 555 1300 629 sanctimonialium,
1331 555 1593 617 construi
1623 558 2034 632 cceptumgagl}.
2063 557 2381 632 Waningo,
2420 555 2542 632 viro
2574 555 2977 632 illustrissimo
3015 560 3280 632 tempore
3300 555 3364 632 εξ
3393 562 3507 632 Au-

119 634 272 691 doeni
304 627 802 706 Rothomagensis
823 632 1368 706 archiepiscopOLet
1394 633 1459 706 D.
1484 627 1921 706 Wandregisili.
1956 627 2418 706 Fontanellehsis
2448 628 2699 706 abbatis,
2730 628 2883 683 circa
2908 645 3126 706 annum
3143 627 3361 706 Christi
3380 631 3508 706 6ﬁ2.

115 707 313 762 Verum
345 709 412 760 ut
441 698 677 761 debitus
708 705 869 772 ordo,
900 705 961 760 in
994 698 1398 776 compluribus
1427 702 1672 776 hujusce
1717 698 1939 776 inclytae
1971 701 2217 756 abbatiae
2252 699 2630 776 monimentis
2662 716 2801 755 mox
2831 716 2869 755 a
2896 698 3063 776 nobis
3095 700 3512 776 producendis,

117 781 381 856 servetur.
394 792 600 856 operte
618 770 867 856 pretium
884 782 941 856 et
956 770 1320 856 dignumque
1339 774 1396 830 in
1419 770 1627 856 primis
1634 770 2053 856 judicavimus,
2079 771 2426 856 opusculum
2445 776 2612 856 v‘etus
2633 788 2744 856 ms.
2763 770 3514 856 venerandaeantiquitatis,

116 846 280 904 simul
309 851 365 903 et
392 841 684 903 historica;
712 847 974 903 veritatis
1004 841 1374 917 svchcdiasma
1404 841 1816 917 peroptimum,
1841 843 1898 898 in
1925 841 2289 917 lucem’nunc
2304 843 2595 917 edendum
2619 848 2674 897 et
2704 841 3319 917 sclio‘liisquibus‘dam
3343 842 3517 917 illus-

116 919 397 998 trandum,
428 934 546 998 quo
576 922 699 998 to_ta
728 916 1341 998 rci‘historicaanseries
1373 912 1852 998 cbmprgbaretur
1879 931 1945 970 ac
1975 914 2296 998 fu‘lcirptur,
2331 912 2690 998 animusque
2716 913 2957 998 Benigni
2986 912 3225 998 lpctoris
3242 913 3517 998 haudOpa-

115 1006 233 1046 rum
266 987 591 1061 juvaretur.
636 990 835 1045 Exstat
883 993 1079 1045 autem
1114 987 1339 1044 Fiscani
1375 1004 1484 1060 apu

117 1060 477 1118 monachum.

1578 987 1646 1043 D.
1678 985 1978 1042 Nicolaum
2011 985 2082 1041 de
2136 985 2482 1053 Marsseilles,
2529 984 2779 1056 hujusce
2835 984 3079 1040 abbatiaa
3128 984 3519 1042 inﬁrmariiun

1605 1160 2012 1177 ψ

1279 1271 1688 1360 INCIPIT
1749 1268 2378 1358 PROLOGUS

114 1422 323 1504 Incipit
349 1422 609 1484 libellus
656 1423 733 1485 de
779 1423 1160 1504 revelatione
1210 1427 1271 1482 et
1327 1423 1709 1484 auctoritate
1763 1419 2640 1504 Fiscannensisgmonasterii;
2692 1420 2777 1504 in_
2816 1420 3261 1504 quoﬁ‘quidem
3310 1422 3522 1504 libello

184 1500 458 1566 invenire
509 1508 713 1583 potes,
762 1504 812 1563 si
858 1503 1076 1564 sedulo
1129 1504 1326 1581 legas,
1379 1504 1661 1582 qualiter
1720 1502 2029 1563 aediﬁcata
2079 1507 2140 1561 et
2187 1500 2475 1561 dedicata
2531 1500 2672 1574 fuit,
2720 1500 2890 1561 dicta
2936 1500 3369 1563 Fiscannensis
3418 1522 3521 1564 ec-

187 1583 392 1657 clesia,
424 1585 492 1645 in
518 1582 780 1644 nomine
809 1590 1043 1645 sanctae
1074 1588 1135 1644 et
1164 1582 1505 1644 individua
1536 1583 1880 1644 Trinitatis.

150 1748 151 1751 “
179 1742 461 1801 Libellum
496 1743 573 1799 de
598 1742 966 1808 revelatione,
990 1741 1395 1809 aedificatione,
1434 1746 1491 1797 et
1521 1742 1767 1797 auctori-
1798 1743 1851 1808 Α
1881 1740 2139 1813 quentis,
2168 1741 2383 1813 agresti
2414 1745 2471 1796 et
2492 1737 2736 1812 ignobili
2760 1738 3145 1812 stylo,aperui
3168 1744 3225 1796 et
3246 1742 3485 1814 exposui
3511 1759 3526 1812 ;

118 1835 223 1889 tete
234 1831 652 1888 Fiscanuensis
666 1830 1205 1897 monasterii,Pater
1215 1829 1762 1903 inclyteGuillelme,

118 1921 430 1994 composui,
460 1924 526 1977 et
574 1920 970 1992 compositum
1013 1923 1127 1975 tuae
1177 1918 1510 1974 dilectionis
1541 1918 1765 1975 sincero

112 2010 341 2082 judicio,
369 2010 789 2083 corrigendum
841 2013 899 2064 et
947 2008 1415 2064 conﬁrmandum
1460 2006 1765 2073 destinavi,

122 2103 399 2172 quatenus
446 2104 567 2155 tua;
616 2096 981 2154 celsitudinis
1035 2112 1335 2160 assensus,
1391 2100 1448 2151 et
1505 2094 1766 2150 libellum

123 2187 280 2243 edere
307 2187 630 2261 praecipiat,
663 2190 721 2242 et
748 2186 903 2243 edito
942 2184 1142 2241 libello
1173 2184 1404 2256 pondus
1436 2191 1493 2239 et
1524 2184 1770 2239 auctori-

124 2279 295 2333 tatem
325 2276 632 2335 concedat.
676 2277 795 2349 Ego
827 2275 1087 2347 quidem,
1144 2274 1311 2330 Pater
1353 2273 1569 2340 inclite,
1604 2272 1766 2344 igno-

125 2365 367 2421 rantiam
381 2381 577 2421 meam
590 2363 932 2421 maluissem
945 2368 1108 2420 tanto
1122 2361 1350 2418 silentio
1364 2366 1575 2434 tegere,
1590 2378 1768 2434 quam

125 2450 366 2525 alicujus
397 2453 700 2525 scriptura:
733 2451 1108 2524 praesumenti
1150 2449 1375 2522 judicio
1428 2449 1767 2522 publicare;

125 2542 238 2609 sed,
269 2542 519 2599 fratrum
549 2546 884 2597 nostrorum
910 2540 1180 2611 jussione
1202 2538 1442 2595 instanti
1468 2541 1523 2593 et
1545 2538 1768 2593 instan-

123 2629 201 2685 tia
217 2630 479 2702 jubenti,
529 2629 901 2702 compellitur
951 2632 1151 2685 noster
1200 2628 1438 2684 animus
1479 2625 1770 2699 possibili-

121 2721 294 2775 tatem
317 2719 617 2786 excedere,
635 2734 924 2789 suamque
932 2716 1229 2790 justitiam
1253 2714 1577 2772 multorum
1602 2731 1769 2788 aspe-

120 2807 309 2863 ctibus
335 2806 648 2863 hominum
695 2806 1051 2877 improvisus
1079 2805 1323 2877 aperire.
1366 2804 1769 2877 Compellitur,

120 2893 395 2967 inquam,
413 2896 615 2948 noster
625 2892 859 2948 animus
877 2910 1046 2949 suam
1066 2892 1336 2966 ignorare
1355 2892 1769 2966 ignorantiam,

117 2986 170 3039 et
198 2985 549 3050 nostrorum
570 2980 812 3036 fratrum
837 2981 1062 3052 roganti
1083 2981 1331 3052 imperio
1351 2972 1620 3037 exhibere
1639 2982 1771 3037 obe-

118 3068 438 3135 dientiam;
460 3068 553 3124 cui
584 3067 938 3134 exhibendas,
960 3072 1017 3124 et
1044 3068 1255 3124 mentis
1271 3069 1563 3139 judicium
1596 3068 1778 3124 nulla-

124 3160 294 3215 tenus
328 3156 669 3228 acquiescit,
721 3160 780 3214 et
809 3156 1091 3229 propositi
1134 3158 1490 3212 verecundia
1537 3157 1775 3213 omnino

126 3245 492 3303 contradicit.
524 3246 762 3313 Verum,
787 3261 922 3301 cum
944 3243 1271 3300 obedientia
1300 3248 1522 3311 sancta,
1547 3244 1777 3301 nullum

129 3351 274 3407 opus
303 3332 545 3391 difﬁcile
572 3333 662 3403 vel
688 3332 1056 3406 impossibile
1081 3334 1339 3399 excuset,
1373 3336 1474 3388 aut
1503 3348 1781 3389 excusare

130 3418 354 3491 debeat,
387 3421 487 3477 diu
521 3424 809 3478 cunctaris
847 3421 1287 3493 multarumque
1308 3421 1780 3492 procrastinatio-

1877 1829 1935 1883 in
1967 1846 2082 1900 quo
2117 1828 2312 1885 libello
2357 1828 2522 1885 nulla
2571 1826 2719 1883 falsa
2749 1826 3029 1883 fallaciter
3058 1828 3399 1902 interposui,
3433 1849 3528 1888 ve-

1878 1934 2009 1972 rum
2049 1934 2247 1973 sacras
2290 1916 2584 1982 historias,
2641 1917 3021 1989 antiquorum
3065 1918 3324 1976 virorum
3371 1920 3529 1978 fideli
3578 1928 3585 1935 ’

1878 2006 2209 2069 narratione
2228 2008 2511 2080 cognitas,
2538 2023 2897 2079 suorumque
2917 2012 3286 2080 posterorum
3308 2010 3530 2067 tenacis

1880 2095 2172 2150 memoriae
2205 2096 2339 2151 sinu
2357 2094 2681 2151 custoditas
2703 2098 2761 2151 et
2786 2096 3004 2152 nostris
3030 2098 3393 2169 temporibus
3406 2116 3532 2157 suc-

1879 2182 2211 2238 cedentium
2236 2184 2487 2239 virorum
2512 2182 2773 2254 diligenti
2793 2184 3278 2243 relationeillatas
3300 2188 3528 2260 scripsi,

1879 2274 1931 2327 et
1965 2271 2236 2341 scriptas,
2272 2272 2341 2325 ad
2383 2272 2790 2328 auctoritatem
2821 2272 3230 2329 Fiscannensis
3274 2275 3530 2331 ecclesiae

1878 2362 1935 2415 et
1954 2360 2024 2414 ad
2041 2359 2350 2415 utilitatem
2365 2358 2683 2431 legentium
2700 2361 2945 2416 fratrum
2960 2361 3255 2434 edidi.Huj
3265 2380 3332 2418 us
3353 2364 3534 2437 igitur

1877 2446 2059 2503 libelli
2108 2448 2484 2521 principium,
2544 2465 2658 2504 non
2704 2449 2992 2516 omnium,
3037 2452 3138 2506 sed
3186 2468 3529 2523 paucorum,

1879 2536 2313 2592 rationabilium
2328 2536 2645 2593 relatorum
2661 2538 3066 2595 auctoritatem
3084 2545 3343 2609 secutus,
3362 2542 3536 2599 mira-

1879 2623 2078 2680 culum
2131 2613 2203 2679 de
2253 2642 2418 2680 cervo
2460 2628 2757 2697 proposui,
2808 2634 2867 2682 et
2905 2630 3076 2699 juxta
3122 2628 3534 2687 chronicarum

1879 2712 2234 2785 exquisitam
2298 2713 2685 2785 diligentiam,
2736 2715 2904 2770 ducis
2959 2717 3228 2788 Ansegisi
3278 2719 3534 2790 primam

1882 2803 2065 2857 fuisse
2115 2801 2526 2858 revelationem
2575 2802 2874 2860 constitui.
2926 2805 3088 2869 Quod
3126 2821 3258 2863 vero
3303 2807 3375 2862 ab
3406 2806 3534 2879 ipso

1883 2891 2123 2963 antiquo
2172 2892 2425 2959 exordio,
2478 2908 2592 2946 non
2643 2892 2909 2964 gloriosae
2957 2898 3014 2949 et
3062 2893 3535 2954 incontaminatis
3580 2883 3598 2899 ’

1883 2979 2129 3051 virginis
2175 2979 2389 3046 Mariae,
2422 2985 2487 3035 ut
2531 2982 2772 3052 quidam
2820 2981 3044 3050 volunt,
3087 2984 3188 3039 sed
3235 2988 3449 3041 sanctae
3479 2989 3539 3041 et

1886 3066 2206 3123 individua:
2259 3068 2559 3124 Trinitatis
2590 3069 2781 3135 titulo,
2829 3069 3170 3143 insignitam
3202 3072 3384 3129 fuisse
3412 3072 3537 3130 Fis-

1886 3171 2240 3211 cannensem
2278 3155 2583 3212 ecclesiam
2614 3161 2958 3230 prosecutus
3008 3157 3162 3214 sum.
3212 3160 3379 3217 Ratio
3426 3161 3538 3218 fuit

1886 3247 2178 3315 quatenus
2206 3260 2328 3300 rem
2360 3244 2717 3316 ambiguam,
2749 3246 2803 3299 in
2830 3245 2990 3301 illam
3022 3246 3373 3304 declinarem
3405 3265 3536 3304 sen-

1886 3331 2152 3399 tentiam,
2185 3349 2312 3404 qum
2345 3331 2565 3389 nullius
2595 3333 2867 3389 falsitatis
2887 3340 3343 3408 consequeretur
3370 3337 3532 3410 igno~

1890 3420 2156 3476 miniam.
2191 3419 2394 3488 Omnis
2424 3421 2581 3477 enim
2598 3422 2861 3489 ecclesia,
2890 3421 3028 3478 licet
3058 3423 3236 3490 illius,
3262 3425 3536 3482 velistius

133 3524 270 3566 num
296 3510 572 3567 inducias
600 3510 851 3582 fingens,
884 3513 1127 3581 urgente
1158 3509 1425 3565 fraternae
1455 3508 1783 3567 dilectionis
1891 3508 2292 3580 distinguatur
2315 3508 2487 3565 titulo
2536 3509 2740 3577 sancti,
2793 3510 3194 3582 principaliter
3231 3513 3533 3583 fundatur,

126 3599 397 3655 continua
411 3599 707 3670 jussione,
724 3614 874 3653 onus
886 3599 1119 3653 tandem
1140 3598 1513 3669 imperatum,
1529 3597 1780 3668 suscepi,

128 3689 181 3742 et
205 3686 621 3755 Fiscannensis
675 3686 1017 3743 monasterii
1068 3686 1325 3753 exordia,
1362 3684 1545 3742 libelli
1578 3686 1784 3742 subse-

1893 3597 2288 3664 constituitur,
2324 3598 2644 3666 dedicatur,
2683 3600 2791 3654 sub
2842 3600 3079 3656 nomine
3127 3606 3184 3657 et
3214 3602 3537 3675 patrocinio

1893 3690 2108 3742 sancta:
2141 3690 2199 3742 et
2227 3686 2542 3742 individua:
2573 3687 2894 3745 Trinitatis.

1450 3811 1698 3882 Earplz'cz't
1722 3811 1995 3882 prologue.

2261 3962 3536 3990 .____._____.__—_______

1251 4008 1661 4159 INCIPIT
1717 4072 2400 4161 TRACTATUS

188 4244 505 4319 Postquam
546 4256 791 4303 summae
842 4247 1074 4304 deitatis
1134 4246 1450 4304 ineffabilia
1491 4247 1767 4315 Trinitas,

126 4346 235 4388 suis
264 4333 584 4392 clementiae
602 4352 814 4393 arcano
845 4335 1110 4404 consilio,
1144 4335 1463 4392 humanam
1496 4341 1767 4392 naturam

124 4418 380 4497 liberare,
412 4425 644 4497 antiqui
670 4426 961 4499 serpentis
1001 4424 1319 4481 virulentas
1361 4425 1773 4497 persuasiones

123 4509 418 4579 publicare
464 4513 775 4586 disposuit,
844 4515 1153 4587 cujusdam
1214 4513 1462 4586 virginis
1519 4514 1775 4586 corporis

124 4595 565 4658 incontaminati
583 4606 808 4675 partem
827 4601 1608 4672 incontaminatam,excluso
1620 4602 1773 4658 virili

123 4699 303 4757 opere,
345 4690 820 4747 inenarrabiliter
846 4691 1002 4761 tulit,
1025 4708 1228 4764 quam,
1255 4691 1517 4748 humana
1556 4692 1771 4764 speciei

125 4780 463 4853 compagine
492 4779 1234 4849 divinitusconformatam,
1260 4779 1530 4837 rationali
1551 4780 1768 4845 anima,

124 4862 408 4923 urbertate
432 4866 615 4925 totius
635 4868 881 4925 cmlestis
901 4870 1101 4943 gratiis
1118 4869 1427 4925 fecundata
1449 4869 1769 4938 viviﬁcans,

128 4948 182 5005 in
210 4956 449 5024 perfecti
467 4956 728 5014 hominis
740 4958 1133 5015 substantiam
1158 4958 1488 5031 composuit
1508 4962 1566 5015 et
1597 4974 1771 5031 expo-

128 5034 262 5098 livit.
312 5044 500 5102 Istum
552 5062 709 5120 ergo,
759 5063 827 5104 ex
873 5048 1223 5121 incorruptis
1271 5047 1530 5121 Virginis
1580 5052 1765 5117 utero,

129 5122 414 5189 hominem
457 5131 586 5190 sine
632 5132 888 5204 homine,
924 5139 1045 5192 tota
1074 5136 1313 5208 quidem
1357 5141 1558 5192 sancta
1590 5141 1647 5193 et
1679 5136 1766 5191 in-

134 5220 555 5281 commutabilis
568 5221 870 5281 Trinitatis
880 5225 1230 5297 composuit,
1245 5225 1629 5281 sanctiﬁcavit
1646 5251 1659 5291 ς
1680 5241 1771 5280 vc-

133 5316 255 5361 rum
276 5307 452 5367 Verbi
473 5309 658 5367 solius
679 5311 1033 5382 sublimitas,
1048 5329 1166 5368 sua
1181 5313 1555 5386 proprietatis
1578 5329 1771 5386 perso-

134 5406 261 5449 nam
282 5400 665 5468 personaliter
685 5401 927 5457 sociavit
940 5405 1004 5463 et
1023 5402 1324 5472 conjunxit
1342 5403 1437 5474 (l).
1454 5403 1770 5474 Oportebat

135 5480 278 5539 enim
326 5487 556 5544 duabus
614 5489 882 5562 personis
931 5489 1163 5546 obedire
1210 5507 1410 5558 unam,
1473 5508 1598 5562 quae
1647 5507 1769 5547 suae

139 5625 147 5629 -
201 5605 273 5679 (1)
302 5610 478 5668 Caute
509 5612 630 5669 hac
658 5611 922 5686 legenda.

1880 4248 2236 4304 humilitatis
2257 4250 2543 4322 exemplo,
2581 4256 2879 4308 creaturas
2900 4252 3260 4321 informaret,
3284 4255 3538 4326 qualiter

1879 4335 2184 4393 inferiores
2215 4355 2322 4394 suo
2373 4340 2628 4395 Creatori
2660 4340 2981 4411 obedirent,
3032 4357 3166 4396 cum
3198 4342 3269 4396 ab
3301 4341 3533 4413 aquali,

1884 4422 2208 4495 aequalibus
2241 4427 2414 4481 tanta;
2462 4425 2854 4482 obedientiam
2894 4426 3247 4483 humilitatis
3278 4427 3536 4484 exhiberi
3590 4459 3605 4478 ι

1882 4516 2313 4585 cognoscerent.
2375 4514 2559 4583 Hujus
2607 4519 2803 4572 autem
2854 4515 3207 4572 humilitatis
3252 4515 3533 4584 ofﬁcium,

1882 4601 2049 4671 quasi
2100 4601 2410 4672 cujusdam
2459 4601 2787 4659 dilectionis
2838 4603 3159 4677 privilegio,
3209 4602 3388 4660 Filius
3431 4604 3534 4661 Dei

1882 4688 2146 4762 exigebat
2180 4691 2312 4758 Deo,
2345 4694 2635 4762 quatenus
2667 4692 3065 4748 reconciliaret
3094 4691 3383 4761 homines,
3415 4693 3534 4750 fac-

1882 4781 1980 4833 tus
2009 4777 2206 4845 homo,
2240 4795 2389 4849 quos
2411 4797 2520 4835 sua
2538 4783 2595 4835 et
2623 4779 2834 4836 virtute
2864 4780 3223 4853 etsapientia
3240 4788 3535 4839 creaverat

1881 4883 1948 4922 ex
1991 4865 2197 4922 nihilo.
2232 4867 2361 4923 Sua:
2392 4867 2574 4940 igitur
2610 4867 2938 4924 dilectionis
2985 4868 3356 4928 dulcedinem
3404 4872 3535 4929 dul-

1881 4955 2104 5012 cedinis
2143 4955 2604 5025 exuberantiam,
2638 4957 3027 5015 exuberantia:
3060 4960 3532 5033 magnitudinem

1880 5044 2335 5101 misericorditer
2364 5045 2704 5102 hominibus
2726 5047 3124 5115 manifestam,
3152 5049 3251 5104 Dei
3275 5050 3531 5107 Verbum

1879 5133 2130 5190 efficitur
2159 5150 2311 5203 caro,
2341 5134 2667 5206 concipitur
2695 5152 2764 5191 ex
2796 5134 3029 5192 illibatae
3067 5137 3312 5210 virginis
3343 5143 3528 5207 utero,

1877 5222 2250 5295 progreditur
2277 5223 2349 5279 de
2378 5240 2484 5280 suo
2520 5223 2799 5290 thalamo,
2834 5242 2947 5281 non
2983 5230 3163 5281 Deum
3189 5230 3531 5281 convertens

1878 5310 1935 5366 in
1970 5312 2498 5380 hominem,verum
2520 5312 2985 5369 incommutabili
3007 5314 3123 5369 Deo
3150 5310 3533 5385 personaliter

1878 5401 2241 5473 conjungens
2270 5401 2593 5468 hominem,
2636 5401 2737 5457 Dei
2769 5406 2828 5457 et
2867 5400 3175 5458 hominum
3206 5399 3528 5472 benignum

1876 5489 2259 5546 constituens.
2310 5489 2458 5562 Ergo
2510 5487 2800 5557 Christus,
2835 5490 3125 5561 perfectus
3176 5487 3376 5556 homo,
3409 5505 3528 5545 sua:
