3894 6214
330 358 446 420 ’⁸103

1063 359 1252 424 ΒιΕΟ.
1297 361 1380 424 XI
1424 361 1655 424 AUCT.
1698 359 1972 422 INCER'I

2119 356 2248 420 NNI
2295 356 2393 419 ET
2437 356 2743 419 SCRIPT.
2792 364 3014 418 Mean.

3647 359 3764 422 704

329 492 655 570 majestatis
704 491 1022 553 exinanivit
1071 495 1318 554 formam
1370 512 1633 565 suorum,
1677 511 1976 552 servorum
2006 492 2061 560 Α
2162 491 2354 548 CAPUT
2408 507 2655 570 animus.
2700 522 2769 570 τ
2813 493 2910 548 Hic
2938 491 3080 570 esp!
3095 492 3197 549 icit
3241 506 3413 568 quare
3449 497 3770 552 sanctorum

325 586 518 643 induit
548 589 841 653 naturam,
883 585 1074 642 induit
1102 586 1528 654 infirmitatem,
1560 590 1853 658 quatenus
1887 603 1973 640 re-

327 675 620 733 dimendis
633 676 973 732 hominibus
993 676 1221 732 facilius
1237 677 1574 748 praedicaret
1605 679 1973 747 peccatorum

326 765 776 838 indulgentiam,
811 764 1171 835 probabilius
1206 767 1475 821 suaderet
1493 765 1888 820 conversionis
1921 770 1977 819 et

327 853 674 910 reversionis
715 852 1046 919 utilitatem,
1082 871 1331 924 quorum
1377 858 1597 908 natura:
1628 858 1684 907 et
1727 853 1972 907 inﬁrmi-

323 943 452 1009 tati,
486 943 691 998 divinze
723 941 1108 996 sublimitatis
1142 958 1515 1013 nequaquam
1549 941 1976 1013 dedignabatur

324 1033 450 1104 conj
462 1047 675 1103 ungere
699 1030 965 1085 formam.
998 1031 1225 1085 Poterat
1237 1029 1409 1102 plane
1422 1029 1622 1086 multis
1635 1029 1764 1086 aliis
1783 1031 1974 1086 modis

323 1122 598 1177 Satanam
649 1119 947 1183 damnare,
1010 1135 1149 1174 suas
1193 1119 1646 1191 tergiversantes
1707 1120 1970 1187 insidias,

323 1208 669 1264 insidiantes
719 1207 1156 1279 tergiversutias
1187 1207 1511 1278 excludere,
1547 1213 1648 1263 aut
1678 1209 1974 1281 imperans

321 1300 466 1352 nutu
499 1295 642 1363 solo,
676 1300 777 1350 aut
813 1295 1155 1368 angelorum
1208 1301 1379 1352 utens
1419 1297 1738 1368 obsequio;
1772 1312 1971 1353 verum

317 1384 679 1440 ostendenda
723 1383 1029 1438 videbatur
1076 1383 1418 1440 hominibus
1476 1385 1823 1442 reversionis
1855 1387 1966 1452 via,

318 1478 608 1546 quatenus
647 1472 966 1544 potentiam
1013 1474 1363 1544 praecederet
1413 1474 1711 1546 patientia,
1755 1480 1812 1530 et
1871 1493 1971 1547 pa-

319 1562 526 1619 tientia
557 1566 1014 1632 consequeretur
1043 1562 1386 1633 potentiam.

388 1651 655 1708 Clemens
685 1649 864 1721 igitur
890 1649 1063 1717 Deus,
1098 1653 1321 1706 secreta
1353 1650 1711 1722 providentia
1733 1669 1835 1724 per
1864 1653 1972 1708 ho-

316 1739 538 1796 minem
569 1738 908 1794 hominibus
939 1738 1274 1805 consulens,
1308 1740 1377 1795 de
1409 1739 1737 1795 humilitate
1769 1758 1968 1813 super-

315 1829 495 1894 biam,
526 1828 599 1882 de
627 1831 814 1882 morte
846 1827 1146 1883 damnavit
1177 1832 1444 1894 mortem,
1481 1829 1784 1901 originalis
1808 1847 1965 1885 noxa:

316 1915 786 1974 maledictionem
805 1915 1174 1984 conculcans,
1201 1933 1359 1971 nova:
1383 1916 1582 1989 gratim
1617 1919 1969 1974 benedictio—

315 2021 472 2071 nem,
505 2005 595 2060 s'ui
629 2003 934 2076 sanguinis
967 2005 1270 2073 effusione,
1303 2006 1520 2061 renatis
1555 2005 1824 2061 ﬁdelibus
1857 2007 1970 2062 cle-

318 2093 916 2166 menterimpertiens.
932 2094 1016 2148 Ad
1031 2094 1203 2150 istius
1217 2095 1830 2167 incomprehensibilis
1847 2113 1972 2168 gra-

314 2185 407 2241 tiae
435 2183 714 2240 solemnis
757 2182 1001 2238 convivii
1024 2185 1454 2254 jucunditatem
1487 2202 1732 2241 summae
1775 2183 1968 2241 Trini-

313 2273 452 2330 tatis
511 2271 822 2328 ineti‘abilis
886 2271 1216 2345 benignitas
1279 2273 1548 2328 convivas
1609 2275 1964 2340 convocavit,

314 2362 615 2418 convocari
646 2360 968 2427 constituit,
1000 2378 1251 2432 quorum
1284 2361 1482 2417 avidas
1515 2368 1738 2418 mentes
1765 2363 1967 2419 cmles-

311 2450 470 2507 tibus
500 2448 690 2523 epulis
722 2450 1089 2506 abundanter
1118 2452 1378 2519 satiaret,
1415 2469 1671 2523 suosque
1694 2453 1968 2509 torrentis

311 2539 636 2596 delectabili
667 2539 872 2611 poculo
903 2539 1214 2594 debriaret.
1249 2540 1595 2613 Diriguntur
1637 2557 1774 2614 ergo
1800 2541 1966 2597 electi

311 2627 581 2701 discipuli
614 2645 717 2700 per
765 2628 965 2682 orbem
1020 2629 1382 2693 universum,
1415 2627 1668 2684 caelestis
1703 2628 1966 2685 thesauri

310 2717 693 2788 bajulatores,
754 2715 1140 2771 beatitudinis
1205 2717 1443 2772 redditae
1501 2717 1964 2791 annuntiatores,

312 2805 617 2880 promissae
631 2804 829 2876 gratia:
845 2805 1033 2859 nuntii
1054 2805 1272 2860 ﬁdeles.
1300 2805 1615 2861 Praedicatu
1627 2825 1653 2861 r
1665 2806 1966 2864 charitatis

318 2894 612 2961 nimietas,
647 2892 1067 2949 incarnationis
1087 2893 1708 2966 humilitas,passionis
1722 2896 1966 2953 tolerata

315 2982 524 3041 silente
554 2979 890 3048 crudelitas,
925 2983 1130 3038 mortis
1163 2988 1433 3056 suscepta
1465 2984 1826 3057 gratulanter
1864 3003 1962 3041 as-

313 3071 555 3145 peritas.
614 3070 986 3140 Przedicatur,
1037 3072 1299 3144 inquam,
1363 3073 1657 3130 conversis
1707 3079 1965 3147 peccato-

315 3161 502 3228 ribus,
559 3162 931 3232 peccatorum
1012 3161 1266 3232 pert'ecta
1328 3162 1602 3218 donanda
1669 3163 1958 3232 remissio,

2601 564 2841 619 basilicae
2870 564 3232 636 aediﬁcantur.

2159 653 2411 709 Cernens
2441 669 2577 726 ergo
2596 652 2947 727 incorruptae
2970 654 3295 711 Trinitatis
3321 653 3599 719 sublimis
3638 656 3775 712 divi-

2085 743 2141 798 ni
2154 746 2239 798 tas
2257 759 2373 798 sum
2387 741 2583 814 gratia:
2609 742 2895 815 populum
2917 742 3129 800 divinis
3153 743 3429 801 laudibus
3447 745 3738 802 assistere
3753 810 3766 832 ν

2086 831 2496 904 temporalium
2529 848 2724 887 rerum
2777 832 3010 904 negotia
3055 836 3364 890 contemne
3394 849 3478 900 re,
3522 831 3776 906 imperat

2085 920 2355 975 aediﬁcari
2389 937 2586 976 sacras
2627 921 2798 985 mdes,
2823 937 2970 992 quas
2987 921 3236 978 terrenis
3269 921 3521 995 negotiis
3553 922 3752 980 claudi

2084 1013 2137 1064 et
2171 1009 2311 1064 solis
2343 1010 2466 1065 suis
2499 1007 2907 1065 laudatoribus
2939 1011 3248 1067 constituit
3299 1010 3535 1083 aperiri.
3566 1013 3765 1068 Ediﬁ-

2085 1101 2291 1153 cantur
2338 1114 2472 1169 ergo
2521 1097 2743 1170 templa
2795 1114 2980 1165 sacra,
3037 1099 3400 1171 templorum
3455 1115 3762 1158 sacrorum

2083 1186 2328 1242 aediﬁcia
2377 1186 2651 1259 gloriosa,
2687 1187 2901 1258 quibus
2951 1187 3350 1244 ecclesiastica
3376 1193 3753 1246 sacramenta

2083 1275 2414 1348 religiosius
2447 1274 2833 1346 celebrentur,
2859 1275 3139 1347 legalium
3160 1276 3598 1349 Scripturarum
3625 1295 3756 1351 my-

2083 1365 2260 1420 steria
2292 1363 2637 1432 revelantur,
2673 1367 3010 1420 sanctorum
3045 1364 3489 1437 Evangeliorum
3513 1371 3752 1423 senten-

2082 1454 2174 1509 tia:
2205 1454 2524 1509 recitentur
2554 1457 2611 1508 et
2662 1451 2994 1508 audiantur.
3028 1454 3404 1526 Consurgunt
3431 1454 3749 1514 beatorum

2083 1542 2436 1614 populorum
2449 1546 2661 1596 sanctze
2675 1539 2929 1597 basilicae
2954 1541 3358 1613 spiritualibus
3376 1540 3591 1606 ofﬁciis
3606 1561 3747 1602 con-

2081 1636 2498 1702 secratae,quas
2514 1631 2732 1687 summi
2753 1629 3126 1702 Imperatoris
3140 1635 3357 1688 aeterna
3374 1631 3749 1704 providentia

2081 1720 2426 1776 sublimium
2473 1719 2733 1774 virorum
2767 1719 3107 1775 nominibus
3153 1719 3422 1792 insigniri
3453 1736 3520 1777 ac
3551 1720 3746 1780 titulis

2081 1809 2385 1865 constituit
2405 1807 2683 1880 appellari
2707 1824 2720 1862 :
2756 1807 2984 1864 Sanctis
3017 1809 3200 1881 igitur
3223 1808 3484 1866 ecclesiis
3511 1812 3745 1868 sanctis

2004 1868 2048 1932 Β
2081 1898 2422 1954 hominibus
2443 1895 2818 1964 consecratis,
2847 1897 3033 1953 sancti
3054 1897 3321 1954 homines
3340 1902 3664 1956 onerantur
3686 1904 3747 1956 et

2080 1991 2466 2053 venerantur;
2501 1991 2559 2042 et
2589 1987 2750 2041 solus
2777 1986 2931 2041 Deus
2965 1985 3174 2042 colitur
3204 1991 3262 2043 et
3291 1987 3588 2044 adoretur.
3602 1989 3743 2046 Suis

2079 2076 2258 2149 igitur
2288 2075 2430 2132 locis
2461 2080 2569 2130 BB.
2624 2074 2892 2147 apostoli,
2929 2079 3212 2148 martyres
3245 2080 3303 2132 et
3349 2076 3742 2146 confessores,

2079 2183 2302 2222 necnon
2335 2164 2602 2238 gloriose
2619 2163 2894 2236 virgines,
2922 2181 3059 2220 suas
3082 2163 3357 2222 basilicas
3377 2165 3736 2233 sortiuntur,

2080 2255 2301 2310 sortitis
2334 2257 2791 2321 commorantur,
2825 2253 3043 2325 quibus
3061 2254 3538 2320 concurrentium
3573 2255 3742 2312 devo-

2077 2344 2265 2400 tiones
2296 2344 2606 2416 aspiciant,
2640 2342 2932 2398 orationes
2962 2343 3297 2414 exaudiant,
3321 2342 3634 2416 postulata
3652 2346 3744 2401 be-

2076 2434 2284 2489 neﬁcia
2313 2431 2768 2490 misericorditer
2793 2432 3154 2504 impendant.
3581 2435 3586 2438 ’

2076 2540 2212 2596 CAP.
2245 2542 2312 2596 II.
2341 2572 2408 2580 —
2431 2537 2700 2610 Quomodo
2724 2538 2924 2610 vallem
2945 2541 3366 2595 Fiscannensem
3393 2555 3491 2596 suo
3517 2542 3740 2597 nomini

2499 2609 2920 2668 consecrandam
2949 2611 3111 2683 elegit
3141 2612 3298 2666 Deus.

2147 2701 2512 2758 Constructis
2543 2700 2722 2772 igitur
2749 2702 2809 2754 et
2836 2700 3192 2756 consecratis
3231 2699 3456 2756 sanctis
3485 2716 3737 2760 summa

2075 2790 2414 2847 hominibus
2443 2786 2834 2846 venerationis
2873 2788 3244 2856 habitaculis,
3279 2789 3428 2845 ratio
3461 2789 3736 2862 exigebat

2075 2883 2366 2951 quatenus
2395 2878 2548 2935 trino
2572 2882 2629 2934 et
2659 2877 2759 2933 uni
2779 2876 2916 2944 Deo,
2940 2894 3136 2935 rerum
3171 2879 3437 2935 omnium
3469 2877 3734 2937 Creatori

2075 2969 2502 3040 potentissimo,
2555 2968 2780 3024 caeteris
2821 2967 3132 3043 gloriosius
3163 2967 3554 3024 aedificaretur
3582 2974 3734 3032 tem—

2071 3056 2258 3129 plum,
2295 3058 2450 3129 quod
2485 3058 2575 3113 sui
2603 3057 2860 3113 nominis
2877 3055 3057 3130 regali
3080 3055 3381 3129 privilegio
3402 3057 3736 3131 insigniret,

2072 3152 2129 3204 et
2158 3164 2276 3204 suis
2311 3146 2632 3219 singularis
2663 3146 3026 3202 celsitudinis
3066 3140 3376 3218 praesentia
3409 3141 3735 3204 sterneret

307 3247 518 3306 veteris
548 3247 679 3304 vita:
712 3248 1042 3306 adhibenda
1086 3251 1386 3320 correctio,
1424 3268 1580 3306 nova:
1614 3251 1742 3306 vitae
1783 3252 1960 3307 aedifi-
1993 3235 2037 3303 C
2076 3253 2141 3292 80
2171 3235 2508 3292 OUStOdil‘et-
2543 3236 2712 3291 Τθιῐιίί
2743 3236 2926 3308 igitur
2965 3233 3334 3308 imperatoris
3364 3235 3730 3306 habitacuon

310 3340 497 3396 canda
509 3339 863 3394 constructio
880 3356 893 3406 ;
911 3338 1631 3412 publicanturdtemonum
1651 3339 1956 3408 falsitates,

310 3427 722 3486 famulantium
787 3429 1154 3484 daemonibus
1212 3429 1640 3485 convincuntur
1710 3447 1953 3487 errores.

308 3518 642 3576 leestium
675 3518 922 3574 nubium
953 3517 1349 3574 voluntarium
1373 3519 1620 3574 imbrem
1653 3520 1960 3577 miraculo-

307 3624 438 3664 rum
462 3606 817 3663 comitantur
837 3606 1082 3677 copiosae
1109 3608 1560 3673 coruscationes,
1581 3608 1796 3680 quibus
1817 3609 1957 3664 vali-

309 3697 392 3752 dze
414 3695 752 3752 idololatriae
780 3694 1124 3749 famulantia
1141 3696 1642 3763 comminuuntur,
1656 3703 1711 3752 et
1731 3697 1957 3754 Christo

308 3785 626 3840 militantia
682 3783 856 3838 corda
905 3785 1373 3854 corroborantur,
1432 3790 1488 3842 et
1553 3787 1955 3843 sublevantur.

310 3872 602 3928 Imbribus
652 3886 788 3942 ergo
839 3870 1088 3926 cmlestis
1121 3873 1338 3945 gratiae,
1391 3875 1570 3931 totius
1601 3876 1806 3931 mundi
1837 3876 1958 3931 cul-

308 3965 441 4016 tura
479 3959 847 4028 fecundatur,
891 3961 1131 4032 antiqua
1168 3963 1431 4034 veprium
1479 3968 1750 4036 proterva
1791 3982 1955 4037 aspe-

307 4050 453 4104 ritas
501 4047 822 4119 extirpatur
871 4051 926 4104 et
969 4049 1316 4123 succiditur;
1375 4051 1515 4108 laetae
1566 4057 1960 4126 prorumpunt

308 4136 523 4209 segetis
585 4136 775 4202 ﬂores,
844 4136 1028 4194 sacris
1093 4138 1453 4213 colliguntur
1516 4141 1712 4198 horeis
1746 4143 1957 4198 “beate:

308 4224 554 4282 sationis
629 4229 932 4281 maturata:
1001 4243 1242 4284 messes.
1318 4229 1631 4287 Promissis
1680 4231 1959 4303 temporis

307 4313 594 4388 completa
641 4314 963 4388 plenitudo,
1000 4322 1345 4376 cunctarum
1368 4319 1592 4376 deliciis
1622 4319 1960 4377 divitiarum

306 4403 554 4469 coelestia
607 4405 957 4462 sacramenti
1003 4408 1242 4480 nuptias
1289 4408 1455 4475 ditat,
1498 4408 1712 4480 quibus
1743 4425 1958 4482 sponso

305 4494 568 4551 omnium
601 4511 798 4550 rerum
830 4495 1211 4568 speciossimo
1253 4497 1531 4554 thalamis
1552 4497 1959 4571 spiritualibus

303 4582 610 4678 copulatur
633 4583 909 4678 Ecclesia,
936 4584 1314 4678 immaculata
1333 4585 1510 4678 virgo.
1527 4588 1684 4660 Ergo
1703 4587 1955 4678 invitataa
1985 4612 2033 4678 D

303 4673 654 4730 conveniunt
682 4678 1026 4730 cunctarum
1055 4676 1318 4748 gentium
1332 4676 1598 4733 nationes
1619 4682 1676 4733 et
1700 4677 1953 4735 caelestis

301 4761 499 4834 sponsi
543 4762 804 4819 convivio
835 4764 1151 4820 concinunt
1188 4763 1440 4820 ccelestis
1470 4765 1792 4823 harmoniaa
1825 4785 1955 4824 sua-

301 4851 528 4906 vitates.
563 4851 802 4924 Regalis
831 4852 977 4908 atria
1004 4853 1374 4926 complentur
1387 4854 1692 4912 ordinibus
1706 4857 1959 4914 discum-

303 4939 593 5005 bentium,
627 4956 878 5011 quorum
911 4941 1176 5010 intentio,
1223 4944 1499 5014 perennis
1548 4945 1693 5002 aulae
1723 4947 1955 5020 gaudiis

305 5025 645 5095 sublimata,
668 5028 1033 5085 obliviscitur
1053 5031 1462 5104 temporalium
1485 5035 1874 5108 voluptatum.
1892 5037 1955 5092 In

303 5118 583 5188 tympano
617 5117 797 5190 igitur
826 5120 882 5172 et
913 5117 1108 5187 choro,
1143 5117 1202 5174 in
1232 5119 1458 5178 cithara
1487 5126 1544 5178 et
1577 5123 1870 5194 psalterio,
1897 5123 1956 5178 in

303 5204 538 5261 chordis
563 5209 621 5261 et
644 5221 861 5278 organo
903 5212 1228 5264 consonant
1252 5209 1512 5267 caelestes
1545 5211 1952 5283 paranymphi,

302 5310 555 5367 quorum
578 5292 866 5350 continuae
884 5294 1075 5352 laudis
1093 5297 1392 5354 modulata
1413 5299 1780 5372 symphonia,
1798 5303 1955 5357 totus

302 5385 691 5454 congregatur
748 5383 1030 5452 mundus,
1080 5401 1344 5457 supernae
1393 5387 1565 5442 curias
1613 5385 1958 5445 conciliatur

302 5469 520 5525 chorus
551 5469 917 5542 angelorum.

2066 3325 2389 3382 Galliarum
2415 3325 2722 3381 maritima;
2758 3327 2903 3381 ﬁnes
2921 3324 3236 3398 eliguntur,
3263 3341 3380 3397 qua
3401 3323 3734 3383 Calciacen-

2066 3415 2148 3472 sis
2181 3415 2478 3488 provincia
2493 3414 2809 3487 respiciens
2830 3415 2988 3484 laeva,
3014 3415 3287 3486 Sequana
3306 3418 3436 3470 octo
3459 3413 3731 3474 minibus

2067 3504 2341 3572 distante,
2402 3504 2706 3560 voracitati
2756 3503 3132 3560 occidentalis
3175 3504 3408 3569 Oceani,
3463 3505 3727 3576 quodam

2065 3593 2344 3649 eminenti
2369 3594 2786 3666 promontorio,
2813 3594 3064 3648 duorum
3088 3591 3457 3648 iluviolorum
3479 3594 3732 3666 exponit

2065 3699 2270 3754 aquas.
2306 3681 2388 3737 Ibi
2420 3698 2555 3755 ergo
2599 3681 2834 3755 eligitur
2883 3681 3270 3738 Calciacensis
3295 3681 3609 3754 provincia
3639 3682 3733 3737 Fi-

2067 3770 2518 3839 scannus,vallis
2531 3771 2849 3840 maritima,
2869 3774 3081 3842 quis,et
3093 3770 3372 3826 silvarum
3388 3771 3732 3844 etiveprium

2065 3860 2354 3917 densitate
2376 3861 2644 3926 obscura,
2661 3865 2717 3916 et
2731 3861 3058 3933 ingentium
3075 3859 3536 3932 supercminenti
3556 3860 3738 3917 extol-

2065 3948 2246 4005 lentia
2277 3948 2751 4016 circommunita,
2784 3966 2897 4004 non
2931 3965 3126 4005 rerum
3147 3948 3396 4004 Creatori
3423 3948 3736 4006 habitacu-

2067 4038 2216 4106 lum,
2247 4054 2450 4093 verum
2484 4037 2622 4094 feris
2654 4042 2711 4093 et
2741 4037 2988 4094 marinis
3018 4036 3344 4093 latronibus
3377 4037 3736 4094 credebatur

2066 4127 2320 4200 praebere
2343 4125 2673 4183 latibulum.
2691 4127 2734 4182 Ο
2763 4126 2968 4182 divinae
2984 4126 3311 4197 maiestatis
3327 4125 3732 4182 humilitatem

2068 4215 2411 4272 maximam!
2449 4215 2859 4272 Ohumilitatis
2886 4215 3154 4271 maximae
3172 4213 3492 4287 imaginem
3517 4219 3737 4272 morta-

2065 4305 2223 4364 libus
2255 4305 2724 4378 proponendam!
2763 4322 2878 4362 non
2910 4305 3138 4375 civitas,
3169 4321 3287 4360 non
3331 4303 3729 4382 agasonibus;

2068 4395 2168 4452 sed
2200 4395 2347 4453 tanti
2379 4394 2535 4450 tituli
2585 4393 2823 4468 speciali
2873 4393 3197 4466 privilegio,
3239 4391 3512 4465 quaedam
3558 4392 3731 4456 vallis

2067 4501 2248 4557 opaca
2276 4487 2334 4541 et
2362 4483 2657 4541 horrenda
2697 4481 3017 4556 insignitur
3059 4483 3403 4544 Fiscannus.
3436 4483 3731 4548 Quaeritur

2065 4575 2235 4645 cujus
2294 4573 2665 4630 revelationis
2712 4572 2888 4630 verba
2939 4576 3042 4630 aut
3080 4571 3504 4634 miraculorum
3545 4573 3731 4646 signa

2064 4661 2624 4734 claruerint,quibus
2641 4665 2856 4720 eterna
2867 4665 2927 4718 et
2939 4658 3446 4722 incommutabilis
3468 4661 3729 4726 Trinitas

2065 4753 2410 4826 praedictum
2441 4751 2634 4810 locum
2665 4769 2772 4808 suo
2815 4751 3049 4809 servitia
3079 4750 3374 4824 segregari
3396 4750 3728 4812 etsuine-

2067 4842 2246 4902 minis
2303 4842 2537 4900 oraculo
2588 4840 2942 4914 judicaverit
3007 4840 3298 4898 honorari.
3371 4841 3728 4908 (humationis

2065 4929 2416 4988 solutionem
2430 4931 2753 5004 praepositae
2775 4929 2979 4988 crebra
2989 4930 3370 5002 antiquorum
3383 4933 3726 4990 nostratium

2066 5019 2343 5077 relatione
2375 5019 2775 5092 cognovimus,
2809 5019 3224 5092 cognitamqlue
3253 5018 3394 5093 styli
3415 5019 3725 5094 sequentis

2067 5108 2370 5181 diligentia
2398 5106 2702 5166 enucleare
2733 5108 3090 5168 curavimus.

2423 5215 2558 5270 CAP.
2593 5213 2694 5270 III.
2717 5244 2785 5255 -—
2814 5217 2888 5271 De
2915 5215 3052 5271 duce
3082 5217 3362 5288 Amegiso.

2136 5303 2406 5359 Virorum
2439 5303 2616 5374 igitur
2647 5302 2800 5359 fideli
2832 5305 3165 5362 narratione
3199 5303 3589 5380 cognovi-mus
3609 5308 3724 5363 An-

2066 5393 2325 5466 segisum
2338 5390 2732 5449 ducemGallis
2746 5393 3071 5466 antiquitus
3087 5395 3728 5468 imperasse,quem-no~

2065 5481 2276 5537 bilium
2299 5485 2536 5536 actuum
2552 5481 2871 5539 strenuitas
2883 5483 3162 5554 praeclara
3187 5482 3444 5540 exterius
3473 5483 3726 5550 mundo,

2066 5576 2125 5628 et
2154 5569 2348 5626 multa
2381 5568 2678 5642 religionis
2709 5571 2893 5629 virtus
2913 5571 3128 5645 inclyta
3150 5571 3396 5630 interiu
3427 5585 3700 5630 oommen

2068 5659 2246 5718 dabat
2273 5659 2406 5720 Deo.
2444 5659 2833 5720 Barbarorum
2856 5662 3075 5737 quippe
3123 5663 3276 5722 acies
3307 5661 3638 5724 horrendas
3665 5666 3725 5718 et
