  <div class='ocr_page' id='page_1' title='image "/cluster/home/n/w/nwhite01/storage/ocr_20150623/151/uva.x000829795/376.png"; bbox 0 0 3894 6214; ppageno 0'>
   <div class='ocr_carea' id='block_1_1' title="bbox 112 274 3528 344">
    <p class='ocr_par' dir='ltr' id='par_1_1' title="bbox 112 274 3528 344">
     <span class='ocr_line' id='line_1_1' title="bbox 112 274 3528 344; baseline 0.002 -8"><span class='ocrx_word' id='word_1_1' title='bbox 112 274 222 337; x_wconf 82' lang='lat'>705</span> <span class='ocrx_word' id='word_1_2' title='bbox 1272 276 1711 341; x_wconf 85' lang='lat' dir='ltr'>ANONYMUS</span> <span class='ocrx_word' id='word_1_3' title='bbox 1758 278 2349 344; x_wconf 82' lang='lat' dir='ltr'>FISCANNENSIS.</span> <span class='ocrx_word' id='word_1_4' title='bbox 3148 316 3157 321; x_wconf 80' lang='lat'>~</span> <span class='ocrx_word' id='word_1_5' title='bbox 3412 283 3528 344; x_wconf 82' lang='lat'>706</span> 
     </span>
    </p>
   </div>
   <div class='ocr_carea' id='block_1_2' title="bbox 116 403 3536 485">
    <p class='ocr_par' dir='ltr' id='par_1_2' title="bbox 116 403 3536 485">
     <span class='ocr_line' id='line_1_2' title="bbox 116 403 3536 485; baseline 0.001 -20"><span class='ocrx_word' id='word_1_6' title='bbox 116 403 472 465; x_wconf 78' lang='lat' dir='ltr'>lncursiones</span> <span class='ocrx_word' id='word_1_7' title='bbox 494 408 856 466; x_wconf 84' lang='lat' dir='ltr'>truculentae</span> <span class='ocrx_word' id='word_1_8' title='bbox 876 407 1080 465; x_wconf 80' lang='lat' dir='ltr'>audaci</span> <span class='ocrx_word' id='word_1_9' title='bbox 1103 407 1297 481; x_wconf 88' lang='lat' dir='ltr'>gladio</span> <span class='ocrx_word' id='word_1_10' title='bbox 1317 409 1615 467; x_wconf 83' lang='lat' dir='ltr'>Gallorum</span> <span class='ocrx_word' id='word_1_11' title='bbox 1632 410 1755 466; x_wconf 84' lang='lat' dir='ltr'>ﬁni-</span> <span class='ocrx_word' id='word_1_12' title='bbox 1783 411 1837 478; x_wconf 81' lang='grc' dir='ltr'><strong>Α</strong></span> <span class='ocrx_word' id='word_1_13' title='bbox 1869 416 2043 483; x_wconf 89' lang='lat' dir='ltr'>atque</span> <span class='ocrx_word' id='word_1_14' title='bbox 2056 412 2331 470; x_wconf 89' lang='lat' dir='ltr'>demissis</span> <span class='ocrx_word' id='word_1_15' title='bbox 2354 413 2777 480; x_wconf 88' lang='lat' dir='ltr'>cornibus,suo</span> <span class='ocrx_word' id='word_1_16' title='bbox 2797 427 3033 485; x_wconf 89' lang='lat' dir='ltr'>genere,</span> <span class='ocrx_word' id='word_1_17' title='bbox 3050 413 3363 485; x_wconf 82' lang='lat' dir='ltr'>cujusdam</span> <span class='ocrx_word' id='word_1_18' title='bbox 3377 414 3536 471; x_wconf 83' lang='lat' dir='ltr'>beni-</span> 
     </span>
    </p>
   </div>
   <div class='ocr_carea' id='block_1_3' title="bbox 114 496 3536 575">
    <p class='ocr_par' dir='ltr' id='par_1_3' title="bbox 114 496 3536 575">
     <span class='ocr_line' id='line_1_3' title="bbox 114 496 3536 575; baseline 0.001 -20"><span class='ocrx_word' id='word_1_19' title='bbox 114 499 214 555; x_wconf 89' lang='lat' dir='ltr'>bus</span> <span class='ocrx_word' id='word_1_20' title='bbox 242 497 494 565; x_wconf 80' lang='lat' dir='ltr'>arcebat,</span> <span class='ocrx_word' id='word_1_21' title='bbox 524 501 600 568; x_wconf 92' lang='lat' dir='ltr'>et,</span> <span class='ocrx_word' id='word_1_22' title='bbox 618 497 913 569; x_wconf 80' lang='lat' dir='ltr'>subjectae</span> <span class='ocrx_word' id='word_1_23' title='bbox 934 496 1262 571; x_wconf 83' lang='lat' dir='ltr'>provincias</span> <span class='ocrx_word' id='word_1_24' title='bbox 1283 514 1422 572; x_wconf 91' lang='lat' dir='ltr'>pace</span> <span class='ocrx_word' id='word_1_25' title='bbox 1445 500 1752 557; x_wconf 90' lang='lat' dir='ltr'>continens</span> <span class='ocrx_word' id='word_1_26' title='bbox 1860 500 2103 573; x_wconf 85' lang='lat' dir='ltr'>guitatis</span> <span class='ocrx_word' id='word_1_27' title='bbox 2131 502 2366 559; x_wconf 81' lang='lat' dir='ltr'>vultum</span> <span class='ocrx_word' id='word_1_28' title='bbox 2403 502 2801 575; x_wconf 66' lang='lat' dir='ltr'>praetendens,</span> <span class='ocrx_word' id='word_1_29' title='bbox 2838 517 3083 558; x_wconf 77' lang='lat' dir='ltr'>securus</span> <span class='ocrx_word' id='word_1_30' title='bbox 3114 518 3252 559; x_wconf 87' lang='lat' dir='ltr'>suos</span> <span class='ocrx_word' id='word_1_31' title='bbox 3272 516 3536 575; x_wconf 86' lang='lat' dir='ltr'>persecu-</span> 
     </span>
    </p>
   </div>
   <div class='ocr_carea' id='block_1_4' title="bbox 113 585 3537 665">
    <p class='ocr_par' dir='ltr' id='par_1_4' title="bbox 113 585 3537 665">
     <span class='ocr_line' id='line_1_4' title="bbox 113 585 3537 665; baseline 0.001 -21"><span class='ocrx_word' id='word_1_32' title='bbox 113 586 623 657; x_wconf 79' lang='lat' dir='ltr'>securas,justitia3</span> <span class='ocrx_word' id='word_1_33' title='bbox 653 585 931 644; x_wconf 85' lang='lat' dir='ltr'>laudibus</span> <span class='ocrx_word' id='word_1_34' title='bbox 960 588 1489 645; x_wconf 90' lang='lat' dir='ltr'>commendabatet</span> <span class='ocrx_word' id='word_1_35' title='bbox 1520 603 1753 646; x_wconf 89' lang='lat' dir='ltr'>morum</span> <span class='ocrx_word' id='word_1_36' title='bbox 1865 592 2023 646; x_wconf 91' lang='lat' dir='ltr'>tores</span> <span class='ocrx_word' id='word_1_37' title='bbox 2097 592 2379 665; x_wconf 83' lang='lat' dir='ltr'>respexit.</span> <span class='ocrx_word' id='word_1_38' title='bbox 2461 591 2547 647; x_wconf 92' lang='lat' dir='ltr'>Ibi</span> <span class='ocrx_word' id='word_1_39' title='bbox 2607 590 3116 651; x_wconf 86' lang='lat' dir='ltr'>circumlatrantes</span> <span class='ocrx_word' id='word_1_40' title='bbox 3170 590 3537 648; x_wconf 83' lang='lat' dir='ltr'>innocentem</span> 
     </span>
    </p>
   </div>
   <div class='ocr_carea' id='block_1_5' title="bbox 114 675 3538 753">
    <p class='ocr_par' dir='ltr' id='par_1_5' title="bbox 114 675 3538 753">
     <span class='ocr_line' id='line_1_5' title="bbox 114 675 3538 753; baseline 0.001 -20"><span class='ocrx_word' id='word_1_41' title='bbox 114 675 410 733; x_wconf 83' lang='lat' dir='ltr'>sanctitate</span> <span class='ocrx_word' id='word_1_42' title='bbox 430 676 772 734; x_wconf 87' lang='lat' dir='ltr'>exornabat.</span> <span class='ocrx_word' id='word_1_43' title='bbox 795 676 922 735; x_wconf 88' lang='lat' dir='ltr'>Non</span> <span class='ocrx_word' id='word_1_44' title='bbox 940 677 1075 750; x_wconf 90' lang='lat' dir='ltr'>ejus</span> <span class='ocrx_word' id='word_1_45' title='bbox 1099 677 1420 734; x_wconf 83' lang='lat' dir='ltr'>ambitione</span> <span class='ocrx_word' id='word_1_46' title='bbox 1449 695 1554 735; x_wconf 89' lang='lat' dir='ltr'>suo</span> <span class='ocrx_word' id='word_1_47' title='bbox 1577 694 1755 751; x_wconf 88' lang='lat' dir='ltr'>regno</span> <span class='ocrx_word' id='word_1_48' title='bbox 1864 683 2140 736; x_wconf 85' lang='lat' dir='ltr'>nocentes</span> <span class='ocrx_word' id='word_1_49' title='bbox 2174 697 2349 737; x_wconf 86' lang='lat' dir='ltr'>canes</span> <span class='ocrx_word' id='word_1_50' title='bbox 2384 680 2527 736; x_wconf 91' lang='lat' dir='ltr'>ultio</span> <span class='ocrx_word' id='word_1_51' title='bbox 2559 679 2939 753; x_wconf 78' lang='lat' dir='ltr'>consequitur</span> <span class='ocrx_word' id='word_1_52' title='bbox 2970 679 3192 748; x_wconf 90' lang='lat' dir='ltr'>divina,</span> <span class='ocrx_word' id='word_1_53' title='bbox 3218 695 3538 752; x_wconf 89' lang='lat' dir='ltr'>eorumque</span> 
     </span>
    </p>
   </div>
   <div class='ocr_carea' id='block_1_6' title="bbox 114 764 1752 838">
    <p class='ocr_par' dir='ltr' id='par_1_6' title="bbox 114 764 1752 838">
     <span class='ocr_line' id='line_1_6' title="bbox 114 764 1752 838; baseline 0.002 -17"><span class='ocrx_word' id='word_1_54' title='bbox 114 764 423 837; x_wconf 85' lang='lat' dir='ltr'>adjacentia</span> <span class='ocrx_word' id='word_1_55' title='bbox 474 782 654 838; x_wconf 88' lang='lat' dir='ltr'>regna</span> <span class='ocrx_word' id='word_1_56' title='bbox 704 766 1044 824; x_wconf 87' lang='lat' dir='ltr'>marcebant</span> <span class='ocrx_word' id='word_1_57' title='bbox 1074 769 1177 823; x_wconf 87' lang='lat' dir='ltr'>aut</span> <span class='ocrx_word' id='word_1_58' title='bbox 1209 768 1628 835; x_wconf 76' lang='lat' dir='ltr'>vastabantur;</span> <span class='ocrx_word' id='word_1_59' title='bbox 1660 784 1752 825; x_wconf 85' lang='lat' dir='ltr'>ve-</span> 
     </span>
    </p>
   </div>
   <div class='ocr_carea' id='block_1_7' title="bbox 116 853 1754 928">
    <p class='ocr_par' dir='ltr' id='par_1_7' title="bbox 116 853 1754 928">
     <span class='ocr_line' id='line_1_7' title="bbox 116 853 1754 928; baseline 0.002 -18"><span class='ocrx_word' id='word_1_60' title='bbox 116 870 375 912; x_wconf 66' lang='lat' dir='ltr'>rumsuae</span> <span class='ocrx_word' id='word_1_61' title='bbox 394 854 631 911; x_wconf 87' lang='lat' dir='ltr'>virtutis</span> <span class='ocrx_word' id='word_1_62' title='bbox 642 853 886 912; x_wconf 88' lang='lat' dir='ltr'>consilio</span> <span class='ocrx_word' id='word_1_63' title='bbox 913 854 1188 928; x_wconf 82' lang='lat' dir='ltr'>vigebant</span> <span class='ocrx_word' id='word_1_64' title='bbox 1205 856 1754 928; x_wconf 83' lang='lat' dir='ltr'>etpaciﬁcabantur.</span> 
     </span>
    </p>
   </div>
   <div class='ocr_carea' id='block_1_8' title="bbox 115 943 1756 1018">
    <p class='ocr_par' dir='ltr' id='par_1_8' title="bbox 115 943 1756 1018">
     <span class='ocr_line' id='line_1_8' title="bbox 115 943 1756 1018; baseline -0.001 -17"><span class='ocrx_word' id='word_1_65' title='bbox 115 943 327 1001; x_wconf 81' lang='lat' dir='ltr'>Nullius</span> <span class='ocrx_word' id='word_1_66' title='bbox 356 943 613 1000; x_wconf 72' lang='lat' dir='ltr'>avaritias</span> <span class='ocrx_word' id='word_1_67' title='bbox 646 943 1029 1007; x_wconf 87' lang='lat' dir='ltr'>clandestinis</span> <span class='ocrx_word' id='word_1_68' title='bbox 1061 944 1326 1001; x_wconf 81' lang='lat' dir='ltr'>consiliis</span> <span class='ocrx_word' id='word_1_69' title='bbox 1370 944 1756 1018; x_wconf 80' lang='lat' dir='ltr'>provinciales</span> 
     </span>
    </p>
   </div>
   <div class='ocr_carea' id='block_1_9' title="bbox 118 1031 1757 1107">
    <p class='ocr_par' dir='ltr' id='par_1_9' title="bbox 118 1031 1757 1107">
     <span class='ocr_line' id='line_1_9' title="bbox 118 1031 1757 1107; baseline -0.001 -16"><span class='ocrx_word' id='word_1_70' title='bbox 118 1050 243 1091; x_wconf 85' lang='lat' dir='ltr'>suos</span> <span class='ocrx_word' id='word_1_71' title='bbox 267 1031 562 1091; x_wconf 80' lang='lat' dir='ltr'>hostiliter</span> <span class='ocrx_word' id='word_1_72' title='bbox 588 1033 972 1106; x_wconf 83' lang='lat' dir='ltr'>exspoliabat,</span> <span class='ocrx_word' id='word_1_73' title='bbox 1006 1034 1108 1091; x_wconf 90' lang='lat' dir='ltr'>sed</span> <span class='ocrx_word' id='word_1_74' title='bbox 1139 1051 1259 1090; x_wconf 66' lang='lat' dir='ltr'>sua:</span> <span class='ocrx_word' id='word_1_75' title='bbox 1305 1033 1598 1091; x_wconf 83' lang='lat' dir='ltr'>facultatis</span> <span class='ocrx_word' id='word_1_76' title='bbox 1630 1033 1757 1107; x_wconf 38' lang='lat' dir='ltr'>opis</span> 
     </span>
    </p>
   </div>
   <div class='ocr_carea' id='block_1_10' title="bbox 117 1121 1753 1195">
    <p class='ocr_par' dir='ltr' id='par_1_10' title="bbox 117 1121 1753 1195">
     <span class='ocr_line' id='line_1_10' title="bbox 117 1121 1753 1195; baseline -0.001 -15"><span class='ocrx_word' id='word_1_77' title='bbox 117 1124 216 1180; x_wconf 86' lang='lat' dir='ltr'>bus</span> <span class='ocrx_word' id='word_1_78' title='bbox 241 1138 483 1180; x_wconf 83' lang='lat' dir='ltr'>suorum</span> <span class='ocrx_word' id='word_1_79' title='bbox 516 1138 826 1195; x_wconf 84' lang='lat' dir='ltr'>procerum</span> <span class='ocrx_word' id='word_1_80' title='bbox 858 1121 1090 1178; x_wconf 84' lang='lat' dir='ltr'>divitias</span> <span class='ocrx_word' id='word_1_81' title='bbox 1111 1122 1384 1195; x_wconf 84' lang='lat' dir='ltr'>regaliter</span> <span class='ocrx_word' id='word_1_82' title='bbox 1413 1122 1753 1195; x_wconf 86' lang='lat' dir='ltr'>ampliabat;</span> 
     </span>
    </p>
   </div>
   <div class='ocr_carea' id='block_1_11' title="bbox 118 1210 1755 1283">
    <p class='ocr_par' dir='ltr' id='par_1_11' title="bbox 118 1210 1755 1283">
     <span class='ocr_line' id='line_1_11' title="bbox 118 1210 1755 1283; baseline 0.001 -18"><span class='ocrx_word' id='word_1_83' title='bbox 118 1225 420 1281; x_wconf 81' lang='lat' dir='ltr'>pauperum</span> <span class='ocrx_word' id='word_1_84' title='bbox 451 1226 591 1267; x_wconf 88' lang='lat' dir='ltr'>vero</span> <span class='ocrx_word' id='word_1_85' title='bbox 622 1210 981 1283; x_wconf 81' lang='lat' dir='ltr'>indigentiae</span> <span class='ocrx_word' id='word_1_86' title='bbox 1035 1210 1494 1270; x_wconf 85' lang='lat' dir='ltr'>misericorditer</span> <span class='ocrx_word' id='word_1_87' title='bbox 1522 1216 1755 1268; x_wconf 89' lang='lat' dir='ltr'>susten-</span> 
     </span>
    </p>
   </div>
   <div class='ocr_carea' id='block_1_12' title="bbox 120 1299 1758 1372">
    <p class='ocr_par' dir='ltr' id='par_1_12' title="bbox 120 1299 1758 1372">
     <span class='ocr_line' id='line_1_12' title="bbox 120 1299 1758 1372; baseline 0.002 -19"><span class='ocrx_word' id='word_1_88' title='bbox 120 1300 280 1355; x_wconf 82' lang='lat' dir='ltr'>tabat.</span> <span class='ocrx_word' id='word_1_89' title='bbox 311 1299 638 1358; x_wconf 85' lang='lat' dir='ltr'>Tantorum</span> <span class='ocrx_word' id='word_1_90' title='bbox 657 1299 836 1372; x_wconf 82' lang='lat' dir='ltr'>igitur</span> <span class='ocrx_word' id='word_1_91' title='bbox 849 1299 1190 1357; x_wconf 84' lang='lat' dir='ltr'>meritorum</span> <span class='ocrx_word' id='word_1_92' title='bbox 1210 1299 1331 1356; x_wconf 88' lang='lat' dir='ltr'>viro</span> <span class='ocrx_word' id='word_1_93' title='bbox 1348 1300 1758 1357; x_wconf 88' lang='lat' dir='ltr'>Fiscannensis</span> 
     </span>
    </p>
   </div>
   <div class='ocr_carea' id='block_1_13' title="bbox 117 1386 1756 1462">
    <p class='ocr_par' dir='ltr' id='par_1_13' title="bbox 117 1386 1756 1462">
     <span class='ocr_line' id='line_1_13' title="bbox 117 1386 1756 1462; baseline 0.001 -20"><span class='ocrx_word' id='word_1_94' title='bbox 117 1386 351 1457; x_wconf 60' lang='lat' dir='ltr'>ecclesia</span> <span class='ocrx_word' id='word_1_95' title='bbox 362 1388 574 1461; x_wconf 62' lang='lat' dir='ltr'>prima</span> <span class='ocrx_word' id='word_1_96' title='bbox 587 1387 953 1446; x_wconf 82' lang='lat' dir='ltr'>revelationis</span> <span class='ocrx_word' id='word_1_97' title='bbox 968 1390 1319 1462; x_wconf 81' lang='lat' dir='ltr'>argu&#39;menta</span> <span class='ocrx_word' id='word_1_98' title='bbox 1335 1390 1549 1446; x_wconf 89' lang='lat' dir='ltr'>conced</span> <span class='ocrx_word' id='word_1_99' title='bbox 1560 1393 1756 1456; x_wconf 88' lang='lat' dir='ltr'>untur,</span> 
     </span>
    </p>
   </div>
   <div class='ocr_carea' id='block_1_14' title="bbox 116 1475 1761 1551">
    <p class='ocr_par' dir='ltr' id='par_1_14' title="bbox 116 1475 1761 1551">
     <span class='ocr_line' id='line_1_14' title="bbox 116 1475 1761 1551; baseline 0.002 -21"><span class='ocrx_word' id='word_1_100' title='bbox 116 1475 418 1548; x_wconf 84' lang='lat' dir='ltr'>primorum</span> <span class='ocrx_word' id='word_1_101' title='bbox 450 1481 941 1551; x_wconf 83' lang='lat' dir='ltr'>argumentorum</span> <span class='ocrx_word' id='word_1_102' title='bbox 972 1477 1351 1534; x_wconf 76' lang='lat' dir='ltr'>revelationes</span> <span class='ocrx_word' id='word_1_103' title='bbox 1386 1478 1761 1534; x_wconf 84' lang='lat' dir='ltr'>manifestan-</span> 
     </span>
    </p>
   </div>
   <div class='ocr_carea' id='block_1_15' title="bbox 114 1565 1758 1633">
    <p class='ocr_par' dir='ltr' id='par_1_15' title="bbox 114 1565 1758 1633">
     <span class='ocr_line' id='line_1_15' title="bbox 114 1565 1758 1633; baseline 0.001 -14"><span class='ocrx_word' id='word_1_104' title='bbox 114 1568 216 1621; x_wconf 88' lang='lat' dir='ltr'>tur.</span> <span class='ocrx_word' id='word_1_105' title='bbox 247 1565 736 1623; x_wconf 69' lang='lat' dir='ltr'>Praedictusenim</span> <span class='ocrx_word' id='word_1_106' title='bbox 751 1567 868 1623; x_wconf 81' lang='lat' dir='ltr'>dux</span> <span class='ocrx_word' id='word_1_107' title='bbox 904 1566 963 1623; x_wconf 89' lang='lat' dir='ltr'>in</span> <span class='ocrx_word' id='word_1_108' title='bbox 983 1567 1387 1633; x_wconf 87' lang='lat' dir='ltr'>mundo,velut</span> <span class='ocrx_word' id='word_1_109' title='bbox 1416 1571 1576 1624; x_wconf 86' lang='lat' dir='ltr'>extra</span> <span class='ocrx_word' id='word_1_110' title='bbox 1590 1584 1758 1622; x_wconf 90' lang='lat' dir='ltr'>mun-</span> 
     </span>
    </p>
   </div>
   <div class='ocr_carea' id='block_1_16' title="bbox 117 1654 1759 1729">
    <p class='ocr_par' dir='ltr' id='par_1_16' title="bbox 117 1654 1759 1729">
     <span class='ocr_line' id='line_1_16' title="bbox 117 1654 1759 1729; baseline 0.002 -20"><span class='ocrx_word' id='word_1_111' title='bbox 117 1654 261 1723; x_wconf 85' lang='lat' dir='ltr'>dum,</span> <span class='ocrx_word' id='word_1_112' title='bbox 294 1655 612 1726; x_wconf 78' lang='lat' dir='ltr'>cujusdam</span> <span class='ocrx_word' id='word_1_113' title='bbox 642 1655 877 1713; x_wconf 71' lang='lat' dir='ltr'>theoriae</span> <span class='ocrx_word' id='word_1_114' title='bbox 927 1657 1333 1729; x_wconf 67' lang='lat' dir='ltr'>praerogativa,</span> <span class='ocrx_word' id='word_1_115' title='bbox 1381 1657 1759 1722; x_wconf 88' lang='lat' dir='ltr'>constitutus,</span> 
     </span>
    </p>
   </div>
   <div class='ocr_carea' id='block_1_17' title="bbox 117 1743 1758 1818">
    <p class='ocr_par' dir='ltr' id='par_1_17' title="bbox 117 1743 1758 1818">
     <span class='ocr_line' id='line_1_17' title="bbox 117 1743 1758 1818; baseline 0.001 -19"><span class='ocrx_word' id='word_1_116' title='bbox 117 1759 220 1799; x_wconf 85' lang='lat' dir='ltr'>non</span> <span class='ocrx_word' id='word_1_117' title='bbox 247 1745 570 1802; x_wconf 82' lang='lat' dir='ltr'>commissa</span> <span class='ocrx_word' id='word_1_118' title='bbox 589 1743 753 1818; x_wconf 90' lang='lat' dir='ltr'>regni</span> <span class='ocrx_word' id='word_1_119' title='bbox 777 1744 967 1818; x_wconf 88' lang='lat' dir='ltr'>gtoria</span> <span class='ocrx_word' id='word_1_120' title='bbox 977 1745 1347 1818; x_wconf 89' lang='lat' dir='ltr'>pascebatur,</span> <span class='ocrx_word' id='word_1_121' title='bbox 1365 1762 1567 1801; x_wconf 92' lang='lat' dir='ltr'>verum</span> <span class='ocrx_word' id='word_1_122' title='bbox 1589 1744 1758 1803; x_wconf 76' lang='lat' dir='ltr'>cccle-</span> 
     </span>
    </p>
   </div>
   <div class='ocr_carea' id='block_1_18' title="bbox 119 1830 1761 1906">
    <p class='ocr_par' dir='ltr' id='par_1_18' title="bbox 119 1830 1761 1906">
     <span class='ocr_line' id='line_1_18' title="bbox 119 1830 1761 1906; baseline 0.001 -16"><span class='ocrx_word' id='word_1_123' title='bbox 119 1831 212 1892; x_wconf 81' lang='lat' dir='ltr'>stis</span> <span class='ocrx_word' id='word_1_124' title='bbox 238 1830 471 1906; x_wconf 86' lang='lat' dir='ltr'>imperii</span> <span class='ocrx_word' id='word_1_125' title='bbox 505 1836 814 1891; x_wconf 84' lang='lat' dir='ltr'>manentes</span> <span class='ocrx_word' id='word_1_126' title='bbox 833 1832 1164 1906; x_wconf 79' lang='lat' dir='ltr'>opulentiae</span> <span class='ocrx_word' id='word_1_127' title='bbox 1183 1833 1596 1902; x_wconf 81' lang='lat' dir='ltr'>meditabatur,</span> <span class='ocrx_word' id='word_1_128' title='bbox 1624 1850 1761 1906; x_wconf 87' lang='lat' dir='ltr'>qua-</span> 
     </span>
    </p>
   </div>
   <div class='ocr_carea' id='block_1_19' title="bbox 118 1920 1763 1997">
    <p class='ocr_par' dir='ltr' id='par_1_19' title="bbox 118 1920 1763 1997">
     <span class='ocr_line' id='line_1_19' title="bbox 118 1920 1763 1997; baseline 0.002 -21"><span class='ocrx_word' id='word_1_129' title='bbox 118 1936 237 1997; x_wconf 80' lang='lat' dir='ltr'>rum</span> <span class='ocrx_word' id='word_1_130' title='bbox 263 1920 599 1979; x_wconf 79' lang='lat' dir='ltr'>dulcedinis</span> <span class='ocrx_word' id='word_1_131' title='bbox 624 1922 819 1996; x_wconf 83' lang='lat' dir='ltr'>gratia</span> <span class='ocrx_word' id='word_1_132' title='bbox 851 1938 1047 1979; x_wconf 90' lang='lat' dir='ltr'>rerum</span> <span class='ocrx_word' id='word_1_133' title='bbox 1077 1921 1488 1995; x_wconf 85' lang='lat' dir='ltr'>temporalium</span> <span class='ocrx_word' id='word_1_134' title='bbox 1529 1922 1763 1996; x_wconf 89' lang='lat' dir='ltr'>negotia</span> 
     </span>
    </p>
   </div>
   <div class='ocr_carea' id='block_1_20' title="bbox 120 2008 1763 2078">
    <p class='ocr_par' dir='ltr' id='par_1_20' title="bbox 120 2008 1763 2078">
     <span class='ocr_line' id='line_1_20' title="bbox 120 2008 1763 2078; baseline 0.002 -15"><span class='ocrx_word' id='word_1_135' title='bbox 120 2008 319 2066; x_wconf 86' lang='lat' dir='ltr'>invitus</span> <span class='ocrx_word' id='word_1_136' title='bbox 345 2011 664 2078; x_wconf 73' lang='lat' dir='ltr'>tractabat,</span> <span class='ocrx_word' id='word_1_137' title='bbox 693 2010 1058 2067; x_wconf 88' lang='lat' dir='ltr'>voluntarius</span> <span class='ocrx_word' id='word_1_138' title='bbox 1107 2010 1457 2074; x_wconf 86' lang='lat' dir='ltr'>declinabat,</span> <span class='ocrx_word' id='word_1_139' title='bbox 1492 2015 1550 2067; x_wconf 91' lang='lat' dir='ltr'>et</span> <span class='ocrx_word' id='word_1_140' title='bbox 1580 2010 1763 2066; x_wconf 90' lang='lat' dir='ltr'>multo</span> 
     </span>
    </p>
   </div>
   <div class='ocr_carea' id='block_1_21' title="bbox 119 2099 1769 2167">
    <p class='ocr_par' dir='ltr' id='par_1_21' title="bbox 119 2099 1769 2167">
     <span class='ocr_line' id='line_1_21' title="bbox 119 2099 1769 2167; baseline 0.001 -15"><span class='ocrx_word' id='word_1_141' title='bbox 119 2099 349 2156; x_wconf 82' lang='lat' dir='ltr'>venandi</span> <span class='ocrx_word' id='word_1_142' title='bbox 378 2100 583 2157; x_wconf 85' lang='lat' dir='ltr'>studio</span> <span class='ocrx_word' id='word_1_143' title='bbox 612 2116 849 2167; x_wconf 89' lang='lat' dir='ltr'>vacans,</span> <span class='ocrx_word' id='word_1_144' title='bbox 875 2099 1165 2156; x_wconf 84' lang='lat' dir='ltr'>silvarum</span> <span class='ocrx_word' id='word_1_145' title='bbox 1178 2099 1494 2155; x_wconf 87' lang='lat' dir='ltr'>solitudine</span> <span class='ocrx_word' id='word_1_146' title='bbox 1523 2099 1769 2156; x_wconf 84' lang='lat' dir='ltr'>delecta-</span> 
     </span>
    </p>
   </div>
   <div class='ocr_carea' id='block_1_22' title="bbox 121 2186 1762 2263">
    <p class='ocr_par' dir='ltr' id='par_1_22' title="bbox 121 2186 1762 2263">
     <span class='ocr_line' id='line_1_22' title="bbox 121 2186 1762 2263; baseline 0.001 -21"><span class='ocrx_word' id='word_1_147' title='bbox 121 2186 295 2257; x_wconf 78' lang='lat' dir='ltr'>batur,</span> <span class='ocrx_word' id='word_1_148' title='bbox 328 2192 386 2245; x_wconf 88' lang='lat' dir='ltr'>et</span> <span class='ocrx_word' id='word_1_149' title='bbox 415 2188 749 2263; x_wconf 77' lang='lat' dir='ltr'>frequentis</span> <span class='ocrx_word' id='word_1_150' title='bbox 780 2189 1086 2246; x_wconf 84' lang='lat' dir='ltr'>occasione</span> <span class='ocrx_word' id='word_1_151' title='bbox 1114 2187 1335 2246; x_wconf 86' lang='lat' dir='ltr'>laboris</span> <span class='ocrx_word' id='word_1_152' title='bbox 1363 2188 1762 2245; x_wconf 85' lang='lat' dir='ltr'>exercebatur.</span> 
     </span>
    </p>
   </div>
   <div class='ocr_carea' id='block_1_23' title="bbox 118 2274 1766 2351">
    <p class='ocr_par' dir='ltr' id='par_1_23' title="bbox 118 2274 1766 2351">
     <span class='ocr_line' id='line_1_23' title="bbox 118 2274 1766 2351; baseline 0.001 -19"><span class='ocrx_word' id='word_1_153' title='bbox 118 2274 380 2339; x_wconf 84' lang='lat' dir='ltr'>Quocirca</span> <span class='ocrx_word' id='word_1_154' title='bbox 409 2277 804 2335; x_wconf 82' lang='lat' dir='ltr'>Calciaoeusis</span> <span class='ocrx_word' id='word_1_155' title='bbox 822 2278 1134 2351; x_wconf 67' lang='lat' dir='ltr'>provinciae</span> <span class='ocrx_word' id='word_1_156' title='bbox 1155 2281 1381 2350; x_wconf 90' lang='lat' dir='ltr'>partem</span> <span class='ocrx_word' id='word_1_157' title='bbox 1404 2276 1766 2333; x_wconf 86' lang='lat' dir='ltr'>maritimam</span> 
     </span>
    </p>
   </div>
   <div class='ocr_carea' id='block_1_24' title="bbox 120 2363 1769 2440">
    <p class='ocr_par' dir='ltr' id='par_1_24' title="bbox 120 2363 1769 2440">
     <span class='ocr_line' id='line_1_24' title="bbox 120 2363 1769 2440; baseline 0.002 -22"><span class='ocrx_word' id='word_1_158' title='bbox 120 2363 539 2437; x_wconf 80' lang='lat' dir='ltr'>frequentabat,</span> <span class='ocrx_word' id='word_1_159' title='bbox 569 2384 717 2440; x_wconf 77' lang='lat' dir='ltr'>quae,</span> <span class='ocrx_word' id='word_1_160' title='bbox 752 2366 995 2424; x_wconf 87' lang='lat' dir='ltr'>annosis</span> <span class='ocrx_word' id='word_1_161' title='bbox 1018 2366 1361 2424; x_wconf 87' lang='lat' dir='ltr'>nemoribus</span> <span class='ocrx_word' id='word_1_162' title='bbox 1393 2367 1655 2439; x_wconf 88' lang='lat' dir='ltr'>copiosa,</span> <span class='ocrx_word' id='word_1_163' title='bbox 1677 2365 1769 2421; x_wconf 86' lang='lat' dir='ltr'>di-</span> 
     </span>
    </p>
   </div>
   <div class='ocr_carea' id='block_1_25' title="bbox 118 2453 1544 2533">
    <p class='ocr_par' dir='ltr' id='par_1_25' title="bbox 118 2453 1544 2533">
     <span class='ocr_line' id='line_1_25' title="bbox 118 2453 1544 2533; baseline 0.003 -26"><span class='ocrx_word' id='word_1_164' title='bbox 118 2453 289 2511; x_wconf 81' lang='lat' dir='ltr'>versis</span> <span class='ocrx_word' id='word_1_165' title='bbox 323 2456 584 2533; x_wconf 83' lang='lat' dir='ltr'>ferarum</span> <span class='ocrx_word' id='word_1_166' title='bbox 614 2456 928 2530; x_wconf 85' lang='lat' dir='ltr'>generibus</span> <span class='ocrx_word' id='word_1_167' title='bbox 954 2456 1253 2529; x_wconf 72' lang='lat' dir='ltr'>praabebat</span> <span class='ocrx_word' id='word_1_168' title='bbox 1278 2456 1544 2513; x_wconf 88' lang='lat' dir='ltr'>latibula.</span> 
     </span>
    </p>
   </div>
   <div class='ocr_carea' id='block_1_26' title="bbox 279 2543 1598 2617">
    <p class='ocr_par' dir='ltr' id='par_1_26' title="bbox 279 2543 1598 2617">
     <span class='ocr_line' id='line_1_26' title="bbox 279 2543 1598 2617; baseline -0.001 -16"><span class='ocrx_word' id='word_1_169' title='bbox 279 2543 414 2601; x_wconf 65' lang='lat' dir='ltr'>Car.</span> <span class='ocrx_word' id='word_1_170' title='bbox 450 2545 545 2600; x_wconf 90' lang='lat' dir='ltr'>IV.</span> <span class='ocrx_word' id='word_1_171' title='bbox 576 2577 644 2587; x_wconf 85' lang='lat'>---</span> <span class='ocrx_word' id='word_1_172' title='bbox 665 2548 741 2602; x_wconf 78' lang='lat' dir='ltr'>Dc</span> <span class='ocrx_word' id='word_1_173' title='bbox 766 2548 1059 2602; x_wconf 77' lang='lat' dir='ltr'>contractis</span> <span class='ocrx_word' id='word_1_174' title='bbox 1088 2546 1318 2601; x_wconf 77' lang='lat' dir='ltr'>canibus</span> <span class='ocrx_word' id='word_1_175' title='bbox 1346 2549 1396 2601; x_wconf 85' lang='lat' dir='ltr'>et</span> <span class='ocrx_word' id='word_1_176' title='bbox 1427 2547 1598 2617; x_wconf 75' lang='lat' dir='ltr'>equis.</span> 
     </span>
    </p>
   </div>
   <div class='ocr_carea' id='block_1_27' title="bbox 186 2631 1774 2707">
    <p class='ocr_par' dir='ltr' id='par_1_27' title="bbox 186 2631 1774 2707">
     <span class='ocr_line' id='line_1_27' title="bbox 186 2631 1774 2707; baseline 0.001 -19"><span class='ocrx_word' id='word_1_177' title='bbox 186 2631 455 2696; x_wconf 83' lang='lat' dir='ltr'>Quadam</span> <span class='ocrx_word' id='word_1_178' title='bbox 473 2633 759 2707; x_wconf 89' lang='lat' dir='ltr'>igiturdie</span> <span class='ocrx_word' id='word_1_179' title='bbox 779 2635 897 2689; x_wconf 84' lang='lat' dir='ltr'>dux</span> <span class='ocrx_word' id='word_1_180' title='bbox 923 2635 1266 2707; x_wconf 86' lang='lat' dir='ltr'>Ansegisus,</span> <span class='ocrx_word' id='word_1_181' title='bbox 1297 2633 1468 2691; x_wconf 89' lang='lat' dir='ltr'>solito</span> <span class='ocrx_word' id='word_1_182' title='bbox 1501 2638 1774 2690; x_wconf 85' lang='lat' dir='ltr'>maturus</span> 
     </span>
    </p>
   </div>
   <div class='ocr_carea' id='block_1_28' title="bbox 122 2724 1777 2795">
    <p class='ocr_par' dir='ltr' id='par_1_28' title="bbox 122 2724 1777 2795">
     <span class='ocr_line' id='line_1_28' title="bbox 122 2724 1777 2795; baseline 0.002 -21"><span class='ocrx_word' id='word_1_183' title='bbox 122 2735 502 2794; x_wconf 79' lang='lat' dir='ltr'>consurgens,</span> <span class='ocrx_word' id='word_1_184' title='bbox 523 2739 664 2780; x_wconf 88' lang='lat' dir='ltr'>suos</span> <span class='ocrx_word' id='word_1_185' title='bbox 692 2727 996 2780; x_wconf 86' lang='lat' dir='ltr'>venatores</span> <span class='ocrx_word' id='word_1_186' title='bbox 1011 2724 1371 2792; x_wconf 83' lang='lat' dir='ltr'>convocavit,</span> <span class='ocrx_word' id='word_1_187' title='bbox 1401 2740 1577 2780; x_wconf 88' lang='lat' dir='ltr'>canes</span> <span class='ocrx_word' id='word_1_188' title='bbox 1596 2740 1777 2795; x_wconf 89' lang='lat' dir='ltr'>copu-</span> 
     </span>
    </p>
   </div>
   <div class='ocr_carea' id='block_1_29' title="bbox 124 2804 1777 2884">
    <p class='ocr_par' dir='ltr' id='par_1_29' title="bbox 124 2804 1777 2884">
     <span class='ocr_line' id='line_1_29' title="bbox 124 2804 1777 2884; baseline 0.003 -23"><span class='ocrx_word' id='word_1_189' title='bbox 124 2804 223 2863; x_wconf 86' lang='lat' dir='ltr'>lari</span> <span class='ocrx_word' id='word_1_190' title='bbox 255 2810 572 2883; x_wconf 78' lang='lat' dir='ltr'>disposuit,</span> <span class='ocrx_word' id='word_1_191' title='bbox 598 2810 830 2884; x_wconf 82' lang='lat' dir='ltr'>plagas,</span> <span class='ocrx_word' id='word_1_192' title='bbox 863 2812 1154 2868; x_wconf 88' lang='lat' dir='ltr'>venabula</span> <span class='ocrx_word' id='word_1_193' title='bbox 1183 2817 1508 2883; x_wconf 55' lang='lat' dir='ltr'>cretei-aque</span> <span class='ocrx_word' id='word_1_194' title='bbox 1527 2810 1777 2868; x_wconf 82' lang='lat' dir='ltr'>venandi</span> 
     </span>
    </p>
   </div>
   <div class='ocr_carea' id='block_1_30' title="bbox 123 2893 1778 2966">
    <p class='ocr_par' dir='ltr' id='par_1_30' title="bbox 123 2893 1778 2966">
     <span class='ocr_line' id='line_1_30' title="bbox 123 2893 1778 2966; baseline 0.004 -16"><span class='ocrx_word' id='word_1_195' title='bbox 123 2893 525 2954; x_wconf 83' lang='lat' dir='ltr'>instrumenta</span> <span class='ocrx_word' id='word_1_196' title='bbox 552 2898 624 2953; x_wconf 88' lang='lat' dir='ltr'>ad</span> <span class='ocrx_word' id='word_1_197' title='bbox 657 2898 872 2953; x_wconf 87' lang='lat' dir='ltr'>saltum</span> <span class='ocrx_word' id='word_1_198' title='bbox 909 2899 1368 2966; x_wconf 86' lang='lat' dir='ltr'>Fiscanensium,</span> <span class='ocrx_word' id='word_1_199' title='bbox 1409 2900 1559 2957; x_wconf 88' lang='lat' dir='ltr'>imas</span> <span class='ocrx_word' id='word_1_200' title='bbox 1598 2900 1778 2957; x_wconf 87' lang='lat' dir='ltr'>valles</span> 
     </span>
    </p>
   </div>
   <div class='ocr_carea' id='block_1_31' title="bbox 122 2984 1782 3062">
    <p class='ocr_par' dir='ltr' id='par_1_31' title="bbox 122 2984 1782 3062">
     <span class='ocr_line' id='line_1_31' title="bbox 122 2984 1782 3062; baseline 0.004 -24"><span class='ocrx_word' id='word_1_201' title='bbox 122 2988 176 3039; x_wconf 89' lang='lat' dir='ltr'>et</span> <span class='ocrx_word' id='word_1_202' title='bbox 207 2984 434 3040; x_wconf 67' lang='lat' dir='ltr'>auidas</span> <span class='ocrx_word' id='word_1_203' title='bbox 455 2989 685 3040; x_wconf 86' lang='lat' dir='ltr'>montes</span> <span class='ocrx_word' id='word_1_204' title='bbox 701 2987 1049 3057; x_wconf 86' lang='lat' dir='ltr'>comportari</span> <span class='ocrx_word' id='word_1_205' title='bbox 1068 2988 1358 3060; x_wconf 64' lang='lat' dir='ltr'>praecepit.</span> <span class='ocrx_word' id='word_1_206' title='bbox 1386 2989 1581 3046; x_wconf 87' lang='lat' dir='ltr'>Jussis</span> <span class='ocrx_word' id='word_1_207' title='bbox 1603 2988 1782 3062; x_wconf 83' lang='lat' dir='ltr'>igitur</span> 
     </span>
    </p>
   </div>
   <div class='ocr_carea' id='block_1_32' title="bbox 120 3070 1775 3145">
    <p class='ocr_par' dir='ltr' id='par_1_32' title="bbox 120 3070 1775 3145">
     <span class='ocr_line' id='line_1_32' title="bbox 120 3070 1775 3145; baseline 0.004 -17"><span class='ocrx_word' id='word_1_208' title='bbox 120 3072 209 3128; x_wconf 81' lang='lat' dir='ltr'>sui</span> <span class='ocrx_word' id='word_1_209' title='bbox 242 3070 475 3128; x_wconf 87' lang='lat' dir='ltr'>domini</span> <span class='ocrx_word' id='word_1_210' title='bbox 504 3078 808 3129; x_wconf 84' lang='lat' dir='ltr'>venatores</span> <span class='ocrx_word' id='word_1_211' title='bbox 840 3074 1189 3142; x_wconf 89' lang='lat' dir='ltr'>obaudiunt,</span> <span class='ocrx_word' id='word_1_212' title='bbox 1220 3093 1395 3132; x_wconf 87' lang='lat' dir='ltr'>canes</span> <span class='ocrx_word' id='word_1_213' title='bbox 1434 3083 1775 3145; x_wconf 88' lang='lat' dir='ltr'>convocant,</span> 
     </span>
    </p>
   </div>
   <div class='ocr_carea' id='block_1_33' title="bbox 1871 767 3534 841">
    <p class='ocr_par' dir='ltr' id='par_1_33' title="bbox 1871 767 3534 841">
     <span class='ocr_line' id='line_1_33' title="bbox 1871 767 3534 841; baseline 0 -18"><span class='ocrx_word' id='word_1_214' title='bbox 1871 768 2069 825; x_wconf 90' lang='lat' dir='ltr'>omnia</span> <span class='ocrx_word' id='word_1_215' title='bbox 2100 771 2384 825; x_wconf 89' lang='lat' dir='ltr'>membra</span> <span class='ocrx_word' id='word_1_216' title='bbox 2402 769 2774 837; x_wconf 89' lang='lat' dir='ltr'>contrahens,</span> <span class='ocrx_word' id='word_1_217' title='bbox 2807 772 3151 825; x_wconf 88' lang='lat' dir='ltr'>cunctarum</span> <span class='ocrx_word' id='word_1_218' title='bbox 3194 767 3406 824; x_wconf 91' lang='lat' dir='ltr'>virium</span> <span class='ocrx_word' id='word_1_219' title='bbox 3438 785 3534 841; x_wconf 90' lang='lat' dir='ltr'>pe-</span> 
     </span>
    </p>
   </div>
   <div class='ocr_carea' id='block_1_34' title="bbox 1864 844 3539 931">
    <p class='ocr_par' dir='ltr' id='par_1_34' title="bbox 1864 844 3539 931">
     <span class='ocr_line' id='line_1_34' title="bbox 1864 844 3539 931; baseline 0 -19"><span class='ocrx_word' id='word_1_220' title='bbox 1864 856 2112 913; x_wconf 86' lang='lat' dir='ltr'>tulantia</span> <span class='ocrx_word' id='word_1_221' title='bbox 2134 858 2476 915; x_wconf 85' lang='lat' dir='ltr'>festinanter</span> <span class='ocrx_word' id='word_1_222' title='bbox 2502 858 2969 931; x_wconf 86' lang='lat' dir='ltr'>privat.Videres</span> <span class='ocrx_word' id='word_1_223' title='bbox 3001 856 3151 914; x_wconf 92' lang='lat' dir='ltr'>alios</span> <span class='ocrx_word' id='word_1_224' title='bbox 3181 874 3298 914; x_wconf 91' lang='lat' dir='ltr'>non</span> <span class='ocrx_word' id='word_1_225' title='bbox 3326 844 3539 913; x_wconf 79' lang='lat' dir='ltr'>latrare</span> 
     </span>
    </p>
   </div>
   <div class='ocr_carea' id='block_1_35' title="bbox 1865 944 3536 1020">
    <p class='ocr_par' dir='ltr' id='par_1_35' title="bbox 1865 944 3536 1020">
     <span class='ocr_line' id='line_1_35' title="bbox 1865 944 3536 1020; baseline 0.001 -20"><span class='ocrx_word' id='word_1_226' title='bbox 1865 944 2129 1014; x_wconf 87' lang='lat' dir='ltr'>hiantes;</span> <span class='ocrx_word' id='word_1_227' title='bbox 2192 947 2337 1003; x_wconf 89' lang='lat' dir='ltr'>alios</span> <span class='ocrx_word' id='word_1_228' title='bbox 2400 948 2686 1003; x_wconf 85' lang='lat' dir='ltr'>emissam</span> <span class='ocrx_word' id='word_1_229' title='bbox 2735 947 3000 1020; x_wconf 85' lang='lat' dir='ltr'>linguam</span> <span class='ocrx_word' id='word_1_230' title='bbox 3051 964 3167 1003; x_wconf 91' lang='lat' dir='ltr'>non</span> <span class='ocrx_word' id='word_1_231' title='bbox 3216 947 3536 1013; x_wconf 88' lang='lat' dir='ltr'>reducere;</span> 
     </span>
    </p>
   </div>
   <div class='ocr_carea' id='block_1_36' title="bbox 1867 1034 3541 1109">
    <p class='ocr_par' dir='ltr' id='par_1_36' title="bbox 1867 1034 3541 1109">
     <span class='ocr_line' id='line_1_36' title="bbox 1867 1034 3541 1109; baseline 0.001 -20"><span class='ocrx_word' id='word_1_232' title='bbox 1867 1034 2026 1090; x_wconf 88' lang='lat' dir='ltr'>alios</span> <span class='ocrx_word' id='word_1_233' title='bbox 2058 1035 2346 1092; x_wconf 89' lang='lat' dir='ltr'>irruentes</span> <span class='ocrx_word' id='word_1_234' title='bbox 2395 1036 2732 1092; x_wconf 81' lang='lat' dir='ltr'>immobiles</span> <span class='ocrx_word' id='word_1_235' title='bbox 2771 1052 3089 1092; x_wconf 83' lang='lat' dir='ltr'>remanere.</span> <span class='ocrx_word' id='word_1_236' title='bbox 3144 1035 3313 1091; x_wconf 89' lang='lat' dir='ltr'>Tanti</span> <span class='ocrx_word' id='word_1_237' title='bbox 3361 1034 3541 1109; x_wconf 83' lang='lat' dir='ltr'>igitur</span> 
     </span>
    </p>
   </div>
   <div class='ocr_carea' id='block_1_37' title="bbox 1866 1123 3537 1197">
    <p class='ocr_par' dir='ltr' id='par_1_37' title="bbox 1866 1123 3537 1197">
     <span class='ocr_line' id='line_1_37' title="bbox 1866 1123 3537 1197; baseline 0 -19"><span class='ocrx_word' id='word_1_238' title='bbox 1866 1123 2129 1179; x_wconf 89' lang='lat' dir='ltr'>miraculi</span> <span class='ocrx_word' id='word_1_239' title='bbox 2145 1125 2479 1197; x_wconf 88' lang='lat' dir='ltr'>spectaculo</span> <span class='ocrx_word' id='word_1_240' title='bbox 2500 1125 2855 1181; x_wconf 89' lang='lat' dir='ltr'>conveniunt</span> <span class='ocrx_word' id='word_1_241' title='bbox 2869 1125 2988 1180; x_wconf 83' lang='lat' dir='ltr'>dux</span> <span class='ocrx_word' id='word_1_242' title='bbox 3019 1128 3075 1179; x_wconf 88' lang='lat' dir='ltr'>et</span> <span class='ocrx_word' id='word_1_243' title='bbox 3099 1128 3400 1181; x_wconf 86' lang='lat' dir='ltr'>venatores</span> <span class='ocrx_word' id='word_1_244' title='bbox 3419 1123 3537 1180; x_wconf 88' lang='lat' dir='ltr'>sui-</span> 
     </span>
    </p>
   </div>
   <div class='ocr_carea' id='block_1_38' title="bbox 1864 1212 3535 1292">
    <p class='ocr_par' dir='ltr' id='par_1_38' title="bbox 1864 1212 3535 1292">
     <span class='ocr_line' id='line_1_38' title="bbox 1864 1212 3535 1292; baseline 0 -24"><span class='ocrx_word' id='word_1_245' title='bbox 1864 1217 1921 1268; x_wconf 90' lang='lat' dir='ltr'>et</span> <span class='ocrx_word' id='word_1_246' title='bbox 1952 1212 2096 1285; x_wconf 86' lang='lat' dir='ltr'>pede</span> <span class='ocrx_word' id='word_1_247' title='bbox 2129 1214 2459 1285; x_wconf 81' lang='lat' dir='ltr'>ﬂagrantes,</span> <span class='ocrx_word' id='word_1_248' title='bbox 2521 1214 2901 1287; x_wconf 87' lang='lat' dir='ltr'>cupiditatem</span> <span class='ocrx_word' id='word_1_249' title='bbox 2963 1213 3091 1269; x_wconf 71' lang='lat' dir='ltr'>ferte</span> <span class='ocrx_word' id='word_1_250' title='bbox 3131 1212 3286 1269; x_wconf 90' lang='lat' dir='ltr'>velut</span> <span class='ocrx_word' id='word_1_251' title='bbox 3336 1217 3535 1292; x_wconf 63' lang='lat' dir='ltr'>captaa,</span> 
     </span>
    </p>
   </div>
   <div class='ocr_carea' id='block_1_39' title="bbox 1865 1297 3544 1375">
    <p class='ocr_par' dir='ltr' id='par_1_39' title="bbox 1865 1297 3544 1375">
     <span class='ocr_line' id='line_1_39' title="bbox 1865 1297 3544 1375; baseline 0.001 -19"><span class='ocrx_word' id='word_1_252' title='bbox 1865 1303 2363 1375; x_wconf 85' lang='lat' dir='ltr'>congratulantur</span> <span class='ocrx_word' id='word_1_253' title='bbox 2393 1319 2459 1358; x_wconf 85' lang='lat' dir='ltr'>ex</span> <span class='ocrx_word' id='word_1_254' title='bbox 2494 1304 2633 1359; x_wconf 88' lang='lat' dir='ltr'>imo.</span> <span class='ocrx_word' id='word_1_255' title='bbox 2694 1303 2842 1358; x_wconf 85' lang='lat' dir='ltr'>Mira</span> <span class='ocrx_word' id='word_1_256' title='bbox 2874 1303 3001 1357; x_wconf 80' lang='lat' dir='ltr'>res!</span> <span class='ocrx_word' id='word_1_257' title='bbox 3054 1302 3356 1375; x_wconf 88' lang='lat' dir='ltr'>repentina</span> <span class='ocrx_word' id='word_1_258' title='bbox 3392 1297 3544 1357; x_wconf 84' lang='lat' dir='ltr'>ultio</span> 
     </span>
    </p>
   </div>
   <div class='ocr_carea' id='block_1_40' title="bbox 1864 1390 3544 1465">
    <p class='ocr_par' dir='ltr' id='par_1_40' title="bbox 1864 1390 3544 1465">
     <span class='ocr_line' id='line_1_40' title="bbox 1864 1390 3544 1465; baseline 0.001 -21"><span class='ocrx_word' id='word_1_259' title='bbox 1864 1390 2073 1447; x_wconf 90' lang='lat' dir='ltr'>ducem</span> <span class='ocrx_word' id='word_1_260' title='bbox 2099 1408 2278 1463; x_wconf 90' lang='lat' dir='ltr'>suosq</span> <span class='ocrx_word' id='word_1_261' title='bbox 2297 1408 2367 1447; x_wconf 91' lang='lat' dir='ltr'>ue</span> <span class='ocrx_word' id='word_1_262' title='bbox 2389 1395 2695 1465; x_wconf 82' lang='lat' dir='ltr'>venatores</span> <span class='ocrx_word' id='word_1_263' title='bbox 2720 1391 3351 1464; x_wconf 86' lang='lat' dir='ltr'>corripuit,eorumque</span> <span class='ocrx_word' id='word_1_264' title='bbox 3369 1407 3544 1463; x_wconf 89' lang='lat' dir='ltr'>equo-</span> 
     </span>
    </p>
   </div>
   <div class='ocr_carea' id='block_1_41' title="bbox 1870 1477 3537 1547">
    <p class='ocr_par' dir='ltr' id='par_1_41' title="bbox 1870 1477 3537 1547">
     <span class='ocr_line' id='line_1_41' title="bbox 1870 1477 3537 1547; baseline -0.001 -13"><span class='ocrx_word' id='word_1_265' title='bbox 1870 1496 2001 1534; x_wconf 89' lang='lat' dir='ltr'>rum</span> <span class='ocrx_word' id='word_1_266' title='bbox 2017 1480 2214 1535; x_wconf 88' lang='lat' dir='ltr'>omnia</span> <span class='ocrx_word' id='word_1_267' title='bbox 2230 1480 2877 1547; x_wconf 84' lang='lat' dir='ltr'>membracontraxit,ct</span> <span class='ocrx_word' id='word_1_268' title='bbox 2892 1496 3105 1535; x_wconf 83' lang='lat' dir='ltr'>canum</span> <span class='ocrx_word' id='word_1_269' title='bbox 3129 1477 3537 1545; x_wconf 91' lang='lat' dir='ltr'>similitudine,</span> 
     </span>
    </p>
   </div>
   <div class='ocr_carea' id='block_1_42' title="bbox 1868 1566 3537 1640">
    <p class='ocr_par' dir='ltr' id='par_1_42' title="bbox 1868 1566 3537 1640">
     <span class='ocr_line' id='line_1_42' title="bbox 1868 1566 3537 1640; baseline -0.001 -16"><span class='ocrx_word' id='word_1_270' title='bbox 1868 1569 2109 1624; x_wconf 79' lang='lat' dir='ltr'>cunctis</span> <span class='ocrx_word' id='word_1_271' title='bbox 2141 1569 2361 1624; x_wconf 89' lang='lat' dir='ltr'>viribus</span> <span class='ocrx_word' id='word_1_272' title='bbox 2392 1568 2759 1640; x_wconf 88' lang='lat' dir='ltr'>exspoliavit.</span> <span class='ocrx_word' id='word_1_273' title='bbox 2792 1568 2957 1633; x_wconf 89' lang='lat' dir='ltr'>Quod</span> <span class='ocrx_word' id='word_1_274' title='bbox 2990 1566 3257 1623; x_wconf 89' lang='lat' dir='ltr'>miraculi</span> <span class='ocrx_word' id='word_1_275' title='bbox 3281 1566 3537 1639; x_wconf 90' lang='lat' dir='ltr'>signum,</span> 
     </span>
    </p>
   </div>
   <div class='ocr_carea' id='block_1_43' title="bbox 1867 1653 3543 1730">
    <p class='ocr_par' dir='ltr' id='par_1_43' title="bbox 1867 1653 3543 1730">
     <span class='ocr_line' id='line_1_43' title="bbox 1867 1653 3543 1730; baseline 0.001 -18"><span class='ocrx_word' id='word_1_276' title='bbox 1867 1661 1969 1713; x_wconf 89' lang='lat' dir='ltr'>aut</span> <span class='ocrx_word' id='word_1_277' title='bbox 1999 1656 2520 1730; x_wconf 88' lang='lat' dir='ltr'>signimiraculum</span> <span class='ocrx_word' id='word_1_278' title='bbox 2565 1657 2864 1713; x_wconf 85' lang='lat' dir='ltr'>maximus</span> <span class='ocrx_word' id='word_1_279' title='bbox 2886 1655 3342 1725; x_wconf 87' lang='lat' dir='ltr'>heroscernens,</span> <span class='ocrx_word' id='word_1_280' title='bbox 3362 1653 3543 1714; x_wconf 89' lang='lat' dir='ltr'>laten-</span> 
     </span>
    </p>
   </div>
   <div class='ocr_carea' id='block_1_44' title="bbox 1874 1740 3542 1818">
    <p class='ocr_par' dir='ltr' id='par_1_44' title="bbox 1874 1740 3542 1818">
     <span class='ocr_line' id='line_1_44' title="bbox 1874 1740 3542 1818; baseline 0 -17"><span class='ocrx_word' id='word_1_281' title='bbox 1874 1746 2079 1818; x_wconf 90' lang='lat' dir='ltr'>tisque</span> <span class='ocrx_word' id='word_1_282' title='bbox 2116 1746 2487 1803; x_wconf 83' lang='lat' dir='ltr'>sacramenti</span> <span class='ocrx_word' id='word_1_283' title='bbox 2525 1745 2835 1802; x_wconf 87' lang='lat' dir='ltr'>silentium</span> <span class='ocrx_word' id='word_1_284' title='bbox 2886 1743 3103 1802; x_wconf 89' lang='lat' dir='ltr'>mentis</span> <span class='ocrx_word' id='word_1_285' title='bbox 3147 1740 3390 1801; x_wconf 89' lang='lat' dir='ltr'>vivacite</span> <span class='ocrx_word' id='word_1_286' title='bbox 3436 1760 3542 1817; x_wconf 84' lang='lat' dir='ltr'>con</span> 
     </span>
    </p>
   </div>
   <div class='ocr_carea' id='block_1_45' title="bbox 1873 1834 3542 1907">
    <p class='ocr_par' dir='ltr' id='par_1_45' title="bbox 1873 1834 3542 1907">
     <span class='ocr_line' id='line_1_45' title="bbox 1873 1834 3542 1907; baseline -0.001 -17"><span class='ocrx_word' id='word_1_287' title='bbox 1873 1834 2205 1907; x_wconf 89' lang='lat' dir='ltr'>templans:</span> <span class='ocrx_word' id='word_1_288' title='bbox 2242 1858 2269 1886; x_wconf 84' lang='lat'>«</span> <span class='ocrx_word' id='word_1_289' title='bbox 2303 1834 2559 1906; x_wconf 86' lang='lat' dir='ltr'>Cessate,</span> <span class='ocrx_word' id='word_1_290' title='bbox 2588 1835 2897 1903; x_wconf 82' lang='lat' dir='ltr'>exclamat,</span> <span class='ocrx_word' id='word_1_291' title='bbox 2927 1837 3207 1904; x_wconf 89' lang='lat' dir='ltr'>cesssate,</span> <span class='ocrx_word' id='word_1_292' title='bbox 3238 1836 3542 1890; x_wconf 90' lang='lat' dir='ltr'>venatores</span> 
     </span>
    </p>
   </div>
   <div class='ocr_carea' id='block_1_46' title="bbox 1875 1922 3543 1999">
    <p class='ocr_par' dir='ltr' id='par_1_46' title="bbox 1875 1922 3543 1999">
     <span class='ocr_line' id='line_1_46' title="bbox 1875 1922 3543 1999; baseline 0 -21"><span class='ocrx_word' id='word_1_293' title='bbox 1875 1924 2013 1992; x_wconf 88' lang='lat' dir='ltr'>mei,</span> <span class='ocrx_word' id='word_1_294' title='bbox 2034 1941 2147 1979; x_wconf 89' lang='lat' dir='ltr'>non</span> <span class='ocrx_word' id='word_1_295' title='bbox 2173 1941 2431 1991; x_wconf 89' lang='lat' dir='ltr'>cervum,</span> <span class='ocrx_word' id='word_1_296' title='bbox 2447 1925 2548 1980; x_wconf 83' lang='lat' dir='ltr'>scd</span> <span class='ocrx_word' id='word_1_297' title='bbox 2565 1925 2782 1980; x_wconf 87' lang='lat' dir='ltr'>summi</span> <span class='ocrx_word' id='word_1_298' title='bbox 2799 1923 2899 1980; x_wconf 92' lang='lat' dir='ltr'>Dei</span> <span class='ocrx_word' id='word_1_299' title='bbox 2915 1923 3188 1980; x_wconf 92' lang='lat' dir='ltr'>nuntium</span> <span class='ocrx_word' id='word_1_300' title='bbox 3202 1922 3543 1999; x_wconf 85' lang='lat' dir='ltr'>agitare,ve1</span> 
     </span>
    </p>
   </div>
   <div class='ocr_carea' id='block_1_47' title="bbox 1876 2011 3547 2085">
    <p class='ocr_par' dir='ltr' id='par_1_47' title="bbox 1876 2011 3547 2085">
     <span class='ocr_line' id='line_1_47' title="bbox 1876 2011 3547 2085; baseline -0.002 -18"><span class='ocrx_word' id='word_1_301' title='bbox 1876 2013 2187 2085; x_wconf 85' lang='lat' dir='ltr'>persequi!</span> <span class='ocrx_word' id='word_1_302' title='bbox 2224 2014 2444 2069; x_wconf 88' lang='lat' dir='ltr'>Cervus</span> <span class='ocrx_word' id='word_1_303' title='bbox 2476 2014 2608 2081; x_wconf 81' lang='lat' dir='ltr'>iste,</span> <span class='ocrx_word' id='word_1_304' title='bbox 2641 2014 2861 2085; x_wconf 89' lang='lat' dir='ltr'>inquit,</span> <span class='ocrx_word' id='word_1_305' title='bbox 2919 2012 3225 2082; x_wconf 90' lang='lat' dir='ltr'>candidus,</span> <span class='ocrx_word' id='word_1_306' title='bbox 3276 2011 3547 2083; x_wconf 86' lang='lat' dir='ltr'>designat</span> 
     </span>
    </p>
   </div>
   <div class='ocr_carea' id='block_1_48' title="bbox 1876 2100 3545 2175">
    <p class='ocr_par' dir='ltr' id='par_1_48' title="bbox 1876 2100 3545 2175">
     <span class='ocr_line' id='line_1_48' title="bbox 1876 2100 3545 2175; baseline -0.001 -19"><span class='ocrx_word' id='word_1_307' title='bbox 1876 2101 2047 2157; x_wconf 89' lang='lat' dir='ltr'>nobis</span> <span class='ocrx_word' id='word_1_308' title='bbox 2078 2101 2273 2157; x_wconf 89' lang='lat' dir='ltr'>locum</span> <span class='ocrx_word' id='word_1_309' title='bbox 2315 2103 2714 2175; x_wconf 84' lang='lat' dir='ltr'>propositum,</span> <span class='ocrx_word' id='word_1_310' title='bbox 2749 2108 2803 2157; x_wconf 86' lang='lat' dir='ltr'>et</span> <span class='ocrx_word' id='word_1_311' title='bbox 2833 2101 2942 2158; x_wconf 91' lang='lat' dir='ltr'>loci</span> <span class='ocrx_word' id='word_1_312' title='bbox 2974 2100 3254 2175; x_wconf 90' lang='lat' dir='ltr'>propositi</span> <span class='ocrx_word' id='word_1_313' title='bbox 3288 2100 3545 2173; x_wconf 89' lang='lat' dir='ltr'>aliquem</span> 
     </span>
    </p>
   </div>
   <div class='ocr_carea' id='block_1_49' title="bbox 1880 2190 3547 2261">
    <p class='ocr_par' dir='ltr' id='par_1_49' title="bbox 1880 2190 3547 2261">
     <span class='ocr_line' id='line_1_49' title="bbox 1880 2190 3547 2261; baseline -0.001 -15"><span class='ocrx_word' id='word_1_314' title='bbox 1880 2207 2127 2246; x_wconf 68' lang='lat' dir='ltr'>summa:</span> <span class='ocrx_word' id='word_1_315' title='bbox 2159 2190 2391 2246; x_wconf 90' lang='lat' dir='ltr'>virtutis</span> <span class='ocrx_word' id='word_1_316' title='bbox 2424 2190 2817 2246; x_wconf 88' lang='lat' dir='ltr'>habitatorem</span> <span class='ocrx_word' id='word_1_317' title='bbox 2852 2194 2908 2245; x_wconf 92' lang='lat' dir='ltr'>et</span> <span class='ocrx_word' id='word_1_318' title='bbox 2932 2195 3265 2261; x_wconf 88' lang='lat' dir='ltr'>patronum.</span> <span class='ocrx_word' id='word_1_319' title='bbox 3292 2190 3547 2260; x_wconf 90' lang='lat' dir='ltr'>Quapro-</span> 
     </span>
    </p>
   </div>
   <div class='ocr_carea' id='block_1_50' title="bbox 1883 2274 3547 2352">
    <p class='ocr_par' dir='ltr' id='par_1_50' title="bbox 1883 2274 3547 2352">
     <span class='ocr_line' id='line_1_50' title="bbox 1883 2274 3547 2352; baseline -0.002 -18"><span class='ocrx_word' id='word_1_320' title='bbox 1883 2283 2013 2352; x_wconf 89' lang='lat' dir='ltr'>pter</span> <span class='ocrx_word' id='word_1_321' title='bbox 2040 2278 2207 2350; x_wconf 90' lang='lat' dir='ltr'>equis</span> <span class='ocrx_word' id='word_1_322' title='bbox 2226 2278 2444 2334; x_wconf 88' lang='lat' dir='ltr'>nostris</span> <span class='ocrx_word' id='word_1_323' title='bbox 2472 2278 2817 2334; x_wconf 86' lang='lat' dir='ltr'>festinantes</span> <span class='ocrx_word' id='word_1_324' title='bbox 2833 2278 3187 2348; x_wconf 89' lang='lat' dir='ltr'>descendite,</span> <span class='ocrx_word' id='word_1_325' title='bbox 3213 2274 3547 2350; x_wconf 87' lang='lat' dir='ltr'>potentissi-</span> 
     </span>
    </p>
   </div>
   <div class='ocr_carea' id='block_1_51' title="bbox 1886 2365 3545 2443">
    <p class='ocr_par' dir='ltr' id='par_1_51' title="bbox 1886 2365 3545 2443">
     <span class='ocr_line' id='line_1_51' title="bbox 1886 2365 3545 2443; baseline -0.001 -20"><span class='ocrx_word' id='word_1_326' title='bbox 1886 2383 2170 2439; x_wconf 90' lang='lat' dir='ltr'>mumque</span> <span class='ocrx_word' id='word_1_327' title='bbox 2201 2367 2584 2439; x_wconf 90' lang='lat' dir='ltr'>omniumque</span> <span class='ocrx_word' id='word_1_328' title='bbox 2616 2384 2818 2423; x_wconf 89' lang='lat' dir='ltr'>rerum</span> <span class='ocrx_word' id='word_1_329' title='bbox 2859 2372 3186 2423; x_wconf 88' lang='lat' dir='ltr'>Creatorem</span> <span class='ocrx_word' id='word_1_330' title='bbox 3239 2365 3545 2443; x_wconf 88' lang='lat' dir='ltr'>devotione</span> 
     </span>
    </p>
   </div>
   <div class='ocr_carea' id='block_1_52' title="bbox 1884 2454 3542 2531">
    <p class='ocr_par' dir='ltr' id='par_1_52' title="bbox 1884 2454 3542 2531">
     <span class='ocr_line' id='line_1_52' title="bbox 1884 2454 3542 2531; baseline -0.001 -18"><span class='ocrx_word' id='word_1_331' title='bbox 1884 2455 2139 2529; x_wconf 90' lang='lat' dir='ltr'>supplici</span> <span class='ocrx_word' id='word_1_332' title='bbox 2160 2460 2410 2523; x_wconf 85' lang='lat' dir='ltr'>exorate,</span> <span class='ocrx_word' id='word_1_333' title='bbox 2436 2460 2727 2529; x_wconf 90' lang='lat' dir='ltr'>quatenus</span> <span class='ocrx_word' id='word_1_334' title='bbox 2745 2455 3088 2529; x_wconf 86' lang='lat' dir='ltr'>ignorantiae</span> <span class='ocrx_word' id='word_1_335' title='bbox 3120 2458 3332 2511; x_wconf 61' lang='lat' dir='ltr'>nostra</span> <span class='ocrx_word' id='word_1_336' title='bbox 3355 2454 3542 2531; x_wconf 84' lang='lat' dir='ltr'>mani-</span> 
     </span>
    </p>
   </div>
   <div class='ocr_carea' id='block_1_53' title="bbox 1884 2542 3546 2618">
    <p class='ocr_par' dir='ltr' id='par_1_53' title="bbox 1884 2542 3546 2618">
     <span class='ocr_line' id='line_1_53' title="bbox 1884 2542 3546 2618; baseline -0.001 -17"><span class='ocrx_word' id='word_1_337' title='bbox 1884 2546 2103 2601; x_wconf 84' lang='lat' dir='ltr'>festare</span> <span class='ocrx_word' id='word_1_338' title='bbox 2134 2545 2409 2618; x_wconf 90' lang='lat' dir='ltr'>dignetur</span> <span class='ocrx_word' id='word_1_339' title='bbox 2440 2549 2754 2617; x_wconf 64' lang='lat' dir='ltr'>quaetantas</span> <span class='ocrx_word' id='word_1_340' title='bbox 2778 2543 3148 2601; x_wconf 87' lang='lat' dir='ltr'>formalitatis</span> <span class='ocrx_word' id='word_1_341' title='bbox 3177 2559 3364 2610; x_wconf 91' lang='lat' dir='ltr'>cervo,</span> <span class='ocrx_word' id='word_1_342' title='bbox 3394 2542 3546 2600; x_wconf 80' lang='lat' dir='ltr'>inso-</span> 
     </span>
    </p>
   </div>
   <div class='ocr_carea' id='block_1_54' title="bbox 1881 2632 3544 2707">
    <p class='ocr_par' dir='ltr' id='par_1_54' title="bbox 1881 2632 3544 2707">
     <span class='ocr_line' id='line_1_54' title="bbox 1881 2632 3544 2707; baseline 0 -18"><span class='ocrx_word' id='word_1_343' title='bbox 1881 2634 1999 2689; x_wconf 65' lang='lat' dir='ltr'>lita:</span> <span class='ocrx_word' id='word_1_344' title='bbox 2033 2634 2114 2691; x_wconf 90' lang='lat' dir='ltr'>rei</span> <span class='ocrx_word' id='word_1_345' title='bbox 2142 2633 2431 2690; x_wconf 88' lang='lat' dir='ltr'>evidentia</span> <span class='ocrx_word' id='word_1_346' title='bbox 2479 2633 2798 2707; x_wconf 83' lang='lat' dir='ltr'>significari</span> <span class='ocrx_word' id='word_1_347' title='bbox 2829 2632 3248 2705; x_wconf 89' lang='lat' dir='ltr'>conspicimus.</span> <span class='ocrx_word' id='word_1_348' title='bbox 3291 2632 3544 2689; x_wconf 87' lang='lat' dir='ltr'>Descen-</span> 
     </span>
    </p>
   </div>
   <div class='ocr_carea' id='block_1_55' title="bbox 1886 2721 3544 2797">
    <p class='ocr_par' dir='ltr' id='par_1_55' title="bbox 1886 2721 3544 2797">
     <span class='ocr_line' id='line_1_55' title="bbox 1886 2721 3544 2797; baseline -0.001 -18"><span class='ocrx_word' id='word_1_349' title='bbox 1886 2725 2090 2780; x_wconf 91' lang='lat' dir='ltr'>dentes</span> <span class='ocrx_word' id='word_1_350' title='bbox 2118 2723 2322 2797; x_wconf 89' lang='lat' dir='ltr'>igitur,</span> <span class='ocrx_word' id='word_1_351' title='bbox 2342 2726 2791 2796; x_wconf 90' lang='lat' dir='ltr'>prosternuntur</span> <span class='ocrx_word' id='word_1_352' title='bbox 2805 2721 3260 2790; x_wconf 88' lang='lat' dir='ltr'>humilitersolo,</span> <span class='ocrx_word' id='word_1_353' title='bbox 3280 2725 3544 2794; x_wconf 89' lang='lat' dir='ltr'>prostra-</span> 
     </span>
    </p>
   </div>
   <div class='ocr_carea' id='block_1_56' title="bbox 1885 2808 3547 2884">
    <p class='ocr_par' dir='ltr' id='par_1_56' title="bbox 1885 2808 3547 2884">
     <span class='ocr_line' id='line_1_56' title="bbox 1885 2808 3547 2884; baseline -0.002 -17"><span class='ocrx_word' id='word_1_354' title='bbox 1885 2812 2046 2884; x_wconf 91' lang='lat' dir='ltr'>tique</span> <span class='ocrx_word' id='word_1_355' title='bbox 2121 2815 2447 2868; x_wconf 89' lang='lat' dir='ltr'>reverenter</span> <span class='ocrx_word' id='word_1_356' title='bbox 2515 2810 2853 2884; x_wconf 88' lang='lat' dir='ltr'>supplicant</span> <span class='ocrx_word' id='word_1_357' title='bbox 2917 2827 3114 2865; x_wconf 88' lang='lat' dir='ltr'>rerum</span> <span class='ocrx_word' id='word_1_358' title='bbox 3184 2808 3547 2865; x_wconf 89' lang='lat' dir='ltr'>Dominatori</span> 
     </span>
    </p>
   </div>
   <div class='ocr_carea' id='block_1_57' title="bbox 1887 2896 3543 2973">
    <p class='ocr_par' dir='ltr' id='par_1_57' title="bbox 1887 2896 3543 2973">
     <span class='ocr_line' id='line_1_57' title="bbox 1887 2896 3543 2973; baseline -0.002 -18"><span class='ocrx_word' id='word_1_359' title='bbox 1887 2898 2314 2973; x_wconf 87' lang='lat' dir='ltr'>potentissimo.</span> <span class='ocrx_word' id='word_1_360' title='bbox 2375 2898 2483 2963; x_wconf 89' lang='lat' dir='ltr'>Qui</span> <span class='ocrx_word' id='word_1_361' title='bbox 2515 2915 2718 2955; x_wconf 89' lang='lat' dir='ltr'>eorum</span> <span class='ocrx_word' id='word_1_362' title='bbox 2764 2898 3095 2970; x_wconf 87' lang='lat' dir='ltr'>suspiciens</span> <span class='ocrx_word' id='word_1_363' title='bbox 3153 2896 3543 2963; x_wconf 89' lang='lat' dir='ltr'>devotionem,</span> 
     </span>
    </p>
   </div>
   <div class='ocr_carea' id='block_1_58' title="bbox 1891 2986 3548 3062">
    <p class='ocr_par' dir='ltr' id='par_1_58' title="bbox 1891 2986 3548 3062">
     <span class='ocr_line' id='line_1_58' title="bbox 1891 2986 3548 3062; baseline -0.002 -18"><span class='ocrx_word' id='word_1_364' title='bbox 1891 2989 2194 3062; x_wconf 68' lang='lat' dir='ltr'>praesentis</span> <span class='ocrx_word' id='word_1_365' title='bbox 2226 2987 2490 3044; x_wconf 91' lang='lat' dir='ltr'>miraculi</span> <span class='ocrx_word' id='word_1_366' title='bbox 2522 2986 3318 3060; x_wconf 80' lang='lat' dir='ltr'>patefecitsigniﬁcationem,</span> <span class='ocrx_word' id='word_1_367' title='bbox 3343 2990 3401 3043; x_wconf 89' lang='lat' dir='ltr'>et</span> <span class='ocrx_word' id='word_1_368' title='bbox 3419 2986 3548 3042; x_wconf 88' lang='lat' dir='ltr'>suis</span> 
     </span>
    </p>
   </div>
   <div class='ocr_carea' id='block_1_59' title="bbox 1893 3070 3543 3149">
    <p class='ocr_par' dir='ltr' id='par_1_59' title="bbox 1893 3070 3543 3149">
     <span class='ocr_line' id='line_1_59' title="bbox 1893 3070 3543 3149; baseline -0.002 -16"><span class='ocrx_word' id='word_1_369' title='bbox 1893 3078 2060 3149; x_wconf 90' lang='lat' dir='ltr'>equis</span> <span class='ocrx_word' id='word_1_370' title='bbox 2083 3081 2140 3132; x_wconf 91' lang='lat' dir='ltr'>et</span> <span class='ocrx_word' id='word_1_371' title='bbox 2159 3070 2405 3133; x_wconf 86' lang='lat' dir='ltr'>canibus</span> <span class='ocrx_word' id='word_1_372' title='bbox 2418 3075 2670 3132; x_wconf 88' lang='lat' dir='ltr'>restituit</span> <span class='ocrx_word' id='word_1_373' title='bbox 2695 3076 3003 3148; x_wconf 89' lang='lat' dir='ltr'>pristinam</span> <span class='ocrx_word' id='word_1_374' title='bbox 3038 3074 3374 3130; x_wconf 89' lang='lat' dir='ltr'>sanitatem.</span> <span class='ocrx_word' id='word_1_375' title='bbox 3395 3074 3543 3131; x_wconf 89' lang='lat' dir='ltr'>Nam</span> 
     </span>
    </p>
   </div>
   <div class='ocr_carea' id='block_1_60' title="bbox 123 3151 3543 3235">
    <p class='ocr_par' dir='ltr' id='par_1_60' title="bbox 123 3151 3543 3235">
     <span class='ocr_line' id='line_1_60' title="bbox 123 3151 3543 3235; baseline 0.001 -20"><span class='ocrx_word' id='word_1_376' title='bbox 123 3157 408 3216; x_wconf 71' lang='lat' dir='ltr'>silvarum</span> <span class='ocrx_word' id='word_1_377' title='bbox 438 3159 695 3218; x_wconf 88' lang='lat' dir='ltr'>latebras</span> <span class='ocrx_word' id='word_1_378' title='bbox 717 3163 1027 3234; x_wconf 88' lang='lat' dir='ltr'>jussarum</span> <span class='ocrx_word' id='word_1_379' title='bbox 1050 3163 1288 3233; x_wconf 84' lang='lat' dir='ltr'>intrant,</span> <span class='ocrx_word' id='word_1_380' title='bbox 1318 3166 1586 3233; x_wconf 88' lang='lat' dir='ltr'>tendunt,</span> <span class='ocrx_word' id='word_1_381' title='bbox 1612 3166 1775 3235; x_wconf 88' lang='lat' dir='ltr'>retia,</span> <span class='ocrx_word' id='word_1_382' title='bbox 1808 3151 1851 3218; x_wconf 88' lang='lat' dir='ltr'>C</span> <span class='ocrx_word' id='word_1_383' title='bbox 1890 3182 2046 3233; x_wconf 90' lang='lat' dir='ltr'>cum,</span> <span class='ocrx_word' id='word_1_384' title='bbox 2072 3164 2237 3220; x_wconf 74' lang='lat' dir='ltr'>finita</span> <span class='ocrx_word' id='word_1_385' title='bbox 2264 3164 2544 3232; x_wconf 91' lang='lat' dir='ltr'>oratione,</span> <span class='ocrx_word' id='word_1_386' title='bbox 2578 3167 2882 3235; x_wconf 84' lang='lat' dir='ltr'>surgerent</span> <span class='ocrx_word' id='word_1_387' title='bbox 2905 3167 2961 3217; x_wconf 92' lang='lat' dir='ltr'>et</span> <span class='ocrx_word' id='word_1_388' title='bbox 2990 3162 3188 3218; x_wconf 90' lang='lat' dir='ltr'>oculos</span> <span class='ocrx_word' id='word_1_389' title='bbox 3219 3163 3292 3218; x_wconf 89' lang='lat' dir='ltr'>ad</span> <span class='ocrx_word' id='word_1_390' title='bbox 3310 3174 3543 3218; x_wconf 87' lang='lat' dir='ltr'>cervum</span> 
     </span>
    </p>
   </div>
   <div class='ocr_carea' id='block_1_61' title="bbox 124 3248 1783 3324">
    <p class='ocr_par' dir='ltr' id='par_1_61' title="bbox 124 3248 1783 3324">
     <span class='ocr_line' id='line_1_61' title="bbox 124 3248 1783 3324; baseline 0.004 -21"><span class='ocrx_word' id='word_1_391' title='bbox 124 3248 396 3306; x_wconf 77' lang='lat' dir='ltr'>custddes</span> <span class='ocrx_word' id='word_1_392' title='bbox 439 3249 745 3319; x_wconf 85' lang='lat' dir='ltr'>adhibent,</span> <span class='ocrx_word' id='word_1_393' title='bbox 818 3250 1118 3324; x_wconf 86' lang='lat' dir='ltr'>explorata</span> <span class='ocrx_word' id='word_1_394' title='bbox 1170 3256 1227 3307; x_wconf 91' lang='lat' dir='ltr'>et</span> <span class='ocrx_word' id='word_1_395' title='bbox 1283 3251 1594 3324; x_wconf 83' lang='lat' dir='ltr'>implorata</span> <span class='ocrx_word' id='word_1_396' title='bbox 1655 3253 1783 3310; x_wconf 87' lang='lat' dir='ltr'>loca</span> 
     </span>
    </p>
   </div>
   <div class='ocr_carea' id='block_1_62' title="bbox 126 3337 1782 3413">
    <p class='ocr_par' dir='ltr' id='par_1_62' title="bbox 126 3337 1782 3413">
     <span class='ocr_line' id='line_1_62' title="bbox 126 3337 1782 3413; baseline 0.002 -20"><span class='ocrx_word' id='word_1_397' title='bbox 126 3340 357 3394; x_wconf 80' lang='lat' dir='ltr'>summa</span> <span class='ocrx_word' id='word_1_398' title='bbox 387 3337 697 3412; x_wconf 80' lang='lat' dir='ltr'>diligentia</span> <span class='ocrx_word' id='word_1_399' title='bbox 712 3339 1093 3413; x_wconf 89' lang='lat' dir='ltr'>perlustrant.</span> <span class='ocrx_word' id='word_1_400' title='bbox 1121 3342 1384 3397; x_wconf 86' lang='lat' dir='ltr'>Tandem</span> <span class='ocrx_word' id='word_1_401' title='bbox 1401 3340 1557 3410; x_wconf 90' lang='lat' dir='ltr'>duci,</span> <span class='ocrx_word' id='word_1_402' title='bbox 1588 3342 1782 3398; x_wconf 85' lang='lat' dir='ltr'>etsuis</span> 
     </span>
    </p>
   </div>
   <div class='ocr_carea' id='block_1_63' title="bbox 127 3426 1786 3502">
    <p class='ocr_par' dir='ltr' id='par_1_63' title="bbox 127 3426 1786 3502">
     <span class='ocr_line' id='line_1_63' title="bbox 127 3426 1786 3502; baseline 0.002 -20"><span class='ocrx_word' id='word_1_403' title='bbox 127 3426 518 3498; x_wconf 71' lang='lat' dir='ltr'>venatoribus,</span> <span class='ocrx_word' id='word_1_404' title='bbox 538 3432 754 3502; x_wconf 80' lang='lat' dir='ltr'>magno</span> <span class='ocrx_word' id='word_1_405' title='bbox 777 3428 974 3486; x_wconf 92' lang='lat' dir='ltr'>labore</span> <span class='ocrx_word' id='word_1_406' title='bbox 1004 3429 1259 3486; x_wconf 88' lang='lat' dir='ltr'>etmulto</span> <span class='ocrx_word' id='word_1_407' title='bbox 1282 3429 1613 3487; x_wconf 85' lang='lat' dir='ltr'>inveniendi</span> <span class='ocrx_word' id='word_1_408' title='bbox 1632 3431 1786 3486; x_wconf 83' lang='lat' dir='ltr'>desi-</span> 
     </span>
    </p>
   </div>
   <div class='ocr_carea' id='block_1_64' title="bbox 131 3512 1780 3593">
    <p class='ocr_par' dir='ltr' id='par_1_64' title="bbox 131 3512 1780 3593">
     <span class='ocr_line' id='line_1_64' title="bbox 131 3512 1780 3593; baseline 0.002 -24"><span class='ocrx_word' id='word_1_409' title='bbox 131 3512 282 3572; x_wconf 77' lang='lat' dir='ltr'>dario</span> <span class='ocrx_word' id='word_1_410' title='bbox 311 3516 702 3574; x_wconf 68' lang='lat' dir='ltr'>astuantibus</span> <span class='ocrx_word' id='word_1_411' title='bbox 717 3517 1222 3586; x_wconf 81' lang='lat' dir='ltr'>etanhelautibus,</span> <span class='ocrx_word' id='word_1_412' title='bbox 1239 3519 1400 3574; x_wconf 65' lang='lat' dir='ltr'>mire</span> <span class='ocrx_word' id='word_1_413' title='bbox 1422 3519 1780 3593; x_wconf 90' lang='lat' dir='ltr'>magnitudi-</span> 
     </span>
    </p>
   </div>
   <div class='ocr_carea' id='block_1_65' title="bbox 133 3601 1780 3680">
    <p class='ocr_par' dir='ltr' id='par_1_65' title="bbox 133 3601 1780 3680">
     <span class='ocr_line' id='line_1_65' title="bbox 133 3601 1780 3680; baseline 0.005 -23"><span class='ocrx_word' id='word_1_414' title='bbox 133 3601 220 3660; x_wconf 89' lang='lat' dir='ltr'>nis</span> <span class='ocrx_word' id='word_1_415' title='bbox 234 3605 488 3663; x_wconf 84' lang='lat' dir='ltr'>uccurrit</span> <span class='ocrx_word' id='word_1_416' title='bbox 503 3606 1032 3679; x_wconf 81' lang='lat' dir='ltr'>cervuszqui,niveo</span> <span class='ocrx_word' id='word_1_417' title='bbox 1044 3612 1285 3680; x_wconf 84' lang='lat' dir='ltr'>corpore</span> <span class='ocrx_word' id='word_1_418' title='bbox 1296 3611 1456 3664; x_wconf 90' lang='lat' dir='ltr'>totus</span> <span class='ocrx_word' id='word_1_419' title='bbox 1471 3608 1780 3676; x_wconf 89' lang='lat' dir='ltr'>candidus,</span> 
     </span>
    </p>
   </div>
   <div class='ocr_carea' id='block_1_66' title="bbox 136 3689 1784 3769">
    <p class='ocr_par' dir='ltr' id='par_1_66' title="bbox 136 3689 1784 3769">
     <span class='ocr_line' id='line_1_66' title="bbox 136 3689 1784 3769; baseline 0.005 -25"><span class='ocrx_word' id='word_1_420' title='bbox 136 3689 351 3762; x_wconf 80' lang='lat' dir='ltr'>nullius</span> <span class='ocrx_word' id='word_1_421' title='bbox 371 3693 672 3751; x_wconf 82' lang='lat' dir='ltr'>varietatis</span> <span class='ocrx_word' id='word_1_422' title='bbox 707 3694 940 3751; x_wconf 90' lang='lat' dir='ltr'>macula</span> <span class='ocrx_word' id='word_1_423' title='bbox 970 3695 1466 3769; x_wconf 87' lang='lat' dir='ltr'>distinguebatur.</span> <span class='ocrx_word' id='word_1_424' title='bbox 1508 3696 1784 3753; x_wconf 88' lang='lat' dir='ltr'>Protinus</span> 
     </span>
    </p>
   </div>
   <div class='ocr_carea' id='block_1_67' title="bbox 137 3776 1784 3855">
    <p class='ocr_par' dir='ltr' id='par_1_67' title="bbox 137 3776 1784 3855">
     <span class='ocr_line' id='line_1_67' title="bbox 137 3776 1784 3855; baseline 0.005 -22"><span class='ocrx_word' id='word_1_425' title='bbox 137 3776 668 3854; x_wconf 79' lang='lat' dir='ltr'>obstupescentium</span> <span class='ocrx_word' id='word_1_426' title='bbox 719 3787 1061 3840; x_wconf 89' lang='lat' dir='ltr'>venatorum</span> <span class='ocrx_word' id='word_1_427' title='bbox 1110 3783 1368 3841; x_wconf 87' lang='lat' dir='ltr'>clamore</span> <span class='ocrx_word' id='word_1_428' title='bbox 1417 3786 1693 3855; x_wconf 88' lang='lat' dir='ltr'>maximo,</span> <span class='ocrx_word' id='word_1_429' title='bbox 1726 3790 1784 3842; x_wconf 90' lang='lat' dir='ltr'>et</span> 
     </span>
    </p>
   </div>
   <div class='ocr_carea' id='block_1_68' title="bbox 136 3863 1783 3932">
    <p class='ocr_par' dir='ltr' id='par_1_68' title="bbox 136 3863 1783 3932">
     <span class='ocr_line' id='line_1_68' title="bbox 136 3863 1783 3932; baseline 0.006 -11"><span class='ocrx_word' id='word_1_430' title='bbox 136 3863 475 3927; x_wconf 86' lang='lat' dir='ltr'>irruentium</span> <span class='ocrx_word' id='word_1_431' title='bbox 506 3886 720 3928; x_wconf 82' lang='lat' dir='ltr'>canum</span> <span class='ocrx_word' id='word_1_432' title='bbox 778 3871 992 3930; x_wconf 90' lang='lat' dir='ltr'>latratu</span> <span class='ocrx_word' id='word_1_433' title='bbox 1039 3872 1277 3931; x_wconf 87' lang='lat' dir='ltr'>dissono</span> <span class='ocrx_word' id='word_1_434' title='bbox 1323 3874 1602 3931; x_wconf 88' lang='lat' dir='ltr'>sublimia</span> <span class='ocrx_word' id='word_1_435' title='bbox 1652 3875 1783 3932; x_wconf 60' lang='lat' dir='ltr'>aeris</span> 
     </span>
    </p>
   </div>
   <div class='ocr_carea' id='block_1_69' title="bbox 137 3956 1782 4035">
    <p class='ocr_par' dir='ltr' id='par_1_69' title="bbox 137 3956 1782 4035">
     <span class='ocr_line' id='line_1_69' title="bbox 137 3956 1782 4035; baseline 0.006 -24"><span class='ocrx_word' id='word_1_436' title='bbox 137 3956 315 4027; x_wconf 76' lang='lat' dir='ltr'>spatia</span> <span class='ocrx_word' id='word_1_437' title='bbox 332 3960 738 4034; x_wconf 77' lang='lat' dir='ltr'>‘cbmplentur,</span> <span class='ocrx_word' id='word_1_438' title='bbox 761 3965 818 4018; x_wconf 87' lang='lat' dir='ltr'>et</span> <span class='ocrx_word' id='word_1_439' title='bbox 833 3963 1257 4035; x_wconf 88' lang='lat' dir='ltr'>respondentes</span> <span class='ocrx_word' id='word_1_440' title='bbox 1271 3963 1592 4032; x_wconf 89' lang='lat' dir='ltr'>nemorosi,</span> <span class='ocrx_word' id='word_1_441' title='bbox 1606 3963 1782 4021; x_wconf 87' lang='lat' dir='ltr'>colles</span> 
     </span>
    </p>
   </div>
   <div class='ocr_carea' id='block_1_70' title="bbox 136 4040 1781 4112">
    <p class='ocr_par' dir='ltr' id='par_1_70' title="bbox 136 4040 1781 4112">
     <span class='ocr_line' id='line_1_70' title="bbox 136 4040 1781 4112; baseline 0.009 -16"><span class='ocrx_word' id='word_1_442' title='bbox 136 4040 371 4107; x_wconf 74' lang='lat' dir='ltr'>clamore</span> <span class='ocrx_word' id='word_1_443' title='bbox 403 4050 677 4106; x_wconf 82' lang='lat' dir='ltr'>feruntur</span> <span class='ocrx_word' id='word_1_444' title='bbox 705 4067 718 4107; x_wconf 92' lang='lat'>:</span> <span class='ocrx_word' id='word_1_445' title='bbox 743 4050 1143 4107; x_wconf 89' lang='lat' dir='ltr'>Absolvuntur</span> <span class='ocrx_word' id='word_1_446' title='bbox 1171 4068 1346 4109; x_wconf 90' lang='lat' dir='ltr'>canes</span> <span class='ocrx_word' id='word_1_447' title='bbox 1378 4052 1656 4109; x_wconf 86' lang='lat' dir='ltr'>omnibus</span> <span class='ocrx_word' id='word_1_448' title='bbox 1687 4070 1781 4112; x_wconf 87' lang='lat' dir='ltr'>co.-</span> 
     </span>
    </p>
   </div>
   <div class='ocr_carea' id='block_1_71' title="bbox 134 4132 1782 4211">
    <p class='ocr_par' dir='ltr' id='par_1_71' title="bbox 134 4132 1782 4211">
     <span class='ocr_line' id='line_1_71' title="bbox 134 4132 1782 4211; baseline 0.006 -22"><span class='ocrx_word' id='word_1_449' title='bbox 134 4132 298 4204; x_wconf 72' lang='lat' dir='ltr'>puﬁs,</span> <span class='ocrx_word' id='word_1_450' title='bbox 330 4138 718 4211; x_wconf 81' lang='lat' dir='ltr'>dimissisque</span> <span class='ocrx_word' id='word_1_451' title='bbox 731 4138 976 4196; x_wconf 87' lang='lat' dir='ltr'>habenis</span> <span class='ocrx_word' id='word_1_452' title='bbox 990 4140 1370 4198; x_wconf 89' lang='lat' dir='ltr'>totisviribus</span> <span class='ocrx_word' id='word_1_453' title='bbox 1389 4142 1782 4200; x_wconf 88' lang='lat' dir='ltr'>admittuntur</span> 
     </span>
    </p>
   </div>
   <div class='ocr_carea' id='block_1_72' title="bbox 134 4223 1779 4302">
    <p class='ocr_par' dir='ltr' id='par_1_72' title="bbox 134 4223 1779 4302">
     <span class='ocr_line' id='line_1_72' title="bbox 134 4223 1779 4302; baseline 0.008 -27"><span class='ocrx_word' id='word_1_454' title='bbox 134 4223 278 4291; x_wconf 85' lang='lat' dir='ltr'>equi.</span> <span class='ocrx_word' id='word_1_455' title='bbox 309 4224 531 4284; x_wconf 79' lang='lat' dir='ltr'>Verum</span> <span class='ocrx_word' id='word_1_456' title='bbox 563 4228 863 4300; x_wconf 86' lang='lat' dir='ltr'>speciosus</span> <span class='ocrx_word' id='word_1_457' title='bbox 877 4238 1102 4296; x_wconf 86' lang='lat' dir='ltr'>cervus,</span> <span class='ocrx_word' id='word_1_458' title='bbox 1131 4230 1518 4302; x_wconf 85' lang='lat' dir='ltr'>omnipotenti</span> <span class='ocrx_word' id='word_1_459' title='bbox 1535 4235 1779 4302; x_wconf 81' lang='lat' dir='ltr'>patrono</span> 
     </span>
    </p>
   </div>
   <div class='ocr_carea' id='block_1_73' title="bbox 134 4311 1781 4389">
    <p class='ocr_par' dir='ltr' id='par_1_73' title="bbox 134 4311 1781 4389">
     <span class='ocr_line' id='line_1_73' title="bbox 134 4311 1781 4389; baseline 0.007 -26"><span class='ocrx_word' id='word_1_460' title='bbox 134 4311 304 4381; x_wconf 77' lang='lat' dir='ltr'>tutus,</span> <span class='ocrx_word' id='word_1_461' title='bbox 333 4315 821 4389; x_wconf 81' lang='lat' dir='ltr'>persequentium</span> <span class='ocrx_word' id='word_1_462' title='bbox 849 4316 1131 4373; x_wconf 63' lang='lat' dir='ltr'>saevitiam</span> <span class='ocrx_word' id='word_1_463' title='bbox 1164 4317 1330 4375; x_wconf 87' lang='lat' dir='ltr'>facile</span> <span class='ocrx_word' id='word_1_464' title='bbox 1374 4317 1692 4389; x_wconf 90' lang='lat' dir='ltr'>illudebat;</span> <span class='ocrx_word' id='word_1_465' title='bbox 1723 4324 1781 4377; x_wconf 90' lang='lat' dir='ltr'>et</span> 
     </span>
    </p>
   </div>
   <div class='ocr_carea' id='block_1_74' title="bbox 135 4401 1779 4480">
    <p class='ocr_par' dir='ltr' id='par_1_74' title="bbox 135 4401 1779 4480">
     <span class='ocr_line' id='line_1_74' title="bbox 135 4401 1779 4480; baseline 0.004 -22"><span class='ocrx_word' id='word_1_466' title='bbox 135 4401 387 4471; x_wconf 78' lang='lat' dir='ltr'>Opposita</span> <span class='ocrx_word' id='word_1_467' title='bbox 415 4405 570 4462; x_wconf 81' lang='lat' dir='ltr'>retia</span> <span class='ocrx_word' id='word_1_468' title='bbox 599 4409 701 4461; x_wconf 90' lang='lat' dir='ltr'>aut</span> <span class='ocrx_word' id='word_1_469' title='bbox 732 4404 1083 4473; x_wconf 87' lang='lat' dir='ltr'>transilibat,</span> <span class='ocrx_word' id='word_1_470' title='bbox 1116 4411 1220 4462; x_wconf 91' lang='lat' dir='ltr'>aut</span> <span class='ocrx_word' id='word_1_471' title='bbox 1250 4406 1342 4462; x_wconf 88' lang='lat' dir='ltr'>sui</span> <span class='ocrx_word' id='word_1_472' title='bbox 1372 4406 1647 4464; x_wconf 84' lang='lat' dir='ltr'>violentia</span> <span class='ocrx_word' id='word_1_473' title='bbox 1674 4425 1779 4480; x_wconf 84' lang='lat' dir='ltr'>pe-</span> 
     </span>
    </p>
   </div>
   <div class='ocr_carea' id='block_1_75' title="bbox 1891 3249 3546 3322">
    <p class='ocr_par' dir='ltr' id='par_1_75' title="bbox 1891 3249 3546 3322">
     <span class='ocr_line' id='line_1_75' title="bbox 1891 3249 3546 3322; baseline -0.004 -11"><span class='ocrx_word' id='word_1_474' title='bbox 1891 3253 2153 3311; x_wconf 89' lang='lat' dir='ltr'>studiose</span> <span class='ocrx_word' id='word_1_475' title='bbox 2183 3253 2548 3320; x_wconf 88' lang='lat' dir='ltr'>reducerent,</span> <span class='ocrx_word' id='word_1_476' title='bbox 2580 3268 2784 3307; x_wconf 90' lang='lat' dir='ltr'>cervus</span> <span class='ocrx_word' id='word_1_477' title='bbox 2817 3251 3075 3307; x_wconf 89' lang='lat' dir='ltr'>demisso</span> <span class='ocrx_word' id='word_1_478' title='bbox 3109 3249 3320 3322; x_wconf 89' lang='lat' dir='ltr'>capite,</span> <span class='ocrx_word' id='word_1_479' title='bbox 3354 3250 3425 3304; x_wconf 93' lang='lat' dir='ltr'>ad</span> <span class='ocrx_word' id='word_1_480' title='bbox 3460 3250 3546 3305; x_wconf 87' lang='lat' dir='ltr'>si-</span> 
     </span>
    </p>
   </div>
   <div class='ocr_carea' id='block_1_76' title="bbox 1893 3337 3549 3413">
    <p class='ocr_par' dir='ltr' id='par_1_76' title="bbox 1893 3337 3549 3413">
     <span class='ocr_line' id='line_1_76' title="bbox 1893 3337 3549 3413; baseline -0.002 -17"><span class='ocrx_word' id='word_1_481' title='bbox 1893 3341 2283 3397; x_wconf 90' lang='lat' dir='ltr'>militudinem</span> <span class='ocrx_word' id='word_1_482' title='bbox 2303 3341 2540 3413; x_wconf 66' lang='lat' dir='ltr'>sphaerae</span> <span class='ocrx_word' id='word_1_483' title='bbox 2559 3339 2619 3395; x_wconf 91' lang='lat' dir='ltr'>in</span> <span class='ocrx_word' id='word_1_484' title='bbox 2651 3340 2855 3396; x_wconf 92' lang='lat' dir='ltr'>eodem</span> <span class='ocrx_word' id='word_1_485' title='bbox 2869 3338 2993 3394; x_wconf 92' lang='lat' dir='ltr'>loco</span> <span class='ocrx_word' id='word_1_486' title='bbox 3009 3338 3322 3394; x_wconf 88' lang='lat' dir='ltr'>circuitum</span> <span class='ocrx_word' id='word_1_487' title='bbox 3341 3337 3549 3404; x_wconf 89' lang='lat' dir='ltr'>edidit,</span> 
     </span>
    </p>
   </div>
   <div class='ocr_carea' id='block_1_77' title="bbox 1891 3426 3550 3507">
    <p class='ocr_par' dir='ltr' id='par_1_77' title="bbox 1891 3426 3550 3507">
     <span class='ocr_line' id='line_1_77' title="bbox 1891 3426 3550 3507; baseline -0.003 -21"><span class='ocrx_word' id='word_1_488' title='bbox 1891 3430 2066 3487; x_wconf 88' lang='lat' dir='ltr'>tacito</span> <span class='ocrx_word' id='word_1_489' title='bbox 2081 3426 2832 3497; x_wconf 89' lang='lat' dir='ltr'>motuinnuensillic,illius</span> <span class='ocrx_word' id='word_1_490' title='bbox 2858 3426 3115 3495; x_wconf 89' lang='lat' dir='ltr'>nomine,</span> <span class='ocrx_word' id='word_1_491' title='bbox 3144 3426 3550 3507; x_wconf 60' lang='lat' dir='ltr'>aedificandum</span> 
     </span>
    </p>
   </div>
   <div class='ocr_carea' id='block_1_78' title="bbox 1892 3515 3552 3591">
    <p class='ocr_par' dir='ltr' id='par_1_78' title="bbox 1892 3515 3552 3591">
     <span class='ocr_line' id='line_1_78' title="bbox 1892 3515 3552 3591; baseline -0.002 -16"><span class='ocrx_word' id='word_1_492' title='bbox 1892 3517 2314 3584; x_wconf 86' lang='lat' dir='ltr'>habitaculum,</span> <span class='ocrx_word' id='word_1_493' title='bbox 2335 3517 2433 3589; x_wconf 91' lang='lat' dir='ltr'>qui</span> <span class='ocrx_word' id='word_1_494' title='bbox 2467 3534 2587 3573; x_wconf 68' lang='lat' dir='ltr'>suae</span> <span class='ocrx_word' id='word_1_495' title='bbox 2602 3516 3041 3591; x_wconf 89' lang='lat' dir='ltr'>magnitudinis</span> <span class='ocrx_word' id='word_1_496' title='bbox 3074 3515 3337 3588; x_wconf 88' lang='lat' dir='ltr'>potentia</span> <span class='ocrx_word' id='word_1_497' title='bbox 3352 3515 3552 3572; x_wconf 89' lang='lat' dir='ltr'>orbem</span> 
     </span>
    </p>
   </div>
   <div class='ocr_carea' id='block_1_79' title="bbox 1893 3603 3550 3684">
    <p class='ocr_par' dir='ltr' id='par_1_79' title="bbox 1893 3603 3550 3684">
     <span class='ocr_line' id='line_1_79' title="bbox 1893 3603 3550 3684; baseline -0.003 -20"><span class='ocrx_word' id='word_1_498' title='bbox 1893 3607 2330 3664; x_wconf 89' lang='lat' dir='ltr'>administraret</span> <span class='ocrx_word' id='word_1_499' title='bbox 2358 3606 2719 3662; x_wconf 89' lang='lat' dir='ltr'>universum.</span> <span class='ocrx_word' id='word_1_500' title='bbox 2750 3606 2872 3669; x_wconf 90' lang='lat' dir='ltr'>Quo</span> <span class='ocrx_word' id='word_1_501' title='bbox 2892 3604 3040 3661; x_wconf 85' lang='lat' dir='ltr'>facto</span> <span class='ocrx_word' id='word_1_502' title='bbox 3064 3620 3272 3660; x_wconf 90' lang='lat' dir='ltr'>cervus</span> <span class='ocrx_word' id='word_1_503' title='bbox 3292 3603 3550 3684; x_wconf 80' lang='lat' dir='ltr'>evanuit,</span> 
     </span>
    </p>
   </div>
   <div class='ocr_carea' id='block_1_80' title="bbox 1892 3691 3553 3754">
    <p class='ocr_par' dir='ltr' id='par_1_80' title="bbox 1892 3691 3553 3754">
     <span class='ocr_line' id='line_1_80' title="bbox 1892 3691 3553 3754; baseline -0.003 -1"><span class='ocrx_word' id='word_1_504' title='bbox 1892 3695 2406 3754; x_wconf 88' lang='lat' dir='ltr'>circumstantium</span> <span class='ocrx_word' id='word_1_505' title='bbox 2422 3698 2660 3750; x_wconf 89' lang='lat' dir='ltr'>notante</span> <span class='ocrx_word' id='word_1_506' title='bbox 2692 3691 2852 3750; x_wconf 88' lang='lat' dir='ltr'>nullo</span> <span class='ocrx_word' id='word_1_507' title='bbox 2874 3697 3071 3749; x_wconf 91' lang='lat' dir='ltr'>utrum</span> <span class='ocrx_word' id='word_1_508' title='bbox 3089 3710 3327 3748; x_wconf 90' lang='lat' dir='ltr'>sursum</span> <span class='ocrx_word' id='word_1_509' title='bbox 3350 3708 3553 3749; x_wconf 86' lang='lat' dir='ltr'>ascen-</span> 
     </span>
    </p>
   </div>
   <div class='ocr_carea' id='block_1_81' title="bbox 1892 3780 3558 3857">
    <p class='ocr_par' dir='ltr' id='par_1_81' title="bbox 1892 3780 3558 3857">
     <span class='ocr_line' id='line_1_81' title="bbox 1892 3780 3558 3857; baseline -0.002 -15"><span class='ocrx_word' id='word_1_510' title='bbox 1892 3785 2062 3857; x_wconf 90' lang='lat' dir='ltr'>derit,</span> <span class='ocrx_word' id='word_1_511' title='bbox 2101 3788 2202 3842; x_wconf 91' lang='lat' dir='ltr'>aut</span> <span class='ocrx_word' id='word_1_512' title='bbox 2231 3788 2447 3841; x_wconf 89' lang='lat' dir='ltr'>terram</span> <span class='ocrx_word' id='word_1_513' title='bbox 2479 3782 2798 3849; x_wconf 68' lang='lat' dir='ltr'>intraverit,</span> <span class='ocrx_word' id='word_1_514' title='bbox 2832 3786 2935 3838; x_wconf 88' lang='lat' dir='ltr'>aut</span> <span class='ocrx_word' id='word_1_515' title='bbox 2949 3781 3117 3838; x_wconf 90' lang='lat' dir='ltr'>aliter</span> <span class='ocrx_word' id='word_1_516' title='bbox 3146 3780 3293 3838; x_wconf 88' lang='lat' dir='ltr'>alias</span> <span class='ocrx_word' id='word_1_517' title='bbox 3307 3781 3558 3839; x_wconf 88' lang='lat' dir='ltr'>declina-</span> 
     </span>
    </p>
   </div>
   <div class='ocr_carea' id='block_1_82' title="bbox 1889 3868 3555 3947">
    <p class='ocr_par' dir='ltr' id='par_1_82' title="bbox 1889 3868 3555 3947">
     <span class='ocr_line' id='line_1_82' title="bbox 1889 3868 3555 3947; baseline -0.004 -15"><span class='ocrx_word' id='word_1_518' title='bbox 1889 3874 2054 3932; x_wconf 88' lang='lat' dir='ltr'>verit.</span> <span class='ocrx_word' id='word_1_519' title='bbox 2088 3875 2211 3931; x_wconf 82' lang='lat' dir='ltr'>Dux</span> <span class='ocrx_word' id='word_1_520' title='bbox 2244 3873 2426 3947; x_wconf 88' lang='lat' dir='ltr'>igitur</span> <span class='ocrx_word' id='word_1_521' title='bbox 2453 3872 2780 3942; x_wconf 82' lang='lat' dir='ltr'>exsultans,</span> <span class='ocrx_word' id='word_1_522' title='bbox 2811 3870 3233 3944; x_wconf 65' lang='lat' dir='ltr'>praesentisque</span> <span class='ocrx_word' id='word_1_523' title='bbox 3280 3868 3555 3927; x_wconf 86' lang='lat' dir='ltr'>miraculi</span> 
     </span>
    </p>
   </div>
   <div class='ocr_carea' id='block_1_83' title="bbox 1893 3959 3559 4037">
    <p class='ocr_par' dir='ltr' id='par_1_83' title="bbox 1893 3959 3559 4037">
     <span class='ocr_line' id='line_1_83' title="bbox 1893 3959 3559 4037; baseline -0.002 -18"><span class='ocrx_word' id='word_1_524' title='bbox 1893 3962 2385 4037; x_wconf 78' lang='lat' dir='ltr'>significationem</span> <span class='ocrx_word' id='word_1_525' title='bbox 2408 3978 2785 4035; x_wconf 89' lang='lat' dir='ltr'>cognoscens,</span> <span class='ocrx_word' id='word_1_526' title='bbox 2807 3959 3013 4017; x_wconf 69' lang='lat' dir='ltr'>divina:</span> <span class='ocrx_word' id='word_1_527' title='bbox 3031 3960 3408 4033; x_wconf 63' lang='lat' dir='ltr'>providentia:</span> <span class='ocrx_word' id='word_1_528' title='bbox 3426 3976 3559 4033; x_wconf 88' lang='lat' dir='ltr'>gra-</span> 
     </span>
    </p>
   </div>
   <div class='ocr_carea' id='block_1_84' title="bbox 1891 4048 3556 4121">
    <p class='ocr_par' dir='ltr' id='par_1_84' title="bbox 1891 4048 3556 4121">
     <span class='ocr_line' id='line_1_84' title="bbox 1891 4048 3556 4121; baseline -0.003 -12"><span class='ocrx_word' id='word_1_529' title='bbox 1891 4053 2004 4110; x_wconf 87' lang='lat' dir='ltr'>tias</span> <span class='ocrx_word' id='word_1_530' title='bbox 2037 4052 2328 4119; x_wconf 89' lang='lat' dir='ltr'>reddidit;</span> <span class='ocrx_word' id='word_1_531' title='bbox 2362 4068 2558 4108; x_wconf 89' lang='lat' dir='ltr'>ramos</span> <span class='ocrx_word' id='word_1_532' title='bbox 2603 4052 2878 4108; x_wconf 90' lang='lat' dir='ltr'>arborum</span> <span class='ocrx_word' id='word_1_533' title='bbox 2926 4049 3153 4106; x_wconf 90' lang='lat' dir='ltr'>concidi</span> <span class='ocrx_word' id='word_1_534' title='bbox 3205 4048 3556 4121; x_wconf 89' lang='lat' dir='ltr'>consisaque</span> 
     </span>
    </p>
   </div>
   <div class='ocr_carea' id='block_1_85' title="bbox 1890 4130 3557 4219">
    <p class='ocr_par' dir='ltr' id='par_1_85' title="bbox 1890 4130 3557 4219">
     <span class='ocr_line' id='line_1_85' title="bbox 1890 4130 3557 4219; baseline -0.003 -21"><span class='ocrx_word' id='word_1_535' title='bbox 1890 4141 2164 4219; x_wconf 72' lang='lat' dir='ltr'>praecepit</span> <span class='ocrx_word' id='word_1_536' title='bbox 2175 4140 2614 4215; x_wconf 89' lang='lat' dir='ltr'>comportari,et</span> <span class='ocrx_word' id='word_1_537' title='bbox 2628 4157 2659 4212; x_wconf 90' lang='lat' dir='ltr'>q</span> <span class='ocrx_word' id='word_1_538' title='bbox 2670 4140 2845 4195; x_wconf 90' lang='lat' dir='ltr'>uamd</span> <span class='ocrx_word' id='word_1_539' title='bbox 2854 4156 2948 4195; x_wconf 91' lang='lat' dir='ltr'>am</span> <span class='ocrx_word' id='word_1_540' title='bbox 2962 4138 3218 4195; x_wconf 66' lang='lat' dir='ltr'>ecclesias</span> <span class='ocrx_word' id='word_1_541' title='bbox 3234 4130 3557 4211; x_wconf 81' lang='lat' dir='ltr'>imaginem</span> 
     </span>
    </p>
   </div>
   <div class='ocr_carea' id='block_1_86' title="bbox 1889 4225 3555 4302">
    <p class='ocr_par' dir='ltr' id='par_1_86' title="bbox 1889 4225 3555 4302">
     <span class='ocr_line' id='line_1_86' title="bbox 1889 4225 3555 4302; baseline -0.003 -15"><span class='ocrx_word' id='word_1_542' title='bbox 1889 4230 2210 4287; x_wconf 89' lang='lat' dir='ltr'>viminibus</span> <span class='ocrx_word' id='word_1_543' title='bbox 2241 4234 2298 4286; x_wconf 90' lang='lat' dir='ltr'>et</span> <span class='ocrx_word' id='word_1_544' title='bbox 2347 4228 2527 4285; x_wconf 87' lang='lat' dir='ltr'>ramis</span> <span class='ocrx_word' id='word_1_545' title='bbox 2577 4227 2872 4302; x_wconf 89' lang='lat' dir='ltr'>proposito</span> <span class='ocrx_word' id='word_1_546' title='bbox 2926 4227 3087 4283; x_wconf 89' lang='lat' dir='ltr'>cervi</span> <span class='ocrx_word' id='word_1_547' title='bbox 3117 4225 3243 4282; x_wconf 90' lang='lat' dir='ltr'>loco</span> <span class='ocrx_word' id='word_1_548' title='bbox 3303 4226 3555 4282; x_wconf 90' lang='lat' dir='ltr'>festinus</span> 
     </span>
    </p>
   </div>
   <div class='ocr_carea' id='block_1_87' title="bbox 1891 4312 3555 4393">
    <p class='ocr_par' dir='ltr' id='par_1_87' title="bbox 1891 4312 3555 4393">
     <span class='ocr_line' id='line_1_87' title="bbox 1891 4312 3555 4393; baseline -0.005 -18"><span class='ocrx_word' id='word_1_549' title='bbox 1891 4318 2340 4393; x_wconf 87' lang='lat' dir='ltr'>compaginavit,</span> <span class='ocrx_word' id='word_1_550' title='bbox 2368 4316 2733 4373; x_wconf 82' lang='lat' dir='ltr'>constituens</span> <span class='ocrx_word' id='word_1_551' title='bbox 2749 4316 2945 4372; x_wconf 90' lang='lat' dir='ltr'>animo</span> <span class='ocrx_word' id='word_1_552' title='bbox 2968 4332 3030 4371; x_wconf 88' lang='lat' dir='ltr'>se</span> <span class='ocrx_word' id='word_1_553' title='bbox 3062 4312 3354 4370; x_wconf 88' lang='lat' dir='ltr'>maturius</span> <span class='ocrx_word' id='word_1_554' title='bbox 3369 4313 3555 4368; x_wconf 69' lang='lat' dir='ltr'>sediti—</span> 
     </span>
    </p>
   </div>
   <div class='ocr_carea' id='block_1_88' title="bbox 1892 4400 3554 4476">
    <p class='ocr_par' dir='ltr' id='par_1_88' title="bbox 1892 4400 3554 4476">
     <span class='ocr_line' id='line_1_88' title="bbox 1892 4400 3554 4476; baseline -0.005 -12"><span class='ocrx_word' id='word_1_555' title='bbox 1892 4413 2159 4464; x_wconf 88' lang='lat' dir='ltr'>caturum</span> <span class='ocrx_word' id='word_1_556' title='bbox 2191 4406 2271 4461; x_wconf 91' lang='lat' dir='ltr'>ibi</span> <span class='ocrx_word' id='word_1_557' title='bbox 2302 4406 2455 4462; x_wconf 88' lang='lat' dir='ltr'>trino</span> <span class='ocrx_word' id='word_1_558' title='bbox 2486 4410 2542 4460; x_wconf 91' lang='lat' dir='ltr'>et</span> <span class='ocrx_word' id='word_1_559' title='bbox 2575 4404 2811 4460; x_wconf 89' lang='lat' dir='ltr'>uniDeo</span> <span class='ocrx_word' id='word_1_560' title='bbox 2834 4420 3087 4476; x_wconf 70' lang='lat' dir='ltr'>operosae</span> <span class='ocrx_word' id='word_1_561' title='bbox 3117 4400 3554 4475; x_wconf 87' lang='lat' dir='ltr'>magnitudinis</span> 
     </span>
    </p>
   </div>
   <div class='ocr_carea' id='block_1_89' title="bbox 137 4486 3549 4581">
    <p class='ocr_par' dir='ltr' id='par_1_89' title="bbox 137 4486 3549 4581">
     <span class='ocr_line' id='line_1_89' title="bbox 137 4486 3549 4581; baseline 0.001 -38"><span class='ocrx_word' id='word_1_562' title='bbox 137 4486 300 4581; x_wconf 61' lang='lat' dir='ltr'>cteris</span> <span class='ocrx_word' id='word_1_563' title='bbox 328 4491 554 4581; x_wconf 74' lang='lat' dir='ltr'>illaesus</span> <span class='ocrx_word' id='word_1_564' title='bbox 584 4493 957 4551; x_wconf 86' lang='lat' dir='ltr'>dissolvebat.</span> <span class='ocrx_word' id='word_1_565' title='bbox 991 4494 1140 4568; x_wconf 89' lang='lat' dir='ltr'>Ergo</span> <span class='ocrx_word' id='word_1_566' title='bbox 1164 4494 1384 4552; x_wconf 85' lang='lat' dir='ltr'>frustra</span> <span class='ocrx_word' id='word_1_567' title='bbox 1398 4512 1611 4552; x_wconf 86' lang='lat' dir='ltr'>canum</span> <span class='ocrx_word' id='word_1_568' title='bbox 1632 4496 1775 4553; x_wconf 87' lang='lat' dir='ltr'>inci-</span> <span class='ocrx_word' id='word_1_569' title='bbox 1808 4516 1856 4581; x_wconf 84' lang='lat' dir='ltr'><strong>D</strong></span> <span class='ocrx_word' id='word_1_570' title='bbox 1888 4495 2229 4554; x_wconf 87' lang='lat' dir='ltr'>oratorium.</span> <span class='ocrx_word' id='word_1_571' title='bbox 2264 4499 2500 4561; x_wconf 87' lang='lat' dir='ltr'>Verum,</span> <span class='ocrx_word' id='word_1_572' title='bbox 2534 4494 2648 4550; x_wconf 90' lang='lat' dir='ltr'>Deo</span> <span class='ocrx_word' id='word_1_573' title='bbox 2676 4493 2843 4548; x_wconf 83' lang='lat' dir='ltr'>aliter</span> <span class='ocrx_word' id='word_1_574' title='bbox 2891 4492 3258 4581; x_wconf 85' lang='lat' dir='ltr'>disponente,</span> <span class='ocrx_word' id='word_1_575' title='bbox 3306 4488 3549 4581; x_wconf 82' lang='lat' dir='ltr'>regique</span> 
     </span>
    </p>
   </div>
   <div class='ocr_carea' id='block_1_90' title="bbox 137 4572 1775 4655">
    <p class='ocr_par' dir='ltr' id='par_1_90' title="bbox 137 4572 1775 4655">
     <span class='ocr_line' id='line_1_90' title="bbox 137 4572 1775 4655; baseline 0.007 -25"><span class='ocrx_word' id='word_1_576' title='bbox 137 4572 277 4632; x_wconf 80' lang='lat' dir='ltr'>tatur</span> <span class='ocrx_word' id='word_1_577' title='bbox 304 4580 622 4654; x_wconf 75' lang='lat' dir='ltr'>sagacitas,</span> <span class='ocrx_word' id='word_1_578' title='bbox 655 4599 1011 4655; x_wconf 90' lang='lat' dir='ltr'>equorumve</span> <span class='ocrx_word' id='word_1_579' title='bbox 1040 4583 1595 4655; x_wconf 86' lang='lat' dir='ltr'>calcaribuscrebris</span> <span class='ocrx_word' id='word_1_580' title='bbox 1624 4585 1775 4642; x_wconf 84' lang='lat' dir='ltr'>velo-</span> 
     </span>
    </p>
   </div>
   <div class='ocr_carea' id='block_1_91' title="bbox 137 4660 1782 4747">
    <p class='ocr_par' dir='ltr' id='par_1_91' title="bbox 137 4660 1782 4747">
     <span class='ocr_line' id='line_1_91' title="bbox 137 4660 1782 4747; baseline 0.007 -28"><span class='ocrx_word' id='word_1_581' title='bbox 137 4660 267 4720; x_wconf 86' lang='lat' dir='ltr'>citas</span> <span class='ocrx_word' id='word_1_582' title='bbox 294 4670 570 4744; x_wconf 79' lang='lat' dir='ltr'>exigitur,</span> <span class='ocrx_word' id='word_1_583' title='bbox 605 4676 706 4728; x_wconf 90' lang='lat' dir='ltr'>aut</span> <span class='ocrx_word' id='word_1_584' title='bbox 724 4672 963 4730; x_wconf 90' lang='lat' dir='ltr'>nimbus</span> <span class='ocrx_word' id='word_1_585' title='bbox 988 4672 1458 4746; x_wconf 90' lang='lat' dir='ltr'>telorumingens</span> <span class='ocrx_word' id='word_1_586' title='bbox 1484 4674 1782 4747; x_wconf 76' lang='lat' dir='ltr'>prosequi-</span> 
     </span>
    </p>
   </div>
   <div class='ocr_carea' id='block_1_92' title="bbox 137 4750 1782 4832">
    <p class='ocr_par' dir='ltr' id='par_1_92' title="bbox 137 4750 1782 4832">
     <span class='ocr_line' id='line_1_92' title="bbox 137 4750 1782 4832; baseline 0.01 -29"><span class='ocrx_word' id='word_1_587' title='bbox 137 4750 239 4808; x_wconf 85' lang='lat' dir='ltr'>tur.</span> <span class='ocrx_word' id='word_1_588' title='bbox 270 4756 486 4817; x_wconf 80' lang='lat' dir='ltr'>Gervus</span> <span class='ocrx_word' id='word_1_589' title='bbox 517 4760 698 4832; x_wconf 89' lang='lat' dir='ltr'>enim,</span> <span class='ocrx_word' id='word_1_590' title='bbox 729 4777 845 4817; x_wconf 92' lang='lat' dir='ltr'>non</span> <span class='ocrx_word' id='word_1_591' title='bbox 878 4761 1221 4818; x_wconf 87' lang='lat' dir='ltr'>divertendo</span> <span class='ocrx_word' id='word_1_592' title='bbox 1272 4762 1632 4830; x_wconf 68' lang='lat' dir='ltr'>disdurrens,</span> <span class='ocrx_word' id='word_1_593' title='bbox 1681 4768 1782 4820; x_wconf 91' lang='lat' dir='ltr'>aut</span> 
     </span>
    </p>
   </div>
   <div class='ocr_carea' id='block_1_93' title="bbox 139 4835 1780 4933">
    <p class='ocr_par' dir='ltr' id='par_1_93' title="bbox 139 4835 1780 4933">
     <span class='ocr_line' id='line_1_93' title="bbox 139 4835 1780 4933; baseline 0.005 -34"><span class='ocrx_word' id='word_1_594' title='bbox 139 4835 510 4933; x_wconf 52' lang='lat' dir='ltr'>discurrendo</span> <span class='ocrx_word' id='word_1_595' title='bbox 567 4849 884 4922; x_wconf 87' lang='lat' dir='ltr'>divertens,</span> <span class='ocrx_word' id='word_1_596' title='bbox 940 4851 1097 4907; x_wconf 89' lang='lat' dir='ltr'>lento</span> <span class='ocrx_word' id='word_1_597' title='bbox 1164 4868 1340 4924; x_wconf 87' lang='lat' dir='ltr'>passu</span> <span class='ocrx_word' id='word_1_598' title='bbox 1425 4853 1780 4925; x_wconf 88' lang='lat' dir='ltr'>tranquillus</span> 
     </span>
    </p>
   </div>
   <div class='ocr_carea' id='block_1_94' title="bbox 146 4931 1779 5015">
    <p class='ocr_par' dir='ltr' id='par_1_94' title="bbox 146 4931 1779 5015">
     <span class='ocr_line' id='line_1_94' title="bbox 146 4931 1779 5015; baseline 0.008 -30"><span class='ocrx_word' id='word_1_599' title='bbox 146 4931 541 5015; x_wconf 72' lang='lat' dir='ltr'>incedebat,.et</span> <span class='ocrx_word' id='word_1_600' title='bbox 570 4938 641 4994; x_wconf 87' lang='lat' dir='ltr'>ad</span> <span class='ocrx_word' id='word_1_601' title='bbox 674 4937 868 4995; x_wconf 81' lang='lat' dir='ltr'>locum</span> <span class='ocrx_word' id='word_1_602' title='bbox 899 4939 990 4995; x_wconf 89' lang='lat' dir='ltr'>sui</span> <span class='ocrx_word' id='word_1_603' title='bbox 1026 4940 1312 5013; x_wconf 87' lang='lat' dir='ltr'>propositi</span> <span class='ocrx_word' id='word_1_604' title='bbox 1346 4957 1486 4998; x_wconf 90' lang='lat' dir='ltr'>suos</span> <span class='ocrx_word' id='word_1_605' title='bbox 1506 4958 1779 5015; x_wconf 89' lang='lat' dir='ltr'>persecu-</span> 
     </span>
    </p>
   </div>
   <div class='ocr_carea' id='block_1_95' title="bbox 142 5014 1777 5103">
    <p class='ocr_par' dir='ltr' id='par_1_95' title="bbox 142 5014 1777 5103">
     <span class='ocr_line' id='line_1_95' title="bbox 142 5014 1777 5103; baseline 0.009 -29"><span class='ocrx_word' id='word_1_606' title='bbox 142 5015 285 5077; x_wconf 71' lang='lat' dir='ltr'>tores</span> <span class='ocrx_word' id='word_1_607' title='bbox 312 5014 566 5084; x_wconf 70' lang='lat' dir='ltr'>fideliter</span> <span class='ocrx_word' id='word_1_608' title='bbox 593 5028 938 5085; x_wconf 88' lang='lat' dir='ltr'>adducebat.</span> <span class='ocrx_word' id='word_1_609' title='bbox 960 5029 1218 5086; x_wconf 90' lang='lat' dir='ltr'>Tandem</span> <span class='ocrx_word' id='word_1_610' title='bbox 1249 5028 1449 5102; x_wconf 89' lang='lat' dir='ltr'>itaque</span> <span class='ocrx_word' id='word_1_611' title='bbox 1479 5031 1777 5103; x_wconf 81' lang='lat' dir='ltr'>praefatam</span> 
     </span>
    </p>
   </div>
   <div class='ocr_carea' id='block_1_96' title="bbox 143 5115 1780 5200">
    <p class='ocr_par' dir='ltr' id='par_1_96' title="bbox 143 5115 1780 5200">
     <span class='ocr_line' id='line_1_96' title="bbox 143 5115 1780 5200; baseline 0.012 -41"><span class='ocrx_word' id='word_1_612' title='bbox 143 5117 362 5200; x_wconf 71' lang='lat' dir='ltr'>venerat</span> <span class='ocrx_word' id='word_1_613' title='bbox 389 5117 464 5174; x_wconf 85' lang='lat' dir='ltr'>ad</span> <span class='ocrx_word' id='word_1_614' title='bbox 494 5115 725 5186; x_wconf 88' lang='lat' dir='ltr'>vallem,</span> <span class='ocrx_word' id='word_1_615' title='bbox 778 5118 850 5173; x_wconf 91' lang='lat' dir='ltr'>ad</span> <span class='ocrx_word' id='word_1_616' title='bbox 881 5116 1051 5175; x_wconf 89' lang='lat' dir='ltr'>vallis</span> <span class='ocrx_word' id='word_1_617' title='bbox 1094 5122 1322 5192; x_wconf 85' lang='lat' dir='ltr'>partem</span> <span class='ocrx_word' id='word_1_618' title='bbox 1352 5119 1455 5176; x_wconf 92' lang='lat' dir='ltr'>ubi</span> <span class='ocrx_word' id='word_1_619' title='bbox 1484 5124 1699 5177; x_wconf 78' lang='lat' dir='ltr'>aeterna</span> <span class='ocrx_word' id='word_1_620' title='bbox 1722 5124 1780 5178; x_wconf 88' lang='lat' dir='ltr'>et</span> 
     </span>
    </p>
   </div>
   <div class='ocr_carea' id='block_1_97' title="bbox 146 5204 1778 5268">
    <p class='ocr_par' dir='ltr' id='par_1_97' title="bbox 146 5204 1778 5268">
     <span class='ocr_line' id='line_1_97' title="bbox 146 5204 1778 5268; baseline 0.014 -24"><span class='ocrx_word' id='word_1_621' title='bbox 146 5204 633 5264; x_wconf 78' lang='lat' dir='ltr'>incommutabilis</span> <span class='ocrx_word' id='word_1_622' title='bbox 656 5206 912 5264; x_wconf 90' lang='lat' dir='ltr'>Trinitas</span> <span class='ocrx_word' id='word_1_623' title='bbox 928 5207 1186 5264; x_wconf 88' lang='lat' dir='ltr'>futuram</span> <span class='ocrx_word' id='word_1_624' title='bbox 1211 5207 1303 5265; x_wconf 90' lang='lat' dir='ltr'>sui</span> <span class='ocrx_word' id='word_1_625' title='bbox 1333 5208 1590 5266; x_wconf 88' lang='lat' dir='ltr'>nominis</span> <span class='ocrx_word' id='word_1_626' title='bbox 1611 5209 1778 5268; x_wconf 90' lang='lat' dir='ltr'>titulo</span> 
     </span>
    </p>
   </div>
   <div class='ocr_carea' id='block_1_98' title="bbox 150 5279 1778 5371">
    <p class='ocr_par' dir='ltr' id='par_1_98' title="bbox 150 5279 1778 5371">
     <span class='ocr_line' id='line_1_98' title="bbox 150 5279 1778 5371; baseline 0.01 -32"><span class='ocrx_word' id='word_1_627' title='bbox 150 5279 481 5358; x_wconf 85' lang='lat' dir='ltr'>disponebat</span> <span class='ocrx_word' id='word_1_628' title='bbox 510 5296 694 5353; x_wconf 86' lang='lat' dir='ltr'>aram.</span> <span class='ocrx_word' id='word_1_629' title='bbox 722 5295 1080 5370; x_wconf 56' lang='lat' dir='ltr'>Illuci‘gitur</span> <span class='ocrx_word' id='word_1_630' title='bbox 1116 5296 1457 5370; x_wconf 86' lang='lat' dir='ltr'>perveniens</span> <span class='ocrx_word' id='word_1_631' title='bbox 1492 5295 1778 5371; x_wconf 88' lang='lat' dir='ltr'>substitit,</span> 
     </span>
    </p>
   </div>
   <div class='ocr_carea' id='block_1_99' title="bbox 215 5475 1779 5565">
    <p class='ocr_par' dir='ltr' id='par_1_99' title="bbox 215 5475 1779 5565">
     <span class='ocr_line' id='line_1_99' title="bbox 215 5475 1779 5565; baseline 0.004 -23"><span class='ocrx_word' id='word_1_632' title='bbox 215 5475 293 5565; x_wconf 56' lang='lat' dir='ltr'>t2)</span> <span class='ocrx_word' id='word_1_633' title='bbox 333 5481 688 5565; x_wconf 82' lang='lat' dir='ltr'>Tri_t_hem_ius</span> <span class='ocrx_word' id='word_1_634' title='bbox 734 5488 806 5565; x_wconf 85' lang='lat' dir='ltr'>de</span> <span class='ocrx_word' id='word_1_635' title='bbox 861 5486 1199 5565; x_wconf 43' lang='lat' dir='ltr'>enginegt</span> <span class='ocrx_word' id='word_1_636' title='bbox 1229 5489 1410 5564; x_wconf 87' lang='lat' dir='ltr'>regib.</span> <span class='ocrx_word' id='word_1_637' title='bbox 1467 5492 1779 5565; x_wconf 82' lang='lat' dir='ltr'>Francor.;</span> 
     </span>
    </p>
   </div>
   <div class='ocr_carea' id='block_1_100' title="bbox 152 5547 1780 5632">
    <p class='ocr_par' dir='ltr' id='par_1_100' title="bbox 152 5547 1780 5632">
     <span class='ocr_line' id='line_1_100' title="bbox 152 5547 1780 5632; baseline 0.015 -31"><span class='ocrx_word' id='word_1_638' title='bbox 152 5547 368 5616; x_wconf 80' lang='lat' dir='ltr'>Annius</span> <span class='ocrx_word' id='word_1_639' title='bbox 417 5560 822 5632; x_wconf 87' lang='lat' dir='ltr'>Viterbiensis,</span> <span class='ocrx_word' id='word_1_640' title='bbox 874 5547 1054 5632; x_wconf 58' lang='lat' dir='ltr'>ibid;</span> <span class='ocrx_word' id='word_1_641' title='bbox 1101 5547 1780 5629; x_wconf 28' lang='lat' dir='ltr'>&quot;Charr‘énusinvllis—ter:</span> 
     </span>
    </p>
   </div>
   <div class='ocr_carea' id='block_1_101' title="bbox 1886 4578 3554 4656">
    <p class='ocr_par' dir='ltr' id='par_1_101' title="bbox 1886 4578 3554 4656">
     <span class='ocr_line' id='line_1_101' title="bbox 1886 4578 3554 4656; baseline -0.005 -14"><span class='ocrx_word' id='word_1_642' title='bbox 1886 4584 1983 4642; x_wconf 90' lang='lat' dir='ltr'>alii</span> <span class='ocrx_word' id='word_1_643' title='bbox 2016 4583 2160 4640; x_wconf 90' lang='lat' dir='ltr'>tanti</span> <span class='ocrx_word' id='word_1_644' title='bbox 2188 4584 2381 4656; x_wconf 86' lang='lat' dir='ltr'>operis</span> <span class='ocrx_word' id='word_1_645' title='bbox 2413 4582 2661 4655; x_wconf 88' lang='lat' dir='ltr'>gloriam</span> <span class='ocrx_word' id='word_1_646' title='bbox 2680 4582 3048 4653; x_wconf 89' lang='lat' dir='ltr'>disponente,</span> <span class='ocrx_word' id='word_1_647' title='bbox 3078 4580 3197 4635; x_wconf 84' lang='lat' dir='ltr'>dux</span> <span class='ocrx_word' id='word_1_648' title='bbox 3229 4578 3554 4649; x_wconf 87' lang='lat' dir='ltr'>Ansegisus</span> 
     </span>
    </p>
   </div>
   <div class='ocr_carea' id='block_1_102' title="bbox 1888 4666 3548 4740">
    <p class='ocr_par' dir='ltr' id='par_1_102' title="bbox 1888 4666 3548 4740">
     <span class='ocr_line' id='line_1_102' title="bbox 1888 4666 3548 4740; baseline -0.005 -10"><span class='ocrx_word' id='word_1_649' title='bbox 1888 4674 2191 4730; x_wconf 88' lang='lat' dir='ltr'>hominem</span> <span class='ocrx_word' id='word_1_650' title='bbox 2219 4671 2395 4739; x_wconf 86' lang='lat' dir='ltr'>exuit,</span> <span class='ocrx_word' id='word_1_651' title='bbox 2430 4678 2506 4738; x_wconf 87' lang='lat' dir='ltr'>et,</span> <span class='ocrx_word' id='word_1_652' title='bbox 2539 4670 2871 4726; x_wconf 88' lang='lat' dir='ltr'>labentibus</span> <span class='ocrx_word' id='word_1_653' title='bbox 2907 4668 3107 4725; x_wconf 89' lang='lat' dir='ltr'>multis</span> <span class='ocrx_word' id='word_1_654' title='bbox 3160 4666 3548 4740; x_wconf 86' lang='lat' dir='ltr'>temporibus,</span> 
     </span>
    </p>
   </div>
   <div class='ocr_carea' id='block_1_103' title="bbox 1888 4755 3553 4835">
    <p class='ocr_par' dir='ltr' id='par_1_103' title="bbox 1888 4755 3553 4835">
     <span class='ocr_line' id='line_1_103' title="bbox 1888 4755 3553 4835; baseline -0.004 -18"><span class='ocrx_word' id='word_1_655' title='bbox 1888 4761 2348 4835; x_wconf 68' lang='lat' dir='ltr'>praenominatus</span> <span class='ocrx_word' id='word_1_656' title='bbox 2380 4760 2566 4829; x_wconf 90' lang='lat' dir='ltr'>locus,</span> <span class='ocrx_word' id='word_1_657' title='bbox 2595 4758 2854 4814; x_wconf 85' lang='lat' dir='ltr'>incultus</span> <span class='ocrx_word' id='word_1_658' title='bbox 2889 4771 3292 4829; x_wconf 86' lang='lat' dir='ltr'>perseverans,</span> <span class='ocrx_word' id='word_1_659' title='bbox 3317 4755 3553 4829; x_wconf 88' lang='lat' dir='ltr'>ignotus</span> 
     </span>
    </p>
   </div>
   <div class='ocr_carea' id='block_1_104' title="bbox 1890 4845 2633 4905">
    <p class='ocr_par' dir='ltr' id='par_1_104' title="bbox 1890 4845 2633 4905">
     <span class='ocr_line' id='line_1_104' title="bbox 1890 4845 2633 4905; baseline -0.008 0"><span class='ocrx_word' id='word_1_660' title='bbox 1890 4854 1947 4905; x_wconf 89' lang='lat' dir='ltr'>et</span> <span class='ocrx_word' id='word_1_661' title='bbox 1976 4848 2367 4903; x_wconf 89' lang='lat' dir='ltr'>inhonoratus</span> <span class='ocrx_word' id='word_1_662' title='bbox 2398 4845 2633 4902; x_wconf 86' lang='lat' dir='ltr'>mansit.</span> 
     </span>
    </p>
   </div>
   <div class='ocr_carea' id='block_1_105' title="bbox 2547 4950 2882 4991">
    <p class='ocr_par' dir='ltr' id='par_1_105' title="bbox 2547 4950 2882 4991">
     <span class='ocr_line' id='line_1_105' title="bbox 2547 4950 2882 4991; baseline 0 -1"><span class='ocrx_word' id='word_1_663' title='bbox 2547 4950 2882 4991; x_wconf 74' lang='lat' dir='ltr'>ADNOTATIO.</span> 
     </span>
    </p>
   </div>
   <div class='ocr_carea' id='block_1_106' title="bbox 1964 5022 3548 5098">
    <p class='ocr_par' dir='ltr' id='par_1_106' title="bbox 1964 5022 3548 5098">
     <span class='ocr_line' id='line_1_106' title="bbox 1964 5022 3548 5098; baseline -0.004 -14"><span class='ocrx_word' id='word_1_664' title='bbox 1964 5028 2129 5096; x_wconf 87' lang='lat' dir='ltr'>Quis,</span> <span class='ocrx_word' id='word_1_665' title='bbox 2165 5030 2265 5082; x_wconf 90' lang='lat' dir='ltr'>aut</span> <span class='ocrx_word' id='word_1_666' title='bbox 2294 5025 2485 5098; x_wconf 88' lang='lat' dir='ltr'>qualis</span> <span class='ocrx_word' id='word_1_667' title='bbox 2515 5023 2837 5098; x_wconf 28' lang='lat' dir='ltr'>fuerit‘iste</span> <span class='ocrx_word' id='word_1_668' title='bbox 2859 5022 3369 5098; x_wconf 80' lang='lat' dir='ltr'>dux_Ans_egisus,</span> <span class='ocrx_word' id='word_1_669' title='bbox 3404 5039 3548 5098; x_wconf 81' lang='lat' dir='ltr'>prae-</span> 
     </span>
    </p>
   </div>
   <div class='ocr_carea' id='block_1_107' title="bbox 1893 5093 3548 5170">
    <p class='ocr_par' dir='ltr' id='par_1_107' title="bbox 1893 5093 3548 5170">
     <span class='ocr_line' id='line_1_107' title="bbox 1893 5093 3548 5170; baseline -0.004 -13"><span class='ocrx_word' id='word_1_670' title='bbox 1893 5093 2011 5157; x_wconf 87' lang='lat' dir='ltr'>cise</span> <span class='ocrx_word' id='word_1_671' title='bbox 2046 5093 2161 5155; x_wconf 88' lang='lat' dir='ltr'>non</span> <span class='ocrx_word' id='word_1_672' title='bbox 2193 5093 2562 5170; x_wconf 63' lang='lat' dir='ltr'>exprimitur,</span> <span class='ocrx_word' id='word_1_673' title='bbox 2599 5094 2715 5151; x_wconf 90' lang='lat' dir='ltr'>nisi</span> <span class='ocrx_word' id='word_1_674' title='bbox 2770 5095 2842 5151; x_wconf 91' lang='lat' dir='ltr'>ad</span> <span class='ocrx_word' id='word_1_675' title='bbox 2872 5093 3257 5170; x_wconf 69' lang='lat' dir='ltr'>Trithemium</span> <span class='ocrx_word' id='word_1_676' title='bbox 3305 5093 3548 5170; x_wconf 70' lang='lat' dir='ltr'>etalios,</span> 
     </span>
    </p>
   </div>
   <div class='ocr_carea' id='block_1_108' title="bbox 1893 5163 3550 5254">
    <p class='ocr_par' dir='ltr' id='par_1_108' title="bbox 1893 5163 3550 5254">
     <span class='ocr_line' id='line_1_108' title="bbox 1893 5163 3550 5254; baseline -0.006 -26"><span class='ocrx_word' id='word_1_677' title='bbox 1893 5163 2529 5254; x_wconf 41' lang='lat' dir='ltr'>priscorum‘G&#39;allorum</span> <span class='ocrx_word' id='word_1_678' title='bbox 2543 5163 2750 5254; x_wconf 54' lang='lat' dir='ltr'>regunm</span> <span class='ocrx_word' id='word_1_679' title='bbox 2763 5172 2820 5223; x_wconf 91' lang='lat' dir='ltr'>et</span> <span class='ocrx_word' id='word_1_680' title='bbox 2830 5167 3162 5250; x_wconf 84' lang='lat' dir='ltr'>principum</span> <span class='ocrx_word' id='word_1_681' title='bbox 3178 5163 3550 5254; x_wconf 44' lang='lat' dir='ltr'>ge‘nealogias</span> 
     </span>
    </p>
   </div>
   <div class='ocr_carea' id='block_1_109' title="bbox 1893 5236 3549 5315">
    <p class='ocr_par' dir='ltr' id='par_1_109' title="bbox 1893 5236 3549 5315">
     <span class='ocr_line' id='line_1_109' title="bbox 1893 5236 3549 5315; baseline -0.007 -17"><span class='ocrx_word' id='word_1_682' title='bbox 1893 5236 2307 5315; x_wconf 80' lang='lat' dir='ltr'>interminatas</span> <span class='ocrx_word' id='word_1_683' title='bbox 2363 5240 2562 5297; x_wconf 90' lang='lat' dir='ltr'>oculos</span> <span class='ocrx_word' id='word_1_684' title='bbox 2593 5236 2932 5315; x_wconf 76' lang='lat' dir='ltr'>deﬂexeris;</span> <span class='ocrx_word' id='word_1_685' title='bbox 2984 5236 3130 5315; x_wconf 78' lang='lat' dir='ltr'>quos</span> <span class='ocrx_word' id='word_1_686' title='bbox 3178 5236 3388 5292; x_wconf 86' lang='lat' dir='ltr'>lubens</span> <span class='ocrx_word' id='word_1_687' title='bbox 3421 5249 3549 5315; x_wconf 79' lang='lat' dir='ltr'>per-</span> 
     </span>
    </p>
   </div>
   <div class='ocr_carea' id='block_1_110' title="bbox 1891 5309 3549 5387">
    <p class='ocr_par' dir='ltr' id='par_1_110' title="bbox 1891 5309 3549 5387">
     <span class='ocr_line' id='line_1_110' title="bbox 1891 5309 3549 5387; baseline -0.006 -16"><span class='ocrx_word' id='word_1_688' title='bbox 1891 5319 2127 5372; x_wconf 89' lang='lat' dir='ltr'>transeo</span> <span class='ocrx_word' id='word_1_689' title='bbox 2162 5314 2260 5387; x_wconf 83' lang='lat'>(2).</span> <span class='ocrx_word' id='word_1_690' title='bbox 2295 5315 2594 5380; x_wconf 88' lang='lat' dir='ltr'>Quantum</span> <span class='ocrx_word' id='word_1_691' title='bbox 2622 5327 2757 5368; x_wconf 89' lang='lat' dir='ltr'>vero</span> <span class='ocrx_word' id='word_1_692' title='bbox 2780 5309 3100 5384; x_wconf 32' lang='lat' dir='ltr'>spectat‘ad</span> <span class='ocrx_word' id='word_1_693' title='bbox 3124 5322 3380 5374; x_wconf 89' lang='lat' dir='ltr'>cervum,</span> <span class='ocrx_word' id='word_1_694' title='bbox 3402 5309 3549 5361; x_wconf 86' lang='lat' dir='ltr'>miro</span> 
     </span>
    </p>
   </div>
   <div class='ocr_carea' id='block_1_111' title="bbox 1889 5478 3545 5624">
    <p class='ocr_par' dir='ltr' id='par_1_111' title="bbox 1889 5478 3545 5624">
     <span class='ocr_line' id='line_1_111' title="bbox 1889 5478 3545 5624; baseline -0.002 -77"><span class='ocrx_word' id='word_1_695' title='bbox 1889 5490 2218 5624; x_wconf 58' lang='lat' dir='ltr'>Enliversal.</span> <span class='ocrx_word' id='word_1_696' title='bbox 2249 5489 2398 5549; x_wconf 9' lang='lat' dir='ltr'>Galil.</span> <span class='ocrx_word' id='word_1_697' title='bbox 2426 5506 2440 5549; x_wconf 85' lang='lat'><strong>:</strong></span> <span class='ocrx_word' id='word_1_698' title='bbox 2472 5485 2930 5563; x_wconf 82' lang='lat' dir='ltr'>Wasseburgius</span> <span class='ocrx_word' id='word_1_699' title='bbox 2958 5485 3020 5544; x_wconf 89' lang='lat' dir='ltr'>in</span> <span class='ocrx_word' id='word_1_700' title='bbox 3064 5478 3348 5557; x_wconf 84' lang='lat' dir='ltr'>Antiquit.</span> <span class='ocrx_word' id='word_1_701' title='bbox 3399 5479 3545 5544; x_wconf 76' lang='lat' dir='ltr'>Gell.</span> 
     </span>
     <span class='ocr_line' id='line_1_112' title="bbox 1934 5579 2102 5624; baseline 0 0"><span class='ocrx_word' id='word_1_702' title='bbox 1934 5579 1965 5624; x_wconf 80' lang='grc' dir='ltr'><strong>θ</strong></span> <span class='ocrx_word' id='word_1_703' title='bbox 1990 5579 2102 5624; x_wconf 79' lang='lat' dir='ltr'>me.</span> 
     </span>
    </p>
   </div>
   <div class='ocr_carea' id='block_1_112' title="bbox 1934 5579 2102 5643">
    <p class='ocr_par' dir='ltr' id='par_1_112' title="bbox 1934 5579 2102 5643">
     <span class='ocr_line' id='line_1_113' title="bbox 1934 5579 2102 5643; baseline 0 -18"><span class='ocrx_word' id='word_1_704' title='bbox 1934 5579 2102 5643; x_wconf 73' lang='grc' dir='ltr'>θιςιο.</span> 
     </span>
    </p>
   </div>
  </div>
