3894 6214
353 243 468 303 707

1089 241 1275 303 SIEC.
1319 241 1402 304 XI
1447 240 1680 304 AUCT.
1725 237 2038 301 INCERTI
2085 237 2270 300 ANNI
2314 241 2414 300 ET
2460 241 2758 304 SCRIPT.
2808 249 3032 336 unum.

3641 248 3770 308 708

347 372 738 452 factiprdine,
769 374 957 428 eidem
988 373 1116 427 duci
1151 375 1433 452 Ansegiso
1477 378 1872 452 apparentem.
1911 369 1984 452 nil
2023 371 2070 434 Α
2113 370 2267 422 linns
2300 373 2470 426 ardor
2500 373 2742 442 invasit;
2779 377 3094 446 qui,totius
3123 377 3380 449 corporis
3411 373 3764 452 compagem

344 443 670 509 insolitum,
699 461 801 500 nec
821 461 1056 511 novum,
1078 461 1212 500 cum
1231 446 1338 499 BB.
1359 443 1684 508 Eustathio,
1713 445 1987 506 llubcrto,

345 519 478 582 etc.,
512 514 832 581 simillima,
867 515 984 571 imo
1028 519 1084 571 et
1123 515 1292 587 longe
1345 515 1629 587 ampliora
1675 513 1994 587 evenerint.

344 587 479 660 Qua
503 587 729 660 erudite
744 588 1002 660 discutit
1034 605 1099 660 ac
1127 583 1420 660 percurrit
1444 583 1702 660 Joannes
1750 583 1994 660 Boberti

345 657 611 739 (3),.post
641 659 698 714 S.
732 659 1018 716 Joannem
1053 654 1502 726 Damasccnum,
1527 657 1629 712 lib.
1664 673 1727 712 ιιι
1750 655 1828 710 De.
1853 654 1994 709 ima-

341 745 605 800 gininus.

341 851 473 908 ΟΑΡ.
537 852 604 908 ν.
637 885 705 894 ——
736 855 810 908 De
855 855 916 908 Β.
959 855 1198 921 Vaningo
1227 861 1278 908 et
1335 851 1598 924 quomodo
1645 851 1755 922 fuit
1783 867 1814 905 a
1843 850 1994 921 febre

1016 927 1312 995 correptus.

410 1029 727 1086 Multorum
761 1029 938 1102 igitur
969 1029 1364 1101 profluxerunt
1395 1033 1728 1100 temporum
1759 1027 1904 1092 dies,
1933 1031 1992 1082 et

337 1117 968 1190 dignusinveniebatur
995 1116 1196 1172 nullus
1220 1116 1316 1189 qui
1334 1121 1434 1172 aut
1450 1117 1846 1189 signiﬁcatum
1865 1133 1990 1170 ora-

336 1205 533 1261 culum
565 1206 895 1269 aedificaret,
930 1210 1032 1260 aut
1052 1205 1147 1261 cui
1177 1222 1423 1262 summa:
1441 1205 1764 1260 clementiae
1794 1204 1989 1259 ineffa-

334 1293 471 1349 bilis
501 1293 756 1349 Trinitas
775 1293 1098 1350 zedilicandi
1131 1294 1619 1368 significationem
1642 1292 1982 1348 declararet.

332 1381 716 1454 Exspectabat
745 1383 905 1437 enim
931 1381 1138 1438 divina:
1175 1382 1547 1454 providentia}
1585 1381 1868 1438 celsitudo
1897 1382 1986 1436 vi-

334 1486 490 1537 rum,
551 1487 750 1542 quem,
803 1471 1056 1526 carnalis
1107 1471 1384 1526 desiderii
1432 1486 1662 1527 carcere
1709 1469 1980 1537 liberum,

341 1563 546 1614 sancto
578 1559 818 1630 Spiritui
853 1563 1221 1614 consecraret
1249 1563 1306 1615 et
1333 1559 1654 1615 custodiret
1698 1557 1981 1629 templum

333 1645 694 1702 delectabile.
729 1646 1042 1718 Oportebat
1073 1647 1289 1718 quippe
1320 1646 1642 1714 hominem,
1678 1645 1982 1719 spirituale

327 1733 615 1806 templum
642 1735 759 1800 Dei,
780 1704 1536 1807 ‘mdiﬁcarebclo‘corporale
1559 1704 1866 1807 templum,
1885 1733 1984 1806 qui
2019 1733 2064 1798 B

329 1823 418 1878 sui
454 1823 747 1878 interioris
777 1824 1143 1878 considerata
1173 1824 1426 1896 imagine
1457 1822 1983 1895 conciperetquali-

327 1915 417 1966 ter
444 1911 697 1966 exterius
730 1928 922 1967 rerum
958 1912 1362 1966 universarum
1393 1911 1645 1967 Creatori
1693 1910 1976 1982 templum

327 1998 598 2054 ordinare
658 2004 714 2054 et
763 1999 1047 2054 aedificare
1095 2000 1348 2055 deberet.
1410 1999 1686 2065 Quocirca
1742 1998 1978 2052 tandem

327 2091 501 2143 tantas
527 2087 964 2144 deliberationis
998 2087 1338 2143 aedificando
1369 2087 1602 2143 oraculo
1651 2092 1893 2144 sanctus
1925 2091 1982 2142 et

324 2175 618 2247 gloriosus
643 2176 942 2230 confessor
982 2175 1285 2248 Vaningus
1336 2175 1592 2246 eligitur,
1641 2175 1978 2246 electusque

326 2267 613 2318 monetur.
650 2265 832 2334 Cujus
850 2263 1135 2318 nobilium
1151 2269 1385 2319 actuum
1401 2261 1802 2320 excellentiam
1827 2263 1975 2319 Galli

323 2367 591 2423 proceres
621 2339 1086 2417 admirabantur,
1102 2357 1159 2406 et
1188 2351 1511 2408 cmlestium
1529 2369 1757 2408 morum
1777 2351 1978 2425 gratia:

322 2438 576 2496 cmlestis
631 2439 796 2495 curia
853 2439 1390 2511 congratulabatur.
1434 2440 1780 2496 Possidebat
1819 2440 1975 2496 enim

323 2528 479 2600 quod
499 2545 612 2582 non
630 2527 1027 2593 multi,verum
1043 2527 1251 2583 divites
1267 2529 1433 2600 pauci
1451 2529 1748 2600 possidere
1765 2527 1974 2594 solent,

321 2621 735 2671 etmternorum
753 2615 1105 2670 desiderium
1122 2616 1550 2672 etatfluentiam
1565 2616 1974 2687 temporalium

321 2705 631 2772 bonorum;
655 2721 902 2776 quorum
919 2704 1185 2760 clementi
1205 2722 1457 2777 expensa
1471 2704 1766 2759 nullorum
1792 2704 1976 2776 respi-

321 2793 534 2860 ciebat,
564 2797 663 2848 aut
695 2794 966 2862 favorem,
1001 2798 1102 2848 aut
1135 2794 1578 2848 retributionem
1615 2793 1971 2851 mortalium.

321 2879 557 2936 Talium
588 2881 766 2954 igitur
798 2884 1136 2938 meritorum
1168 2883 1378 2955 gratia,
1410 2887 1467 2935 et
1496 2881 1611 2937 Deo
1643 2881 1890 2947 amicus,
1919 2887 1976 2936 et

321 2970 544 3026 mundo
570 2968 764 3026 clarus
795 2975 849 3026 et
868 2970 984 3042 regi
1003 2971 1276 3025 Lothario
1305 2969 1638 3026 habebatur
1670 2963 1976 3026 familiaris

321 3061 378 3114 et
408 3061 797 3114 secretancus.
819 3057 1302 3114 Lothariuscnim
1328 3074 1427 3113 rex
1455 3062 1518 3113 B.
1538 3059 1796 3132 Vaningo
1809 3060 1970 3132 regni

321 3145 412 3202 sui
444 3151 667 3220 partem
685 3147 1001 3202 maximam
1015 3146 1557 3213 commendaverat;
1586 3147 1972 3203 nihilominus

318 3233 518 3302 etiam,
551 3235 612 3290 in
644 3235 826 3291 totius
843 3250 1076 3290 summa
1091 3235 1520 3290 ordinandavel
1553 3235 1972 3291 administran-

317 3323 411 3391 da,
445 3323 508 3380 B.
539 3323 647 3378 viri
679 3323 939 3396 prudens
970 3321 1279 3378 consilium
1308 3323 1663 3395 sequebatur
1691 3328 1748 3378 et
1779 3323 1972 3380 audie-

317 3412 437 3467 bat.
471 3412 1013 3479 Commendaverat,
1044 3411 1307 3484 inquam,
1343 3411 1404 3466 B.
1440 3411 1702 3484 Vaningo
1733 3428 1830 3467 rex
1863 3413 1969 3468 Lo-

314 3500 545 3556 tharius
572 3499 1569 3574 provinciam'Calciacensem,quae,
1603 3501 1676 3556 ob
1706 3502 1970 3574 antiqua-

315 3606 448 3645 rum
481 3589 760 3646 silvarum
793 3588 1214 3644 abundantiam
1236 3593 1293 3643 et
1321 3588 1572 3644 ferarum
1605 3589 1968 3647 diversarum

313 3678 680 3751 venationem
707 3677 1059 3749 jucundam,
1091 3676 1272 3734 valles
1324 3677 1602 3751 diligebat
1647 3680 1967 3754 nullisque,

315 3767 430 3824 nisi
461 3765 734 3822 familiari
766 3771 826 3821 et
856 3765 1014 3820 fideli
1044 3766 1408 3823 committere
1431 3768 1856 3824 rationabiliter
1876 3770 1970 3840 ju-

315 3855 568 3912 dicabat.
601 3853 1151 3926 Commissasigitur
1165 3853 1341 3912 silvas
1359 3855 1610 3914 fideliter
1632 3857 1970 3915 custodiens

313 3948 376 3998 B.
411 3941 740 4014 Vaningus,
771 3943 1106 4014 frequenter
1134 3943 1429 4011 visitabat,
1461 3946 1752 4002 visitando
1785 3946 1966 4018 pellu-

315 4029 576 4097 strabat;
613 4046 727 4084 non
758 4033 988 4084 tantum
1015 4030 1431 4102 capiendarum
1461 4031 1600 4089 ludo
1643 4037 1744 4088 aut
1772 4039 1968 4106 capta-

315 4134 446 4174 rum
481 4117 736 4173 ferarum
781 4117 945 4174 lucro
993 4121 1256 4192 gaudens
1304 4126 1593 4194 quantum
1645 4121 1967 4180 carnalium

314 4203 681 4260 tumultuum
697 4206 1193 4280 refrigerationem
1211 4211 1420 4266 umbra
1435 4209 1736 4279 silvarum,
1761 4211 1968 4268 solitu-

315 4294 451 4350 dine
481 4311 766 4367 quaarens.
800 4295 924 4354 Tali
957 4298 1153 4370 itaque
1176 4299 1370 4354 studio
1401 4299 1826 4357 commodiores
1848 4302 1969 4356 Fis-

314 4399 637 4452 cannenses
651 4383 837 4441 saltus
853 4386 1184 4456 judicabat,
1201 4386 1524 4458 judicando
1539 4388 1965 4460 frequentabat,

2111 458 2465 517 labefactans
2498 463 2842 535 cunctisque
2872 465 3091 522 viribus
3123 467 3388 523 membra
3433 469 3639 525 omnia
3670 469 3764 524 in-

2106 545 2420 605 clementer
2450 550 2706 622 privans,
2735 552 2969 609 auferre
2997 553 3177 610 vitam
3209 560 3267 610 et
3295 560 3544 613 mortem
3578 558 3770 613 mina-

2104 636 2278 692 batur
2308 638 2582 696 inducere
2603 646 2970 712 prementem.
3007 643 3449 716 Ingravescente
3478 661 3621 718 ergo
3641 662 3770 703 mo-

2102 724 2291 794 lestia,
2327 728 2558 800 penitus
2588 729 2750 800 vigor
2777 731 2976 786 vitalis
3017 731 3408 802 concluditur,
3443 733 3766 792 conclusus

2102 815 2494 888 exstinguitur
2509 835 2522 884 ;
2537 823 2714 890 atque
2724 825 3074 892 consumpto
3105 821 3395 890 exteriori,
3420 835 3570 880 suus
3581 822 3762 880 homo

2101 902 2344 958 interior
2369 904 2428 958 in
2461 906 2772 977 cujusdam
2803 908 3019 964 extasis
3064 910 3450 968 translatione
3495 913 3762 969 maxima

2100 994 2429 1050 extenditur
2456 999 2512 1050 et
2542 995 2840 1052 indicitur.
2874 997 3210 1065 Deducitur,
3229 1000 3760 1071 inquam,sanctus

2099 1082 2404 1154 Vaningus
2431 1083 2503 1139 ad
2519 1083 2626 1139 BB.
2645 1084 2902 1140 virorum
2917 1085 3173 1160 gloriosa
3184 1087 3329 1157 loca,
3361 1094 3421 1145 et
3442 1089 3756 1147 hominum

2099 1170 2447 1227 miserorum
2475 1172 2731 1228 crudelia
2747 1175 3174 1242 tormenta;ubi
3205 1182 3476 1249 quantas,
3495 1179 3760 1250 etjusto-

2096 1275 2227 1313 rum
2261 1275 2504 1316 coronas
2528 1269 2586 1316 et
2614 1261 2990 1333 reproborum
3009 1278 3230 1336 poenas,
3260 1281 3530 1323 reversus
3553 1284 3758 1326 narra-

2093 1345 2195 1414 vit,
2229 1363 2590 1420 suorumque
2621 1356 2857 1405 actuum
2873 1351 3161 1409 evidentia
3173 1358 3439 1426 patenter
3459 1355 3753 1428 exposuit.

2093 1435 2250 1491 Visis
2265 1452 2400 1508 ergo
2416 1433 2794 1493 beatitudinis
2809 1439 3124 1496 etmiserize
3138 1443 3436 1514 perpetuis
3449 1443 3754 1516 domibus,

2085 1524 2273 1596 judici
2307 1525 2536 1580 cuidam
2572 1527 2630 1580 S.
2663 1526 2968 1600 Vaningus
2999 1535 3404 1600 praesentatur,
3438 1535 3619 1604 atque
3657 1549 3754 1589 ex-

2091 1611 2246 1667 celso
2279 1629 2397 1669 suae
2431 1615 2756 1683 maiestatis
2803 1615 3014 1672 throno
3063 1617 3377 1689 deponitur
3405 1625 3464 1676 et
3491 1619 3755 1678 colloca-

2240 1699 2457 1754 Verum
2488 1718 2623 1756 cum
2655 1707 2712 1756 et
2743 1703 2900 1758 sedis
2946 1701 3524 1776 incircumscriptum
3555 1705 3753 1778 fulgo-

2093 1804 2214 1842 rem
2229 1793 2284 1842 et
2295 1787 2552 1843 sedentis
2564 1794 2867 1859 aspectum
2879 1791 3198 1846 terribilem
3212 1791 3752 1851 circumstantium-

2092 1893 2204 1948 que
2237 1877 2604 1932 innumeram
2648 1876 3086 1934 multitudinem
3139 1880 3658 1952 contemplaretur,
3692 1889 3754 1939 et

2090 1964 2492 2036 contemplans
2517 1969 2853 2032 terreretur,
2873 1966 3110 2032 corruit;
3124 1969 3181 2021 et
3195 1971 3316 2022 toto
3347 1968 3586 2040 corpore
3604 1985 3748 2041 pro-

2089 2060 2333 2120 stratus,
2365 2070 2561 2108 coram
2589 2053 2819 2109 Judieis
2849 2054 3157 2126 presentia
3186 2054 3345 2112 velut
3374 2056 3668 2114 exanimis
3689 2063 3748 2114 et

2089 2143 2475 2198 conturbatus
2488 2143 2696 2213 jacuit.
2729 2143 2890 2197 Tunc
2912 2143 3130 2214 judex:
3171 2145 3494 2213 Quomodo,
3527 2144 3742 2218 inquit,

2087 2231 2368 2304 Vaninge,
2393 2231 2840 2288 Fiscannensem
2873 2231 3082 2288 vallem
3104 2232 3329 2289 nomini
3359 2249 3490 2290 meo
3537 2251 3744 2293 conse-

2089 2321 2431 2376 secrandam
2455 2321 2711 2392 ignoras,
2743 2325 2801 2376 et
2841 2320 3162 2392 ignorando
3210 2321 3591 2380 exhonoras?
3620 2326 3747 2390 Qua

2088 2408 2313 2464 ratione
2343 2408 2799 2464 consecrationis
2827 2425 2971 2464 mea;
3001 2407 3195 2466 locum
3245 2425 3620 2483 nequaquam
3653 2419 3742 2470 at-

2086 2498 2355 2565 tendens,
2413 2497 2810 2552 contaminare
2867 2497 3278 2554 exhorrescis?
3325 2499 3478 2555 Num
3524 2488 3742 2558 veteris

2086 2587 2381 2642 incurrere
2403 2587 2550 2642 iram
2579 2603 2792 2652 meam,
2811 2586 2983 2656 cujus
3011 2586 3266 2643 ﬁdeliter
3293 2589 3603 2660 cognoscis
3616 2607 3741 2646 om-

2087 2677 2446 2748 nipotentem
2459 2674 2812 2730 voluntatem
2837 2676 2864 2729 ‘I
2877 2673 3128 2740 Dixerat,
3144 2681 3203 2731 et
3219 2676 3738 2736 circumstantium

2085 2767 2298 2820 chorus
2330 2763 2625 2821 seniorum
2657 2763 2747 2820 sui
2767 2763 3140 2836 Imperatoris
3167 2765 3521 2822 sententiam
3545 2767 3740 2839 gravi-

2084 2855 2221 2910 tatis
2252 2869 2448 2909 severo
2477 2851 2638 2908 vultu
2671 2852 3076 2908 conﬁrmabat.
3110 2853 3360 2909 Sanctus
3389 2859 3588 2910 autem
3621 2855 3738 2912 Va-

2087 2943 2302 3014 ningus
2329 2941 2497 2997 valde
2525 2941 2888 3014 perterritus,
2937 2940 3275 2998 nullatenus
3301 2958 3404 2998 ora
3449 2941 3733 3011 solvebat,

2086 3038 2188 3087 aut
2219 3035 2396 3104 caput
2425 3028 2548 3086 solo
2579 3029 2799 3102 erigere
2815 3030 3204 3101 praesumebat
3229 3047 3243 3098 ;
3276 3031 3378 3087 sed
3407 3031 3502 3087 sui
3551 3031 3735 3088 animi

2084 3119 2338 3192 puritate
2361 3123 2418 3176 et
2446 3120 2737 3175 fatebatur
2765 3117 3022 3190 culpam,
3043 3122 3101 3174 et
3122 3117 3458 3190 postulabat
3475 3121 3732 3190 veniam,

2079 3214 2136 3264 et
2177 3208 2571 3282 praetendebat
2624 3205 2966 3280 ignorantia
3016 3207 3452 3264 excusationem
3517 3207 3734 3266 solam.

2079 3297 2403 3354 Silentibus
2433 3297 2614 3368 igitur
2629 3295 2855 3352 cunctis
2877 3296 3234 3365 astantibus,
3254 3312 3479 3369 suoque
3497 3295 3733 3356 silentio

2077 3391 2135 3443 et
2162 3386 2525 3442 inferendam
2539 3383 2908 3457 disciplinam
2929 3389 2986 3440 et
3012 3384 3400 3440 exhibendam
3420 3385 3733 3458 indulgen-

2078 3477 2222 3532 tiam
2253 3474 2740 3538 contestautibus;
2776 3472 2903 3529 sola
2933 3477 3136 3530 sancta
3162 3473 3322 3546 virgo
3355 3472 3582 3530 Eulalia
3597 3492 3730 3532 sur-

2078 3565 2242 3631 rexit,
2270 3570 2326 3618 et
2342 3563 2594 3632 jacentis
2617 3579 2854 3618 causam
2875 3561 3224 3634 suscipiens,
3258 3562 3732 3634 clementisjudi-

2075 3655 2161 3711 cis
2182 3654 2547 3710 severitatem
2579 3650 2862 3717 delinivit,
2884 3650 3300 3723 indulgendam
3331 3651 3726 3724 ignorantiam

2076 3741 2354 3810 exoravit,
2395 3741 2605 3813 suique
2623 3739 2931 3796 familiaris
2944 3743 3000 3796 et
3023 3739 3265 3796 amicis.
3297 3739 3724 3814 Vaningi,prte-

2075 3837 2304 3888 sentem
2331 3831 2511 3886 vitam
2541 3829 2746 3902 viginti
2773 3845 3062 3884 annorum
3105 3828 3491 3900 protelatione
3537 3829 3725 3888 inter-

2073 3924 2248 3976 ventu
2281 3935 2388 3975 suo
2419 3916 2802 3990 prolongavit.
2834 3917 3008 3990 Virgo
3037 3917 3235 3988 itaque
3266 3917 3322 3972 Β.
3357 3916 3584 3974 Eulalia
3625 3934 3723 3974 ex-

2075 4008 2333 4078 auditur,
2365 4007 2537 4080 eique
2568 4005 2850 4062 exauditaa
2883 4009 3123 4062 sanctus
3152 4005 3603 4062 commendatur
3620 4007 3728 4063 Va-

2075 4098 2313 4171 ningus,
2348 4099 2639 4168 quatenus
2669 4110 2803 4150 eum
2855 4093 3104 4167 perfecte
3149 4093 3426 4162 instruat,
3472 4095 3729 4168 qualiter

2075 4190 2344 4244 sanctum
2371 4182 2673 4240 oraculum
2695 4181 3037 4251 constituat,
3068 4187 3478 4240 constatumve
3507 4184 3727 4256 quibus

2073 4274 2341 4348 personis
2352 4271 2715 4330 committere
2727 4270 3065 4327 debeat.C.ui
3077 4273 3242 4345 virgo
3257 4289 3270 4328 :
3287 4270 3726 4342 «Convalesces,

2073 4363 2287 4436 inquit,
2319 4362 2601 4435 Vaninge,
2647 4363 2705 4416 et
2733 4359 2910 4426 vives,
2967 4359 3203 4432 tuisque
3251 4360 3728 4434 possessionibus

311 4471 592 4545 ignorans
623 4473 791 4529 ducis
811 4447 1076 4548 Ansegisi
1128 4447 1540 4531 revelationem
1587 4447 1963 4549 praeteritam,
1993 4464 2042 4528 D
2073 4451 2421 4549 restituar?»
2451 4451 2524 4549 af!
2556 4450 3006 4549 Fﬁsfmnneflsem
3037 4448 3278 4549 V‘Elnle‘i’i
3299 4451 3372 4504 At
3400 4447 3460 4549 ii]
3492 4448 3729 4549 “scan:

313 4562 499 4617 sancti
531 4561 641 4617 loci
675 4563 1206 4618 manifestationem
1239 4568 1296 4618 et
1326 4564 1506 4620 futuri
1537 4562 1764 4622 oraculi
1806 4583 1962 4624 reve-

311 4651 562 4706 rentiam
593 4651 1038 4706 observandam.
1075 4656 1218 4706 Loco
1241 4650 1394 4706 enim
1431 4658 1632 4710 sancto
1661 4655 1718 4711 S.
1753 4655 1965 4712 Vanin-

311 4754 423 4811 gus
454 4739 837 4794 reverentiam
869 4738 1091 4794 nullam
1124 4739 1454 4808 exhibebat,
1503 4758 1706 4800 verum
1737 4743 1818 4800 ibi
1851 4745 1964 4801 fre-

313 4831 561 4898 quentes
611 4843 783 4884 canes
836 4827 1167 4900 copulabat,
1198 4834 1300 4884 aut
1347 4830 1494 4885 retia
1546 4833 1842 4900 tendebat,
1875 4833 1962 4889 vel

313 4914 573 4987 agitabat
603 4915 895 4987 fugientes
926 4919 1098 4980 feras,
1133 4917 1219 4972 vel
1253 4917 1378 4972 suis
1428 4919 1697 4990 privabat
1743 4921 1964 4977 exuviis

313 5009 534 5075 captas.
565 5004 750 5068 Quam
767 5005 1298 5075 praevaricationem
1313 5006 1506 5063 nimiae
1511 5008 1666 5078 juris
1699 5011 1967 5083 ignoran-

311 5091 826 5164 tiaacorrigendam
840 5092 1039 5148 divina
1051 5093 1382 5152 sublimitas
1397 5096 1966 5164 misei‘ata,sanctum

311 5180 595 5252 corripuit
622 5179 837 5248 virum,
869 5185 926 5236 et
957 5181 1965 5264 complendimirapulimanifestum

313 5269 475 5324 dedit
505 5266 812 5324 indicium.

383 5355 717 5429 Ingentium
740 5356 958 5430 quippe
985 5359 1238 5416 febrium
1263 5360 1451 5416 virum
1473 5362 1744 5417 sanctum
1765 5377 1966 5435 repen~

391 5499 468 5578 (3)
501 5496 565 5560 In
593 5497 849 5559 Historia
877 5499 936 5560 S.
959 5499 1202 5562 Huberti
1227 5504 1378 5584 part.
1410 5517 1494 5574 ui,
1526 5503 1734 5577 quast.
1766 5502 1820 5563 3.

2073 4543 2241 4599 nensi
2273 4540 2440 4609 valle,
2474 4539 2608 4595 duci
2637 4536 2920 4610 Ansegiso
2950 4537 3390 4594 manifestatum
3421 4536 3622 4595 loeum
3653 4541 3727 4596 ab

2073 4631 2280 4687 incolis
2309 4629 2619 4702 diligenter
2646 4626 2904 4698 exquire,
2936 4631 2994 4682 et
3023 4626 3323 4682 inventum
3355 4625 3608 4684 festinus
3631 4644 3727 4685 ex-

2072 4719 2196 4777 cole
2223 4717 2305 4774 ibi
2337 4733 2582 4774 summze
2614 4719 2672 4772 et
2699 4715 3012 4770 individuis
3036 4713 3340 4771 Trinitatis
3393 4731 3726 4789 congruum

2073 4807 2359 4882 templum
2391 4805 2642 4863 ﬁdeliter
2671 4807 2930 4860 contrue.
2962 4801 3332 4876 Completum
3359 4809 3559 4861 autem
3581 4809 3726 4862 tem-

2073 4898 2236 4970 plum
2269 4896 2488 4952 sanctis
2505 4893 2829 4966 virginibus
2845 4893 3308 4962 commendabis,
3323 4893 3540 4966 quibus
3561 4893 3726 4950 Chil-

2073 4985 2470 5053 demarcham,
2495 4979 2987 5054 Burdegalensem
3009 4981 3318 5054 virginem,
3337 4981 3483 5037 inibi
3515 4981 3728 5038 multa-

2074 5092 2206 5130 rum
2222 5073 2514 5146 virginum
2533 5075 2803 5137 matrem,
2825 5068 3098 5142 inclytam
3125 5069 3486 5128 abbatissam
3507 5086 3728 5144 praepo-

2074 5180 2211 5219 nere
2239 5161 2496 5217 curabis.
2528 5182 2556 5212 ››

2074 5270 2207 5325 CAP.
2240 5267 2334 5322 VI.
2366 5297 2434 5306 —
2468 5267 2539 5322 De
2565 5267 2920 5338 Fiscannensi
2947 5267 3174 5322 ecclesia
3198 5268 3380 5338 primo
3405 5281 3521 5338 per,
3539 5281 3728 5337 regem

2144 5339 2464 5395 Lotliarium
2492 5337 2746 5410 fundata,
2779 5345 2831 5393 et
2859 5337 3150 5394 ditissimis
3176 5337 3644 5409 praediis’dolala.

2147 5426 2352 5494 Finitis
2389 5427 2630 5490 demum
2677 5430 2852 5486 tantae
2901 5425 3268 5487 revelationis
3325 5426 3726 5504 sermonibus,
