3894 6214
141 305 258 367 713

144 438 378 520 regione
588 439 656 492 Ex
692 456 809 520 qua
858 442 1547 520 quidem_translatione.

140 507 618 598 reiqarbitratus
647 507 735 565 est
764 507 1049 598 Antonius
1081 517 1329 598 )‘eppes,
1381 518 1494 572 duo
1530 507 1797 575 Fiscanni

135 578 750 662 exstitisse‘yirginum
777 584 1153 662 monasteria,
1168 578 1433 662 'j'ureque
1457 605 1591 662 eum
1614 607 1802 662 repre-

132 648 338 731 hendit
382 648 891 732 illius'interpres
938 648 1246 732 Matthieus
1305 648 1613 732 (lliverius,
1662 648 1797 717 cum

134 721 375 798 camino
402 721 636 798 diversa
665 721 784 798 sint
808 724 933 781 solo
967 730 1024 780 et
1053 726 1287 798 oppido.

205 791 451 874 constat
482 791 663 874 igitur
704 791 1115 874 Fisgannense:
1133 791 1564 874 monasterium
1609 800 1798 872 primo

134 859 454 918 incoluisse
479 859 756 936 virgines,
788 865 1011 929 Quibus
1042 867 1155 923 alio
1178 869 1477 925 translatis
1503 859 1798 927 successe-

132 938 267 1025 γρηὶ
288 934 898 1025 ξεξιιορξοίίιςθεζυιειιιὲε
918 938 1037 1025 sub
1056 939 1434 1025 .Guillelmol
1469 942 1797 1025 Longaspa-

134 1004 248 1070 the,
282 1004 435 1083 duce
457 1004 805 1083 Northman.
832 1008 929 1083 llei
956 1008 1258 1083 historiam
1282 1016 1457 1083 gestae
1481 1004 1795 1070 audiamus

132 1092 203 1135 ex
221 1074 421 1132 codice
454 1078 714 1148 ms.jam
748 1078 917 1135 toties
948 1079 1144 1135 allato.

130 1181 260 1238 Gn.
290 1182 360 1238 Χ.
392 1211 465 1223 -—-
498 1183 576 1240 De
625 1186 974 1243 renovatione
1018 1187 1261 1245 ecclesiw
1305 1190 1655 1246 Fiscannensi
1693 1191 1791 1247 sub

720 1254 856 1311 duce
888 1256 1198 1314 Guillelmo.

196 1339 393 1413 Longa
424 1339 612 1420 igitur
639 1340 925 1399 bellorum
978 1346 1215 1402 miseria
1265 1348 1533 1404 contritis
1573 1352 1630 1405 et
1659 1349 1788 1404 fati-

124 1428 270 1501 gatis
299 1426 632 1487 Galliarum
665 1431 999 1502 provinciis,
1034 1433 1350 1506 aliquando
1395 1436 1591 1492 divina
1630 1453 1788 1493 seve-

125 1516 260 1575 ritas
291 1515 605 1587 delinitur,
651 1535 1010 1593 suarumque
1042 1523 1418 1594 antiquarum
1454 1526 1785 1581 misericor-

120 1604 349 1665 diarum
411 1606 838 1677 reminiscitur,
898 1614 955 1664 et
1011 1611 1321 1683 inopinata)
1385 1613 1787 1685 cpitulationis

119 1692 583 1751 consolationem
616 1695 1018 1754 laborantibus
1061 1700 1294 1772 populis
1324 1700 1591 1774 largitur.
1625 1701 1785 1757 Divi-

121 1797 325 1841 narum
356 1782 585 1856 quippe
612 1783 913 1842 afﬂuentia
932 1789 1256 1860 gratiarum
1280 1793 1540 1845 errantes
1571 1789 1779 1862 pagani

120 1875 625 1944 compunguntur,
656 1876 992 1945 compuncti
1035 1880 1475 1943 convertuntur,
1512 1877 1776 1948 inquam,

118 1959 509 2017 barbarorum
529 1960 871 2016 truculentae
897 1966 1155 2029 mentes;
1181 1964 1601 2035 religionisque
1622 1964 1781 2020 Chri-

119 2049 315 2104 stiane:
364 2049 681 2105 veritatem
730 2066 967 2106 summa
1013 2051 1316 2107 devotione
1376 2057 1676 2108 sectantur
1724 2056 1781 2108 et

115 2142 489 2203 venerantur,
524 2154 702 2209 quam
728 2139 908 2210 paulo
939 2144 1074 2195 ante
1122 2140 1285 2195 ferali
1316 2141 1552 2196 vesania
1583 2158 1777 2213 perse-

116 2226 449 2297 quebantur
469 2230 530 2283 et
547 2226 1063 2284 abominabantur.
1087 2229 1244 2286 Unde
1264 2229 1506 2302 contigit
1532 2235 1596 2284 ut
1626 2230 1777 2285 dono

114 2320 167 2369 et
189 2313 571 2371 concessione
602 2313 812 2383 Caroli,
847 2315 1165 2372 Galliarum
1200 2317 1376 2390 regis,
1409 2321 1698 2373 extremas
1719 2321 1778 2373 et

115 2402 443 2463 maritimas
526 2406 748 2475 septem
820 2404 1151 2477 provincias
1217 2407 1568 2462 sortirentur
1624 2409 1770 2476 (2|);

111 2508 254 2564 quas
285 2492 382 2547 sui
412 2491 639 2548 laboris
670 2492 926 2548 incolatu
968 2497 1205 2549 externo
1236 2494 1581 2560 excolerent,
1616 2500 1670 2550 et
1702 2496 1774 2550 ab

114 2578 467 2635 irruentium
510 2580 895 2636 barbarorum
948 2582 1349 2639 invasionibus
1398 2583 1776 2639 defenderent

111 2672 167 2723 et
191 2669 582 2725 custodirent.
616 2668 907 2726 Divinitus
939 2670 1136 2743 itaque
1159 2669 1482 2727 conciliatis
1515 2672 1769 2743 populis,

111 2771 218 2825 pax
247 2757 480 2813 mundo
509 2757 795 2823 redditur,
827 2759 1001 2813 urbes
1022 2758 1221 2814 deletae
1245 2760 1614 2829 muniuntur,
1638 2760 1773 2815 sub-

108 2860 399 2917 versaque
430 2848 623 2900 castra
649 2844 800 2899 vallo
831 2847 1185 2918 competenti
1217 2851 1272 2903 et
1294 2864 1503 2920 aggere
1534 2846 1774 2921 cingun-

107 2935 219 2999 tur,
251 2936 315 2987 et
346 2932 774 2987 revertentibus
798 2932 1021 2990 colonis
1050 2932 1200 2989 villae
1232 2940 1290 2991 et
1321 2936 1443 3008 agri
1475 2935 1773 3007 replentur

104 3023 157 3075 et
200 3017 583 3075 excoluntur.
640 3018 902 3090 Denique
953 3021 1340 3077 Northmanni
1375 3022 1768 3094 spiritualium

104 3106 295 3179 gratia
324 3110 834 3163 sacramentorum
864 3106 1146 3175 innovati,
1171 3126 1310 3166 suas
1342 3115 1608 3182 acceptas
1638 3128 1769 3182 pro-

105 3174 351 3263 vincias,
386 3194 583 3261 North,
630 3194 783 3251 venti
827 3195 921 3250 sui
968 3174 1270 3264 vocabulo,
1313 3174 1773 3254 Northinamiiam
1802 3174 1845 3241 C

106 3281 590 3355 appellaverunt;
624 3283 795 3354 cujus
817 3287 981 3339 terrae
1004 3283 1282 3339 ducatum
1306 3284 1471 3340 Rollo
1496 3286 1514 3340 Ι
1541 3290 1598 3340 et
1619 3284 1776 3341 Guil-

110 3369 348 3442 lelmus,
374 3368 642 3427 Rollonis
666 3370 848 3436 ﬁlius,
867 3370 1073 3427 habuit
1094 3372 1404 3428 secundus.
1430 3373 1620 3443 Hujus
1634 3388 1769 3446 ergo

110 3456 279 3516 ducis
339 3462 632 3532 tempore,
690 3463 918 3515 aeterna:
976 3463 1032 3514 et
1106 3459 1418 3516 individuus
1474 3459 1778 3516 Trinitatis

113 3546 422 3605 oraculum
447 3548 705 3619 reperitu
720 3552 1189 3620 r,repertumque
1210 3548 1423 3604 notitiae
1454 3554 1511 3605 et
1540 3548 1773 3605 utilitati

120 3632 439 3691 multorum
473 3634 823 3708 populorum
873 3635 1173 3691 reducitur
1200 3640 1257 3691 et
1288 3642 1619 3693 renovatur.
1651 3637 1777 3692 Dux

121 3722 273 3779 enim
321 3722 675 3781 Guillelmus
730 3724 1009 3796 praecepit
1061 3724 1246 3780 servis
1301 3725 1427 3781 suis
1485 3729 1775 3797 quatenus

124 3809 511 3868 Fiscannense
529 3812 811 3884 oppidum
834 3818 1199 3884 renovarent,
1224 3817 1399 3886 atque
1420 3814 1479 3870 in
1505 3818 1775 3869 renovato

122 3898 329 3970 oppido
345 3899 549 3957 multa:
567 3900 956 3973 speciositatis
972 3906 1030 3956 et
1048 3901 1475 3975 magnitudinis
1493 3902 1774 3975 palatium

125 3986 498 4045 aediﬁcarent.
532 3988 880 4044 Obedientes
929 3994 1123 4045 autem
1171 3990 1319 4045 servi
1368 4008 1519 4063 opus
1571 4006 1774 4063 aggre-

123 4074 359 4133 diuntur
378 4077 776 4150 imperatum;
834 4078 1166 4149 oppidoque
1219 4084 1515 4145 renovato,
1565 4077 1775 4135 excelsi

126 4161 332 4239 fastigii
388 4165 679 4223 aediﬁcare
726 4164 1053 4220 moliuntur
1102 4165 1409 4237 palatium.
1470 4166 1577 4222 Ubi
1633 4166 1775 4221 dum

124 4249 538 4320 discurrerent,
570 4259 627 4309 et
670 4252 1009 4309 aadiﬁcando
1056 4253 1272 4325 palatio
1329 4253 1553 4325 lapides
1585 4258 1640 4309 et
1670 4271 1775 4309 caa-

128 4345 317 4398 menta
345 4343 607 4400 invenire
637 4345 989 4414 satagerent,
1014 4358 1315 4399 sacrarum
1341 4342 1552 4397 azdium
1578 4343 1778 4399 ruinas

128 4429 439 4500 reperiunt,
462 4434 837 4503 repertasque
856 4431 915 4485 in
935 4430 1245 4486 aediﬁcium
1268 4429 1540 4485 humanae
1558 4430 1777 4485 habita-

1321 312 1760 380 ANONYMUS
1806 318 2399 388 FISCANNENSIS.

1908 632 2122 687 deflent
2157 637 2561 705 vastationem,
2613 640 2821 711 suique
2868 641 3202 713 paganismi
3250 643 3561 703 exhorrent

1907 719 2419 791 inhumanitatem,
2479 730 2535 781 et
2603 728 2821 784 sanctis
2902 728 3199 785 cineribus
3275 730 3558 789 donantes

1905 808 2252 877 libertatem,
2314 812 2454 869 alibi
2513 814 2602 869 sui
2679 817 2960 889 propositi
3031 818 3225 890 operis
3283 821 3561 893 satagunt

1905 899 2206 969 exquirere
2238 902 2564 958 materiam.
2590 905 2713 970 Qua
2732 905 3017 976 inquisita
3037 910 3093 961 et
3110 905 3276 963 facile
3306 911 3555 980 reperta,

1905 983 2102 1040 multm
2135 986 2471 1045 ambitionis
2501 989 2788 1061 palatium
2821 992 3127 1062 extollunt,
3160 993 3370 1068 suique
3390 994 3558 1051 ducis

1893 1072 2225 1143 jussiouem
2286 1077 2661 1148 complentes,
2737 1080 2894 1136 brevi
2953 1081 3276 1153 intervallo,
3337 1080 3556 1156 arrepti

1902 1162 2093 1232 operis
2113 1163 2577 1234 magnitudinem
2597 1173 3101 1225 consummarunt.
3122 1170 3359 1243 Expleta
3377 1170 3557 1244 igitur

1900 1250 2045 1303 tanti
2076 1248 2293 1307 laboris
2323 1258 2628 1326 praecepto,
2670 1256 2922 1313 artifices
2970 1258 3293 1315 invitarunt
3339 1260 3551 1316 ducem

1899 1336 2296 1406 Guillelmum,
2317 1344 2690 1414 castrumque
2706 1344 3045 1416 etpalatium
3068 1353 3546 1407 consummatum

1898 1444 2016 1481 sua:
2049 1428 2411 1483 auctoritatis
2428 1430 2654 1500 judicio
2684 1438 2742 1486 et
2769 1435 3069 1489 sententiae
3096 1436 3368 1493 reddunt.
3400 1436 3549 1503 Quo.

1897 1532 2025 1568 rum
2055 1514 2403 1571 Guillelmus
2434 1517 2549 1572 dux
2582 1519 2848 1590 peritiam
2880 1526 2937 1575 et
2964 1522 3214 1579 formam
3236 1523 3550 1597 completo-

1894 1620 2025 1658 rum
2084 1621 2324 1676 operum
2374 1607 2818 1674 commendans,
2876 1625 3077 1664 eorum
3127 1609 3547 1685 negligentiam

1894 1692 2285 1764 reprehendit,
2306 1694 2461 1765 quod
2479 1693 2537 1749 in
2557 1700 2767 1762 castro,
2778 1696 2949 1767 juxta
2965 1697 3272 1769 palatium,
3290 1699 3549 1758 ecclesia

1894 1780 2113 1837 nullius
2135 1780 2436 1837 oraculum
2456 1781 2758 1838 invenerit.
2779 1783 2967 1854 Super
2987 1785 3156 1856 cujus
3177 1785 3544 1862 negligentia

1892 1869 2082 1941 culpa,
2118 1887 2257 1925 suos
2278 1870 2533 1925 artifices
2553 1888 2805 1941 arguens
2831 1890 2843 1927 :
2869 1873 2971 1942 Ite,
2997 1872 3210 1946 inquit,
3229 1879 3287 1931 et
3305 1872 3543 1933 illarum

1891 1958 2194 2012 ruinarum
2236 1957 2360 2013 loco
2411 1964 2611 2014 saneto
2666 1960 2945 2017 aadiﬁcate
2992 1961 3321 2033 ecclesiam,
3371 1965 3543 2036 cujus

1890 2050 2161 2117 aspectus
2183 2046 2367 2101 sancti
2392 2051 2505 2102 tem
2512 2046 2590 2119 pli
2617 2049 2958 2104 memoriam
2982 2051 3394 2108 contuentibus
3414 2046 3542 2109 red-

1889 2133 2107 2200 dat;et
2164 2134 2328 2200 mihi,
2386 2140 2487 2189 aut
2538 2135 2712 2190 alicui
2771 2153 2898 2191 meo
2956 2136 3191 2205 haeredi,
3234 2138 3539 2212 antiquam

1887 2221 2193 2277 ecclesiam
2221 2224 2525 2293 reparandi
2550 2224 2905 2279 voluntatem
2928 2224 3244 2297 aliquando
3270 2227 3533 2287 incutiat.

1886 2309 2062 2365 Ducis
2098 2310 2429 2380 jussiouem
2476 2312 2780 2368 audientes
2829 2313 3097 2384 operarii,
3144 2316 3427 2371 accedunt
3462 2316 3536 2375 ad

1886 2414 2051 2454 sacra
2077 2398 2221 2465 loca,
2255 2403 2429 2471 atque
2460 2399 2519 2454 in
2551 2401 2681 2472 ipsa
2724 2401 2979 2456 incendii
3009 2406 3068 2458 et
3097 2401 3303 2467 excidii
3327 2403 3537 2460 confu-

1885 2487 2067 2555 sione,
2122 2488 2428 2558 cujusdam
2482 2487 2795 2544 ecclesiola:
2859 2495 3082 2560 ponunt
3127 2490 3532 2561 fundamenta,

1883 2575 2230 2647 signatoque
2263 2575 2463 2646 prima:
2492 2593 2602 2631 arae
2642 2575 2789 2642 loco,
2820 2577 3125 2633 ruinarum
3154 2576 3451 2651 lapidibus
3477 2581 3538 2636 et

1883 2662 2249 2733 fragmentis,
2279 2679 2393 2717 non
2418 2663 2612 2718 multa:
2640 2662 2981 2720 extollentiaa
3004 2664 3256 2736 parietes
3279 2666 3533 2740 erigunt,

1880 2755 2219 2823 erectosque
2240 2751 2311 2806 ad
2335 2751 2645 2823 propositae
2664 2752 3008 2823 quantitatis
3030 2770 3351 2825 summam,
3372 2754 3537 2812 nulla

1881 2840 2333 2912 intercapedine,
2353 2840 2669 2896 deducunt.
2690 2840 3009 2913 Completis
3030 2854 3166 2914 ergo
3186 2842 3534 2915 parietibus,

1879 2932 2099 2983 tectum
2153 2927 2344 2984 solum
2399 2929 2634 2996 deerat;
2684 2930 2855 3002 cujus
2911 2929 3134 3002 perlato
3183 2929 3532 3000 munimine,

1880 3016 2064 3071 aerias
2093 3015 2497 3072 inclementias
2527 3017 2598 3072 ab
2633 3018 2904 3093 universa
2941 3017 3114 3075 domo
3144 3020 3328 3076 arceri
3359 3036 3536 3093 opor-

1879 3105 2056 3159 tebat.
2118 3104 2398 3167 Quocirca
2454 3103 2748 3176 lignorum
2812 3105 3196 3177 inquiruntur
3246 3105 3416 3177 fabri,
3474 3111 3537 3164 et

1883 3191 2098 3246 inventi
2135 3191 2544 3259 adducuntur;
2596 3192 2797 3264 eisque
2847 3209 2988 3247 cura
3036 3193 3286 3248 faciendi
3316 3198 3537 3261 tectum

1883 3278 2212 3351 injungitur
2243 3284 2297 3334 et
2329 3278 2700 3350 relinquitur.
2737 3280 2907 3335 Fabri
2929 3284 3124 3335 autem
3146 3281 3539 3341 instrumenta

1884 3367 2227 3439 corripiunt,
2260 3366 2545 3438 imperato
2576 3366 2734 3439 operi
2786 3368 3053 3440 augendo
3092 3367 3377 3426 habiliora
3406 3356 3537 3427 red-

1884 3456 2052 3523 dunt,
2100 3454 2429 3525 electasque
2478 3453 2656 3510 silvas
2705 3455 2994 3511 maturius
3052 3455 3269 3513 intrare
3316 3452 3531 3531 'dispo-

1885 3548 2052 3598 nunt

1886 3649 2016 3704 CAP.
2050 3649 2141 3704 XI.
2178 3680 2243 3689 —
2277 3651 2351 3704 De
2380 3656 2533 3716 tecto,
2577 3649 2719 3716 quod
2762 3666 2914 3705 mare
2960 3651 3149 3706 attulit
3176 3650 3242 3707 de
3272 3651 3536 3707 Constan-

1957 3722 2123 3776 (femi
2147 3721 2451 3792 provincia,
2483 3723 2531 3776 et
2561 3721 2768 3775 duobus
2790 3721 2977 3791 lignis,
3001 3738 3121 3793 qum
3150 3721 3462 3793 defuerunt.

1956 3809 2170 3863 Verum
2185 3808 2550 3864 discurrente
2567 3806 3001 3865 deliberationis
3015 3806 3540 3879 intervallo,divina

1886 3897 2310 3971 omnipotentis
2339 3901 2395 3952 et
2426 3897 2622 3953 fabros
2672 3913 2706 3953 a
2755 3897 3037 3971 prepositi
3082 3898 3300 3955 laboris
3327 3900 3540 3959 sudore

1884 3985 2152 4041 liberavit
2181 3990 2234 4040 et
2267 3985 2576 4052 revocavit,
2610 3989 2668 4041 et
2696 4002 2815 4041 sure
2846 3987 3273 4059 magnitudinis
3294 4004 3545 4061 priesen-

1886 4074 2028 4130 tiam
2063 4074 2121 4129 in
2152 4075 2392 4146 praefata
2421 4072 2746 4142 ecclesiola,
2771 4073 2965 4130 eximii
2990 4075 3258 4133 miraculi
3286 4075 3545 4150 gloriosa

1886 4162 2253 4219 attestatione
2285 4161 2598 4218 declaravit
2626 4167 2682 4217 et
2703 4162 2903 4219 docuit
2924 4163 3005 4236 (in
3028 4165 3154 4221 cod.
3178 4181 3292 4222 ms.
3318 4156 3541 4223 domini

1886 4251 2692 4324 Bigotsup.babetur,inpago
2712 4250 3545 4325 Constantino,apudquamdam

1886 4340 2125 4394 insulam
2137 4341 2193 4393 in
2206 4339 2865 4408 mari).Constantiensis
2878 4340 3547 4410 enim-provinciaahomi-

1886 4444 2012 4495 nes,
2043 4428 2099 4482 S.
2126 4425 2451 4498 Marculpbi
2471 4427 2704 4481 cuidam
2728 4426 2983 4482 ecclesiae
3008 4427 3303 4498 quoddam
3326 4431 3545 4483 tectum

128 4515 296 4574 tionis
342 4523 746 4591 transportare
788 4519 1128 4591 disponunt.
1180 4519 1418 4585 Verum,
1480 4518 1778 4590 repentino
1806 4530 1855 4594 D
1889 4519 2371 4587 praeparaverant,
2393 4519 2567 4585 atque
2586 4520 2976 4587 przeparatum
2996 4514 3185 4571 eidem
3207 4514 3430 4571 eclesiaa
3452 4533 3546 4573 su-

129 4606 362 4664 consilio
393 4607 682 4663 divinitus
728 4607 990 4680 aspirati,
1046 4606 1207 4663 illius
1257 4606 1365 4662 loci
1420 4606 1692 4682 antiquos
1721 4611 1778 4662 et

132 4690 433 4769 indigenas
463 4700 801 4762 convocant,
836 4697 1205 4752 inventarum
1239 4694 1545 4750 ruinarum
1570 4711 1778 4750 causas

132 4779 504 4859 interrogant,
532 4790 592 4842 et
620 4786 788 4858 cujus
818 4784 1187 4857 imperatoris
1228 4784 1471 4840 alterius
1504 4784 1776 4856 potentiae

134 4886 229 4939 per
256 4890 494 4931 summa
519 4874 737 4947 palatia
780 4873 910 4930 illas
961 4873 1161 4929 ruinas
1214 4872 1617 4945 praecesserint
1644 4870 1775 4926 dili-

134 4966 327 5029 genter
342 4963 716 5036 investigent.
743 4963 930 5018 Locus
955 4962 1086 5030 iste,
1111 4962 1410 5033 inquiunt,
1439 4961 1778 5033 interrogati

137 5045 434 5123 indigenae,
466 5052 606 5107 olim
638 5051 832 5107 clarus
861 5054 917 5106 et
946 5051 1189 5107 celebris
1208 5049 1375 5106 vallis
1406 5050 1537 5117 fuit,
1562 5065 1782 5105 rerum.

140 5149 244 5206 que
273 5142 536 5198 omnium
568 5140 938 5213 imperatoris
980 5139 1300 5213 insignitus
1347 5137 1541 5204 titulo,
1576 5137 1781 5193 multis

227 5253 315 5327 20)
362 5256 523 5313 Idem
565 5255 813 5327 Yeppes,
859 5254 1254 5318 Quercetanus
1298 5251 1398 5309 lib.
1440 5270 1551 5322 vn;
1582 5252 1778 5377 Antig.

227 5321 278 5377 ll.
310 5343 438 5377 ean.
467 5328 538 5377 6:
571 5325 856 5377 Chronica
885 5324 1245 5377 Chronicar..
1278 5329 1428 5377 nart.
1463 5341 1524 5377 ιι.
1558 5322 1655 5377 fol.
1688 5326 1721 5377 2
1765 5366 1778 5377 .

142 5319 284 5405 Gell.
299 5319 503 5405 ξιιμ-6
525 5343 556 5405 ;_
571 5319 856 5405 Chronica
885 5325 960 5405 9b
972 5324 1219 5405 ronicar.
1232 5368 1259 5405 ,'
1278 5329 1428 5405 part.
1447 5341 1524 5405 ll,
1539 5319 1545 5322 ⁷
1558 5322 1655 5405 fol.
1679 5319 1780 5405 .29,

142 5393 196 5447 in
223 5393 504 5454 Richardo
528 5393 558 5451 ίῙ
589 5396 737 5452 duce
766 5396 1131 5462 Northman.;
1167 5393 1413 5459 Grisius,
1446 5395 1526 5450 De
1557 5393 1782 5450 clericis

141 5464 663 5544 regular.,_section
696 5467 783 5536 13,
815 5468 842 5533 §
868 5466 935 5548 9;
968 5465 1254 5522 Lanovius
1281 5466 1360 5549 .in
1406 5466 1783 5548 Syntagmate

141 5529 409 5596 historico
440 5541 511 5596 de
536 5538 639 5594 SS.
688 5538 943 5593 Francia:
990 5532 1372 5596 cancellarus.
1424 5554 1485 5591 in
1530 5541 1684 5593 notis
1710 5537 1782 5594 ad

144 5553 409 5597 DIBWHCO
440 5553 511 5596 αθ
536 5553 639 5594 δδ.
689 5553 943 5593 Francia:
990 5553 1372 5604 canceuarns,
1424 5554 1485 5591 In
1530 5553 1684 5593 ῙΙΟῐΙΒ
1710 5553 1782 5594 αα

134 5601 325 5669 Vitam
364 5616 426 5672 Β.
456 5608 723 5670 Αιιᾱοθιιί
753 5606 1178 5684 archiepiscOpi
1207 5607 1590 5685 Rothbmag.;
1619 5607 1783 5669 Anti-

453 5738 719 5805 Parant.
764 5734 910 5801 GLI.

1887 4620 2204 4677 perponere
2226 4603 2660 4675 disponebant.l
2669 4602 2790 4658 llud
2806 4620 2941 4676 ergo
2956 4608 3172 4659 tectum
3189 4602 3433 4676 pelagus
3450 4622 3547 4666 su-

1886 4691 2260 4765 pergrediens
2290 4690 2505 4745 invasit
2525 4695 2583 4745 et
2603 4690 2865 4759 sustulit,
2896 4691 3156 4763 levisque
3178 4691 3347 4746 undas
3379 4693 3547 4751 obse-

1887 4781 2047 4853 quio,
2082 4780 2151 4833 ad
2179 4780 2466 4834 Fiscanna
2486 4778 2685 4844 littora
2710 4779 2939 4835 devexit
2963 4782 3053 4848 ;et
3073 4780 3231 4835 dictu
3249 4780 3546 4839 mirabile!

1888 4885 2086 4925 coram
2103 4871 2314 4923 sanctae
2334 4866 2647 4923 ecclesiolae
2687 4867 2898 4922 erectis
2934 4868 3257 4940 parietibus
3297 4869 3555 4929 officiose

1890 4955 2399 5029 deposuit,suique
2423 4954 2635 5011 littoris
2660 4954 2818 5011 alveo
2840 4954 3009 5028 lapsu
3032 4955 3282 5013 innocuo
3306 4940 3537 5016 reﬁnxit

1890 5046 2178 5103 Mirantur
2205 5044 2453 5115 operarii
2496 5048 2552 5100 et
2602 5043 2843 5117 pelagus
2887 5044 3163 5112 reﬂuens,
3216 5050 3273 5103 et
3310 5051 3556 5107 tectum-

1891 5151 2222 5199 remanens,
2256 5137 2313 5189 et
2344 5132 2400 5187 in
2432 5137 2767 5189 remanente
2792 5137 2963 5204 tecto,
2983 5132 3205 5191 nullius
3233 5134 3402 5205 elavi,
3426 5152 3560 5209 pro.

1936 5248 2528 5331 uitateshNorl‘hma‘n.
2563 5265 2845 5331 ms'.‘pa‘g.
2889 5250 3006 5331 225.
3039 5253 3096 5331 et
3305 5250 3459 5331 apud

1892 5267 2149 5377 gunates
2182 5267 2528 5304 norinman.
2563 5267 2676 5304 ms.
2713 5267 2845 5331 pag.
2889 5267 2996 5305 zzz)
3039 5267 3096 5331 et
3141 5267 3271 5319 zzu,
3305 5267 3459 5332 apud
3490 5267 3560 5331 μ.

1941 5323 2097 5405 igot;
2144 5319 2412 5405 crepulis:
2463 5325 2604 5376 tom.
2657 5320 2698 5375 Il
2750 5320 3102 5377 Hierarchue
3154 5321 3463 5387 Neustrlaa,
3498 5334 3561 5375 1n

1892 5393 2161 5465 episcopo
2186 5393 2249 5447 14
2264 5398 2315 5465 γΑ
2327 5393 2617 5465 brincens.

1968 5463 2050 5591 ξέέ
2065 5456 2443 5591 ζΡι-ονὶιιοὶειε
2471 5466 2640 5520 vocat
2686 5461 2994 5529 Neustrize,
3026 5459 3419 5536 episcopatus,
3454 5456 3557 5535 qui

1897 5551 2040 5593 sunt
2074 5551 2120 5592 Ι.

3156 5728 3237 5805 23
