3894 6214
359 368 476 428 ’115

1102 367 1292 430 SEO.
1337 367 1414 429 XI
1459 368 1690 430 AUCT.
1736 365 2051 428 INCERTI
2095 365 2281 426 ANNI
2325 362 2429 426 ET
2474 361 2762 426 SCRIPT.
2809 375 3023 422 ΑΔΕΣΠ.

3665 359 3791 424 716

362 497 641 554 cellarum
654 497 914 571 impulsu
927 540 940 566 ,
959 515 1236 571 apparere
1257 499 1782 556 labefactationem.
1807 503 2011 554 Conse-
2039 501 2093 566 Α
2125 499 2280 553 tione
2297 497 2640 570 perturbati,
2657 496 2950 554 Guillelmi
2967 497 3135 552 ducis
3152 494 3522 568 praesentiam
3538 494 3786 564 adeunt,

361 587 564 660 quitur
591 588 787 660 majus
810 587 1159 644 miraculum
1185 607 1199 657 ;
1225 606 1361 644 nam
1383 589 1522 646 dum
1543 589 1668 646 suis
1690 587 2008 660 parietibus

362 674 620 732 alienum
667 679 886 732 tectum
945 683 1368 751 superponunt,
1417 683 1591 735 tantae
1635 676 2005 748 aia-qualitatis,

358 757 725 838 'quantatisve
759 765 1048 838 parilitate
1107 768 1430 833 inveniunt,
1487 783 1612 838 quae
1663 765 2007 820 convenien-

359 853 537 910 tiores
563 853 929 910 metientium
957 853 1142 922 lineae,
1175 855 1262 910 vel
1290 854 1607 908 arundines
1638 853 2008 909 concordiam

360 941 682 1014 exprimere
712 946 980 1015 possunt.
1015 941 1192 1014 Ligna
1241 943 1356 997 duo
1403 943 1662 1006 deerant,
1693 957 1822 1013 quae
1853 957 2008 996 com-

361 1029 546 1087 missa
573 1030 812 1103 pelagus
847 1047 964 1086 non
996 1031 1384 1098 fraudaverat,
1417 1030 1516 1086 sed
1562 1047 1690 1102 qua
1721 1030 2008 1086 Constan-

359 1117 640 1174 tiensium
669 1117 977 1174 hominum
1011 1135 1222 1174 manus
1249 1119 1472 1174 ceteris
1496 1117 1673 1191 lignis
1697 1118 1834 1193 tecti
1867 1134 2010 1173 non-

360 1205 502 1262 dum
517 1206 1225 1279 compaginaverat.Praeci
1237 1208 1394 1278 pitur
1409 1206 1586 1262 fabris
1601 1207 1761 1280 ligna
1773 1207 2012 1272 caedere,

359 1309 621 1365 caesaque
642 1311 749 1350 sua
777 1294 1091 1364 industria,
1114 1295 1290 1368 lignis
1317 1296 1671 1368 superpositi
1697 1295 1826 1350 tecti
1861 1295 2010 1349 indi-

357 1381 616 1454 gentiam
647 1382 919 1454 supplere
950 1388 1007 1438 et
1037 1383 1349 1456 complere.
1384 1384 1548 1440 Fabri
1574 1383 1871 1452 obediunt,
1906 1401 2012 1438 cae-

358 1470 505 1526 dunt
535 1469 713 1543 ligna,
748 1472 1075 1526 metiuntur
1105 1489 1292 1532 caesa;
1327 1473 1458 1528 tecti
1489 1473 1770 1528 membris
1792 1471 2014 1527 caeteris

358 1557 682 1613 moliuntur
713 1559 1025 1615 conciliare
1056 1561 1424 1632 frequentius
1469 1561 1764 1632 imposita.
1796 1561 2012 1616 Verum

357 1645 676 1701 frustratur
703 1646 941 1701 omnino
990 1647 1156 1703 labor
1203 1649 1519 1716 desudans,
1553 1654 1610 1704 et
1641 1648 1848 1720 peritia
1878 1647 2012 1704 dili-

360 1747 542 1805 gens;
576 1747 753 1804 quam
789 1733 1009 1790 nullius
1041 1736 1286 1790 artificio
1310 1734 1472 1790 lineae
1496 1735 1584 1790 sui
1617 1733 1834 1791 laboris
1865 1752 2012 1807 opus

361 1819 521 1892 operi
551 1819 803 1876 cmlestis
833 1821 1031 1892 gratiae
1072 1828 1322 1894 possunt
1363 1825 1736 1895 conjungere.
1771 1824 1893 1886 Qua
1924 1823 2010 1878 in-

359 1907 774 1964 commoditate
805 1913 1040 1966 maestos
1063 1910 1337 1980 artifices,
1361 1929 1427 1966 ac
1450 1911 1748 1978 sollicitos,
1774 1911 2013 1982 quidam

360 1996 778 2068 superveniens
809 1996 1100 2064 relevavit,
1135 1998 1524 2071 maximisque
1569 1999 1868 2056 littoribus
1898 2001 2014 2055 duo

361 2081 522 2154 ligna
541 2085 736 2155 jacere
768 2085 1059 2141 nuntiavit
1101 2103 1352 2158 quarum
1402 2087 1772 2160 impositione
1799 2088 2014 2160 imper-

364 2170 668 2227 fectionem
702 2189 873 2244 posse
922 2172 1198 2245 compleri
1248 2175 1479 2246 penitus
1529 2175 1799 2232 asseruit.
1853 2177 2016 2232 Unde

364 2258 702 2316 exhilaratis
733 2259 1076 2327 artificibus,
1103 2261 1262 2333 ligna
1282 2264 1686 2335 deportantur,
1719 2265 2016 2337 totiusque

361 2346 526 2402 lineae
559 2351 752 2404 amoto
782 2349 993 2417 officio,
1023 2349 1188 2406 facile
1215 2367 1333 2406 suae
1359 2352 1731 2424 praprictatis
1759 2352 1884 2408 loco
1901 2352 2016 2408 col-

360 2433 660 2490 locantur:
711 2437 953 2508 suisque
1010 2439 1383 2496 naturalibus
1432 2441 1716 2498 membris
1748 2443 2020 2498 universa

359 2523 492 2579 tecti
527 2523 747 2580 fabrica
777 2531 1224 2581 consummatur
1253 2530 1311 2582 et
1338 2529 1658 2600 perﬁcitur.

362 2627 501 2685 CAP.
533 2630 654 2705 XII.
689 2662 757 2705 -—_
788 2631 865 2685 De
893 2631 1105 2705 angelo,
1138 2641 1192 2705 et
1221 2634 1459 2705 cultello,
1492 2639 1541 2688 et
1571 2637 1808 2705 vestigiis
1837 2654 2016 2693 rema-

433 2700 689 2754 nentibus
719 2703 779 2754 in
815 2700 997 2756 eodem
1027 2702 1209 2772 lapide
1239 2702 1306 2756 de
1343 2720 1446 2774 quo
1489 2700 1726 2762 ascendit
1768 2709 2012 2778 angelus.

434 2787 621 2843 Tanta
647 2803 784 2859 ergo
808 2787 1227 2844 miraculorum
1248 2790 1626 2849 multitudine
1651 2795 1904 2852 artifices
1927 2814 2018 2853 ex-

366 2873 552 2943 citati,
585 2875 792 2930 ducem
826 2875 1204 2934 Guillelmum
1227 2883 1524 2952 expetunt,
1549 2898 1786 2938 suarum
1819 2901 2016 2940 rerum

366 2965 610 3016 eventus
631 2964 917 3020 maximos
939 2971 1254 3037 exponunt,
1275 2971 1332 3022 et
1350 2968 1421 3023 ad
1443 2969 1868 3029 dedicationem
1887 2989 2018 3029 con-

368 3052 603 3104 structae
635 3050 910 3120 ecclesiae,
943 3055 1147 3125 paucis
1176 3056 1655 3126 persuasionibus
1687 3067 2013 3118 accersunt.

370 3137 534 3192 Tunc
565 3137 700 3208 dux,
736 3138 922 3195 multa
945 3141 1267 3198 caelestium
1298 3145 1621 3216 gratiarum
1655 3149 2016 3206 abundantia

2120 590 2409 658 tantaeque
2449 585 2800 641 excellentiae
2851 584 3203 641 miraculum
3250 583 3412 640 velut
3461 584 3786 657 ignoranti,

2119 675 2368 746 quisque
2392 674 2743 746 praecedens,
2763 689 3016 744 sequens
3040 689 3279 728 narrare
3295 671 3618 728 contendit.
3639 673 3787 733 Gau.

2119 765 2257 817 dent
2274 779 2498 826 omnes,
2523 765 2582 817 et
2597 761 2800 829 altare,
2827 778 3003 834 super
3019 761 3174 834 quod
3193 759 3498 816 cultellum
3520 759 3789 832 angelica

2120 868 2296 906 manu
2324 851 2534 923 deponi
2572 855 3014 922 conspexerant,
3060 849 3535 906 convenientium
3569 865 3790 905 corona

2121 940 2276 995 circa
2288 939 2525 1012 mcingu
2536 944 2617 1010 nt,
2637 944 2812 1010 atque
2827 937 2966 1011 quid
2985 937 3308 1012 praetendat
3322 935 3598 993 cultellus
3615 937 3790 1010 depo-

2121 1029 2292 1093 situs,
2327 1027 2521 1082 cuncti
2544 1027 2833 1082 enucleari
2854 1031 3140 1100 quaerunt.
3165 1027 3328 1082 Tunc
3352 1025 3541 1082 sancti
3562 1043 3789 1098 praesu-

2124 1115 2208 1172 les
2229 1115 2530 1171 cultellum
2551 1115 2863 1188 accipiunt,
2883 1120 3059 1187 atque
3081 1115 3142 1170 in
3168 1119 3403 1186 accepto
3423 1115 3784 1186 scripturam

2121 1204 2426 1260 inveniunt
2452 1223 2465 1272 ;
2494 1205 2664 1275 cujus
2696 1203 2933 1274 indicio,
2963 1208 3022 1260 et
3051 1219 3359 1276 procerum
3385 1202 3788 1259 controversia

2126 1292 2344 1358 finitur,
2379 1298 2436 1347 et
2467 1293 2522 1348 in
2557 1294 2727 1363 cujus
2771 1291 2942 1348 titulo
2985 1291 3232 1348 ecclesia
3275 1291 3488 1347 debeat
3525 1291 3786 1347 dedicari

2122 1381 2470 1436 declaratur.
2499 1382 2635 1436 Erat
2663 1381 2820 1436 enim
2855 1381 2912 1435 in
2953 1379 3190 1442 cultello
3240 1378 3527 1452 scriptum
3553 1396 3567 1432 :
3594 1381 3661 1435 In
3690 1395 3785 1435 no-

2123 1471 2272 1523 mine
2295 1478 2500 1526 sanctm
2547 1472 2597 1524 et
2646 1468 2945 1524 individuae
2993 1468 3295 1523 Trinitatis.
3343 1467 3507 1533 Quod
3539 1467 3786 1522 audiens

2123 1556 2473 1612 Guillelmus
2499 1559 2614 1612 dux
2647 1555 2982 1630 praeclarus,
3027 1555 3215 1611 multo
3264 1555 3481 1628 gaudio
3511 1554 3785 1624 exsilivit,

2125 1651 2300 1717 atque
2323 1645 2378 1699 in
2404 1646 2623 1700 honore
2645 1649 2857 1700 sanctae
2879 1649 2936 1700 et
2955 1643 3266 1699 individuae
3287 1643 3614 1713 Trinitatis,
3641 1660 3782 1716 prae-

2123 1739 2344 1789 sentem
2373 1733 2680 1789 ecclesiam
2707 1733 2958 1788 dedicari
2984 1733 3276 1804 praecepit,
3305 1731 3506 1789 multae
3531 1732 3783 1805 promis-

2124 1822 2307 1877 sionis
2339 1837 2400 1876 se
2436 1823 2675 1876 firmans
2707 1825 3097 1887 sacramento,
3131 1837 3237 1876 suo
3287 1837 3452 1893 opere
3507 1821 3782 1876 eamdem

2123 1909 2427 1965 ecclesiam
2489 1910 2802 1981 aliquando
2885 1909 3175 1981 ampliari,
3234 1913 3404 1982 atque
3460 1907 3782 1965 ecclesiam

2124 1997 2272 2054 tanti
2305 1999 2560 2052 nominis
2585 1997 2883 2071 privilegio
2905 1997 3310 2054 concinentem
3333 1997 3706 2069 magniﬁcari
3733 2002 3784 2053 et

2123 2085 2340 2142 extolli.
2374 2090 2588 2142 Verum
2615 2086 2811 2142 divina
2836 2085 3198 2159 providentia
3220 2085 3388 2142 aliter
3406 2085 3779 2157 disponente,

2125 2175 2256 2230 dolo
2289 2191 2354 2230 ac
2385 2175 2587 2230 fraude
2619 2175 3085 2245 Flandrensium,
3119 2175 3395 2246 praefatus
3413 2173 3532 2230 dux
3561 2173 3782 2229 interﬁ-

2125 2263 2296 2329 citur,
2330 2281 2554 2335 suoque
2587 2263 2704 2319 ﬁlio
2738 2263 3046 2329 Richardo,
3080 2263 3401 2334 ampliandi
3426 2262 3614 2318 sancti
3637 2264 3781 2318 tem-

2075 2388 2079 2394 -
2125 2351 2204 2424 pli
2235 2351 2418 2425 gloria
2451 2353 2802 2408 transfertur
2830 2356 2887 2408 et
2919 2351 3275 2408 conceditur.

2125 2457 2260 2512 CAP.
2294 2458 2430 2514 XIV.
2468 2489 2533 2500 —
2571 2459 2847 2529 Quomodo
2902 2458 3018 2513 dua:
3065 2457 3372 2514 Richardus
3423 2459 3672 2513 existens
3726 2458 3780 2513 in

2196 2529 2433 2600 quadam
2463 2530 2690 2584 sublimi
2715 2531 2955 2600 fenestra
2978 2530 3068 2585 sui
3086 2531 3312 2600 palatii,
3339 2530 3501 2600 petiit
3529 2545 3780 2600 qmam

2195 2602 2406 2655 scilicet
2435 2602 2516 2655 ibi
2543 2611 2677 2656 esset
2703 2602 2946 2656 ecclesia.

2197 2707 2456 2772 Quadam
2488 2705 2666 2780 igitur
2696 2707 2806 2777 die,
2840 2723 2973 2762 cum
2993 2707 3268 2778 prmfatus
3292 2705 3410 2760 dux
3431 2704 3779 2762 Fiscannen-

2125 2793 2208 2850 sis
2242 2793 2443 2866 palatii
2472 2794 2706 2850 cuidam
2738 2794 2977 2849 sublimi
3006 2795 3270 2851 fenestra
3303 2794 3699 2864 accumberet,
3731 2798 3783 2850 et

2127 2886 2339 2937 sanctae
2371 2882 2802 2954 individuaeque
2822 2882 3130 2938 Trinitatis
3159 2881 3414 2939 ecclesiae
3437 2881 3612 2956 longe
3633 2883 3776 2938 infe-

2125 2970 2248 3025 rius
2279 2971 2530 3043 positam
2558 2972 2938 3044 conspiceret,
2977 2971 3136 3026 velut
3185 2971 3484 3044 ignorans,
3512 2975 3777 3027 astantes

2125 3075 2264 3115 suos
2303 3076 2568 3132 proceres
2623 3059 3018 3132 interrogavit,
3080 3075 3412 3131 nomenque
3467 3060 3779 3131 praesentis

2123 3147 2398 3216 ecclesiae,
2433 3165 2552 3205 suae
2589 3147 2849 3204 lenitatis
2898 3147 3102 3220 sapido
3153 3164 3420 3204 sermone
3450 3147 3780 3219 inquisivit.

367 3225 795 3298 praedicandus,
816 3229 1120 3301 episcopos
1141 3235 1199 3286 et
1217 3249 1484 3303 proceres
1506 3235 1720 3291 multos
1746 3254 2018 3294 convoca-
2047 3221 2089 3288 C
2128 3235 2230 3290 Cui
2260 3236 2342 3291 illi
2369 3253 2381 3290 :
2409 3241 2598 3301 Pater,
2625 3236 2920 3308 inquiunt,
2942 3241 3083 3292 tuus
3103 3235 3410 3292 ecclesiam
3435 3237 3614 3292 istam
3650 3238 3780 3292 fun-

365 3312 482 3382 vit;
530 3330 780 3386 quorum
830 3316 1208 3375 multitudine
1259 3322 1624 3394 constipatus
1662 3323 2012 3382 Fiscannum

360 3399 538 3467 venit,
559 3419 768 3459 novam
790 3405 1096 3462 ecclesiam
1120 3407 1377 3474 intravit,
1400 3415 1611 3467 cuncta
1630 3413 2012 3472 dedicationis

356 3491 685 3547 necessaria
731 3494 1044 3565 praeparari
1095 3497 1387 3568 praecepit.
1425 3498 1648 3562 Quibus
1677 3518 1813 3574 ergo
1844 3504 2009 3558 suffi-

355 3577 576 3634 cienter
602 3581 944 3652 praparatis
974 3586 1033 3636 et
1061 3585 1448 3656 congregatis,
1495 3587 1615 3644 dux
1643 3593 1700 3644 et
1727 3591 2006 3664 episcopi,

355 3680 492 3722 cum
522 3666 724 3722 multis
756 3669 1114 3740 proceribus,
1148 3671 1454 3729 ecclesiam
1487 3678 1899 3734 consecradam
1925 3681 2011 3735 in-

355 3757 534 3822 trant,
567 3758 624 3810 et
655 3756 826 3826 cuius
856 3757 1042 3812 sancti
1099 3760 1269 3816 titulo
1319 3762 1588 3837 insigniri
1641 3766 1847 3822 debeat
1875 3767 2007 3822 dilic

355 3847 560 3912 genter
587 3847 962 3914 pertractant.
995 3847 1125 3914 Ubi,
1147 3849 1288 3906 dum
1319 3851 1547 3908 diversa
1569 3855 1852 3912 sentirent
1873 3873 2005 3914 sen-

353 3929 686 4002 tentiasque
732 3931 989 3990 diversas
1009 3937 1404 4008 defenderent,
1437 3946 1514 4008 et,
1553 3943 1724 4014 juxta
1751 3945 2004 4001 devotio-

353 4031 487 4105 nem
520 4033 696 4088 quam
728 4019 944 4094 singuli
995 4025 1065 4080 ad
1112 4025 1376 4100 singulos
1423 4033 1659 4087 sanctos
1689 4031 2002 4105 habebant,

351 4103 657 4194 ecclesiam
687 4115 1142 4170 consecrandam
1173 4117 1612 4189 contenderent,
1645 4119 1732 4175 vir
1761 4103 2000 4194 quidam

2124 3325 2299 3392 davit,
2334 3325 2620 3398 tituloque
2649 3326 2866 3380 deificae
2897 3325 3208 3380 Trinitatis
3228 3323 3502 3397 insigniri
3531 3329 3592 3380 et
3616 3325 3778 3382 dedi-

2122 3413 2241 3469 cari
2261 3414 2552 3487 praecepit.
2578 3414 2802 3480 Quibus
2823 3413 3040 3470 auditis
3061 3412 3355 3486 gloriosus
3376 3413 3494 3469 dux
3514 3413 3775 3470 maximo

2121 3500 2336 3556 doloris
2357 3501 2556 3573 jaculo
2586 3501 3020 3574 compungitur,
3045 3506 3104 3557 et
3122 3501 3558 3573 erumpentium
3589 3500 3775 3575 lacry-

2120 3605 2352 3646 marum
2383 3589 2804 3647 distillnntibus
2835 3590 2993 3658 rivis,
3017 3607 3187 3646 suam
3209 3605 3436 3646 roseam
3459 3589 3694 3658 faciem,
3720 3595 3778 3647 et

2118 3677 2359 3734 barbam
2392 3677 2616 3734 niveam
2650 3679 2998 3745 madefecit;
3031 3681 3088 3734 et
3115 3677 3216 3734 diu
3247 3677 3447 3746 silens,
3477 3682 3775 3750 caputque

2117 3767 2476 3835 concutiens,
2508 3768 2742 3823 tandem
2795 3766 3156 3840 singultibus
3186 3782 3518 3823 sermonem
3551 3766 3776 3823 irrum-

2114 3855 2426 3926 pentibus:
2460 3855 2526 3927 Ο,
2555 3856 2768 3928 inquit,
2790 3872 2968 3928 quam
2999 3855 3150 3912 male
3171 3855 3442 3928 congruit
3460 3869 3558 3910 me
3583 3855 3774 3912 homi-

2115 3960 2248 3998 nem
2279 3948 2451 4000 tantae
2501 3943 2839 4000 ambitionis
2897 3945 3159 4000 habitare
3205 3942 3441 4016 palatio,
3487 3947 3547 3999 et
3585 3944 3772 4001 Deum

2112 4033 2568 4105 omnipotentem
2581 4032 2683 4088 tali
2702 4033 2880 4090 latere
2891 4031 3184 4106 tuguriolo
3201 4032 3214 4087 Ι
3229 4035 3292 4100 0,
3308 4031 3576 4104 inquam,
3593 4049 3770 4106 quam

2112 4121 2264 4176 male
2292 4121 2562 4194 congruit
2590 4123 2949 4194 superiorem
3005 4125 3062 4176 et
3112 4120 3404 4177 caelestem
3449 4121 3768 4178 Dominum

347 4193 512 4284 vultu
543 4200 598 4252 et
625 4204 782 4255 veste
829 4201 1321 4273 speciosissimus,
1374 4210 1551 4278 caput
1595 4193 1998 4282 prolixamque
2109 4209 2354 4266 inferius
2372 4193 2585 4268 habere
2607 4193 2932 4284 tugurium,
2956 4214 3014 4266 et
3036 4209 3366 4266 inferiorem
3389 4212 3447 4264 et
3465 4213 3767 4266 terrenum

347 4283 609 4355 barbam,
643 4289 806 4344 canis
837 4291 1276 4346 candidissimis
1323 4301 1652 4367 coopertus,
1685 4299 1994 4356 ecclesiam
2108 4315 2336 4354 servum
2371 4299 2643 4372 superius
2664 4283 2861 4356 tenere
2888 4297 3203 4372 palatium!
3226 4298 3410 4362 Quam
3435 4297 3770 4354 rationabi-

344 4372 599 4445 intravit,
633 4394 857 4449 suaque
883 4377 1108 4434 lumina
1157 4397 1452 4454 nusquam
1509 4386 1748 4444 ﬂectens
1777 4389 1996 4446 directo
2105 4385 2222 4441 lius
2255 4391 2682 4444 converteretur
2713 4404 2806 4444 me
2837 4387 3050 4443 habere
3097 4401 3341 4460 parvum
3373 4388 3476 4440 aut
3505 4385 3762 4453 nullum,

342 4460 546 4552 itinere
601 4465 674 4520 ad
733 4467 914 4522 altare
968 4471 1431 4527 consecrandum
1491 4477 1782 4546 pervenit;
1819 4495 1997 4552 super
2104 4480 2161 4530 et
2189 4476 2620 4532 Dominatorem
2652 4477 2918 4532 omnium
2948 4492 3144 4532 rerum
3166 4478 3361 4531 tenere
3391 4478 3450 4530 et
3479 4473 3677 4530 solum
3707 4480 3766 4532 et

341 4551 495 4621 quod
521 4554 1172 4650 reverenterinelinans,
1189 4559 1488 4617 cultellum
1505 4563 1794 4636 deposuit,
1811 4551 1993 4623 nullo—
2023 4583 2072 4650 Ι)
2105 4563 2426 4620 maximum
2454 4565 2466 4618 ι
2499 4564 2748 4632 Dixerat,
2771 4568 2828 4621 et
2847 4564 3210 4621 effluentium
3234 4562 3628 4636 lacrymarum
3652 4581 3762 4620 un-

337 4654 452 4710 que
473 4656 742 4697 sermone
773 4659 944 4698 suum
969 4643 1265 4704 silentium
1288 4665 1692 4725 corrumpens,
1718 4671 1992 4714 converso
2023 4643 2063 4650 —
2101 4653 2228 4724 das,
2264 4652 2426 4709 nulla
2470 4653 2651 4708 animi
2698 4651 2932 4721 virtute,
2986 4652 3266 4726 nullaque
3311 4668 3525 4708 manus
3557 4653 3764 4710 crebra

335 4727 521 4799 gradu
553 4729 857 4787 ecclesiam
890 4733 1100 4804 exivit;
1135 4739 1191 4790 et
1215 4740 1532 4810 quamdam
1556 4741 1779 4798 curiam
1810 4737 2015 4800 eccle-'
2101 4742 2538 4809 deliberatione,
2574 4747 2675 4798 aut
2701 4741 3020 4809 continere,
3053 4746 3154 4798 aut
3183 4741 3474 4797 exsiccare
3507 4745 3757 4813 poterat.

335 4815 433 4870 size
464 4833 610 4888 pene
641 4820 977 4893 contiguam
1031 4823 1352 4896 ingressus,
1405 4827 1483 4884 ibi
1515 4830 1773 4900 positum
1805 4833 1988 4890 mola-
2099 4829 2318 4886 Deinde
2340 4831 2586 4904 adjecit:
2615 4829 2860 4886 Multiin
2883 4847 3056 4904 opere
3081 4829 3434 4886 csementarii
3457 4828 3762 4902 inquiran-

333 4919 456 4958 rem
488 4904 744 4976 lapidem
776 4910 1058 4979 ascendit,
1091 4917 1266 4984 atque
1297 4914 1432 4971 inde
1475 4935 1535 4972 se
1577 4920 1893 4977 sustollens
1927 4923 1984 4978 in
2098 4923 2212 4988 tur,
2245 4919 2580 4992 inventique
2611 4919 2998 4986 adducantur,
3020 4919 3300 4990 quoniam
3324 4917 3436 4974 hoc
3467 4917 3758 4990 palatium

333 5007 487 5060 aera,
521 5009 637 5048 non
669 5000 1021 5069 comparuit.
2094 5007 2152 5062 in
2187 5009 2623 5080 comparatione
2652 5009 2812 5064 illius
2842 5005 3176 5076 ecclesiolae,
3211 5022 3390 5080 quam
3425 5005 3754 5079 despicitis,

329 5095 458 5154 CAP.
493 5097 636 5183 XIII.
670 5134 738 5142 --
763 5104 1032 5183 Quomodo
1062 5107 1178 5162 dum
1221 5113 1271 5183 et
1316 5113 1599 5183 pontiﬁces
1629 5113 1983 5172 admiraban-
2094 5096 2306 5152 famam
2341 5113 2620 5170 θΡΡθιΓοτθ
2651 5101 2717 5152 Ut
2746 5096 2998 5154 “unum-

613 5180 706 5228 tur
731 5177 988 5245 angelum
1018 5185 1131 5233 tam
1150 5177 1332 5236 subito
1361 5177 1696 5240 evanescere.

397 5258 568 5313 Multi
589 5265 783 5316 autem
809 5263 908 5334 qui
930 5265 1313 5323 dedicationis
1325 5270 1513 5338 gratia
1529 5270 1735 5327 illadie
1755 5273 1984 5330 Fiscan-

2196 5229 2224 5265 ι.
2260 5211 2372 5267 XV.
2405 5243 2474 5252 -—
2507 5213 2690 5280 Quare
2731 5212 2848 5268 dua:
2897 5210 3200 5268 Richardus
3233 5212 3291 5266 in
3322 5209 3756 5338 reaediﬁcatione

2196 5283 2402 5338 eclesiae
2430 5284 2810 5338 Fiscannensis
2832 5285 3010 5338 posuit
3037 5299 3210 5338 manu
3230 5283 3459 5338 nrovria
3543 5283 3746 5338 vident.

461 5259 568 5313 ulti
589 5265 783 5316 autem
809 5263 908 5334 qui
930 5265 1313 5323 dedicationis
1325 5270 1513 5342 gratia
1529 5270 1628 5326 illa
1641 5271 1735 5327 die
1755 5273 1984 5330 Fiscan-
2098 5259 2402 5338 ὼὲιῖοἱὲέίξε

326 5362 469 5436 pum
495 5355 906 5436 convenerant,
963 5359 1386 5426 prosequentes
1417 5363 1770 5414 remeantem
1804 5378 1978 5436 ange-

2196 5368 2351 5436 αρν-α.
2385 5369 2546 5424 quem
2601 5352 2842 5426 angelus
2881 5352 3239 5424 ascenderat,
3271 5352 3340 5408 ἰή
3386 5352 3748 5424 fundamento

321 5430 470 5502 lum,
505 5435 572 5490 ad
604 5434 856 5508 lapidem
890 5423 1066 5511 quem
1097 5423 1438 5499 ascenderat
1463 5423 1978 5517 conﬂuxeruntrin
2159 5423 2420 5479 εσθίθδίκσ

321 5535 438 5606 quo
469 5520 661 5592 lapide
699 5526 889 5598 angeli
937 5528 1200 5601 vestigia,
1245 5528 1402 5586 velut
1449 5531 1509 5588 in
1557 5549 1754 5606 arena,
1786 5541 1889 5592 aut
1915 5538 1977 5594 in

353 5537 438 5617 [.uo
470 5537 661 5617 iapine
699 5537 889 5617 angeli
937 5537 1200 5601 vestigia,
1242 5537 1402 5617 velut
1449 5537 1509 5588 in
1557 5549 1754 5606 arena,
1786 5541 1889 5592 aut
1915 5538 1977 5594 in
2157 5540 2408 5608 Accepta
2433 5537 2615 5610 igitur
2634 5539 2906 5612 jussione
2938 5540 3128 5610 ducis,
3163 5537 3365 5596 fideles
3395 5539 3608 5596 famuli
3639 5558 3743 5596 cae-

316 5609 474 5686 picco
502 5609 736 5691 pulvere
758 5613 1046 5692 impressa
1067 5615 1386 5691 reperiunt.
1412 5621 1592 5696 Cujus
1616 5622 1698 5681 rei
1719 5623 1974 5686 admira-

2085 5625 2404 5686 mentarios
2433 5625 2760 5705 inquirunt,
2793 5629 3143 5708 inquirendo
3173 5627 3504 5705 inveniunt,
3537 5629 3742 5692 inven-
