3894 6214
68 360 199 431 ’791
1304 367 1745 433 ANONYMUS
1787 365 2373 433 FISCANNENSIS.
3415 368 3533 433 722

70 503 257 581 geret
286 500 357 570 et
391 496 680 579 erudiret,
714 514 938 576 magna
987 497 1345 559 humilitatis
1373 499 1643 576 precibus
1675 517 1769 559 ex-
1799 498 1858 570 Α
1886 499 2107 558 ceteris
2122 497 2818 576 formapulchritudinem
2832 500 3388 580 designabat,atque
3401 522 3534 563 con-

75 593 298 669 qravit.
322 592 572 667 Quibus
585 590 949 657 B.memoria3
963 590 1308 650 Guillelmus
1322 591 1773 667 abbasprimum
1883 592 2179 648 tuentium
2220 592 2541 665 mentibus,
2575 610 2693 649 sum
2725 592 3184 650 conversationis
3217 594 3529 652 consilium

72 682 498 760 respondisse
522 680 1776 751 fertur:Charissimiﬁlii,audivimusduces
1884 680 2031 737 inire
2062 686 2119 737 et
2161 682 2398 749 imitari,
2423 682 2813 756 perfecturum
2871 685 3220 756 argumento
3249 683 3529 741 virtutum

82 773 546 849 Nortmannos,
606 770 876 828 homines
932 771 1215 828 barbaros
1273 775 1331 827 et
1386 769 1771 837 truculentos,
1885 771 2237 827 accendebat
2265 775 2322 828 et
2353 772 2720 844 provocabat.
2748 772 3060 846 Ignorabat
3116 771 3216 828 illo
3272 776 3532 845 tempore

78 862 557 931 subvertere,et
578 877 695 917 non
719 860 1006 917 aedificare
1049 864 1249 916 sancta
1280 859 1532 933 templa;
1567 860 1775 916 debere
1885 860 2295 918 Fiscannensis
2327 860 2571 917 ecclesia
2598 861 2778 917 totius
2810 860 3182 935 proprietatis
3212 861 3531 934 singulari-

77 956 137 1010 et
166 951 486 1024 eﬂ‘ugare,
503 953 561 1006 et
581 966 697 1007 non
721 948 990 1024 colligere
1011 953 1113 1005 aut
1133 950 1356 1007 nutrire
1378 948 1771 1022 spiritualium
1882 954 2084 1019 tatem,
2101 950 2403 1023 soliusque
2424 950 2866 1007 communitatis
2897 951 3283 1024 cognoscebat
3304 951 3530 1007 unitam

73 1039 422 1098 hominum
462 1037 947 1113 eongregationes
1004 1043 1258 1096 sanctas.
1289 1040 1652 1112 Quapropter
1700 1039 1771 1095 ad
1882 1038 2272 1108 dilectionem,
2306 1056 2433 1112 quae
2482 1040 2656 1111 juxta
2706 1039 3075 1096 diversitates
3113 1039 3527 1114 indigentium,

76 1130 302 1187 ducem
327 1130 613 1197 vestrum
643 1127 849 1195 redite,
883 1131 940 1184 et
968 1144 1075 1184 nos
1105 1127 1286 1198 hujus
1317 1127 1400 1184 rei
1449 1127 1773 1200 imparatos
1878 1132 2078 1202 partes
2102 1128 2359 1185 diversas
2383 1126 2765 1196 distribuens,
2788 1129 2888 1184 SS.
2920 1127 3321 1201 apostolorum
3353 1146 3525 1186 reno-

78 1217 337 1275 omnino
363 1217 897 1291 respondete,cum
915 1222 973 1273 et
1000 1217 1168 1273 nobis
1193 1215 1471 1273 fratribus
1487 1215 1773 1272 deducen-
1879 1218 2051 1275 vabat
2073 1222 2129 1273 ct
2153 1217 2603 1291 repraesentabat
2619 1216 2974 1289 primitivam
2998 1216 3337 1290 imaginem.
3372 1220 3522 1284 Quo-

82 1306 173 1365 dis
204 1306 450 1381 desunt
482 1306 644 1379 equi.
675 1310 850 1379 atque
889 1306 1199 1379 stipendiis
1247 1305 1765 1362 conducendorum
1879 1322 2011 1362 rum
2042 1306 2224 1379 igitur
2252 1308 2539 1362 bonorum
2588 1305 2867 1362 eminenti
2916 1307 3348 1377 perseverantia
3403 1308 3521 1363 dux

79 1396 346 1452 fratrum
384 1395 618 1452 desunt
648 1394 960 1453 clitellarii.
1880 1394 2208 1453 Richardus
2240 1393 2649 1451 Fiscannensis
2678 1393 2933 1450 ecclesiae
2965 1398 3121 1450 totus
3150 1394 3519 1469 alligabatur,

148 1485 325 1553 Quod
346 1500 735 1543 reversarum
747 1484 1072 1559 legatorum
1088 1483 1368 1541 relatione
1382 1484 1500 1541 dux
1514 1482 1770 1557 inclytus

85 1574 512 1651 comperiens,
536 1573 824 1641 extimuit,
859 1572 1193 1646 multosque
1218 1588 1401 1646 equos
1428 1576 1484 1629 et
1525 1572 1767 1630 clitella-

80 1664 204 1723 rios
226 1663 514 1720 festinus
525 1662 898 1736 praeparavit;
924 1679 1072 1736 quos
1095 1662 1519 1719 revertentibus
1538 1662 1767 1735 legatis,

83 1753 145 1827 Β.
183 1751 518 1809 memoria:
567 1750 764 1807 abbati
822 1750 1134 1808 Guillelmo
1182 1751 1485 1807 humiliter
1519 1750 1764 1808 remisit.

80 1845 247 1898 Tune
265 1842 338 1911 B.
361 1841 568 1898 abbas
589 1840 757 1897 ducis
778 1839 1281 1915 importunitatem
1310 1843 1367 1896 et
1395 1856 1766 1913 perseveran-

88 1931 261 2001 tiam,
284 1933 485 2003 atque
511 1930 581 1985 de
602 1928 1045 2002 importunitate
1064 1933 1123 1986 et
1150 1929 1580 2002 perseverantia
1608 1945 1765 1985 com-

86 2035 360 2094 pensans
421 2018 616 2074 animi
666 2017 1026 2075 voluntatem
1067 2021 1124 2074 et
1172 2016 1538 2074 devotionem
1571 2017 1765 2088 istam,

87 2107 345 2173 collecta
377 2105 794 2183 spiritualium
819 2105 1064 2163 fratrum
1088 2105 1469 2163 multitudine
1490 2106 1764 2174 maxima,

86 2195 201 2254 iter
233 2197 534 2271 arripuit,
566 2196 888 2270 paucisque
916 2196 1123 2253 diebus
1152 2196 1436 2263 decursis,
1468 2194 1769 2251 aestuantis

93 2284 270 2361 ducis
304 2285 618 2361 desiderio
636 2301 804 2342 suam
830 2289 887 2342 et
907 2284 1224 2341 multorum
1246 2286 1491 2342 fratrum
1523 2300 1770 2357 praesen-

94 2374 244 2449 tiam
304 2373 612 2447 exhibuit.
646 2376 827 2443 Quem
885 2375 1001 2430 dux
1058 2374 1348 2448 egregius,
1382 2374 1562 2431 totius
1588 2372 1769 2429 animi

1879 1487 2054 1556 atque
2076 1483 2430 1540 utilitatibus
2454 1484 2716 1555 ejusdem
2740 1482 3212 1550 ecelesiae,totius
3224 1484 3524 1557 providen-

1878 1572 1967 1629 tiae
1989 1571 2293 1645 diligentia
2312 1572 2793 1628 transferebatur.
2816 1571 2971 1628 Adeo
2993 1571 3147 1627 enim
3171 1572 3523 1629 Fiscannen-

1877 1661 1960 1718 sis
2010 1660 2265 1718 ecclesiae
2320 1659 2641 1717 illustrium
2672 1659 2931 1716 virorum
2964 1660 3290 1733 regularem
3318 1661 3520 1728 vitam,

1877 1754 1934 1807 et
1964 1749 2305 1824 religionem
2337 1768 2532 1807 veram
2560 1746 2859 1823 diligebat,
2892 1753 2951 1807 et
2970 1748 3222 1823 diligens
3252 1750 3521 1822 frequen-

1877 1840 2040 1895 tabat
2071 1844 2136 1895 ut
2186 1841 2367 1897 totius
2415 1840 2664 1896 ducatus
2694 1838 2787 1896 sui
2818 1836 3077 1905 collecta,
3104 1843 3169 1894 ut
3195 1838 3279 1895 ita
3307 1838 3523 1910 dicam,

1875 1926 2231 2001 pinguedine
2262 1928 2482 1985 ccelesti
2510 1928 2943 2002 congregationi
2973 1926 3293 1984 deserviret
3312 1945 3326 1996 ;
3345 1931 3523 2000 atque

1877 2015 2201 2088 epulaturis
2241 2017 2523 2074 fratribus
2572 2016 2949 2073 servientium
2998 2015 3374 2073 multitudine
3405 2018 3523 2073 fre-

1877 2109 2122 2177 quenter
2145 2106 2268 2178 ipse
2292 2106 2670 2174 ministraret,
2694 2109 2984 2178 tantaeque
3000 2104 3353 2161 humilitatis
3369 2122 3523 2161 com-

1875 2191 2032 2266 pleto
2059 2194 2406 2263 ministerio,
2440 2195 2689 2251 fratrum
2721 2194 2987 2250 omnium
3014 2194 3262 2250 ultimus
3302 2195 3521 2252 reside-

1877 2282 2042 2341 deret
2069 2287 2126 2339 et
2172 2282 2529 2356 regularium
2578 2282 2885 2354 epularum
2943 2282 3270 2339 delectabili
3302 2282 3519 2354 pabulo

1878 2370 2035 2427 reﬁci
2066 2373 2474 2445 congauderet.

98 2463 461 2539 sinceritate
516 2463 812 2537 totiusque
859 2462 1213 2523 sinceritatis
1244 2463 1553 2521 dilectione
1582 2461 1769 2519 susci-
1877 2459 2013 2516 CAP.
2078 2454 2195 2544 XX.
2236 2491 2314 2544 ,τ-
2369 2462 2444 2544 De
2499 2460 2748 2544 libertate
2822 2461 3202 2544 fz'scan'neasis
3278 2461 3520 2544 ecclesiae

97 2550 293 2625 piens,
316 2552 496 2609 velut
528 2557 802 2625 suscepto
833 2553 1080 2621 Christo,
1111 2552 1242 2609 aliis
1269 2553 1483 2609 amotis
1512 2568 1635 2608 serv

97 2640 253 2675 Iit-nae
314 2642 459 2675 {non
519 2641 768 2675 νπιηνπιῖἶο
829 2641 1100 2675 ωηπῖινηιια
1152 2641 1381 2675 anguina
1460 2641 1635 2675 mm“:

1979 2534 2310 2594 monasterii;
2355 2533 2438 2587 vel
2485 2531 2746 2604 quomodo
2801 2530 2918 2586 dux
2963 2530 3194 2586 absolvit
3246 2533 3314 2587 ab
3368 2534 3517 2588 omni

1979 2606 2313 2675 piscoporum
2331 2603 2486 2674 jugo.

84 2640 279 2709 'tibus,
314 2642 460 2713 ipse
519 2641 769 2713 propriis
829 2641 1103 2698 manibus
1152 2641 1404 2710 servivit,
1460 2641 1771 2713 medioque

90 2728 288 2786 brevis
336 2730 634 2805 temporis
667 2731 968 2790 intervallo
1000 2732 1358 2788 Fiscannum
1415 2730 1675 2811 deduxit,
1712 2733 1767 2787 et

99 2818 339 2874 Sancta
405 2816 718 2876 Trinitatis
774 2818 1078 2876 ecclesiam
1136 2820 1374 2877 donavit
1421 2824 1480 2876 et
1509 2820 1768 2885 tradidit,

98 2921 370 2985 eamque
395 2906 679 2961 donatam
701 2910 758 2961 et
776 2908 1073 2985 traditam,
1087 2908 1257 2978 juxta
1278 2908 1538 2980 regulam
1569 2907 1627 2962 S.
1665 2912 1768 2962 Be-

98 2995 334 3052 nedicti
371 2995 438 3049 et
468 2993 902 3050 institutionem
935 2996 1165 3068 disponi
1196 3002 1254 3052 et
1280 2997 1537 3052 ordinari
1569 3012 1769 3061 exora-

94 3083 202 3139 vit.
272 3080 559 3148 Donavit,
619 3083 882 3154 inquam,
934 3087 991 3138 et
1048 3085 1287 3140 tradidit
1341 3086 1459 3140 dux
1502 3084 1769 3158 egregius

99 3170 463 3227 Riehardus
480 3170 661 3225 beatae
682 3170 975 3226 memoriae
993 3171 1187 3227 abbati
1209 3172 1519 3229 Guillelmo
1544 3174 1768 3237 Sanctae

1949 2692 2144 2748 Sensit
2163 2691 2342 2765 igitur
2363 2692 2478 2747 dux
2500 2690 2752 2763 inclytus
2773 2692 3160 2763 quorumdam
3175 2691 3519 2748 clericorum

1878 2780 2239 2837 eorrosiones
2269 2784 2325 2836 et
2356 2778 2744 2836 detractiones
2792 2778 3179 2852 praesagiique
3210 2780 3520 2851 cujusdam

1877 2870 2107 2926 futuras
2144 2867 2733 2940 adversitates,quos,
2756 2867 2828 2924 ob
2859 2866 3027 2923 ducis
3058 2867 3305 2924 nimiam
3330 2868 3523 2925 chari-

1874 2962 2078 3025 tatem,
2112 2963 2169 3014 et
2200 2964 2415 3015 sanctis
2470 2958 2739 3015 Ecclesiae
2798 2956 3117 3014 maximam
3160 2956 3522 3031 religionem,

1877 3046 2107 3102 invidizr.
2138 3047 2694 3114 morbusinfecerat,
2718 3046 3080 3118 infectosque
3111 3047 3330 3104 crudeli
3378 3048 3524 3104 inte-

1880 3135 2236 3195 stinilivoris
2260 3134 2527 3192 molestia
2559 3135 2877 3190 cruciabat.
2903 3135 3124 3190 Horum
3156 3151 3292 3207 ergo
3337 3136 3527 3192 detra-

94 3222 457 3315 maag'
485 3222 1767 3329 essangmggiega.et"aenean:
1798 3240 1840 3307 α
1876 3222 3529 3329 berniummalexolentiamdlfxcoepericusﬁlvicowm-

98 3346 448 3404 carnalium
483 3346 1013 3420 expulitenormem
1034 3348 1491 3415 multitudinem,
1513 3364 1763 3421 quorum

102 3435 531 3510 possessiones
560 3436 815 3493 ecclesia
840 3437 1073 3509 penitus
1104 3438 1362 3494 retinens
1391 3441 1449 3493 et
1495 3436 1764 3504 reddens,

70 3550 73 3551 ν
107 3525 382 3599 expulsis
403 3528 467 3582 et
494 3525 749 3583 converti
776 3526 1112 3583 nolentibus
1143 3526 1458 3593 canonicis,
1478 3525 1614 3582 alibi
1639 3542 1769 3581 con-

106 3628 321 3687 gruam
347 3613 613 3671 restituit
628 3615 1185 3687 compensationem.
1204 3614 1379 3671 Nocte
1398 3613 1769 3687 igitur,cujus

105 3701 385 3775 sequenti
406 3702 504 3760 die
522 3701 933 3760 Fiscannensis
949 3702 1195 3760 ecclesia
1208 3701 1542 3775 spirituales
1569 3719 1766 3759 susce-

118 3790 201 3861 pit
228 3790 582 3858 monachos,
613 3790 992 3865 carnalesque
1020 3790 1243 3864 expulit
1262 3790 1591 3855 canonicos,
1624 3790 1769 3863 ipsis

123 3879 430 3939 canonicis
450 3878 708 3938 ecclesiae
732 3879 962 3937 culmen
997 3884 1183 3937 totum
1214 3878 1427 3952 aquilis
1468 3880 1773 3936 videbatur

116 3967 333 4039 operiri
362 3968 619 4041 ;quibus
644 3967 858 4041 aquilis
882 3968 1311 4042 ingredentium
1348 3969 1770 4025 monachorum

116 4054 349 4113 theoria
372 4062 433 4114 et
454 4056 781 4130 spiritualis
808 4057 1053 4124 volatus,
1070 4073 1136 4113 ac
1163 4058 1439 4130 deinceps
1471 4062 1774 4131 protegen-

124 4142 272 4201 tium
305 4145 658 4219 angelorum
688 4146 1006 4204 descensus
1048 4151 1105 4202 et
1134 4146 1494 4204 conversatio
1521 4162 1775 4219 congrue

129 4230 437 4305 figuratur.
474 4234 658 4308 Igitur
686 4235 747 4291 B.
782 4239 840 4291 et
868 4234 1161 4309 gloriosus
1192 4236 1372 4291 abbas
1427 4234 1774 4292 Guillelmus

120 4327 463 4395 susceptam
478 4323 786 4383 ecclesiam
804 4324 979 4396 ccepit
993 4325 1318 4397 gubernare
1329 4328 1386 4379 et
1406 4324 1776 4380 administra-

125 4423 201 4477 re,
237 4414 299 4469 et
318 4412 496 4483 juxta
535 4412 594 4469 S.
628 4412 919 4471 Benedicti
981 4411 1410 4469 institutionem
1469 4412 1777 4484 disponere

132 4498 189 4551 et
203 4500 516 4574 corrigere,
535 4504 709 4573 atque
725 4502 797 4557 de
816 4501 1062 4558 diversis
1082 4500 1396 4573 provinciis
1426 4516 1558 4556 vere
1578 4499 1777 4556 ﬁdeles

135 4600 467 4659 convocare,
501 4594 559 4646 et
591 4590 648 4646 in
680 4591 980 4663 obsequiis
1001 4589 1333 4647 emlestibus
1359 4589 1527 4645 unire
1559 4594 1616 4645 et
1642 4606 1776 4645 con-
1809 4606 1856 4672 Ῑ)

136 4672 821 4752 ﬁrmare.Subitaigitur
845 4679 1218 4736 conversione
1249 4677 1658 4736 Fiscannensis
1688 4695 1777 4734 ec-

143 4761 312 4823 clesia
331 4768 661 4829 caelestium
689 4768 946 4826 virorum
964 4769 1181 4825 studiis
1201 4769 1457 4825 fervebat
1485 4772 1542 4825 et
1570 4768 1779 4840 ﬂagra-

137 4849 534 4921 bat,et«multaa
557 4858 912 4932 opinationis
926 4857 1568 4932 gloriacircumpositas
1598 4856 1777 4913 eccle-

144 4936 260 4999 sias
287 4943 656 5014 praecellebat
701 4950 760 5001 et
787 4946 1160 5002 obscurabat.
1195 4944 1515 5017 Fastigium
1566 4945 1780 5017 quippe

142 5026 305 5085 tantae
360 5032 731 5095 celsitudinis
779 5051 887 5090 sua
941 5038 1349 5093 momentanea
1404 5033 1781 5091 translatione

147 5112 547 5179 Fiscannensis
586 5122 833 5180 ecclesia
862 5124 1346 5196 consequebatur,
1381 5127 1673 5195 quatenus
1701 5122 1782 5178 ita

151 5216 340 5264 omnes
362 5210 684 5275 Galliarum
705 5212 1413 5271 ecclesiastranscendens
1426 5229 1484 5269 re
1505 5211 1778 5268 ethabitu

149 5304 380 5353 summa;
437 5298 761 5373 religionis,
800 5302 1296 5374 quemadmodum
1334 5300 1785 5358 transcendebat

152 5381 310 5443 Verbo
328 5389 383 5441 et
402 5388 643 5462 speciali
672 5389 973 5464 privilegio
990 5407 1109 5447 suae
1130 5390 1605 5463 nuncupationis.
1641 5389 1781 5445 Par-

155 5466 476 5543 cimonia,et
488 5468 772 5551 pudicitia
782 5483 841 5539 et
852 5479 1192 5536 voluntariae
1215 5478 1577 5551 paupertatis
1593 5478 1781 5533 abun-

159 5553 789 5629 dantia,Fiscannensis
819 5565 1066 5622 ecclesia
1118 5564 1286 5631 valde
1334 5565 1623 5630 radiabat,
1656 5563 1785 5619 luce

162 5642 713 5728 Virtutumﬂuarum
753 5655 1043 5713 evidentia
1092 5654 1370 5712 latentem
1414 5671 1534 5711 suae
1566 5654 1784 5724 formae,

1878 3327 1991 3384 que
2012 3312 2496 3383 praasumptiones
2517 3311 2802 3382 superbas
2813 3314 2870 3365 et
2890 3313 3525 3383 prmsumentessuper-

1874 3399 2003 3455 bias
2034 3416 2411 3473 cognoscens,
2442 3399 2625 3454 totius
2674 3398 3070 3465 Northmanize
3108 3397 3431 3473 episcopos,
3456 3406 3521 3456 et

1873 3487 2029 3543 viros
2084 3486 2333 3557 nobiles,
2367 3488 2617 3543 festinus
2674 3487 3027 3542 Fiscannum
3075 3486 3430 3555 convocavit,
3464 3494 3523 3544 et

1877 3575 2288 3633 Fiscannensis
2310 3577 2532 3632 Sancta:
2557 3573 2862 3632 Trinitatis
2893 3574 3221 3642 ecclesiam,
3258 3575 3330 3630 ab
3361 3576 3521 3631 omni

1877 3665 2437 3739 episcoporumjugo
2459 3668 2514 3721 et
2526 3662 3162 3734 consuetudine,justa,
3181 3663 3526 3736 velinjusta,

1876 3741 2093 3827 eripuit
2134 3759 2190 3809 et
2231 3754 2515 3810 liberavit.
2542 3753 2701 3809 Hanc
2724 3756 2919 3810 autem
2952 3751 3284 3808 libertatem
3310 3752 3528 3809 Rotho-

1880 3843 2178 3915 magensis
2209 3842 2688 3915 archiepiscopus
2717 3840 2871 3914 fecit,
2896 3844 2952 3897 et
2973 3840 3095 3896 fieri
3124 3839 3337 3909 voluit;
3357 3845 3533 3914 atque

1881 3931 2027 3989 alias
2076 3932 2518 4004 quatuordeeim
2553 3930 2848 3996 ecclesias,
2881 3930 2954 3986 ob
2975 3929 3161 4003 patris
3191 3929 3283 3985 sui
3314 3947 3535 3987 memo-

1882 4020 2051 4088 riam,
2076 4030 2133 4077 et
2150 4020 2346 4077 fratris
2370 4020 2674 4093 praesentis
2688 4020 3044 4092 jussionem,
3064 4035 3129 4074 ac
3143 4018 3529 4089 voluntatem,

1883 4110 1955 4165 ab
2003 4110 2161 4165 omni
2185 4108 2500 4182 episcopali
2534 4107 2979 4175 consuetudine,
3001 4112 3057 4162 et
3085 4108 3402 4177 exactione,
3432 4110 3534 4165 ab-

1884 4198 2055 4255 solvit
2075 4202 2131 4254 et
2156 4197 2449 4266 liberavit;
2475 4198 2699 4253 donatae
2732 4195 3020 4253 libertatis
3049 4196 3311 4252 chartam
3344 4197 3531 4253 archi-

1883 4287 2214 4360 episcopus,
2231 4286 2448 4358 aliique
2467 4286 2749 4358 episcopi,
2771 4286 2938 4359 signo
2960 4289 3019 4342 et
3039 4300 3326 4341 consensu
3345 4302 3534 4342 corro-

1882 4376 2252 4441 boraverunt,
2278 4381 2452 4447 atque
2485 4375 2918 4447 corroboratam
2951 4374 3211 4429 virorum
3245 4373 3530 4429 nobilium

1887 4463 2403 4537 astipulationibus
2425 4464 2811 4519 tradiderunt.
2838 4461 3093 4535 Cupiens
3110 4480 3247 4536 ergo
3264 4463 3380 4517 dux
3406 4479 3534 4534 pro-

1886 4553 2055 4608 vidus
2077 4558 2338 4608 sanctam
2363 4551 2665 4607 ecclesiam
2688 4550 2876 4607 modis
2889 4551 3163 4606 omnibus
3190 4551 3535 4608 conﬁrmare

1889 4646 1946 4697 et
1964 4642 2331 4713 praemunire,
2349 4641 2662 4696 Robertum
2684 4656 2875 4712 regem
2892 4644 2949 4695 et
2970 4638 3188 4695 multos
3211 4637 3531 4695 Galliarum

1890 4745 2177 4803 proceres,
2198 4729 2549 4785 Fiscannum
2568 4727 2903 4794 accersivit;
2938 4731 3111 4799 atque
3131 4726 3308 4801 regali
3336 4727 3537 4784 charta

1890 4823 1946 4875 et
1973 4817 2336 4884 auctoritate,
2369 4832 2728 4886 suorumque
2758 4813 3071 4887 azqualium
3111 4832 3421 4884 consensu,
3480 4821 3537 4873 et

1890 4905 2323 4978 astipulatione,
2345 4904 2416 4959 ab
2439 4903 2597 4959 omni
2617 4903 3021 4975 episcoporum
3038 4904 3183 4977 jugo
3210 4909 3268 4960 et
3299 4922 3539 4963 consue-

1887 4995 2091 5051 tudine
2123 4994 2574 5051 Fiseannensem
2606 4991 2909 5048 ecclesiam
2934 4993 3150 5067 eripuit
3166 4997 3223 5050 et
3247 4992 3536 5064 liberavit,

1888 5088 1945 5141 et
1965 5101 2133 5139 suam
2158 5098 2519 5153 suorumque
2542 5079 2829 5137 nobilium
2850 5082 3113 5139 chartam
3135 5087 3193 5139 et
3222 5083 3538 5140 ordinatio-

1890 5190 2023 5229 nem
2062 5171 2315 5227 firmavit
2345 5176 2403 5226 et
2432 5171 2843 5227 corroboravit.

1890 5264 2023 5319 CAP.
2077 5260 2219 5334 XXl.
2254 5293 2321 5299 ———
2371 5258 2665 5334 Quomodo_
2700 5258 3031 5334 Guillelynu;
3081 5262 3247 5334 abbas
3288 5265 3539 5334 perrexit

1953 5336 2116 5417 jussu
2357 5336 2409 5388 et
2438 5331 2696 5403 quomodo
2741 5332 3042 5403 privilegia
3068 5349 3101 5387 α
3130 5331 3350 5388 domino
3390 5348 3537 5404 papa

1960 5406 2229 5531 agitati;
2266 5473 2450 5547 igitur
2480 5474 2892 5530 Fiscannensis
2921 5472 3249 5529 constitutae
3280 5471 3538 5528 libertati

1890 5564 2009 5620 dux
2030 5563 2355 5619 Richardus
2371 5562 2808 5634 congratulans,
2828 5562 3205 5632 futuramque
3220 5576 3537 5632 perennem

1896 5652 2112 5709 mentis
2129 5651 2437 5707 vivacitate
2459 5650 2804 5718 discutiens,
2836 5649 3017 5705 beatae
3043 5648 3337 5706 memorie
3380 5647 3543 5706 Guil-
