3894 6214
364 378 484 442 ’123

1167 381 1358 445 ΒᾸΞΟ.
1403 383 1484 445 ΧΙ
1529 381 1757 445 AUCT.
1803 378 2118 443 INCERTI
2163 379 2354 442 ANNI
2400 380 2499 442 ET
2544 379 3088 442 SCRIPT.’AAE£U.

3657 356 3782 438 724

367 511 612 572 lelmum
635 513 907 572 abbatem
931 515 1316 588 compellavit,
1337 532 1571 587 suaeque
1592 515 1900 587 legationis
1933 514 2012 568 in-
2045 514 2099 581 Α
2129 514 2720 586 ctum,injunctaeque
2738 511 3048 586 legationis
3063 509 3324 569 officium
3361 509 3608 568 feliciter
3637 529 3781 570 con-

368 604 578 676 juncto
601 605 898 672 officio,ad
927 605 1196 660 Romane
1222 605 1377 660 sedis
1409 603 1783 677 apostolicam
1815 606 2018 658 auctu-

370 694 626 761 ritatem,
661 693 864 750 multis
920 698 1201 749 onustum
1249 694 1436 748 xeniis
1487 693 1714 747 direxit.
1749 691 2018 747 Confecto

368 782 568 854 itaque
595 781 823 850 itinere,
847 782 1030 838 abbas
1060 781 1410 839 Guillelmus
1444 783 1683 836 Romam
1734 780 2016 852 pervenit,

368 875 426 928 et
450 872 556 944 piae
588 871 880 928 memoriae
925 888 1088 943 papze
1119 871 1448 937 Benedicto,
1471 870 1756 925 adventus
1787 869 1878 925 sui
1927 887 2018 925 ra-

367 959 546 1026 tione,
597 963 654 1016 et
707 959 993 1015 mittentis
1051 959 1218 1014 ducis
1268 957 1626 1014 voluntatem
1685 958 1930 1030 aperuit,
1965 963 2022 1014 et

371 1047 535 1104 factis
559 1047 769 1104 charta:
787 1047 1314 1114 confirmationem,
1334 1051 1389 1102 et
1411 1047 1713 1118 apostolici
1735 1047 2019 1119 privilegii

373 1135 802 1205 auctoritatem,
831 1153 1058 1209 magnae
1085 1135 1442 1191 humilitatis
1473 1135 1732 1192 oratione
1764 1153 2024 1208 congrua

371 1224 706 1298 postulavit.
726 1225 880 1298 Papa
895 1225 1077 1296 igitur
1096 1224 1641 1294 Benedictus,ducis
1652 1224 2018 1294 diligentiam

371 1313 670 1369 admirans
703 1317 759 1369 et
789 1313 1048 1386 suscepti
1077 1313 1250 1370 amici
1275 1313 1593 1386 praesentiae
1612 1330 1907 1370 summam
1929 1329 2021 1368 εκε-

369 1400 721 1468 cellentiam,
763 1401 1064 1474 privilegia
1094 1401 1386 1474 postulata
1417 1401 1801 1469 confirmavit,
1837 1408 1893 1456 et
1922 1418 2012 1456 vo-

370 1489 666 1546 luntarius
677 1490 942 1556 tradidit,
967 1495 1024 1546 et
1041 1491 1494 1546 Fiscannensem
1515 1492 1736 1547 Sanctae
1766 1491 2018 1546 Trinita-

369 1577 448 1635 tis
471 1578 778 1636 ecclesiam
796 1579 868 1634 ab
886 1579 1046 1634 omni
1059 1579 1467 1652 episcoporum
1479 1581 1502 1651 j
1516 1597 1645 1653 ugo,
1662 1580 2020 1652 subjectione

372 1671 430 1723 et
486 1668 914 1724 consuetudine
963 1667 1218 1724 liberans
1272 1672 1331 1724 et
1367 1669 1642 1740 eripiens,
1676 1669 1786 1724 sub
1835 1667 2018 1724 solius

372 1756 643 1812 Romanae
675 1755 946 1812 Ecclesiae
969 1757 1392 1829 gubernatione
1419 1761 1475 1813 et
1503 1756 1824 1828 patrocinio
1882 1773 2018 1811 eon-

371 1843 564 1900 stituit
591 1848 648 1900 et
677 1835 956 1917 suscepit.
991 1845 1326 1912 Constituit,
1361 1846 1624 1918 inquam,
1659 1845 2016 1900 Fiscannen-
2049 1883 2097 1947 Β

371 1949 496 1989 sem
553 1933 663 1990 soli
718 1934 991 1990 Romanis
1048 1934 1315 1990 Ecclesiae
1365 1935 1688 2006 subjacere,
1721 1938 1896 2006 atque
1947 1933 2019 1990 ab

371 2022 531 2077 omni
561 2021 808 2078 aliarum
845 2021 1234 2078 Ecclesiarum
1266 2027 1549 2095 potestate
1582 2023 1904 2078 immunem
1965 2027 2021 2078 et

371 2109 705 2166 absolutam
737 2113 794 2167 et
821 2111 1061 2166 omnino
1091 2111 1358 2180 liberam,
1391 2111 1579 2166 forma
1621 2111 2021 2166 Cluniacensis

372 2199 712 2255 monasterii
745 2204 1144 2272 permanente.
1177 2200 1443 2273 Acceptis
1475 2199 1655 2273 igitur
1691 2199 2019 2272 apostolicae

371 2288 738 2344 auctoritatis
769 2288 1075 2360 exquisitis
1125 2289 1464 2362 privilegiis,
1494 2289 1672 2345 beatae
1724 2287 2020 2344 memoriae

369 2375 692 2434 Guillemus
706 2377 887 2433 abbas
901 2378 1110 2434 festino
1125 2377 1790 2435 cursuNorthmanniam
1807 2393 2022 2434 remea-

365 2465 469 2534 vit,
489 2466 734 2524 etducis
755 2467 1027 2523 Richardi
1049 2467 1340 2523 desiderio
1376 2485 1496 2523 suae
1527 2466 1845 2522 voluntatis
1887 2466 2020 2521 effe-

2131 608 2521 668 summatum,
2539 603 2934 659 enucleavitet
2955 601 3228 658 ostendit.
3255 601 3419 658 Unde
3449 601 3784 660 duxineﬂ'a-

2127 690 2320 747 biliter
2349 693 2726 759 exhilaratus,
2761 693 2912 747 trino
2939 695 2994 748 et
3033 691 3138 747 uni
3166 691 3282 748 Deo
3331 691 3554 765 gratias
3595 693 3784 750 totius

2128 780 2475 836 intensionis
2517 783 2731 836 fervore
2763 781 3018 836 reddidit
3053 797 3064 835 :
3103 779 3203 852 qui
3235 779 3566 848 ecclesiam,
3599 798 3782 854 quam

2128 869 2455 926 Richardus
2506 875 2669 942 pater
2697 870 3040 926 fundaverat
3090 874 3267 942 atque
3299 869 3425 942 ipse
3456 869 3644 942 patris
3679 871 3783 926 Ri-

2129 957 2330 1014 chardi
2353 962 2555 1030 rogatu
2578 962 2634 1014 et
2647 957 2915 1029 jussione
2953 957 3345 1030 compleverat
3373 975 3439 1014 ac
3465 959 3784 1015 ordinave-

2128 1051 2238 1112 rat,
2271 1046 2475 1102 divinzs
2507 1047 2894 1119 providentia;
2921 1063 3132 1104 arcano
3179 1047 3443 1115 consilio,
3475 1051 3783 1104 tantarum

2127 1152 2512 1209 personarum
2525 1136 3020 1204 convenientia,ab
3035 1135 3302 1193 omnium
3315 1136 3782 1211 bominumjugo

2128 1228 2185 1279 et
2206 1223 2539 1296 praelatione
2563 1224 2895 1281 absolvebat
2917 1224 3289 1282 etliberabat.
3313 1227 3536 1299 Magnis
3566 1226 3782 1282 deinde

2127 1313 2313 1368 xeniis
2335 1329 2505 1368 suum
2528 1313 2976 1370 dilectissimum
2998 1313 3266 1370 abbatem
3287 1313 3670 1371 Guillelmum
3683 1315 3784 1372 ho-

2131 1401 2375 1470 noravit,
2409 1401 2880 1474 honoratumque
2911 1403 3138 1458 Sancta:
3165 1401 3468 1459 Trinitatis
3518 1403 3779 1460 ecclesiae

2131 1489 2542 1545 Fiscaunensis
2571 1489 2798 1545 remisit
2821 1506 2834 1544 :
2855 1489 3067 1546 iterum
3099 1494 3274 1563 atque
3306 1491 3520 1548 iterum
3549 1492 3781 1549 enixius

2127 1594 2392 1648 exorans,
2425 1583 2714 1650 quatenus
2743 1579 3070 1636 commissae
3103 1579 3380 1648 ecclesiae,
3407 1577 3580 1652 juxta
3607 1577 3780 1655 coepti

2128 1666 2352 1722 ordinis
2368 1666 2733 1740 religionem,
2753 1667 3092 1735 custodiret,
3110 1673 3167 1724 et
3189 1669 3568 1728 custodiendo
3602 1671 3778 1744 perﬁ-

2128 1761 2283 1811 ceret
2313 1772 2378 1810 ac
2425 1757 2816 1812 confirmaret.
2849 1756 3034 1829 Cujus
3059 1762 3293 1814 sanctas
3320 1775 3520 1830 preces
3550 1764 3782 1816 sancta-

2130 1860 2332 1900 runive
2362 1861 2600 1917 precum
2635 1845 2848 1901 nimias
2895 1844 3281 1915 humilitates,
3314 1847 3517 1904 beatus
3563 1848 3778 1919 abbas,

2129 1932 2288 1988 velut
2309 1933 2544 1988 oracula
2559 1933 2658 1990 Dei
2688 1933 3034 2006 suscipiens.
3061 1935 3410 1991 Fiscannum
3440 1936 3707 2004 intravit,
3723 1942 3782 1994 et

2129 2039 2230 2094 per
2253 2023 2570 2078 multorum
2593 2039 2880 2078 annorum
2902 2023 3267 2096 vertiginem,
3293 2041 3482 2096 usque
3510 2025 3584 2080 ad
3606 2025 3762 2081 duca

2129 2116 2254 2166 tum
2272 2111 2732 2184 llierosolymita:
2758 2111 2991 2168 Roberti
3006 2112 3457 2170 Fiscannensem
3471 2112 3782 2170 ecclesiam

2131 2199 2295 2268 rexit,
2317 2200 2731 2272 subjectosque
2753 2217 2891 2256 suos
2913 2201 3085 2256 verbo
3109 2205 3167 2256 et
3187 2200 3451 2274 exemplo
3474 2203 3785 2259 succendit

2129 2293 2185 2344 et
2215 2287 2548 2344 reformavit
2565 2289 2636 2344 ad
2661 2287 2978 2361 imaginem
3009 2293 3066 2344 ct
3096 2287 3566 2360 similitudinem,
3602 2290 3784 2348 hono-

2129 2393 2252 2432 rem
2303 2381 2362 2432 et
2403 2376 2652 2449 gloriam
2687 2377 2784 2432 Dei
2817 2377 3258 2451 omnipotentis,
3283 2379 3386 2452 qui
3431 2379 3574 2436 vivit
3599 2384 3660 2437 et
3692 2397 3782 2439 re-

2129 2469 2270 2539 gnat
2298 2483 2402 2538 per
2428 2466 2628 2522 omnia
2654 2465 2867 2522 saecula
2895 2467 3262 2524 seculorum.
3293 2469 3500 2525 Amen.

657 2759 1218 2875 LIBELLUS
1283 2758 1808 2872 SUPPLEX
1872 2755 2672 2871 MONACHORUM
2738 2759 3490 2876 ARULENSIUM

433 2957 524 3021 Ad
556 2959 776 3020 Patres
801 2957 868 3018 in
897 2956 1161 3019 concilio
1190 2957 1355 3037 apud
1387 2958 1452 3020 S.
1484 2957 1808 3018 Tiberium
1837 2973 1995 3049 anno
2025 2957 2178 3018 1050
2216 2961 2652 3048 copgregatos,
2685 2957 2982 3018 adversus
3007 2957 3320 3019 bonorum
3347 2961 3717 3022 monasterii

1902 3053 2242 3097 anBSOI‘eS.

1671 3169 1905 3239 (MANSI,
1937 3168 2142 3224 Concil.
2175 3185 2288 3237 Xix,
2313 3167 2466 3240 793.)

439 3429 1074 3489 OrthodoxisPatribus
1091 3427 1786 3502 omnigcnaveneratione
1799 3426 2014 3500 dignis,
2047 3410 2090 3478 C
2129 3426 2358 3482 alodem
2388 3427 2460 3482 de
2490 3425 2766 3495 Orlarios,
2799 3427 3160 3484 Gausbertus
3193 3427 3387 3502 ipsum
3419 3430 3491 3486 de
3526 3429 3698 3489 Pidre
3727 3437 3781 3490 et

369 3538 516 3596 quos
537 3525 742 3578 sancta
781 3537 848 3577 ex
905 3519 1150 3575 diversis
1183 3518 1521 3590 aggregavit
1553 3517 1697 3572 ﬁdes
1729 3515 2016 3588 partibus,

366 3627 633 3684 quosque
663 3608 834 3666 rectit
862 3608 920 3662 in
955 3607 1262 3663 dilectione
1295 3607 1679 3662 fraternitatis
1711 3605 2018 3661 vinculum

365 3699 612 3772 geminis
634 3696 960 3763 charitatis,
983 3695 1360 3768 pontificibus
1377 3695 1660 3764 videlicet,
1676 3695 1892 3768 quibus
1907 3694 2019 3750 col-

362 3786 482 3844 lata
510 3790 599 3843 est
629 3803 770 3841 cura
795 3784 1173 3840 ecclesiarum
1206 3783 1328 3852 Dei,
1363 3801 1502 3856 grex
1533 3783 1800 3840 tantillus
1848 3782 2019 3838 alma:

366 3875 472 3932 Dei
489 3873 798 3931 Genitricis
815 3871 1012 3928 Mariae
1036 3873 1279 3929 ccenobii
1305 3873 1516 3929 Arulas
1545 3873 1698 3928 hanc
1719 3871 2014 3945 querimo-

363 3963 474 4020 niae
492 3961 814 4020 clementiae
842 3966 1044 4018 vestrae
1077 3962 1280 4036 dirigit
1304 3962 1600 4035 paginam,
1637 3962 1694 4016 in
1729 3977 1844 4032 qua
1875 3965 2014 4017 sunt

361 4053 641 4108 adnotata
664 4050 882 4124 praedia
913 4069 1038 4124 quae
1067 4068 1129 4108 se
1161 4057 1438 4108 causatur
1455 4052 1526 4107 ab
1553 4050 1788 4120 injustis
1811 4054 1865 4104 et
1887 4067 2012 4121 pra-

362 4141 453 4197 vis
470 4139 810 4196 bominibus
842 4157 943 4213 per
971 4141 1087 4196 vim
1121 4157 1222 4196 seu
1247 4157 1348 4213 per
1378 4140 1720 4194 donationes
1753 4129 2009 4209 illicitas,

365 4245 472 4287 seu
521 4229 632 4286 sub
688 4233 968 4304 praetextu
1028 4229 1347 4302 cujuslibet
1377 4226 1806 4293 fraudulentize,
1840 4243 1873 4281 a
1904 4244 2010 4282 suo

352 4319 489 4392 jure
509 4317 810 4376 distracta.
831 4320 976 4375 Nam
1003 4321 1206 4374 noscat
1228 4317 1463 4372 almitas
1481 4320 1672 4372 vestra
1703 4317 2006 4389 praefatum

361 4407 688 4465 coenobium
713 4408 936 4465 noviter
979 4405 1252 4463 aediﬁcari
1285 4410 1538 4479 coeptum
1571 4423 1675 4479 pro
1705 4409 2005 4462 tantorum

359 4497 677 4556 amissione
691 4498 1064 4572 praediorum,
1081 4513 1194 4552 non
1209 4499 1759 4570 estpossenostrum
1773 4493 1918 4549 illud
1937 4495 2006 4550 ad

357 4588 680 4661 perfectum
727 4603 913 4660 usque
945 4586 1281 4660 perducere,
1316 4583 1643 4641 necessaria
1703 4583 2007 4640 deficiente

357 4693 486 4750 quze
519 4675 932 4736 sustentationi
965 4678 1307 4748 competunt
1345 4673 1678 4746 fragilitatis
1707 4672 1999 4729 humanae.

2129 3516 2199 3572 de
2222 3515 2553 3586 Ursiniano,
2579 3515 2929 3572 Guillelmus
2959 3516 3127 3574 Oliba
3161 3518 3353 3590 ipsum
3379 3519 3451 3574 de
3480 3519 3778 3578 Cornelia-

2127 3603 2588 3673 no,Guillelmus
2625 3605 2874 3662 Joannis
2913 3610 3073 3662 tenet
3116 3605 3174 3664 S.
3209 3606 3453 3663 Mariam
3497 3608 3570 3664 de
3610 3609 3776 3666 Pani-

2127 3710 2241 3763 sar,
2277 3698 2335 3749 et
2365 3694 2525 3766 ipsas
2549 3694 2760 3752 vineae
2792 3695 2862 3750 de
2893 3694 3087 3752 Clusa.
3119 3695 3454 3754 Willelmus
3504 3697 3779 3754 Dalmatii

2124 3780 2320 3854 ipsum
2351 3781 2581 3839 alodem
2615 3783 2688 3839 de
2721 3783 2933 3851 Maras,
2955 3787 3012 3840 et
3041 3785 3113 3841 de
3143 3802 3349 3860 campo
3383 3783 3692 3856 EldriCi,et
3707 3788 3778 3843 de

2123 3874 2413 3938 Tressera,
2439 3875 2496 3928 et
2516 3873 2586 3927 de
2609 3871 2744 3928 villa
2773 3873 3064 3940 Mulacha,
3084 3878 3142 3930 et
3168 3874 3362 3947 ipsum
3381 3875 3450 3930 de
3469 3873 3774 3944 Keixanos,

2123 3959 2452 4016 Bernardus
2479 3961 2650 4016 Oliva:
2687 3960 2914 4018 alodem
2947 3963 3018 4018 de
3049 3963 3346 4031 Rutmors,
3375 3967 3432 4019 et
3461 3965 3532 4020 de
3551 3965 3778 4022 Kastel-

2119 4047 2252 4105 lonc
2283 4053 2338 4104 et
2371 4049 2442 4104 de
2465 4049 2681 4118 Rodas,
2710 4051 2998 4108 Aicardus
3028 4051 3246 4108 Odonis
3295 4051 3524 4108 alodem
3572 4053 3645 4110 de
3675 4053 3780 4110 Ra-

2121 4139 2289 4208 bdos,
2319 4139 2653 4196 Bernardus
2673 4139 2755 4196 Ad
2765 4140 2972 4196 alberti
2999 4139 3306 4197 ecclesiam
3323 4141 3395 4198 de
3413 4141 3774 4206 Chasa‘mori,

2119 4225 2421 4283 Arnaldus
2451 4227 2738 4285 Johannis
2762 4229 2988 4287 alodem
3022 4231 3092 4287 de
3123 4229 3376 4300 Elsinas,
3399 4229 3776 4287 Seniofredus

2121 4314 2364 4372 Mironis
2381 4315 2608 4374 alodem
2623 4318 2694 4374 de
2705 4318 3323 4390 Terradas,etinPines
3336 4319 3599 4376 medium
3611 4336 3776 4376 man-

2119 4405 2694 4475 sum,Deusdefranc
2719 4425 2992 4464 mansum
3029 4425 3214 4464 unum
3245 4407 3304 4464 in
3335 4409 3639 4477 Terrodas,
3672 4409 3772 4465 Se-

2117 4509 2298 4566 garus
2321 4495 2558 4551 Berardi
2584 4497 2743 4570 ipsos
2776 4515 3017 4554 mansos
3047 4501 3104 4554 et
3123 4497 3282 4570 ipsos
3305 4497 3504 4554 alodes
3533 4498 3606 4554 de
3633 4497 3771 4554 Ter-

2120 4583 2316 4652 radas,
2350 4590 2401 4640 et
2435 4583 2496 4639 in
2528 4585 2751 4642 Cirasia
2781 4603 3020 4644 mansos
3049 4591 3188 4655 tres,
3223 4590 3281 4643 et
3309 4587 3470 4660 ipsos
3528 4603 3770 4642 mansos

2114 4689 2247 4728 cum
2281 4671 2448 4730 alode
2477 4674 2548 4730 de
2585 4674 2774 4744 Ortos,
2799 4679 2856 4732 et
2875 4676 3036 4749 ipsos
3068 4691 3304 4732 mansos
3337 4691 3472 4731 cum
3501 4673 3671 4732 alode
3695 4674 3768 4731 de

357 4765 575 4824 Idcirco
605 4765 920 4840 praedictus
955 4770 1074 4822 tam
1104 4764 1282 4821 variis
1311 4764 1548 4820 casibus
1580 4762 1874 4836 fatigatus,
1901 4762 2000 4818 Dei
2034 4779 2082 4843 Π
2113 4759 2254 4818 villa
2279 4763 2500 4833 Rubeo,
2527 4768 2584 4820 et
2612 4765 2773 4837 ipsos
2813 4765 2883 4821 de
2904 4765 3100 4822 Vilaro
3121 4763 3460 4832 castellano,
3483 4768 3541 4820 et
3569 4765 3768 4836 ipsum

356 4855 773 4928 omnipotentis
796 4855 1042 4930 supplex
1061 4859 1428 4926 vestramque
1455 4851 1719 4908 omnium
1744 4851 2006 4924 deposcit

355 4943 747 5012 clementiam,
773 4950 838 5000 ut
868 4945 940 5001 ob
965 4960 1226 5000 amorem
1253 4943 1516 5016 ejusdem
1549 4941 1812 5014 gloriosae
1848 4941 2005 5014 genio

356 5030 520 5087 tricis
541 5031 881 5090 auctoritate
899 5031 1216 5106 pontificali
1241 5032 1524 5088 feriantur
1541 5049 1572 5088 a
1593 5031 1754 5088 vobis
1773 5029 2004 5086 vinculo

347 5121 524 5194 justa
556 5121 978 5189 damnationis,
1009 5128 1067 5178 et
1116 5121 1737 5178 cxcommunicationis
1784 5136 2001 5192 quous-

357 5225 470 5282 que
493 5211 1131 5284 retinuerintprazdicta
1162 5211 1378 5283 praedia
1407 5209 1695 5283 praedicta)
1724 5207 1999 5280 Virginis.

361 5301 496 5354 Haec
523 5303 662 5356 sunt
711 5314 846 5354 vero
879 5299 1117 5354 nomina
1163 5299 1512 5372 prandiorum
1563 5301 1619 5351 et
1651 5295 1906 5352 militum
1939 5313 2004 5352 ea

355 5387 808 5460 possidentium.
831 5387 891 5442 In
915 5387 1121 5458 primis
1142 5387 1368 5456 alodem
1393 5388 1452 5443 S.
1474 5386 1878 5456 Mariae,quem
1906 5384 2005 5440 ha-

357 5474 454 5532 bet
495 5475 555 5531 in
609 5473 887 5530 comitatu
919 5474 1283 5543 Bcrchitano,
1311 5474 1368 5531 id
1415 5475 1588 5532 estin
1623 5472 1840 5531 Marola
1869 5490 2002 5528 cum

356 5563 487 5634 ipsa
511 5561 777 5628 ecclesia,
811 5565 868 5618 et
897 5562 954 5618 in
986 5564 1242 5620 Avisano
1273 5567 1432 5620 tenet
1479 5562 1692 5619 mulier
1741 5561 2003 5618 Reinaldi

365 5649 464 5721 qui
499 5649 609 5706 fuit
641 5649 935 5722 quondam
962 5667 1096 5708 cum
1121 5651 1238 5706 tilio
1271 5649 2005 5710 suo.ltcmundusArnaldi

2115 4850 2342 4908 alodem
2393 4852 2463 4908 de
2510 4855 2680 4910 Costa
2726 4857 2783 4910 et
2826 4853 3024 4927 ipsum
3055 4855 3127 4910 de
3153 4852 3386 4927 Felgus,
3415 4856 3473 4909 et
3503 4853 3576 4909 de
3602 4851 3770 4909 Vale-

2115 4939 2288 5006 della,
2308 4945 2366 4996 et
2393 4941 2465 4996 de
2494 4940 2712 5015 Campo
2743 4943 3052 5000 Sambuce.
3085 4943 3374 5016 Seguinus
3407 4945 3564 4998 tenet
3591 4940 3651 4996 in
3676 4940 3770 4997 Al-

2115 5028 2171 5084 bi
2181 5028 2354 5084 niano
2378 5029 2531 5085 inter
2546 5047 2784 5088 mansos
2804 5036 2862 5088 et
2877 5032 3091 5089 bordas
3108 5036 3356 5104 septem,
3376 5035 3434 5088 et
3455 5031 3654 5103 ipsum
3675 5030 3770 5088 de-

2115 5117 2334 5172 cimum
2363 5119 2434 5190 de
2461 5119 2810 5192 Rabugadas
2846 5137 2980 5177 cum
3013 5121 3275 5178 medium
3307 5135 3606 5188 mansum,
3629 5123 3766 5188 etc.,

2115 5210 2164 5259 et
2187 5205 2370 5261 multa
2398 5207 2510 5262 alia
2537 5209 2706 5264 nobis
2727 5226 2796 5264 au
2813 5209 2938 5266 tert.
2959 5210 3305 5284 Udalgerius
3325 5209 3648 5266 vicecomes
3676 5212 3768 5264 te-

2115 5301 2212 5350 net
2242 5299 2426 5349 totum
2458 5295 2718 5353 alodium
2750 5297 2821 5355 de
2848 5297 3080 5357 Alleles.

2115 5400 2364 5473 Synodus
2391 5402 2690 5459 anathema
2715 5409 3040 5476 pronuntiat
3071 5407 3331 5464 adversus
3360 5408 3638 5463 invasere:
3674 5405 3768 5462 bo-

2643 5491 2840 5533 norum
2871 5480 3212 5535 monasterii.

2185 5564 2325 5614 Cum
2345 5563 2546 5618 sancta
2568 5570 2796 5638 cogeret
2815 5583 2922 5624 nos
2954 5567 3098 5624 ﬁdes
3120 5584 3189 5623 ex
3211 5566 3461 5623 diversis
3483 5565 3544 5623 in
3573 5581 3764 5622 unum

2114 5648 2455 5722 congregari
2486 5653 2774 5725 partibus,
2800 5660 3063 5714 sanctam
3086 5655 3433 5714 celebraturi
3466 5655 3764 5728 synodum
