3894 6214
106 337 224 401 ’725

1300 337 1562 404 SERMO
1604 340 1707 403 DE
1750 339 1812 402 S.
1859 338 2304 407 MARCULFO.

3385 341 3504 410 ’726

107 469 303 529 Idibus
331 467 640 545 Juliiapud
662 469 896 529 beatum
922 470 1427 541 Thiberium,cum
1449 473 1742 548 religioso-
1773 477 1826 545 Α
1853 472 2049 533 ledicti
2073 475 2464 551 ingredientes
2493 479 2550 535 et
2571 476 2952 551 egredientes.
2977 476 3168 535 Mittat
3196 495 3372 553 super
3400 495 3500 538 eos

109 577 235 617 rum
264 559 645 617 multitudine
676 562 977 630 abbatum,
996 569 1054 619 et
1080 564 1633 620 honestissimorum
1664 564 1744 619 vi-

106 666 296 707 rorum
327 649 640 722 utriusque
662 667 856 718 sexus,
891 654 1080 708 aetatis
1127 653 1217 709 vel
1248 654 1472 711 ordinis
1505 673 1518 723 ;
1552 654 1746 710 oblata

105 743 188 795 est
217 738 598 811 querimonia;
627 741 843 813 pagina
878 741 1063 799 oculis
1094 744 1311 798 nostris
1343 760 1410 799 ex
1442 744 1743 799 monachis

105 827 264 884 alma
312 828 509 884 Mariae
540 828 803 902 Virginis
852 831 1115 887 coenobio
1155 832 1372 898 Arulis,
1406 834 1585 889 simul
1607 850 1742 889 cum

106 921 416 990 pranotata
434 918 653 989 praedia
675 934 801 990 qua:
824 919 937 975 sibi
958 921 1030 976 ab
1053 922 1293 992 injustis
1325 921 1611 977 tolluntur
1640 922 1743 977 ho-

105 1005 354 1061 minibus
388 1022 401 1060 :
427 1022 534 1078 pro
552 1023 669 1078 qua
690 1006 1008 1065 amissione
1040 1025 1234 1065 rerum
1268 1010 1557 1082 compulsi
1582 1010 1743 1066 adire

108 1093 467 1167 praesentiam
530 1098 814 1163 nostram,
870 1097 1216 1170 suﬂ'ragium
1271 1102 1608 1171 expetentes
1639 1116 1742 1154 no-

108 1188 315 1239 strum:
340 1184 503 1255 quod
532 1182 647 1239 illis
669 1200 880 1257 negare
905 1202 1020 1241 non
1039 1190 1129 1241 est
1155 1187 1337 1242 nostri
1360 1186 1603 1254 ordinis,
1638 1203 1742 1242 nec

108 1276 495 1338 rectum,cum
520 1272 577 1327 in
603 1272 878 1345 periculis
901 1274 1211 1331 subvenire
1224 1276 1560 1343 debeamus,
1595 1280 1652 1331 et
1682 1275 1741 1330 in

107 1360 442 1417 necessitate
475 1360 809 1417 constitutis
828 1362 1301 1435 ferrejustitiam.
1326 1364 1410 1419 Ob
1436 1364 1543 1420 hoc
1564 1364 1744 1437 igitur

106 1467 202 1506 nos
221 1448 481 1506 humiles
500 1449 640 1506 Jesu
668 1450 1197 1522 Christipontiﬁces
1217 1454 1579 1509 advertentes
1608 1458 1741 1507 tan-

104 1545 213 1595 tam
234 1538 827 1611 tamque‘inauditam
850 1555 1150 1597 servorum
1169 1541 1263 1597 Dei
1286 1542 1737 1613 querimoniam,

102 1627 370 1685 instinctu
404 1629 677 1700 ejusdem
710 1646 1098 1701 provocamur
1130 1631 1200 1686 ad
1252 1631 1741 1703 compescendum

103 1716 401 1787 eamjuxta
442 1734 620 1789 posse
655 1723 923 1773 nostrum
957 1720 1031 1775 ad
1052 1720 1283 1775 decreta
1303 1736 1613 1776 canonum.
1651 1720 1739 1774 Id-

1855 564 2141 622 Dominus
2163 567 2375 622 famem
2398 571 2455 622 et
2478 566 2869 639 pestilentiam
2888 571 2945 621 et
2964 567 3417 638 increpationem
3445 568 3507 624 in

1854 654 2051 710 omnia
2081 671 2256 728 opera
2301 672 2503 712 eorum
2554 673 2681 728 qua:
2732 656 2977 720 faciunt,
3027 655 3211 709 donec
3243 659 3506 711 conterat

1853 758 1953 799 eos
1982 749 2039 799 et
2068 745 2271 816 perdat
2288 743 2559 800 velociter
2581 748 2814 816 propter
2836 742 3274 799 adinventiones
3299 758 3503 798 eorum

1852 834 2226 904 pessimas,in
2250 834 2465 904 quibus
2496 832 2835 905 relinquunt
2866 832 3198 887 Dominum.
3242 830 3507 886 Adducet

1851 922 2134 977 Dominus
2156 939 2330 993 super
2350 921 2478 977 illos
2494 920 2886 994 pestilentiam
2907 921 3092 976 donec
3106 920 3295 975 deleat
3317 935 3418 975 eos
3433 919 3505 975 de

1850 1012 2194 1081 terraquam
2218 1011 2541 1083 possident.
2576 1010 2867 1065 Percutiat
2912 1026 3010 1064 eos
3061 1011 3317 1080 egestate
3340 1012 3397 1063 et
3425 1008 3505 1063 fe-

1850 1097 1939 1152 bri
1963 1102 2018 1153 et
2048 1099 2279 1171 frigore,
2313 1100 2517 1155 ardore
2549 1103 2605 1155 et
2645 1103 2813 1165 aestu,
2843 1102 2900 1153 et
2935 1114 3066 1153 aere
3106 1100 3401 1168 corrupto,
3433 1112 3499 1151 ac

1851 1187 2155 1258 rubigine;
2189 1192 2245 1243 et
2276 1193 2660 1260 persequatur
2712 1204 2813 1243 eos
2844 1188 3026 1242 donec
3057 1189 3318 1257 pereant.
3354 1186 3496 1240 Tra-

1852 1276 1951 1331 dat
1973 1276 2103 1331 illos
2122 1277 2405 1332 Dominus
2435 1280 2772 1331 corruentes
2804 1291 3000 1330 coram
3054 1272 3308 1329 inimicis
3350 1272 3495 1328 suis.

1851 1364 1981 1419 Sint
2005 1365 2285 1420 cadavera
2302 1364 2533 1420 illorum
2557 1363 2890 1420 volatilibus
2908 1363 2969 1418 in
3000 1379 3193 1418 escam
3222 1365 3278 1417 et
3294 1360 3499 1416 bestiis

1851 1457 2038 1517 terras,
2067 1457 2122 1508 et
2145 1470 2259 1507 non
2309 1453 2386 1507 sit
2409 1454 2505 1525 qui
2527 1453 2744 1524 abigat.
2779 1452 2909 1507 Sint
2933 1451 3195 1522 percussi
3220 1450 3495 1515 caecitate,

1850 1546 1907 1596 et
1923 1542 2178 1597 amentia
2199 1559 2265 1596 ac
2288 1542 2481 1596 furore
2504 1541 2718 1595 mentis
2742 1558 2756 1607 ;
2781 1545 2839 1595 et
2888 1539 3125 1610 palpent
3176 1538 3233 1592 in
3258 1536 3500 1592 meridie

1851 1629 2004 1685 sicut
2047 1628 2270 1701 palpari
2309 1629 2456 1684 solet
2478 1645 2663 1683 caesus
2687 1627 2746 1682 in
2788 1626 3045 1682 tenebris
3073 1643 3084 1679 :
3114 1629 3171 1679 et
3198 1640 3311 1677 non
3360 1622 3500 1677 diri-

1850 1721 2064 1790 gantur
2082 1733 2322 1789 gressus
2351 1734 2573 1772 eorum.
2610 1715 2919 1771 Maledicta
2941 1714 3059 1769 sint
3081 1711 3270 1783 capita
3300 1725 3501 1765 eorum

102 1804 378 1879 circoego.
401 1806 703 1861 Wifredus
728 1806 893 1862 almae
920 1808 1121 1880 prima:
1144 1809 1425 1864 Narbona:
1451 1811 1741 1881 metropo-
1773 1843 1821 1908 Β
1851 1823 1955 1878 per
1979 1810 2200 1876 septem
2234 1810 2454 1877 portas,
2509 1805 2565 1858 id
2619 1808 2709 1859 est
2756 1820 2859 1875 per
2897 1818 3105 1908 ‘n'arcs‘,
3134 1804 3189 1908 et
3220 1815 3417 1908 aures,
3449 1800 3507 1853 et

102 1892 307 1951 litanus
327 1894 690 1960 confirmat
727 1895 847 1968 Ugo
879 1897 1192 1968 episcopus
1224 1896 1544 1953 Uzetensis.
1574 1902 1600 1962 t
1636 1898 1740 1951 Ar-

101 1980 283 2038 nallus
312 1982 633 2055 episcopus
662 1982 1112 2055 Magalonensis.
1146 1990 1173 2050 *τ
1210 1985 1593 2057 Berengarius
1618 1985 1739 2056 epi-

102 2070 690 2143 scopusBiterrensis.
722 2077 749 2137 1‘
774 2072 1103 2127 Bernardus
1123 2074 1430 2144 episcopus
1449 2073 1745 2129 Lutovien-

102 2156 193 2214 sis.
224 2163 251 2224 ’r
275 2159 598 2215 Gontarius
620 2160 930 2231 cpiscopus
953 2160 1281 2234 Agatensis.
1311 2166 1335 2226 ’τ
1360 2161 1743 2233 Berengarius

101 2245 399 2319 episcopus
420 2246 694 2304 Elnensis
709 2247 796 2304 Illi
828 2248 930 2320 qui
953 2249 1193 2305 fuerunt
1214 2250 1283 2306 ad
1306 2250 1740 2306 subversionem

98 2334 161 2390 de
191 2336 361 2404 Malo,
395 2338 473 2393 de
504 2340 559 2392 S.
596 2336 799 2405 Maria,
833 2338 904 2393 de
936 2337 1173 2406 Riarde,
1205 2338 1425 2394 Roland
1476 2337 1744 2393 videlicet

98 2427 150 2478 et
175 2423 268 2480 alii
300 2426 403 2497 qui
423 2425 696 2481 concensi
720 2426 976 2494 fuerunt,
1012 2443 1146 2483 cum
1169 2425 1376 2499 legatis
1402 2431 1742 2482 casterorum

100 2512 570 2587 coepiscoporum
594 2518 932 2571 nostrorum
955 2520 1013 2571 et
1026 2532 1161 2571 cum
1180 2514 1495 2571 abbatibus
1513 2514 1741 2586 religio-

104 2601 177 2657 sis
196 2618 263 2658 ex
282 2602 534 2660 diversis
557 2604 862 2660 ordinibus
884 2604 1105 2661 Gothiae
1122 2622 1188 2661 ac
1207 2605 1458 2677 Spanize,
1483 2603 1744 2660 nolentes

105 2691 423 2749 exorbitare
446 2709 480 2749 a
500 2692 718 2766 regulis
730 2694 831 2750 SS.
855 2694 1349 2765 Patrum,accensi
1371 2694 1609 2750 flamma
1625 2694 1746 2765 Spi-

106 2778 246 2836 ritus
264 2780 481 2849 sancti,
510 2783 874 2853 percutimus
893 2798 1013 2849 eos,
1047 2783 1146 2856 qui
1201 2783 1260 2837 in
1320 2800 1498 2854 supra
1528 2781 1746 2854 scripta

105 2866 269 2941 culpa
283 2872 466 2941 atque
486 2868 840 2942 negligentia
860 2876 1000 2927 sunt
1050 2877 1151 2927 aut
1199 2875 1368 2927 erunt
1391 2871 1620 2931 irretiti.
1655 2886 1745 2925 se-

102 2957 363 3012 cundum
387 2957 546 3026 quod
564 2956 622 3011 in
645 2957 817 3029 culpa
839 2964 976 3014 sunt
1006 2963 1108 3016 aut
1123 2964 1295 3016 erunt
1322 2959 1627 3031 implicati,
1648 2975 1749 3032 per

102 3042 373 3115 gladium
393 3042 666 3110 Patris,et
687 3045 902 3113 Filii,et
920 3047 1173 3117 Spiritus
1194 3048 1468 3117 sancti,et
1494 3064 1596 3119 per
1616 3064 1748 3103 ana-

101 3130 642 3188 thematizationem
664 3132 927 3189 omninm
942 3151 1069 3206 qua:
1091 3136 1493 3202 sunt,t‘uerunt
1512 3143 1566 3191 et
1580 3138 1752 3190 erunt

1852 1893 2074 1959 oculos,
2107 1900 2164 1949 et
2212 1910 2316 1965 per
2354 1894 2599 1948 buccam
2636 1908 2861 1947 eorum.
2897 1888 3272 1945 Maledictum
3304 1885 3381 1942 sit
3413 1902 3502 1940 ce-

1854 1984 2089 2038 rebrum
2123 1998 2348 2044 eorum.
2371 1980 2846 2053 capilli,humeri,
2877 1978 3381 2044 brachia,manus,
3415 1973 3501 2029 di-

1852 2070 1981 2143 giti,
2013 2071 2194 2137 frons,
2220 2070 2373 2137 cilia,
2395 2070 2630 2142 linguae,
2655 2069 2879 2135 dentes,
2900 2067 3073 2139 gulae,
3107 2069 3333 2138 pectus,
3366 2064 3501 2118 dor-

1854 2176 2010 2226 sum,
2040 2176 2157 2226 cor,
2190 2164 2409 2222 venter,
2462 2158 2800 2223 umbilicus,
2852 2155 3151 2220 interiora,
3192 2151 3497 2218 exteriora,

1853 2252 1910 2303 et
1939 2248 2279 2318 posteriora,
2313 2246 2528 2314 vitalia,
2560 2246 2852 2318 inguines,
2884 2260 3085 2307 coccaa,
3118 2240 3391 2314 geniculi,
3424 2240 3501 2294 ti-

1852 2336 1982 2403 δίει),
2035 2335 2157 2403 tali,
2190 2336 2386 2407 pedes,
2421 2335 2651 2407 planta},
2694 2331 2945 2400 articuli,
2976 2348 3156 2397 venm,
3180 2331 3495 2399 juncturaa,

1853 2424 2099 2491 viscera,
2132 2441 2288 2488 ossa,
2323 2421 2734 2478 mcdulla.Hsec
2753 2420 2952 2477 omnia
2972 2417 3400 2490 praenominata
3429 2414 3497 2469 i1-

1853 2512 2046 2568 lorum
2074 2512 2383 2567 maledicta
2404 2512 2523 2565 sint
2552 2509 2667 2565 nisi
2713 2506 3085 2579 resipuerint,
3118 2508 3173 2560 et
3200 2505 3271 2560 ad
3301 2520 3498 2560 veram

1853 2601 2254 2674 pmnitentiam
2276 2599 2558 2655 venerint.
2591 2599 2656 2653 Et
2686 2598 2808 2653 haec
2838 2595 3040 2669 regula
3072 2591 3501 2649 maledictionis

1854 2696 2030 2763 atque
2054 2688 2665 2745 anathematizationis
2687 2689 2970 2750 servetur,
2995 2687 3053 2739 et
3082 2685 3422 2754 permaneat
3442 2680 3503 2735 in

1855 2780 2132 2837 omnibus
2164 2780 2484 2851 primatum
2503 2774 3137 2844 ecclesiis.Quicunque
3167 2770 3348 2842 igitur
3368 2784 3502 2824 cum

1857 2867 2297 2941 praenominatis
2354 2865 2696 2921 hominibus
2754 2862 2935 2918 locuti
2982 2859 3201 2916 fuerint
3232 2856 3503 2923 scienter,

1857 2955 1969 3012 nisi
1993 2956 2305 3012 emendare
2325 2971 2423 3010 eos
2447 2953 2663 3009 hortati
2687 2950 2924 3019 fuerint,
2957 2953 3060 3005 aut
3081 2964 3213 3004 cum
3233 2946 3315 3003 eis
3339 2962 3502 3001 man-

1859 3043 2217 3109 ducaverint,
2251 3043 2526 3109 biberint,
2560 3039 2924 3106 dormierint,
2958 3037 3017 3092 in
3040 3038 3307 3109 aliquove
3324 3037 3505 3107 parti-

1859 3131 2032 3204 cipati
2067 3130 2306 3198 fuerint,
2365 3129 2477 3184 nisi
2510 3127 2899 3200 resipuerint;
2948 3126 2997 3181 si
3029 3124 3273 3181 clericus
3303 3123 3501 3190 fuerit,

103 3218 365 3276 ﬁdelium
409 3220 533 3290 Dei,
568 3220 682 3277 nisi
726 3222 797 3277 ad
820 3205 1014 3278 veram
1038 3223 1438 3295 paenitentiam
1460 3224 1743 3293 venerint,
1777 3205 1819 3270 C
1858 3220 2091 3292 proprio
2124 3218 2324 3273 ordine
2348 3216 2792 3289 periclitabitur,
2822 3215 2871 3269 si
2917 3212 3103 3268 laicus
3135 3215 3238 3266 aut
3265 3211 3501 3278 femina,

103 3310 157 3363 et
184 3309 517 3365 secundum
556 3326 727 3381 posse
753 3309 987 3366 illorum
1014 3309 1468 3377 emendaverint,
1503 3311 1623 3366 sint
1652 3327 1744 3365 ex-

106 3400 285 3452 torres
317 3414 350 3453 a
382 3397 692 3453 liminibus
724 3402 940 3454 sanctae
979 3397 1078 3455 Dei
1099 3398 1387 3464 Ecclesiae,
1422 3398 1480 3453 in
1508 3399 1747 3454 anathe-

108 3484 476 3542 matizatione
510 3486 629 3541 sint
650 3502 856 3543 omnes
881 3487 1154 3559 superius
1177 3485 1483 3551 nominati,
1517 3503 1748 3543 omnes-

110 3587 215 3642 que
244 3573 685 3631 maledictiones
705 3575 929 3631 Veteris
946 3574 1157 3631 etNovi
1186 3574 1543 3631 Testamenti
1576 3592 1753 3647 super

111 3675 303 3718 eorum
336 3662 530 3735 capita
547 3662 1034 3735 multiplicamus.
1069 3662 1358 3719 Maledicti
1393 3662 1514 3719 sint
1534 3663 1593 3717 in
1612 3663 1750 3718 civi-

111 3750 236 3816 tale,
269 3749 563 3807 maledicti
593 3750 652 3806 in
692 3767 852 3822 agro,
887 3750 1201 3807 maledicta
1237 3750 1445 3807 horrea
1469 3768 1670 3807 eorum
1696 3755 1753 3806 ct

116 3835 338 3894 cellaria
351 3838 879 3906 eorum,maledicti
895 3839 1009 3895 cibi
1031 3857 1231 3896 eorum
1257 3844 1315 3895 et
1333 3838 1588 3911 reliquiae
1604 3839 1755 3911 ipso-

116 3938 257 3991 rum,
288 3926 603 3983 malediota
637 3927 755 3983 sint
777 3927 1051 3984 inferiora
1072 3926 1291 3984 ventris
1308 3944 1510 3983 eorum
1544 3932 1601 3983 ct
1632 3927 1751 3981 fru-

117 4014 236 4068 ctus
247 4017 413 4072 terra:
433 4015 696 4088 ipsorum
708 4020 991 4083 ,armenta
1004 4022 1063 4072 et
1079 4032 1285 4089 greges
1316 4016 1580 4088 ipsorum
1602 4034 1614 4085 ;
1637 4034 1755 4072 ma-

1856 3308 1971 3363 nisi
1995 3309 2334 3379 paupertate
2358 3309 2459 3360 aut
2490 3308 2645 3359 metu
2679 3302 3081 3374 deprehensus
3126 3298 3323 3364 fuerit,
3359 3314 3505 3369 prae-

1858 3396 2013 3451 dicta
2041 3394 2418 3450 damnatione
2448 3392 2834 3464 perdendum,
2890 3393 2952 3459 et
3001 3386 3503 3443 anathematizan-

1858 3485 2002 3539 dum
2060 3487 2116 3538 et
2173 3479 2804 3537 excommunicandum
2864 3492 2926 3532 se
3000 3492 3129 3532 esse
3200 3474 3504 3547 perhorre-

1853 3577 2005 3628 scat.

1930 3663 2071 3716 Acta
2092 3658 2349 3732 synodus
2370 3658 2428 3713 Id
2439 3674 2506 3713 us
2528 3654 2669 3712 Julii
2691 3671 2844 3710 anno
2861 3652 3146 3709 incarnati
3162 3651 3333 3707 Verbi
3348 3650 3508 3717 4050,

1862 3749 2181 3805 indictione
2212 3763 2297 3816 ιιι,
2330 3763 2482 3802 anno
2511 3763 2602 3812 xx,
2638 3747 2919 3817 regnante
2970 3758 3102 3815 rege
3156 3740 3402 3796 Henrico
3451 3739 3511 3793 in

1863 3838 2127 3901 Francia,
2179 3836 2315 3891 anni
2340 3834 2479 3908 cycli
2526 3833 2710 3889 octavi
2744 3831 2955 3887 decimi
3001 3848 3079 3886 v1.
3114 3830 3378 3902 Sriptum
3411 3844 3513 3899 per

1863 3943 2077 3982 manus
2108 3924 2281 3981 Oliva:
2316 3929 2341 3989 ’r
2397 3920 2815 3987 Guislibertus,
2847 3919 3037 3993 gratia
3070 3916 3172 3974 Dei
3202 3915 3512 3989 episcopus

1863 4014 2331 4081 Barcinonensis,
2364 4011 2665 4067 Wil‘redus
2698 4007 2909 4082 praesul
2943 4012 2995 4074 λγ.

820 4291 1243 4384 SERMO
1314 4292 1479 4382 DE
1552 4289 2034 4385 SANCTO
2105 4286 2789 4382 MARCULFO

1171 4467 1451 4523 ABBATE
1490 4466 1868 4535 NANTENSI,
1938 4465 2070 4522 CON
2081 4463 2413 4521 FESSORE.

214 4587 484 4658 (MABILL.
518 4591 651 4647 Acta
680 4591 778 4647 SS.
810 4591 1033 4659 Bened.,
1063 4596 1201 4647 Saec.
1232 4590 1329 4659 VI,
1354 4607 1411 4662 p.
1444 4607 1504 4646 ιι.
1538 4607 1594 4662 p.
1626 4591 1751 4658 517,
1775 4606 1844 4646 ea:
1868 4607 1971 4646 ms.
2005 4590 2184 4646 codice
2211 4590 2447 4647 caenobii
2472 4591 2532 4646 S.
2563 4587 2827 4643 Vincentii
2853 4583 2997 4657 apud
3011 4578 3383 4650 Laudunum.)

181 4869 231 4927 l.
277 4872 611 4930 Venerandi
644 4874 844 4931 Patres
896 4890 962 4930 ac
992 4874 1191 4931 dilecti
1240 4875 1470 4941 fratres,
1513 4890 1661 4947 quos
1692 4873 1885 4937 inyt'?
1928 4892 2003 4923 ξδ’
2034 4890 2062 4926 ·ι
2086 4890 2097 4917 ι
2125 4889 2235 4927 wn
2280 4872 2486 4941 (Prov.
2525 4885 2671 4937 xxv,
2709 4868 2765 4939 2)
2798 4867 2898 4938 (1),
2952 4865 3337 4936 Quapropter,
3369 4860 3515 4918 deli-

125 4954 284 5017 domo
315 4980 421 5020 sua
443 4963 599 5018 Deus
620 4962 883 5019 habitare
905 4963 1041 5019 facit
1063 4963 1749 5033 unanimes,exhortatio-

124 5045 211 5102 nis
241 5056 448 5108 nostra:
503 5050 781 5124 alloquia,
814 5053 932 5108 imo
962 5052 1170 5108 divinae
1234 5052 1467 5108 virtutis
1500 5052 1756 5125 insignia

125 5131 266 5191 beati
296 5139 562 5197 Marculli
620 5141 847 5196 meritis
880 5145 1113 5197 ostensa
1142 5145 1469 5197 vestrorum
1505 5140 1755 5213 benigno

129 5226 439 5300 percipiant
470 5247 679 5285 aures:
732 5231 1041 5287 Salomone
1080 5235 1352 5295 testante,
1390 5231 1507 5285 imo
1536 5231 1754 5302 Spiritu

132 5320 316 5372 sancto
366 5318 700 5376 Salomonis
748 5338 847 5376 ore
898 5320 1193 5391 loquente,
1251 5318 1568 5376 didicimus
1622 5319 1759 5391 quia

130 5399 294 5467 Gloria
323 5425 516 5479 regum
548 5409 726 5465 celare
774 5409 1016 5477 verbum,
1049 5408 1228 5478 gloria
1262 5423 1385 5463 vero
1412 5409 1513 5464 Dei
1534 5408 1756 5462 investi-

1861 4961 2130 5029 ctissimi,
2163 4962 2357 5015 vestra
2415 4956 2648 5014 dilectio
2708 4954 2933 5012 noverit
2991 4970 3100 5009 nos
3131 4950 3515 5023 investigasse

1867 5050 2130 5123 quaedam
2163 5065 2406 5120 operum
2461 5045 2781 5102 Salvatoris
2839 5043 3025 5100 nostri
3060 5041 3315 5113 Dei,quae
3348 5040 3517 5096 Pater

1864 5140 1993 5209 ejus
2016 5155 2117 5210 per
2134 5142 2428 5202 naturam,
2460 5140 2659 5191 noster
2686 5151 2820 5190 vero
2870 5150 2973 5206 per
3021 5129 3292 5204 gratiam,
3327 5144 3516 5200 usque

1866 5227 2039 5282 modo
2069 5231 2362 5297 operatur,
2396 5230 2453 5281 ct
2479 5224 2634 5280 idem
2668 5222 2850 5279 Filius
2904 5218 3133 5294 operari
3178 5234 3312 5274 cum
3346 5216 3515 5270 Patre

1868 5333 1982 5371 non
2011 5316 2243 5371 desinit.
2280 5316 2465 5388 Igitur
2522 5313 2713 5370 ﬁdelis
2770 5329 2835 5368 ac
2864 5309 3002 5367 boni
3051 5303 3371 5364 testimonii
3403 5300 3513 5355 viri

1867 5404 2052 5461 relatu
2111 5405 2503 5477 comperimus
2564 5402 2719 5475 quod
2781 5400 2852 5456 ad
2912 5397 3158 5472 gloriam
3218 5390 3317 5447 Dei
3379 5404 3510 5443 san-

195 5525 269 5604 (1)
298 5529 397 5587 Hic
444 5532 610 5593 locus
666 5533 839 5589 hodie
879 5534 940 5588 in
993 5532 1243 5604 Vulgata
1303 5537 1504 5589 nostra
1559 5532 1849 5588 contrario
1899 5546 2075 5585 sensu
2108 5530 2192 5586 sic
2239 5530 2475 5586 effertur
2506 5544 2519 5583 :
2556 5527 2740 5582 Gloria
2764 5526 2861 5580 Dei
2891 5527 2968 5579 est
2994 5521 3169 5576 celare
3200 5513 3444 5581 verbum,
3466 5514 3519 5568 et

134 5591 297 5661 glcria
320 5619 505 5675 regum
535 5591 862 5676 investigare
890 5591 1211 5661 sermoneJm.
