3894 6214
339 365 458 430 ’12⁵1

1076 365 1262 430 sec.
1307 366 1388 429 x1
1432 363 1660 430 AUCT.
1705 361 2021 428 INCERTI
2063 359 2252 422 ANNI
2295 341 2397 424 ET
2439 361 2738 426 sempr.
2784 368 3010 422 ’mn.

3635 363 3756 430 πε

351 492 698 576 οἱοέιὶωίῃιθ
753 501 882 574 ejus
938 501 1217 558 honorem
1251 480 1460 556 litteris
1491 501 1726 556 tradere
1757 494 1984 552 studui-
2013 493 2072 562 Α
2099 495 2376 553 ﬂuctibus
2405 495 2478 553 ad
2503 497 3091 571 monasterii-portum
3109 493 3756 575 convolaverat,lbique'

555 599 586 614 Ὗ·
666 595 721 614 τ,“
728 596 740 612 ἰ

348 611 486 653 mus
555 599 586 614 "
666 599 740 614 "“
1143 599 1425 642 ΓθπννΨθκ

267 640 284 650 .
493 637 581 650 ._
653 640 864 662 κγ...
1423 641 1425 643 .
1736 641 1810 648 ..

355 679 375 687 “
421 687 478 741 2.
499 683 674 740 Nocte
695 686 976 755 sequente
988 681 1142 737 diem
1163 679 1640 736 Annuntiationis
1659 676 1995 746 Dominicaa,

351 767 413 830 in
444 771 690 832 ecclesia
717 771 776 827 in
800 788 918 844 qua
946 771 1152 826 beatus
1176 768 1496 824 Marculfus
1529 766 1840 838 requiescit
1869 783 1995 822 cor-

351 861 696 935 pore,talem
709 860 980 915 virtutem
1004 859 1184 915 Deum
1208 857 1502 913 credimus
1525 859 1993 929 cperatumcsse.

354 949 570 1007 Eadem
605 964 860 1020 namque
890 949 1058 1002 nocte
1081 947 1208 1018 jam
1241 945 1557 1012 mediante,
1606 944 1888 1001 exstincto
1936 944 1995 999 in

353 1036 600 1095 ecclesia
651 1035 900 1092 lucernae
957 1033 1202 1100 lumine,
1263 1033 1446 1090 solitze
1479 1034 1668 1089 noctis
1699 1032 2001 1088 redierunt

357 1126 632 1184 tenebras.
663 1125 931 1180 Edituus
980 1123 1231 1194 denique
1281 1139 1314 1178 a
1339 1139 1546 1178 somno
1596 1116 1901 1188 excitatus,
1937 1126 2001 1178 ut

357 1210 772 1286 circumspexit
806 1229 873 1267 ac
902 1212 1086 1266 sensit
1104 1210 1234 1266 luce
1262 1210 1475 1267 visibili
1505 1210 1805 1266 basilicam
1839 1226 1996 1266 care-

357 1302 643 1370 re,relicto
669 1305 858 1358 stratu
884 1301 1295 1356 dormitorium
1327 1306 1382 1356 et
1413 1301 1726 1372 coquinam
1756 1300 1998 1355 fratrum

357 1409 474 1448 non
507 1389 707 1449 timuit
735 1391 916 1460 adire,
977 1394 1268 1462 quatenus
1317 1389 1397 1446 ibi
1446 1389 1688 1445 candela
1719 1403 2000 1445 succensa

360 1481 554 1538 lucem
577 1481 844 1536 redderet
873 1479 1072 1534 domui
1091 1482 1328 1534 sanctae.
1360 1479 1466 1533 Sed
1493 1483 1547 1533 et
1569 1479 1626 1533 in
1660 1477 1998 1534 dormitorio

357 1569 684 1639 lucernam,
714 1572 772 1625 et
801 1568 859 1644 in
886 1567 1016 1640 ipsa
1061 1565 1236 1623 etiam
1259 1567 1510 1638 coquina
1540 1583 1761 1639 prunas
1792 1565 2004 1639 reperit

359 1657 696 1726 exstinctae,
731 1673 845 1712 non
869 1655 1132 1724 fortuitu,
1167 1657 1267 1711 sed
1301 1659 1368 1711 ut
1413 1672 1626 1722 remur,
1661 1659 1726 1711 ut
1759 1655 2002 1710 manife-

361 1749 660 1803 starentur
679 1745 778 1801 Dei
799 1761 992 1818 opera.
1027 1744 1172 1811 Quid
1205 1761 1340 1817 ergo
1364 1744 1516 1800 idem
1536 1745 1784 1800 aedituus
1809 1749 2005 1817 ageret

1143 591 1425 642 fuwnaz.
1791 592 1800 596 λ
1824 590 1829 596 π
1884 590 1902 604 θ
1923 589 1994 608 η.)

364 1832 692 1912 ignorabat.
724 1833 983 1890 Tandem
1035 1832 1218 1890 nimia
1249 1833 1526 1889 mmstitia
1559 1833 1842 1889 attonitus
1875 1851 2002 1890 ora-
2035 1861 2081 1926 B

362 1922 580 1980 torium
602 1922 996 1996 rediit,ibiquc
1013 1925 1342 1995 prostratus
1365 1939 1559 1978 coram
1582 1921 1748 1978 altari
1766 1922 2004 1977 diutinae

363 2012 610 2068 orationi
669 2011 954 2078 incubuit,
1014 2011 1352 2085 supplicans
1381 2011 1587 2066 divina:
1622 2013 1914 2083 majestati
1942 2016 2006 2067 ut

366 2087 592 2158 meritis
615 2101 798 2158 sancti
821 2101 911 2156 sui
935 2099 1152 2156 ibidem
1189 2101 1542 2172 quiescentis
1563 2101 1621 2156 in
1651 2101 1759 2157 hac
1791 2118 2005 2174 oppor-

365 2187 614 2249 tunitate
636 2193 998 2247 succurreret
1019 2191 1170 2259 ei,ne
1192 2188 1623 2247 scilicetlumen
1647 2191 1875 2246 deesset
1896 2191 2006 2246 fra-

365 2279 558 2337 tribus
623 2279 1030 2335 matutinalem
1073 2278 1340 2352 synaxim
1373 2280 1634 2352 proxime
1663 2279 2004 2336 cantaturis.

364 2367 481 2445 Nec
509 2367 738 2426 distulit
766 2368 1148 2441 Omnipotens
1171 2367 1444 2424 exaudire
1463 2373 1518 2424 et
1548 2369 1790 2424 auribus
1823 2369 2006 2442 perci-

365 2474 502 2533 pere
527 2454 816 2532 lacrymas
847 2456 1124 2530 pauperis
1158 2457 1229 2512 ad
1281 2473 1342 2513 se
1373 2457 1431 2511 in
1463 2457 1776 2513 afflictione
1807 2457 2007 2512 clami-

363 2539 564 2605 tantis.
595 2547 745 2602 Nam
781 2545 1022 2602 affectus
1045 2545 1302 2616 tristitia,
1337 2547 1527 2602 fessus
1549 2545 1721 2601 ctiam
1747 2547 2009 2601 oratione

365 2633 664 2710 ipsa,dum
695 2634 968 2690 Elbertus
991 2634 1097 2704 (sic
1119 2634 1276 2688 enim
1305 2638 1545 2689 vocatur
1567 2634 1842 2705 praefatus
1873 2634 2008 2689 acdi-

367 2717 530 2796 tuus)
554 2725 719 2789 dum,
753 2723 1244 2793 inquam,stratus
1267 2721 1357 2776 sui
1386 2721 1564 2794 repeti
1574 2721 1714 2778 issct
1735 2723 2005 2795 spatiola,

367 2807 512 2870 tunc
542 2827 776 2886 quoque
805 2809 1180 2882 lacrymatur,
1226 2813 1282 2865 et
1319 2809 1430 2866 sibi
1461 2811 1698 2866 omnino
1734 2817 2010 2884 reputans

369 2899 538 2975 quasi
557 2897 648 2957 sui
665 2896 1021 2972 negligentia
1049 2897 1177 2954 luce
1207 2901 1429 2954 careret
1447 2897 1706 2966 ecclesia,
1740 2899 1839 2955 Dei
1863 2904 2006 2956 nutu

367 2991 672 3064 respectus
687 2985 1121 3058 circumspexit,
1139 2989 1438 3058 totamque
1460 2985 1763 3043 basilicam
1791 2988 2008 3044 caelesti

369 3077 500 3134 luce
546 3075 862 3132 clarescere
891 3073 1054 3130 vidit.
1083 3074 1339 3148 Repente
1377 3075 1590 3147 gaudio
1619 3075 1852 3149 gavisus
1888 3093 2010 3134 ma-

371 3157 812 3241 gnoJucernam
839 3163 1014 3238 paulo
1047 3167 1182 3220 ante
1208 3163 1552 3220 exstinctam
1576 3164 1738 3234 adiit,
1763 3183 2012 3239 eamque

369 3252 696 3312 clarissime
724 3253 1027 3310 ardentem
1081 3252 1311 3326 reperit.
1345 3253 1476 3308 Mox
1533 3253 1706 3310 etiam
1738 3253 2012 3328 lacrymis

371 3339 617 3417 tristitia:
639 3341 838 3417 gaudii
857 3342 1147 3415 lacrymas
1168 3342 1619 3414 superfundcns,
1635 3343 1750 3398 Deo
1771 3347 1828 3398 et
1845 3344 2012 3401 beato

370 3423 652 3490 Marculfo
682 3431 1104 3504 praeconiorum
1152 3429 1375 3502 jubilos
1434 3429 1651 3500 retulit,
1687 3431 1888 3504 sicque
1919 3449 2010 3488 se-

370 3515 897 3580 curiordormitum
928 3519 1058 3574 init.
1088 3519 1257 3574 Mane
1288 3523 1486 3574 autem
1521 3519 1786 3576 discusso
1821 3521 2008 3576 noctis

367 3610 774 3686 peplo,dieque
791 3607 1051 3664 radiante
1072 3607 1514 3676 sereno,fratres
1543 3607 2008 3684 loci,_monachos

361 3699 632 3758 videlicet
655 3695 980 3755 beatissimi
1002 3694 1270 3770 Remigii,
1300 3695 1624 3766 accersivit,
1657 3697 1858 3770 eisque
1891 3701 2006 3770 (me

361 3791 645 3866 praesente
677 3785 776 3858 qui
807 3784 930 3840 haec
963 3783 1218 3856 scripsi,)
1250 3799 1370 3838 rem
1396 3788 1620 3857 gestam
1644 3787 2010 3859 pandit,con-

350 3880 578 3948 testans
607 3873 707 3930 Dei
740 3873 1016 3930 virtutem
1041 3876 1494 3945 sanctorumque
1534 3875 1662 3944 ejus
1691 3877 2004 3932 auctorita-

347 3970 469 4023 tem
529 3963 756 4028 omnia,
811 3977 937 4033 que
999 3960 1208 4030 aiebat,
1269 3978 1515 4034 quaeque
1563 3963 1699 4018 huic
1732 3963 2003 4036 pitaciolo

349 4051 715 4110 decrevimus
746 4049 1069 4118 inferenda,
1091 4049 1174 4106 sic
1205 4048 1432 4106 haberi.

417 4140 683 4198 3.Adhuc
716 4142 913 4196 autem
939 4139 1050 4195 sub
1091 4138 1200 4194 hac
1231 4142 1430 4194 nostra
1476 4156 1809 4196 aerumnosa
1835 4145 2004 4198 (etate

352 4246 473 4288 non
503 4227 707 4302 dispar
737 4227 1108 4300 omnipotens
1138 4228 1294 4284 Deus
1322 4227 1674 4283 miraculum
1706 4228 1765 4284 in
1797 4229 1999 4285 eadem

350 4317 596 4377 ecclesia
615 4317 890 4388 ostendit,
916 4321 979 4373 ut
1007 4317 1288 4390 quoniam
1315 4315 1569 4374 electum
1590 4333 1766 4374 suum
1798 4319 2000 4375 ineffa-

351 4407 548 4466 biliter
573 4407 964 4482 gloriﬁcatum
995 4405 1248 4462 habebat
1271 4405 1330 4460 in
1351 4404 1532 4472 caelis,
1562 4422 1676 4461 non
1701 4405 1897 4464 minus
1927 4409 2000 4464 ad

353 4495 734 4570 capacitatem
765 4494 1104 4551 mortalium
1137 4492 2003 4566 miriﬁcaredignareturinter-

2101 598 2206 659 per
2223 585 2446 658 aliquot
2471 603 2654 642 annos
2676 585 3126 645 ministraverat.
3159 589 3426 662 Cumque
3451 589 3526 647 ab
3549 591 3755 648 eodem

2104 676 2319 732 domno
2347 675 2594 732 Roberto
2628 677 2733 746 (sic
2755 676 2910 732 enim
2942 678 3278 750 vocabatur)
3309 679 3510 736 omnia
3543 687 3678 753 quae
3701 681 3756 737 e‘l

2105 765 2176 822 ad
2200 763 2448 822 salutem
2478 765 2864 836 provenirent,
2901 782 2969 821 ex
2993 781 3155 822 more
3177 767 3554 840 percepisset,
3589 779 3744 842 egro

2106 859 2204 910 tus
2233 855 2478 926 adjecit:
2519 877 2540 904 ι
2573 851 2984 928 Ego'quidem,
3017 853 3097 910 mi
3131 855 3316 926 Pater,
3346 857 3629 929 quoniam
3688 859 3756 914 de

2107 943 2427 1016 longinquo
2453 943 2672 1012 sum,in
2697 943 2968 1016 praesenti
2992 944 3312 1017 repatriare
3338 943 3623 1018 dispono:
3657 947 3754 1004 sed

2106 1032 2216 1088 hoc
2245 1033 2315 1088 ob
2347 1033 2712 1089 devotionem
2747 1036 2901 1105 peto,
2931 1035 2997 1088 ut
3025 1032 3148 1088 haec
3169 1049 3349 1106 quam
3381 1033 3598 1091 obtulit
3618 1046 3752 1092 ean-

2108 1121 2320 1187 delam,
2348 1125 2481 1176 ante
2502 1121 2613 1177 hoc
2631 1121 3102 1178 sacratissimum
3130 1120 3467 1196 sepulcrum
3493 1122 3754 1196 quandiu

2106 1211 2317 1266 durare
2339 1211 2568 1282 poterit,
2604 1226 2791 1282 usque
2823 1207 2896 1266 ad
2922 1212 3497 1268 consummationem
3529 1212 3750 1279 ardeat,

2109 1299 2387 1372 quoniam
2414 1315 2546 1355 cum
2585 1300 2641 1354 in
2661 1299 2850 1372 patria
2879 1313 3008 1374 mea
3027 1301 3296 1368 essem,si
3327 1318 3451 1358 non
3479 1309 3549 1358 ex
3579 1303 3756 1360 actio-

2111 1405 2202 1456 ne,
2232 1393 2385 1444 certe
2413 1406 2481 1446 ex
2510 1387 2799 1444 desiderio
2830 1403 2956 1444 eam
2991 1389 3158 1444 beato
3193 1387 3475 1446 Marculfo
3499 1391 3752 1464 saepissi-

2112 1494 2204 1533 me
2236 1477 2571 1533 offerebam.
2597 1475 2732 1533 Erat
2763 1481 2958 1533 autem
2992 1493 3107 1532 non
3143 1478 3386 1536 modicae
3408 1480 3757 1551 quantitatis

2112 1565 2415 1622 utinfmite
2429 1583 2531 1638 per
2545 1571 2662 1622 tres
2676 1567 2800 1622 dies
2833 1565 2970 1622 dare
3009 1565 3207 1623 lumen
3231 1567 3290 1622 in
3318 1567 3570 1624 ecclesia
3591 1563 3756 1625 suffi-

2111 1660 2288 1722 ceret,
2313 1656 2556 1728 jamque
2578 1659 2712 1711 ante
2739 1655 2918 1711 altare
2941 1655 3095 1727 quod
3124 1659 3213 1711 est
3256 1656 3314 1712 in
3344 1655 3566 1714 honore
3598 1659 3760 1730 ejus-

2111 1745 2242 1800 dem
2263 1743 2478 1800 Christi
2499 1743 2872 1812 confessoris,
2888 1743 3147 1800 revoluta
3163 1761 3338 1818 super
3359 1746 3758 1820 pavimentum

2113 1834 2391 1889 ardebat:
2447 1837 2798 1905 acceptaque
2859 1834 3173 1906 sponsione
3223 1851 3258 1890 a
3287 1836 3566 1892 monacho
3598 1838 3757 1910 quod

2115 1939 2242 1994 qua:
2264 1921 2544 1994 petiverat
2557 1921 3274 1996 adimpleret,percgrinus
3293 1923 3758 1992 recedebat,cum

2115 2010 2401 2079 Elbertus,
2433 2012 2502 2066 de
2525 2028 2640 2082 quo
2666 2011 2938 2084 superius
2969 2012 3367 2080 meminimus,
3394 2013 3563 2086 quasi
3597 2014 3758 2071 aliud

2115 2101 2253 2173 quid
2277 2117 2445 2173 agere
2466 2099 2635 2156 vellet
2656 2102 2800 2174 pede
2819 2103 3185 2174 superposito
3208 2101 3510 2158 candelam
3540 2105 3760 2160 exstin-

2115 2190 2386 2262 xit,juxta
2406 2207 2597 2246 arcam
2624 2207 2888 2246 seorsum
2921 2189 3266 2247 exstinctam
3309 2192 3604 2265 deposuit,
3636 2198 3766 2267 post

2118 2278 2489 2351 peregrinum
2533 2276 2727 2332 valvas
2757 2275 3012 2333 ecclesia)
3037 2279 3418 2335 obseraturus
3449 2279 3614 2335 abiit.
3650 2276 3762 2336 Nec

2118 2366 2560 2433 mora,firmatis
2583 2366 2772 2434 ostiis,
2797 2369 3110 2438 antequam
3135 2365 3230 2424 ille
3253 2368 3490 2435 rediret,
3517 2369 3768 2426 candela

2117 2455 2399 2511 divinitus
2421 2470 2664 2511 accensa
2684 2459 2792 2524 est,
2824 2459 3140 2528 tantusque
3162 2472 3230 2512 ex
3250 2473 3318 2512 ea
3350 2456 3507 2530 ignis
3520 2455 3761 2526 exilivit,

2119 2549 2185 2600 ut
2213 2548 2268 2600 et
2299 2561 2491 2600 arcam
2541 2548 2599 2599 et
2639 2547 2828 2601 vestes
2858 2561 3002 2600 arcae
3033 2545 3436 2618 superpositas
3465 2545 3669 2603 subito
3697 2547 3754 2602 in

2118 2631 2373 2688 favillam
2408 2632 2693 2706 redegerit
2725 2649 2738 2698 ;
2773 2633 3015 2706 ipsaque
3063 2633 3305 2690 candela
3336 2633 3512 2706 (sicut
3541 2649 3764 2709 panper

2120 2721 2307 2778 sancti
2333 2721 2596 2794 petierat)
2620 2721 2774 2777 illico
2797 2727 3203 2778 consummata
3216 2725 3322 2780 est.
3339 2721 3452 2780 Res
3473 2721 3763 2781 mirabilis

2119 2811 2271 2883 quod
2299 2811 2468 2883 quasi
2500 2809 2731 2866 duobus
2753 2811 3070 2867 momentis
3099 2817 3158 2867 et
3186 2811 3426 2868 ﬂamma
3453 2811 3764 2888 multiplex

2120 2898 2458 2971 exoraverit,
2480 2902 2537 2954 et
2552 2917 2677 2972 quae
2695 2898 3024 2972 arripuerat
3041 2899 3280 2956 omnino
3306 2903 3764 2974 consumpserit.

2121 2989 2230 3044 Sed
2265 2987 2312 3044 si
2361 2987 2800 3045 consideremus
2831 2988 3008 3045 unius
3038 2988 3405 3046 devotionem
3437 2993 3494 3046 et
3523 2983 3770 3047 alterius

2122 3075 2560 3150 negligentiam,
2615 3077 2798 3150 liquet
2835 3078 3090 3150 profecto
3140 3093 3244 3150 pro
3275 3079 3543 3152 irrogata,
3560 3077 3769 3137 fraude

2115 3166 2280 3238 juste
2297 3165 2579 3221 divinitus
2595 3165 2913 3222 vindictam
2935 3167 3310 3222 subsecutam
3327 3157 3768 3237 esse.Vidisses,

2125 3254 2328 3322 fateor,
2349 3253 2702 3310 miraculum
2725 3255 2796 3310 de
2816 3257 2992 3311 rebus
3013 3253 3457 3312 insensibilibus
3479 3255 3552 3312 a'd
3577 3257 3768 3314 redar-

2121 3344 2412 3416 guendam
2447 3359 2641 3398 rerum
2670 3342 3063 3412 sensibilium,
3099 3343 3153 3399 id
3189 3348 3277 3400 est
3295 3344 3608 3408 hominum
3641 3362 3766 3403 ava-

2121 3431 2335 3486 ritiam.
2365 3433 2676 3487 Accurrere
2704 3431 2907 3488 fratres
2920 3432 3018 3504 qui
3037 3431 3095 3488 in
3117 3432 3306 3488 vicino
3327 3433 3592 3503 aderant,
3627 3451 3759 3492 nam

2119 3521 2404 3592 crepitum
2439 3520 2592 3594 ignis
2625 3520 2935 3577 audierant
2956 3521 3376 3593 custodemque
3395 3521 3764 3580 subolaman-

2117 3614 2259 3666 tem.
2293 3609 2440 3674 Quid
2493 3610 2751 3665 dicerent
2797 3614 3104 3683 agerentve
3127 3625 3238 3665 non
3269 3609 3587 3678 habebant,
3619 3609 3760 3686 quo-

2118 3698 2275 3754 niam
2291 3698 2434 3754 nihil
2445 3700 2571 3770 jam
2591 3702 2953 3754 remanserat
2966 3699 3121 3770 quod
3145 3698 3265 3771 igni
3293 3699 3757 3758 substraherent.

2117 3787 2220 3844 Ille
2249 3792 2442 3844 autem
2475 3801 2538 3843 se
2587 3802 2776 3856 reum,
2819 3803 2882 3842 se
2913 3786 3050 3842 huic
3082 3787 3411 3844 discrimini
3443 3789 3760 3853 obnoxium

2113 3877 2254 3932 totis
2277 3875 2634 3950 singultibus
2657 3875 3330 3950 fatebatur,acceptaque
3354 3877 3704 3950 paenitentia
3731 3895 3764 3936 a

2113 3962 2478 4031 fratribus,in
2511 3965 2808 4020 communi
2842 3968 3128 4020 statutum
3161 3969 3338 4038 atque
3368 3966 3762 4024 anathematis

2111 4053 2345 4110 vinculo
2369 4054 2780 4110 confirmatum
2811 4057 2902 4109 est
2923 4058 2986 4109 ut
3012 4053 3206 4110 oblata
3227 4071 3261 4110 a
3289 4053 3567 4113 fidelibus
3592 4055 3764 4113 lumi-

2111 4143 2279 4199 naria
2308 4158 2611 4214 nunquam
2644 4141 2929 4198 hactenus
2960 4141 3106 4199 alias
3136 4142 3250 4198 nisi
3273 4143 3332 4200 in
3358 4143 3570 4200 usibus
3601 4147 3762 4218 ejus-

2111 4233 2246 4288 dem
2275 4231 2531 4288 ecclesiae
2564 4231 2930 4304 fratrumque
2961 4231 3042 4287 ibi
3067 4231 3444 4289 servientium
3476 4235 3764 4307 expende-

2111 4325 2332 4378 rentur.
3728 4335 3738 4361 ς

2180 4413 2233 4466 Ii.
2261 4409 2668 4466 Necessarium
2713 4411 2803 4464 est
2847 4407 3182 4465 charissimi
3211 4408 3457 4479 .fratres,
3490 4409 3551 4466 in
3581 4410 3758 4470 laude

2105 4497 2290 4572 hujus
2307 4496 2666 4556 sanctissimi
2694 4496 2927 4570 patroni
2959 4513 3026 4552 ac
3055 4498 3398 4570 protectoris
3412 4499 3599 4556 nostri
3617 4501 3762 4558 Mar-

353 4585 454 4644 ris.
474 4575 621 4643 Nam
641 4579 804 4640 illius
834 4581 1196 4638 infirmitatis
1225 4581 1502 4638 sanandae
1535 4582 1732 4656 (quam
1767 4586 1992 4658 regium
2023 4591 2072 4659 Ι)
2105 4589 2242 4646 culﬁ
2264 4587 2562 4660 quod,Deo
2583 4586 2856 4654 donante,
2885 4585 3109 4643 nostris
3129 4585 3318 4643 oculis
3337 4583 3762 4659 praesentemm

347 4676 622 4733 morbum
653 4675 730 4746 [1]
759 4672 988 4742 vocant)
1011 4674 1174 4726 tanta
1193 4670 1244 4726 ei
1267 4665 1455 4743 gratia
1484 4671 1698 4729 cmlesti
1731 4675 1880 4731 dono
1906 4693 1996 4732 ac-

346 4763 544 4832 cessit,
577 4766 644 4818 ut
666 4777 782 4818 non
813 4759 1014 4816 minus
1055 4776 1124 4815 ex
1169 4759 1410 4815 remotis
1433 4777 1500 4816 ac
1521 4761 1787 4819 barbaris
1815 4781 1991 4837 quam

345 4867 418 4910 ex
441 4849 651 4909 vicinis
681 4847 1020 4907 nationibus
1051 4849 1124 4904 ad
1155 4864 1291 4904 eum
1314 4849 1724 4921 mgrotantium
1755 4857 1992 4910 catervae

348 4943 628 5014 perpetuo
647 4937 1234 5002 conﬂuant.0uodam
1251 4937 1446 5009 itaque
1470 4937 1564 4993 die
1593 4938 1836 5011 hujusce
1867 4959 1993 5016 gra-

342 5028 428 5085 tia
448 5027 692 5100 quidam
737 5026 913 5084 homo
934 5027 1006 5084 ad
1037 5025 1346 5082 ecclesiam
1367 5027 1616 5097 devenit,
1651 5045 1770 5084 suae
1819 5031 1990 5088 devo-

341 5115 521 5174 tionis
552 5129 770 5174 munus
813 5113 1028 5171 obtulit
1059 5131 1073 5184 ;
1108 5115 1278 5186 eique
1309 5115 1478 5186 cujus
1507 5115 1566 5169 id
1622 5123 1743 5172 erat
1788 5121 1985 5186 ofﬁcii,

341 5205 435 5264 sui
465 5204 751 5264 adventus
781 5220 1025 5260 causam
1051 5202 1342 5276 patefecit.
1359 5205 1416 5258 Is
1446 5205 1644 5259 autem
1677 5207 1774 5276 qui
1809 5225 1989 5281 super

339 5311 508 5352 sacra
536 5292 792 5351 ecclesiis
825 5291 1152 5348 ministeria
1208 5291 1536 5349 custodiam
1595 5293 1870 5364 habebat,
1903 5296 1990 5352 vir

337 5399 564 5458 magnae
596 5381 656 5438 in
685 5379 934 5440 Christo.
967 5381 1293 5438 reserentiae
1345 5387 1487 5454 erat,
1550 5381 1648 5456 qui
1689 5398 1758 5439 ex
1787 5385 1986 5442 saculi

407 5558 484 5630 (Ι)
515 5534 695 5614 Vides
727 5562 1090 5630 strumarum
1141 5557 1412 5630 morbum
1447 5559 1605 5630 (huic
1661 5560 1814 5617 enim
1859 5579 1984 5618 me-

337 5626 528 5686 dendo
580 5628 856 5697 praesidet
915 5630 972 5686 S.
1009 5627 1351 5701 Marcult‘us)
1383 5626 1594 5704 regium
1624 5630 1760 5690 olim
1788 5634 1983 5706 appel-

2105 4683 2194 4736 est
2224 4675 2518 4734 memoriae
2543 4675 2794 4742 tradere,
2811 4691 2984 4746 quem
3016 4673 3388 4748 omnipotens
3417 4675 3574 4734 Deus
3605 4679 3762 4751 apud

2104 4785 2164 4824 se
2190 4767 2470 4840 dignatus
2503 4765 2592 4819 est
2621 4761 2936 4835 specialem
2968 4762 3106 4818 dare
3132 4779 3236 4835 pro
3266 4763 3436 4820 nobis
3476 4763 3762 4824 interces-

2102 4871 2316 4914 sorem.
2351 4853 2480 4926 Ipse
2512 4855 2603 4908 est
2633 4851 2792 4907 enim
2829 4851 2933 4923 qui
2967 4851 3205 4908 assidue
3236 4855 3359 4909 orat
3399 4869 3505 4925 pro
3537 4853 3762 4928 populo

2101 4962 2228 5012 suo,
2262 4947 2319 5000 et
2347 4958 2450 5014 pro
2481 4939 2909 4996 habitatoribus
2940 4939 3120 5012 hujus
3170 4941 3360 4998 sancti
3405 4945 3761 5001 monasterii

2101 5033 2213 5089 sui.
2273 5033 2558 5102 Tempore
2617 5027 2796 5102 igitur
2838 5045 2953 5100 quo
2983 5029 3256 5085 eumdem
3288 5029 3528 5088 beatum
3559 5033 3765 5090 viru'm

2099 5121 2253 5194 apud
2285 5123 2546 5176 castrum
2577 5118 2856 5172 Peronam
2881 5118 3150 5188 (Peranna
3179 5117 3241 5173 in
3270 5117 3558 5194 Picardia)
3581 5121 3766 5179 mira-

2099 5209 2246 5266 culis
2277 5223 2583 5264 coruscare
2623 5206 2686 5260 hi
2735 5205 2835 5278 qui
2881 5205 3272 5262 interfuerunt
3287 5211 3345 5264 et
3367 5207 3667 5278 viderunt,
3705 5214 3764 5267 et

2097 5297 2374 5355 manibus
2404 5299 2820 5362 tractaverunt,
2855 5293 3046 5361 nobis,
3080 5293 3182 5368 qui
3223 5294 3284 5352 in
3315 5297 3444 5370 ejus
3493 5297 3764 5370 gloriosa

2096 5387 2232 5444 sede
2253 5381 2672 5450 remansimus,
2696 5381 2902 5454 quanti
2925 5399 3054 5440 eam
3069 5381 3312 5441 haberet
3324 5385 3588 5443 mirabili
3615 5403 3757 5462 ope-

2092 5564 2279 5644 latum
2296 5581 2324 5644 _,-
2365 5573 2504 5616 nam
2531 5551 2752 5632 alioqni
2783 5558 3006 5634 lepram
3033 5559 3140 5644 hoc
3161 5559 3398 5618 nomine
3411 5563 3758 5637 veteresap-

2094 5632 2332 5709 pellant.
