3894 6214
146 341 271 406 729

1440 335 1542 399 DE
1586 335 1899 401 SEPTEM
1944 333 2286 400 ARTIBUS

3442 334 3571 398 730.

148 436 719 546 rationeppatetecit.
755 469 892 527 Erat
936 467 1093 528 enim
1147 472 1283 527 ante
1330 467 1512 527 altare
1550 468 1651 526 ubi
1682 470 1808 544 ipse
1834 478 1891 546 Α
1920 467 2131 527 biniaci
2162 466 2477 527 millesimo
2506 466 2860 542 octogesimo
2881 465 3085 542 quinto
3106 483 3258 528 anno
3274 467 3562 529 incarnati

148 560 404 637 pretioso
457 559 777 632 requiescit
821 575 1080 632 corpore,
1115 558 1345 632 lampas
1393 560 1629 628 ardens,
1679 576 1804 632 qua

145 650 311 710 nullo
328 650 514 707 modo
524 646 619 705 die
630 653 925 722 noctuque
939 649 1586 722 exstinguebatur,quia
1597 665 1803 722 quam-

146 741 232 798 vis
249 740 558 796 modicum
581 738 814 795 abesset
833 736 1231 811 corporaliter,
1264 755 1379 794 non
1392 742 1587 793 tamen
1611 739 1809 794 deerat

146 827 559 904 spiritualiter.
588 827 647 884 Is
676 827 874 900 itaque
903 827 1002 900 qui
1033 826 1287 884 ecclesia
1318 827 1511 882 ofﬁcio
1541 830 1803 900 praeerat,

146 919 315 991 erepit
337 933 551 974 secum
573 916 884 990 cogitando
906 916 1098 972 dicere
1127 915 1407 988 quoniam
1447 915 1601 971 idem
1631 914 1806 971 lumi-

147 1023 284 1064 nare
314 1004 378 1061 in
410 1022 639 1061 vanum
671 1005 1004 1072 ardebat,eo
1033 1005 1188 1076 quod
1221 1020 1432 1076 corpus
1470 1003 1620 1059 beati
1655 1004 1806 1059 Mar-

149 1096 279 1153 culfi
308 1095 371 1150 in
401 1092 683 1167 praesenti
716 1109 831 1149 non
864 1097 1163 1158 esset,non
1188 1093 1567 1148 considerans
1588 1091 1806 1148 ibibem

149 1183 530 1241 Dominicum
563 1199 778 1254 corpus
807 1182 884 1254 (3)
920 1183 1097 1254 (quod
1128 1182 1322 1254 majus
1359 1185 1416 1237 et
1446 1182 1804 1255 praecipuum

150 1275 288 1342 erat)
318 1287 462 1327 cum
497 1270 845 1344 angelorum
896 1272 1101 1328 adesse
1149 1270 1436 1328 custodia.
1470 1271 1631 1337 Quod
1673 1288 1808 1327 cum

148 1377 319 1437 prave
342 1365 406 1419 et
439 1361 704 1418 inaniter
734 1360 1361 1434 cogitasset,exstincta
1382 1360 1622 1416 lucerna
1642 1361 1804 1427 abiit;

148 1452 244 1510 sed
274 1453 411 1524 post
439 1454 818 1507 transactum
848 1449 1003 1505 horae
1036 1449 1317 1522 spatium,
1363 1466 1541 1506 causa
1570 1453 1810 1523 cogente

147 1540 343 1613 aliqua
373 1556 678 1611 reversus,
730 1539 889 1594 dictu
934 1538 1205 1596 mirabile
1231 1537 1244 1593 l
1276 1538 1431 1595 illico
1465 1538 1651 1594 oculis
1679 1538 1810 1609 ejus

147 1626 886 1703 apparuit.Viditnamque
906 1628 1174 1683 eamdem
1197 1627 1530 1700 lampadem
1548 1626 1811 1700 angelica

146 1716 410 1774 claritate
443 1715 884 1789 fulgentem,ita
913 1715 1191 1772 ineffabili
1238 1717 1412 1772 modo
1443 1717 1712 1788 pendere,
1748 1720 1813 1770 ut

1912 560 2110 616 Verbi.
2878 616 2887 627 ,

1984 650 2037 703 5.
2074 648 2276 720 Igitur,
2332 647 2722 717 dilectissimi,
2776 648 2879 720 qui
2926 647 3036 705 hoc
3098 648 3319 716 audire,
3369 654 3445 720 et,
3497 655 3563 708 ut

1914 754 2134 804 remur,
2166 738 2399 793 credere
2433 753 2549 793 non
2582 736 2878 805 renuistis,
2902 738 3106 795 scitote
3135 738 3274 810 quia
3304 739 3413 796 hoc
3441 743 3559 797 tam

1915 825 2151 882 evidens
2181 825 2529 882 miraculum
2561 826 2631 882 ad
2658 826 2937 883 honorem
2969 827 3154 883 sancti
3186 828 3377 894 sui,ad
3407 828 3565 885 utili-

1914 919 2095 971 tatem
2127 931 2361 988 quoque
2388 914 2571 970 nostri
2601 915 2755 971 Deus
2785 915 3064 988 dignatus
3087 917 3164 972 sit
3193 917 3564 989 operari.Nec

1913 1004 2210 1060 immerito
2236 1021 2248 1059 :
2271 1004 2410 1076 quia
2430 1004 2587 1059 enim
2611 1004 2818 1060 beatus
2838 1005 3327 1073 Marculfus,dum
3349 1007 3408 1062 in
3427 1024 3562 1063 con-

1914 1093 2064 1150 valle
2091 1093 2482 1166 lacrymarum
2516 1110 2688 1149 carne
2719 1098 3064 1164 moraretur,
3091 1111 3267 1167 opera
3293 1096 3563 1153 tenebra-

1917 1200 2047 1238 rum
2082 1182 2376 1253 abjecit,et
2405 1182 2649 1238 indutus
2668 1181 2850 1238 armis
2870 1182 3017 1239 lucis
3035 1183 3281 1241 viriliter
3297 1184 3563 1256 ejusdem

1914 1270 2064 1327 iucis
2096 1270 2343 1342 principi
2376 1270 2678 1339 militavit;
2714 1271 2923 1327 merito
2954 1272 3146 1329 carnis
3184 1290 3359 1330 onere
3389 1274 3564 1331 levia-

1916 1365 2034 1429 tus,
2067 1364 2123 1417 et
2152 1361 2225 1416 ad
2257 1376 2513 1432 superna
2560 1359 2849 1432 polorum,
2883 1365 2948 1417 ut
2976 1361 3290 1431 credimus,
3341 1367 3562 1433 vectus,

1920 1449 2141 1506 auctori
2188 1448 2472 1504 claritatis
2527 1448 2807 1505 inhaerere
2863 1452 3205 1520 promeruit.
3252 1453 3398 1525 Ergo
3448 1469 3565 1508 non

1919 1539 2311 1595 dubitandum
2335 1542 2424 1594 est
2453 1537 2592 1610 quin
2615 1538 2957 1599 exstinctam
2980 1538 3169 1597 lucem
3191 1541 3565 1613 reparaverit,

1920 1628 2020 1700 qui
2051 1628 2320 1683 tenebras
2351 1626 2538 1684 noctis
2568 1627 2627 1681 in
2659 1625 2903 1682 basilica
2932 1643 3040 1683 sua
3085 1642 3212 1684 esse
3240 1626 3565 1685 abhorruit.

1918 1717 2337 1772 Verumtamen
2370 1715 2647 1787 quoniam
2679 1715 2825 1771 nihil
2861 1716 2925 1771 fit
2954 1716 3013 1771 in
3038 1719 3195 1772 terra
3214 1716 3341 1775 sine
3369 1734 3565 1786 causa,

149 1822 250 1863 nec
277 1806 421 1862 fune
450 1805 715 1877 desuper
742 1808 1058 1873 teneretur,
1084 1821 1189 1860 nec
1221 1808 1386 1861 terra:
1415 1805 1689 1861 deorsum
1722 1805 1808 1859 in-
1845 1848 1891 1913 Β
1923 1810 1979 1861 et
2010 1806 2176 1861 beato
2201 1805 2477 1878 Gregorio
2510 1805 2786 1873 dictante,
2811 1805 3207 1878 comperimus
3246 1806 3386 1878 quia
3415 1806 3572 1864 Deus

160 1912 169 1913 κ
283 1896 298 1913 ι
514 1894 648 1913 ειμι
939 1909 1155 1913 nmen
1192 1891 1801 1913 --ε-εᾼᾼε-ωε,μ--ηιηη
1934 1899 1971 1913 κ.
2670 1911 2685 1913 _
2747 1894 2981 1913 Πρω,
3012 1911 3081 1913 ,c-
3122 1894 3293 1913 ξ

149 1896 470 1952 cumberet.
514 1894 652 1951 Erat
695 1898 891 1950 autem
937 1909 1161 1967 magna
1191 1891 1436 1950 visionis
1459 1892 1811 1949 miraculum
1845 1891 1891 1913 "
1924 1899 1981 1972 et
2012 1894 2292 1950 Dominus
2315 1898 2515 1950 noster
2531 1894 2601 1949 ad
2624 1895 2768 1950 bene
2798 1894 3090 1967 agendum
3113 1894 3425 1967 aliquando
3446 1912 3570 1952 ver-

150 1986 301 2059 quod
337 1985 502 2040 inter
533 1984 731 2039 funem
753 1988 810 2039 et
837 1983 1171 2055 lampadem
1204 1982 1457 2038 habebat
1477 1982 1658 2037 cubiti
1688 1999 1815 2053 spa-

149 2075 383 2145 tium,et
408 2074 573 2129 inter
602 2072 936 2145 lampadem
967 2075 1024 2127 et
1065 2074 1280 2128 terram
1311 2070 1493 2127 cubiti
1545 2070 1815 2126 similiter

152 2162 410 2236 spatium
438 2181 453 2232 ;
484 2166 570 2230 et,
605 2165 670 2217 ut
698 2161 837 2229 dixi,
862 2160 1086 2217 lumine
1117 2159 1336 2215 caelesti
1370 2175 1615 2214 accensa
1644 2159 1816 2213 mira-
1858 2224 1867 2230 .

152 2251 346 2309 biliter
366 2251 768 2309 ardebat.Non
798 2249 904 2304 tibi
937 2249 1179 2305 forsitan
1204 2250 1275 2304 ad
1307 2249 1665 2304 credendum
1687 2248 1812 2303 ani-

154 2356 287 2397 mus
318 2336 675 2408 suffecisset,
709 2339 823 2395 nisi
857 2339 1101 2393 fratrum
1134 2336 1453 2410 populique
1494 2353 1813 2393 concursus

154 2430 567 2487 testimonium
597 2428 902 2485 effecisset.
920 2425 1067 2483 Nam
1113 2425 1214 2483 ille
1254 2427 1467 2483 timore
1514 2425 1731 2498 pariter
1748 2434 1815 2482 et

155 2518 552 2576 admiraticne
582 2522 904 2590 correptus,
938 2533 1006 2571 ex
1032 2519 1153 2573 toto
1182 2515 1308 2573 vico
1330 2532 1451 2575 rem
1483 2515 1679 2573 videre
1711 2516 1815 2570 mi-

156 2607 407 2664 rabilem
438 2607 758 2663 maximam
790 2606 1127 2662 concionem
1145 2604 1336 2677 plebis
1365 2603 1814 2661 evocavit.Mulli

155 2696 415 2769 denique
446 2696 831 2752 exuberavere
858 2694 1155 2768 lacrymis,
1187 2695 1446 2750 dicentes
1480 2710 1492 2748 :
1527 2694 1814 2760 Quoniam

153 2784 474 2856 piissimus
503 2784 712 2840 Christi
730 2784 1030 2840 confessor
1048 2782 1661 2855 Marculfus,ipsorum
1685 2786 1817 2856 post

145 2872 341 2929 Deum
375 2875 587 2928 custos
611 2871 1183 2944 vigilantissimus,et
1212 2872 1365 2945 apud
1397 2876 1580 2927 Deum
1614 2870 1813 2927 multi-

140 2960 281 3034 plex
312 2959 749 3030 advocatus,qu
759 2960 942 3015 amvis
957 2959 1184 3016 modico
1194 2965 1454 3033 tempore
1476 2962 1630 3016 esset
1649 2959 1815 3017 alior-

143 3064 311 3116 sum,
347 3061 505 3102 suos
536 3050 730 3102 tamen
768 3046 920 3103 filios
950 3064 1053 3119 per
1100 3047 1498 3104 ostensionem
1548 3048 1815 3105 miraculi

142 3133 457 3194 consolari
492 3151 559 3191 ac
584 3134 819 3191 visitare
848 3138 940 3190 est
975 3134 1269 3208 dignatus.
1310 3139 1513 3192 Actum
1561 3140 1651 3191 est
1679 3135 1813 3190 Cor-

225 3278 312 3350 (3),
336 3277 406 3334 In
425 3277 679 3350 archiva
701 3276 950 3350 ccenobii
979 3276 1307 3350 Remigiani
1339 3277 1457 3350 legi
1487 3277 1710 3350 litteras
1739 3278 1824 3332 Si-

159 3346 357 3406 monis
388 3347 625 3413 abbatis
653 3346 1008 3418 attestantis,
1042 3346 1303 3404 Odo‘nem
1333 3346 1665 3404 de‘Sarceio
1696 3364 1824 3404 mo-

161 3420 424 3477 nachum
462 3419 536 3475 de
558 3419 930 3490 conniventia
957 3436 1066 3476 sua
1123 3418 1385 3490 redditus
1424 3418 1823 3490 acquisivisse,

163 3496 221 3547 et
244 3492 325 3550 de
355 3490 506 3564 ipsis
539 3489 866 3546 redditibus
915 3491 973 3564 in
1023 3489 1273 3564 ecclesia
1310 3490 1369 3545 S.
1399 3488 1665 3564 Remigii
1697 3494 1826 3564 ante

166 3565 343 3635 majus
380 3562 566 3619 altare
611 3578 776 3634 super
799 3562 965 3635 Aquod
1005 3578 1201 3632 corpus
1246 3563 1469 3635 Damni
1517 3563 1821 3635 reponitur,

162 3631 377 3689 cereum
402 3631 903 3715 perpetuc'ardere
952 3631 1270 3714 instituisse.
1306 3632 1368 3687 Id
1417 3631 1635 3687 factum
1675 3631 1823 3687 Wil-

162 3702 335 3760 lelmo
387 3705 829 3760 archiepiscono
880 3703 1178 3760 Remensi.
1228 3704 1339 3758 sub
1385 3720 1607 3758 annum
1660 3704 1819 3759 1165.

165 3720 335 3761 ielmo
387 3720 829 3777 archiepiscopo
880 3720 1178 3771 nemensi,
1228 3720 1339 3758 suo
1385 3720 1607 3758 annum
1660 3720 1819 3759 nos.

165 3773 474 3832 Preiverat
503 3792 620 3832 uno
669 3773 883 3832 saeculo
932 3774 1152 3831 Paulus
1194 3773 1376 3831 abbas
1429 3774 1487 3829 S.
1519 3773 1727 3832 Albani
1762 3774 1820 3829 in

1842 3217 1894 3283 C

1922 1982 2364 2054 his,aliquando
2387 1999 2493 2038 nos
2515 1983 2938 2057 admonetipsis
2950 1982 3370 2041 miraculorum
3387 2001 3575 2041 exem-

1923 2071 2075 2143 plis;
2110 2087 2386 2127 curemus
2406 2071 2585 2143 hujus
2612 2072 2798 2128 sancti
2838 2088 2904 2128 ac
2934 2072 3087 2129 beati
3118 2073 3346 2146 patroni
3385 2074 3571 2131 nostri

1921 2159 2203 2226 Marculﬁ,
2235 2164 2369 2217 ante
2399 2163 2571 2232 cujus
2603 2178 2799 2217 sacros
2831 2162 3057 2217 cineres
3088 2163 3570 2233 excubamus,cu-

1916 2250 2018 2321 jus
2048 2249 2224 2304 etiam
2250 2249 2592 2306 memoriam
2616 2251 2788 2306 hodie
2808 2250 3146 2307 solemniter
3166 2251 3530 2308 celebramus
3557 2269 3571 2320 ;

1924 2354 2222 2406 curemus,
2254 2339 2518 2409 inquam,
2552 2338 2730 2410 hujus
2754 2339 3146 2411 patrocinium
3174 2356 3451 2411 quaerere,
3476 2341 3575 2398 ob-

1924 2430 2218 2483 secrantes
2247 2431 2312 2483 ut
2341 2426 2466 2483 suis
2497 2427 2610 2500 piis
2641 2427 2912 2500 precibus
2934 2429 3095 2501 fuget
3114 2427 3386 2485 tenebras
3407 2429 3574 2485 caeci-

1922 2516 2060 2572 tatis
2090 2518 2146 2572 et
2178 2516 2518 2588 ignorantiae
2568 2520 2799 2584 nostrae,
2847 2516 3120 2589 impetret
3166 2518 3336 2574 nobis
3383 2517 3573 2574 lucem

1924 2604 2178 2660 cmlestis
2206 2604 2408 2677 gratiae
2442 2622 2454 2659 :
2489 2621 2605 2677 qua
2652 2604 2967 2659 illuminati
2997 2622 3173 2677 opera
3201 2606 3573 2662 tenebrarum

1925 2693 2293 2766 abjiciamus,
2326 2693 2559 2766 piisque
2590 2694 2798 2749 intenti
2833 2694 3061 2749 actibus
3091 2695 3273 2750 armis
3303 2693 3451 2750 lucis
3480 2695 3576 2750 in-

1926 2781 2215 2851 duamur;
2249 2780 2343 2836 his
2385 2797 2620 2854 quoque
2678 2781 2891 2837 muniti
2951 2782 3274 2854 principem
3315 2783 3577 2838 tenebra-

1924 2887 2055 2929 rum
2090 2874 2458 2943 proteramus
2494 2886 2507 2925 :
2536 2872 2620 2927 sic
2648 2870 2826 2929 etiam
2872 2870 3117 2926 victoria
3146 2869 3335 2942 potiti,
3365 2869 3575 2927 Condi-

1926 2957 2038 3014 tori
2068 2958 2219 3015 lucis
2249 2959 2543 3014 adhaerere
2573 2966 2922 3028 mereamur,
2957 2958 3054 3031 qui
3101 2958 3240 3015 vivit
3287 2962 3345 3015 et
3373 2962 3578 3032 regnat

1923 3047 2117 3104 trinus
2146 3052 2205 3107 et
2234 3064 2390 3103 unus
2414 3048 2589 3105 Deus.

1935 3276 2167 3350 Anglia,
2199 3278 2319 3350 qui
2351 3278 2645 3350 referente
2664 3277 2936 3332 Matthseo
2959 3276 3202 3339 Parisio,
3248 3278 3458 3350 pelvem
3484 3295 3577 3334 ar-

1931 3348 2083 3419 genti
2108 3348 2275 3414 dedit,
2304 3348 2699 3415 emtituende,
2730 3352 2790 3405 ut
2820 3363 3035 3419 cereum
3051 3350 3349 3405 contineret
3366 3349 3580 3419 ,ἰκρίων

1932 3418 2212 3477 ardentem
2238 3423 2368 3475 ante
2394 3421 2571 3486 maius
2598 3421 2793 3476 altare.
2827 3418 3134 3474 Aimoinus
3162 3418 3431 3476 observat
3442 3418 3580 3476 ’Flo-

1934 3490 2074 3545 riaci
2103 3506 2313 3546 morem
2337 3492 2509 3561 fuisse
2537 3508 2571 3546 α
2602 3491 2802 3561 priscis
2847 3490 3156 3545 irwtitutum
3203 3490 3480 3555 Patribus,
3520 3498 3579 3547 ut

1931 3568 2048 3616 tam
2091 3561 2278 3619 diebus
2305 3578 2471 3619 quam
2515 3563 2758 3619 noctibus
2784 3562 2958 3616 trium
2996 3561 3347 3617 lucernarum
3377 3562 3580 3619 lumine

1931 3640 2233 3688 menwrata
2262 3631 2641 3689 illustraretur
2666 3633 2910 3689 ecclesia.
2944 3631 3218 3689 Lucerna

1933 3703 2193 3758 muniter
2217 3704 2648 3759 adhibebantur
2674 3702 2834 3771 olim,
2869 3702 3059 3758 rarius
3089 3703 3259 3771 cerei,
3289 3720 3323 3760 a

1932 3791 2117 3833 nuum
2148 3774 2206 3829 in
2240 3774 2500 3831 basilicis
2530 3774 2749 3831 lumen.

3425 3648 3578 3688 com~

3394 3704 3576 3761 conti-

786 4006 1543 4101 OPUSCULUM
1614 4007 1779 4099 DE
1854 4005 2345 4101 SEPTEM
2412 4006 2945 4101 ABTIBUS

162 4181 374 4254 (Edidit
398 4186 473 4244 D.
508 4185 854 4252 anexssox,
886 4185 1146 4256 Rapports
1170 4200 1266 4239 sur
1297 4185 1375 4240 les
1405 4183 1927 4258 bibliothequeedes
1957 4183 2358 4258 departeynents
2386 4183 2451 4258 de
2480 4183 2702 4258 l’Ouest,
2730 4185 3015 4257 Append.,
3051 4202 3107 4258 p.
3142 4186 3264 4253 404,
3292 4201 3361 4241 ex
3380 4185 3578 4244 codice

1158 4271 1271 4311 ms.
1306 4255 1506 4313 seculi
1536 4273 1615 4311 xu
1655 4254 1715 4311 in
1745 4254 2101 4312 bibliotheca
2127 4254 2580 4329 Aleuconiensi.)

161 4537 535 4600 Admcnsam
554 4537 946 4612 philoscphiae
978 4537 1245 4595 sitientes
1269 4537 1506 4608 currite,

160 4624 222 4683 Et
246 4629 481 4703 saporis
508 4627 786 4701 ιώρωὶδί
808 4632 1036 4700 septem
1066 4628 1221 4683 rivos
1248 4627 1457 4694 bibite,

157 4711 277 4773 Uno
292 4716 470 4781 fonte
498 4716 902 4790 procedentes,
930 4732 1053 4773 non
1083 4716 1286 4772 eodem
1315 4715 1574 4787 tramite,

162 4801 332 4867 Quem
354 4805 710 4879 Pithegares
739 4803 1285 4862 rimatus'excitavit
1313 4803 1572 4876 phisicaa,

165 4888 591 4957 hdeﬁccrams
610 4897 679 4951 et
704 4893 865 4951 Plato
893 4894 1281 4950 honestarunt
1321 4892 1545 4965 ethicas,

163 4977 493 5047 Aristotiles.
508 4981 744 5055 loquaci
774 4981 1150 5055 desponsavit
1179 4980 1400 5055 logica).

165 5066 243 5125 Ab
256 5068 356 5135 :his
372 5069 985 5138 sectemultiformes,
1007 5069 1253 5127 Athenis
1269 5071 1576 5128 materiam
1599 5076 1804 5147 nacte,

167 5152 530 5235 Hociliguorc
558 5163 742 5217 totam
767 5159 1087 5233 irrigarunt
1109 5158 1414 5230 Greciam,

168 5244 301 5310 Quo.
322 5248 663 5312 redundans
694 5248 923 5307 inﬁnite
951 5247 1115 5305 ﬂuxit
1139 5247 1195 5303 in
1227 5250 1568 5320 Hesperiam
1597 5271 1609 5319 ;

168 5330 291 5395 Non
306 5341 509 5405 tamen
532 5338 667 5397 sine
686 5338 931 5399 ductore
958 5336 1051 5396 vel
1078 5340 1208 5409 tuto
1239 5336 1507 5411 remigio,

167 5421 304 5486 Quia
317 5444 538 5487 «navem
552 5428 964 5501 :gubernantes
986 5426 1152 5485 Maro
1170 5430 1353 5498 atque
1382 5427 1576 5486 Cicero

170 5510 398 5577 Gentmn
422 5515 1002 5581 .nautasasciverunt
1026 5530 1321 5587 quemque
1349 5532 1455 5572 suo
1478 5518 1692 5575 studio.

173 5596 261 5656 Sic
287 5610 439 5663 recta
468 5604 844 5679 philosophia
869 5603 1061 5660 minas
1091 5603 1230 5660 vicit
1260 5605 1526 5676 aequoris,

1839 4515 1887 4581 Β
1918 4540 2130 4597 Nostra
2159 4556 2401 4596 sumens
2424 4539 2721 4597 elementa
2751 4558 2855 4613 pro
2880 4539 3114 4597 Achivis
3145 4538 3375 4606 litteris,

1915 4629 2176 4686 Tandem
2206 4628 2338 4684 laeta
2367 4629 2524 4685 venit
2554 4629 2800 4687 Romam
2834 4646 2939 4701 per
2967 4631 3189 4684 tluenta
3208 4625 3488 4685 Tibridis.

1914 4717 2052 4776 Erat
2082 4715 2239 4773 enim
2265 4717 2457 4773 Roma
2490 4721 2696 4789 potens
2727 4716 3017 4773 bellorum
3042 4715 3321 4782 victoriis,

1916 4806 1985 4861 Et
2015 4809 2077 4861 ut
2098 4820 2312 4861 omnes
2341 4804 2696 4878 gentes‘su-is
2727 4804 2977 4876 subjecit
3005 4802 3290 4875 imperiis,

1915 4893 2010 4951 Sic
2039 4892 2272 4950 dicebat
2300 4897 2366 4949 ut
2395 4896 2697 4964 praestaret
2724 4892 2975 4966 gemmis
3007 4891 3449 4965 philosophicis.

1913 4985 2033 5039 Has
2063 4982 2133 5038 ad
2166 4998 2295 5038 sese
2314 4980 2583 5038 Tulliana
2608 4983 2781 5040 torsit
2811 4981 3165 5054 eloquentia,

1915 5072 2109 5143 Cujus.
2125 5074 2291 5127 tonat
2317 5069 2688 5129 vehementer
2712 5070 2908 5128 triﬁda
2934 5069 3243 5127 rethorica.

1914 5162 2017 5218 His
2040 5160 2269 5215 imbuta
2296 5158 2494 5232 pulsat
2520 5165 2680 5217 astra
2705 5161 3025 5217 Mantuana
3062 5161 3280 5216 ﬁstula.

1914 5250 2059 5307 Hinc
2090 5266 2205 5304 non
2237 5248 2440 5321 paucis
2471 5248 2718 5307 evolutis
2751 5267 3038 5306 annorum
3060 5249 3369 5305 curriculis

1912 5339 2222 5396 Severinus
2252 5338 2346 5394 his
2376 5339 2663 5396 successit
2690 5340 2751 5395 in
2784 5339 2945 5397 nullo
2977 5338 3301 5402 dissimilis,

1913 5431 2049 5496 Quae
2078 5426 2514 5500 philosophiam
2547 5432 2817 5502 spectant
2837 5426 3000 5484 nullo
3022 5427 3215 5483 minor
3244 5425 3488 5481 meritis.

1916 5517 2130 5573 Praeter
2152 5515 2313 5571 hunc
2343 5520 2401 5572 et
2430 5533 2610 5589 supra
2638 5517 2823 5573 dictos
2844 5517 3163 5572 extiterunt
3193 5513 3453 5587 plurimi.

1919 5605 2305 5677 Presceptores
2336 5607 2396 5661 et
2414 5608 2594 5677 poste
2624 5604 2714 5661 vel
2744 5602 3221 5676 historiographi,
