3894 6214
226 355 337 418 731

959 343 1147 408 ΞιΕΟ.
1193 341 1274 406 XI
1318 340 1548 406 AUCT.
1595 339 1907 403 lNCEBTl
1955 336 2142 399 ANNI
2186 335 2289 397 ET
2334 333 2632 398 SCRIPT.
2681 338 2904 388 Ἀίδεω.

3513 314 3640 375 ’732

229 489 488 555 Quorum
511 479 799 557 quosdam
820 477 915 537 hic
933 480 1362 546 dicamus,nam
1378 473 1868 539 convenitordini,
1902 475 1956 540 Α
1985 471 2098 528 Hec
2128 470 2345 526 difﬁnit
2374 473 2429 525 et
2461 467 2758 533 discernit,
2793 462 3002 520 dividit
3029 465 3085 517 et
3115 455 3341 524 asserit,

232 579 298 634 Hi
331 579 470 633 sunt
505 573 763 639 Plautus,
798 571 971 640 Naso,
1006 567 1514 634 Flaccus,Nevius,
1552 563 1869 628 ferentius,

235 667 450 727 Livius,
485 665 776 727 Lucanus,
812 660 1014 724 Varro,
1049 658 1298 723 Stacius,
1333 654 1643 718 Salustius,

235 755 478 820 Plinius,
511 750 923 816 Quintilianus,
957 746 1276 812 Juvenalis,
1313 744 1562 810 Persius,

232 843 474 909 Ennius,
507 845 662 905 Cato,
696 837 978 904 Catullus,
1013 838 1201 891 Macer
1223 839 1278 888 et
1301 832 1650 896 Macrobius,

235 931 585 997 Marcianus,
614 927 966 987 Victorinus,
1003 930 1256 979 Donatus
1287 927 1344 977 et
1373 919 1627 984 Servius,

236 1021 568 1077 Priscianus
601 1017 798 1090 prima:
827 1015 969 1069 artis
1001 1017 1357 1068 restaurator
1382 1014 1679 1064 strenuus.

235 1110 449 1166 Multos
481 1114 674 1162 tamen
707 1110 761 1160 et
791 1107 1130 1176 prmstantes
1161 1099 1444 1155 vertimus
1478 1102 1534 1152 et
1570 1096 1875 1168 liquimus.

234 1201 401 1254 Nunc
431 1197 685 1269 quedam
717 1193 811 1248 hic
844 1192 1024 1246 libare
1058 1191 1314 1245 nitemur
1344 1206 1413 1244 ex
1444 1186 1668 1242 artibus

233 1289 541 1344 Profutura
573 1283 851 1339 studiosis
881 1281 1089 1334 harum
1125 1277 1524 1333 facultatibus.

235 1377 422 1432 Prime
454 1374 611 1430 sedis
644 1372 1024 1426 fundamento
1058 1369 1360 1440 presidens
1393 1363 1795 1436 grammatica,

234 1467 431 1521 Preter
461 1464 640 1518 denas
672 1465 845 1531 atque
877 1464 1070 1514 ternas
1103 1463 1296 1529 partes
1331 1454 1588 1518 dividua,

234 1555 299 1608 ln
328 1552 534 1625 primis
565 1550 824 1620 quinque
847 1547 1055 1618 pertila
1087 1562 1186 1617 per
1213 1545 1302 1598 bis
1335 1540 1708 1615 quaternaria

235 1643 364 1698 Haec
399 1639 456 1694 in
489 1639 632 1710 ipsis
662 1637 994 1692 studiorum
1028 1633 1275 1690 discitur
1304 1630 1660 1702 crepundiis,

236 1731 305 1786 Et
334 1728 444 1784 sub
477 1744 584 1798 ope
619 1723 990 1780 instrumenti
1025 1723 1175 1777 viam
1206 1725 1371 1793 parat
1398 1718 1629 1784 ceteris,

241 1816 632 1883 Informando,
665 1813 954 1868 edocendo
988 1811 1232 1866 infinitis
1267 1808 1501 1881 regulis.

243 1906 386 1962 Iluic
418 1903 675 1960 secunda
706 1902 962 1957 sociatur
992 1899 1180 1956 civilis
1215 1897 1500 1954 rethorica

243 1997 309 2051 Et
340 1994 584 2050 verbosa
616 2007 792 2062 super
824 2005 1046 2056 omnes,
1083 1987 1349 2059 partibus
1377 1985 1666 2057 quinaria,

239 2085 465 2141 Genera
494 2095 801 2136 causarum
839 2078 950 2132 tria
981 2078 1152 2147 cujus
1186 2076 1447 2131 materia.

245 2175 357 2228 llec
388 2172 647 2226 forenses
681 2167 810 2223 lites
842 2168 1026 2233 sedat,
1056 2182 1264 2220 causas
1295 2164 1433 2235 agit,
1469 2162 1750 2224 clamitat,

242 2259 655 2325 Discernendo,
691 2256 1033 2320 recusando,
1067 2254 1428 2310 defendendo
1454 2252 1704 2323 judicat,

241 2350 310 2404 Et
342 2364 455 2419 quo
487 2347 609 2402 vult
639 2345 794 2416 leges
839 2347 1151 2415 retorquet,
1186 2342 1346 2408 dicit,
1384 2345 1574 2413 negat,
1611 2337 1893 2410 implicat.

243 2437 423 2508 Cujus
453 2451 662 2508 genere
693 2432 1023 2489 communis
1053 2432 1190 2486 hinc
1221 2436 1311 2486 est
1339 2429 1659 2494 dialectica,

244 2527 379 2590 Quae
414 2528 623 2580 natura
654 2523 812 2595 prior
841 2526 994 2576 extat
1023 2521 1198 2575 etiam
1231 2517 1638 2591 grammatica,

245 2619 393 2670 Dum
427 2617 665 2669 cunctas
696 2610 839 2682 ligat
869 2615 923 2665 et
945 2608 1135 2675 solvit,
1172 2606 1451 2680 pervideri
1495 2605 1689 2661 nescia
1723 2623 1734 2659 :

1988 559 2338 617 Ratiocinari
2372 562 2595 631 potens,
2626 557 2864 610 vincens
2895 549 3273 612 invincibilis,

1985 650 2166 712 Quam
2200 648 2427 720 lampas
2458 643 2796 701 clarificavit
2824 639 3105 698 Manliani
3135 635 3400 692 luminis.

1987 737 2312 792 Transtulit
2343 736 2490 790 hanc
2525 733 2862 790 resolvendo
2895 730 3049 786 binis
3079 725 3418 791 Analeticis,

1991 828 2368 882 Introducens
2400 825 2672 895 Isagogas
2704 821 2859 877 binis
2889 815 3347 881 commentariis,

1989 917 2057 970 Et
2088 915 2236 968 idem
2272 913 2607 984 Kategorias
2641 927 2775 965 cum
2806 904 3224 968 Perierminiis,

1989 1004 2202 1074 Topica
2233 1019 2367 1057 cum
2400 999 2752 1072 Sillogismis
2781 1003 2957 1069 atque
2988 991 3357 1057 Diil‘ercntiis,

1990 1092 2426 1148 Dit'tinicionum
2460 1089 2675 1144 librum
2708 1104 2840 1142 cum
2874 1082 3268 1141 Divisionibus

1993 1180 2328 1252 Explicavit,
2363 1179 2584 1233 addens
2617 1193 2800 1231 unum
2835 1171 3361 1246 Propositionibus.

1994 1272 2133 1326 Hinc
2157 1271 2478 1325 abstractas
2513 1267 2872 1338 quantitates
2905 1263 3107 1318 edocet
3137 1256 3511 1331 quadrivium

1991 1359 2263 1414 Numeris
2295 1364 2351 1413 et
2382 1355 2730 1427 simphoniis
2763 1351 3173 1422 mensurisque
3205 1346 3539 1419 proprium,

1995 1451 2062 1504 Et
2087 1447 2392 1520 perpendit
2422 1445 2546 1500 cmli
2577 1443 2698 1498 vias
2729 1459 2936 1497 cursus
2969 1444 3142 1511 atque
3175 1438 3456 1492 siderum.

1996 1539 2185 1607 Hujus
2215 1540 2494 1608 quattuor
2523 1535 2580 1587 in
2614 1536 2808 1604 partes
2835 1529 3080 1585 solvitur
3109 1524 3374 1591 scientia,

1998 1627 2335 1682 Enarranda
2365 1623 2520 1679 binis
2553 1623 2755 1678 formis
2788 1621 2877 1676 sui
2911 1619 3022 1673 sub
3055 1616 3326 1672 essentia.

1999 1716 2143 1770 Hinc
2173 1718 2422 1769 testatur
2450 1710 2702 1767 Severini
2736 1709 2984 1781 diligens
3018 1704 3306 1770 sollertia;

2000 1808 2256 1870 Quarum
2290 1803 2480 1874 prima
2509 1804 2834 1855 ceterarum
2869 1801 3053 1851 mater
3080 1793 3460 1852 arithmetica.

2003 1897 2070 1949 Et
2101 1898 2300 1964 postea
2329 1895 2550 1962 septem
2588 1904 2796 1942 vocum
2829 1883 3184 1940 moderatrix
3213 1881 3452 1943 musica,

2000 1981 2202 2037 'l‘ereia
2231 1979 2570 2053 geometria,
2605 1977 2742 2031 hinc
2774 1993 2866 2031 ars
2897 1972 3264 2045 astrologica.

2007 2074 2130 2126 Haec
2163 2069 2472 2142 perpendit
2500 2066 2712 2126 celum,
2747 2069 2982 2127 terram,
3018 2061 3220 2132 [solem
3244 2065 3300 2116 et
3324 2059 3651 2122 zodiacum,

3185 2149 3433 2221 [lunam,
3467 2147 3651 2220 polos,

2009 2246 2355 2312 Parabellas,
2391 2261 2576 2308 axem,
2611 2245 2811 2299 decem
2844 2241 3116 2308 circulos,

2006 2336 2436 2406 Stollarumque
2469 2333 2656 2388 noscit
2685 2333 2834 2388 situs
2861 2331 2920 2386 in
2954 2344 3224 2384 occasum
3251 2325 3539 2400 geminos.

2006 2424 2301 2482 Exsultate
2330 2421 2640 2494 Papienses
2673 2420 2825 2476 cives
2857 2417 3234 2483 inclitissimi,

2006 2514 2172 2585 Apud
2205 2528 2353 2584 quos
2383 2511 2697 2582 quiescunt
2729 2525 2863 2563 ossa
2892 2506 3143 2578 insignis
3174 2503 3387 2572 Boecii,

2006 2602 2121 2658 Vos
2156 2601 2248 2656 his
2278 2601 2415 2656 rivis
2447 2598 2894 2654 inclarescentes
2921 2597 3052 2666 jure
3084 2599 3216 2667 post
3245 2593 3460 2648 eximii.

1032 2895 1467 2988 FORMA
1538 2825 2887 2985 EXCOMMUNICATIONIS

1354 3097 1617 3167 [ΜΑΒιιι.
1651 3096 1917 3160 Analect.,
1951 3093 2090 3152 Nov.
2123 3093 2285 3160 edit.,
2319 3109 2376 3165 p.
2413 3093 2557 3161 162.]

325 3376 455 3430 Hmc
480 3373 1004 3430 excommunicatio
1036 3373 1187 3428 facta
1209 3376 1297 3428 est
1327 3373 1439 3427 sub
1466 3372 1640 3426 finem
1675 3369 1867 3426 saeculi
1901 3368 2132 3437 decimi,
2163 3386 2277 3440 quo
2313 3369 2427 3425 fere
2477 3373 2735 3441 tempore
2785 3369 3450 3441 excommunicationem
3481 3367 3663 3423 subiit

258 3447 639 3530 ﬁagenardus
669 3461 862 3530 comes
884 3445 1239 3530 Senonensis
1266 3461 1400 3530 eum
1431 3443 1742 3497 Gauzfrido
1774 3446 1831 3496 et
1859 3439 2439 3530 Geilone‘canonicis
2469 3439 2918 3496 ‘Senonensibus
2949 3459 2976 3530 ;1
2994 3441 3162 3521 cujus
3193 3439 3660 3495 excommunica-

1338 3521 1346 3530 .
1554 3515 1614 3530 ..
1695 3519 1704 3530 .
1882 3512 2105 3530 νηηεκ.
2313 3516 2326 3530 .
2528 3529 2547 3530 ,,
2586 3513 2634 3530 ,.
2685 3512 2809 3530 n._,,
2885 3512 2948 3530 n,
2989 3529 3016 3530 η
3345 3510 3655 3530 .__-_,,__

258 3510 437 3601 tionis
469 3517 799 3601 exemplum
834 3517 1022 3597 primo
1053 3516 1208 3586 typis
1239 3516 1460 3597 editum
1484 3518 1578 3601 est
1601 3515 1658 3568 in
1691 3519 1849 3601 temo
1869 3513 1925 3601 7X
1955 3511 2436 3601 Spicilegiihtpm
2486 3513 2639 3601 apud
2685 3512 2840 3601 Step‘.
2862 3510 3179 3601 nBaluzium
3235 3512 3290 3601 iq
3317 3510 3662 3601 ‘Appen'dice

257 3592 338 3673 ad.
363 3581 951 3673 Reginopémﬂailia‘s
982 3581 1526 3673 excommunican‘di
1554 3585 1835 3673 formulas
1861 3581 2088 3673 saecula
2102 3601 2158 3637 IX
2182 3581 2427 3638 usitatas
2447 3581 2662 3638 videsis
2683 3581 2836 3654 apud
2862 3582 3217 3655 Reginonem
3240 3581 3510 3638 abbatem
3527 3581 3659 3636 Pru-

261 3656 550 3718 micns'em
583 3659 641 3714 in
672 3658 776 3712 lib.
810 3659 860 3712 ll
893 3658 973 3712 De
1003 3656 1412 3713 ecclesiasticis
1444 3656 1790 3728 disciplinis,
1824 3672 1951 3726 cap.
1985 3656 2088 3710 407
2117 3671 2279 3726 seqq.

261 3842 385 3896 Haec
426 3841 504 3892 est
534 3835 1044 3909 excommunicatio,
1078 3837 1146 3909 _z'n
1168 3907 1173 3909 _
1196 3851 1302 3905 qua
1331 3837 1442 3905 fuit
1467 3843 1685 3889 sanctus
1717 3833 1902 3909 Theat-
1937 3831 1980 3898 C
2021 3831 2429 3888 rectitudinem
2456 3833 2782 3890 faciendam
2802 3834 3048 3890 invitare
3071 3836 3505 3909 potui,dignum
3530 3835 3664 3891 duxi

334 3909 546 3970 baldus,
587 3906 901 3961 Viennensis
929 3904 1386 3978 archz'episcolms,
1419 3915 1468 3962 et
1500 3911 1751 3976 [δαν-ηαδ,
1788 3904 1915 3957 Gra-

332 3979 764 4049 tianopolita-nus
795 3977 1090 4046 episcopus.

334 4102 675 4172 Quicunque
716 4098 1045 4155 habitantes
1096 4101 1307 4157 Arelati
1359 4101 1510 4158 hanc
1563 4105 1912 4176 scripturam

265 4189 545 4262 legeritis,
580 4190 883 4253 admoneo,
913 4206 1116 4261 precor
1141 4194 1197 4244 et
1230 4190 1435 4259 adjuro
1470 4207 1572 4262 per
1603 4192 1916 4264 Patrem,et

268 4279 500 4344 Filium,
534 4281 591 4333 et
619 4277 898 4349 Spiritum
934 4282 1226 4345 sanctum,
1277 4295 1379 4348 per
1429 4297 1610 4335 unum
1645 4283 1826 4340 Deum
1859 4291 1917 4341 et

267 4371 584 4424 creatorem
617 4367 904 4435 omnium,
943 4371 999 4421 et
1024 4384 1127 4438 per
1149 4366 1375 4421 beatam
1401 4367 1643 4426 Mariam
1671 4372 1770 4428 Dei
1807 4375 1914 4431 Ge-

268 4457 558 4522 nitricem,
592 4461 648 4511 et
675 4473 778 4527 per
808 4472 1012 4510 omnes
1045 4457 1278 4511 sanctos
1325 4455 1423 4511 Dei
1469 4461 1786 4530 praesentia:
1831 4482 1918 4521 as-

269 4547 562 4613 sistentes,
597 4562 668 4600 ne
699 4544 1029 4610 dimittatis,
1081 4543 1223 4615 quin
1274 4545 1548 4614 omnibus
1595 4549 1789 4622 palam
1821 4570 1919 4608 an-

273 4634 574 4701 nuntietis,
629 4650 735 4688 nec
771 4633 849 4687 sit
898 4631 1112 4705 aliquis
1161 4634 1260 4705 qui
1295 4635 1460 4691 tollat
1509 4655 1637 4694 eam
1669 4641 1919 4715 desuper

273 4721 1057 4796 altarebeatiStephani,nisi
1083 4723 1221 4778 dum
1253 4723 1401 4780 lecta
1423 4726 1667 4785 fueritet
1698 4732 1915 4801 audita,

273 4813 454 4868 donec
485 4811 739 4867 audiatis
770 4815 1167 4883 persecutores
1200 4804 1298 4868 Diei
1331 4814 1616 4885 Ecclesiae,
1651 4835 1754 4890 pro
1796 4821 1922 4892 qui-

274 4903 386 4957 bus
417 4917 517 4957 rex
545 4901 760 4973 agitur,
795 4901 865 4954 ad
917 4901 1374 4958 satisfactionem
1427 4907 1643 4962 venire.
1690 4909 1924 4965 Noverit

275 4990 473 5060 itaque
505 4989 770 5044 omnium
805 4988 1063 5045 fidelium
1088 4991 1188 5046 Dei
1211 4993 1802 5067 prudentia,qualiter
1817 5015 1922 5071 ego

275 5078 464 5143 Aimo,
496 5076 932 5133 Valentinensis
971 5078 1127 5134 sedis
1183 5081 1370 5154 gratia
1420 5082 1518 5138 Dei
1549 5084 1923 5143 humillimus

279 5165 518 5241 praesul,
566 5165 1043 5238 proclamaverim
1079 5186 1171 5224 me
1202 5174 1333 5226 ante
1365 5175 1735 5243 praesentiam
1768 5177 1924 5232 Gon-
1955 5203 2000 5266 D

279 5255 447 5312 dradi
478 5255 631 5328 regis
663 5255 911 5311 senioris
941 5257 1145 5324 nostri,
1196 5259 1347 5329 quod
1387 5260 1678 5316 Aikardus
1712 5268 1923 5318 terram

278 5343 432 5400 beati
461 5343 813 5416 Apollinaris
845 5345 1060 5418 egregii
1093 5347 1444 5402 confessoris
1483 5347 1718 5416 Christi,
1752 5355 1926 5422 atque

280 5433 432 5488 beati
456 5433 724 5504 Cypriani
746 5433 983 5504 gloriosi
1008 5435 1280 5505 martyris
1308 5434 1524 5506 injusto
1546 5437 1746 5493 ordine
1769 5441 1926 5495 tene-

281 5522 401 5593 bat,
433 5525 490 5576 et
513 5527 713 5578 contra
742 5523 923 5578 Deum
957 5527 1013 5578 et
1055 5527 1288 5578 sanctos
1333 5524 1462 5595 ejus
1493 5526 1712 5581 crudeli
1751 5531 1929 5585 teme-

283 5609 452 5664 ritate
486 5611 843 5678 possidet.Et
873 5612 1152 5681 quoniam
1184 5610 1344 5668 nulla
1375 5611 1596 5671 ratione
1632 5614 1828 5688 ipsum
1860 5619 1931 5674 ad

2023 3927 2087 3976 ut
2109 3921 2401 3992 judicium
2433 3923 2816 3996 aeterniRegis
2833 3926 3258 3982 Domininostri
3283 3925 3662 3998 postularem,

2021 4014 2078 4063 et
2111 4010 2237 4079 ejus
2269 4009 2620 4065 inell‘abilem
2654 4011 3114 4067 misericordiam
3147 4028 3467 4068 exorarem.
3500 4012 3669 4068 Vera-

2023 4098 2164 4153 ciler
2192 4098 2347 4153 enim
2381 4099 2601 4154 scimus
2646 4100 2784 4171 quia
2830 4099 3062 4172 gladius
3111 4106 3167 4157 et
3215 4101 3368 4174 ignis
3415 4101 3665 4158 ccelestis

2022 4186 2391 4259 imperatoris
2423 4193 2626 4245 contra
2657 4188 2803 4246 filios
2836 4190 3176 4246 diffidentia:
3198 4191 3515 4247 vindictam
3540 4206 3668 4262 ope.

2024 4281 2200 4333 ratur.
2241 4276 2357 4332 Ilac
2381 4277 2558 4349 igitur
2590 4278 3310 4346 necessitateimminente,
3334 4282 3668 4351 protegente

2023 4366 2268 4422 Domino
2299 4365 2592 4423 Salvatore
2623 4373 2839 4433 nostro,
2888 4367 3197 4424 consilium
3249 4372 3307 4423 et
3327 4369 3608 4439 juvamen
3637 4383 3672 4422 a

2025 4455 2354 4512 senioribus
2384 4455 2601 4511 nostris
2649 4456 2938 4528 episcopis
2981 4457 3135 4513 circa
3165 4475 3272 4514 nos
3304 4457 3672 4513 morantibus

2025 4543 2315 4616 deprecati
2346 4559 2578 4611 sumus,
2610 4561 2860 4615 quorum
2905 4547 3232 4602 mercedem
3278 4550 3336 4602 et
3376 4543 3669 4602 consecuti

2027 4650 2236 4689 sumus
2300 4633 2622 4689 secundum
2681 4634 2863 4689 animi
2934 4635 3316 4692 voluntatem.
3377 4635 3674 4692 Habemus

2028 4723 2186 4779 enim
2212 4723 2873 4779 excommunicationem
2891 4724 3090 4780 domui
3108 4723 3482 4793 Theutbaldi,
3504 4725 3676 4779 Vien-

2030 4811 2229 4868 nensis
2276 4812 2719 4884 archiepiscopi,
2770 4814 2969 4869 domni
3008 4813 3298 4879 Widonis,
3344 4812 3677 4870 Aniciensis

2032 4900 2319 4974 praasulis,
2353 4901 2553 4957 domni
2589 4901 2792 4968 Isarni,
2829 4901 3376 4974 Gratianopolitanas
3399 4901 3557 4958 sedis
3578 4918 3678 4958 an-

2030 4990 2253 5056 tistitis,
2275 5007 2497 5047 necnon
2509 4991 2710 5046 domni
2729 4991 3383 5059 Gerauldi,Genevensis
3397 4991 3676 5064 episcopi:

2033 5095 2282 5151 quorum
2307 5080 2364 5134 in
2390 5096 2449 5135 re
2481 5080 2886 5150 hujuscemodi
2915 5097 3032 5136 una
3061 5085 3151 5138 est
3180 5081 3472 5139 sententia
3506 5086 3680 5152 atque

2033 5185 2376 5224 consensus.
2427 5169 2492 5222 Et
2533 5168 2808 5239 quoniam
2853 5169 3055 5225 Arelas
3101 5175 3278 5242 caput
3326 5174 3416 5226 est
3464 5174 3522 5226 et
3553 5185 3682 5226 esse

2035 5258 2206 5312 debet
2238 5256 2409 5311 istius
2439 5255 2654 5322 Galliae,
2689 5258 3207 5328 proclamationem
3255 5263 3519 5315 nostram
3549 5262 3682 5314 ante

2036 5344 2402 5418 praesentiam
2435 5344 2673 5400 rectoris
2698 5346 2826 5416 ejus
2855 5347 3078 5402 deferte
3103 5347 3488 5414 decrevimus,
3539 5363 3683 5419 qua-

2038 5440 2209 5492 tenus
2241 5451 2312 5490 ne
2341 5433 2685 5506 dedignetur
2717 5451 2938 5493 merces
2967 5438 3095 5507 ejus
3127 5437 3308 5493 tantis
3337 5436 3684 5508 patronibus

2040 5523 2357 5597 prazlibatis
2415 5538 2722 5580 assensum
2780 5525 3241 5583 accommodare.
3303 5525 3432 5583 Sint
3487 5525 3686 5596 itaque
