3894 6214
169 320 295 382 733
920 358 923 359 ν
1169 319 1564 385 DYPTICHA
1605 317 2001 381 EGCLESIIE
2041 317 2614 383 ARELATENTIS.
3475 318 3591 384 73¢

166 451 678 511 excommunicati
703 458 823 510 tam
853 453 1138 512 Aicardus
1167 454 1421 511 crudelis
1451 452 1705 511 ecclesias
1736 454 1837 510 Dei
1864 454 2198 520 Actionem
2228 456 2482 512 veniant.
2513 455 2642 512 Sint
2671 472 2848 529 super
2877 472 2977 512 eos
3003 472 3206 513 omnes
3229 456 3591 515 maledictio-

166 559 548 616 repervasor,
573 560 752 615 quam
779 560 983 601 omnes
1006 544 1087 600 illi
1102 543 1608 602 consentientesin
1632 559 1691 598 re
1714 547 1833 599 tam
1946 561 2049 600 nes
2080 561 2210 617 qum
2240 544 2301 600 in
2330 545 2527 602 Veteri
2559 549 2618 602 et
2646 546 2702 600 in
2738 546 2891 601 Novo
2905 546 3277 602 Testamento
3292 546 3588 619 leguntur,

165 631 784 704 injuste,auctoritate
803 633 1010 700 Patris,
1034 636 1090 689 et
1114 632 1326 702 Filii,et
1346 630 1600 705 Spiritus
1623 632 1833 700 sancti,
1944 634 2028 691 ita
2059 637 2123 690 ut
2153 639 2391 706 pereant
2416 634 2609 706 gladio
2641 634 2740 690 Dei
2782 633 3074 701 velociter,
3123 639 3179 691 et
3226 635 3589 691 deducantur

162 720 571 794 omniumque
628 712 967 779 sanctorum
1024 721 1125 778 Dei
1184 726 1241 778 et
1284 722 1627 795 angelorum
1663 727 1836 793 atque
1948 723 2017 777 ad
2046 721 2385 778 infernalem
2417 723 2630 789 locum,
2668 723 2766 779 ubi
2796 723 3082 779 exstincta
3111 724 3188 779 sit
3226 722 3465 779 lucerna
3495 741 3588 779 eo-

164 810 668 882 archangelorum
682 811 1004 883 presentius
1030 811 1125 867 Dei
1140 811 1834 879 astantium,etomnium
1949 829 2079 866 rum
2108 812 2167 867 in
2199 811 2687 884 perpetuum,nisi
2701 812 2773 868 ad
2805 812 3275 869 emendationem
3307 811 3587 867 venerint.

163 900 592 973 episcoporum
625 900 989 969 auctoritate,
1041 900 1232 973 quoad
1260 898 1447 972 usque
1484 901 1555 957 ad
1604 900 1833 957 satisfa-
1949 905 2156 957 Amen.

748 1241 1376 1335 DYPTICHA
1445 1242 2093 1335 ECCLESIz'E
2164 1242 3026 1337 ARELATENSIS

1317 1447 1581 1511 (MABILL.
1616 1449 1856 1503 Analect.
1891 1463 2019 1502 nov.
2055 1446 2191 1502 edit.
2221 1463 2279 1518 p.
2312 1447 2462 1518 220.)

232 1752 314 1834 In_
334 1754 683 1834 plervetu‘sto
714 1750 863 1808 libro
893 1751 1298 1834 sacramentali
1327 1752 1585 1834 Gregorii
1618 1771 1798 1834 papae,
1832 1752 2111 1834 quiliber
2142 1753 2220 1834 ad
2246 1770 2419 1834 usum
2453 1753 2761 1834 quondam
2784 1752 2891 1834 fuit
2921 1753 3188 1834 Ecclesia:
3209 1755 3585 1834 Arelatensis,

164 1822 432 1899 ascripta
463 1826 612 1899 sunt
639 1823 761 1899 haec
789 1824 1131 1899 pontificum
1159 1822 1595 1899 Arelatensium
1618 1822 1951 1899 noniina'ad
1977 1824 2149 1879 ﬁnem
2182 1824 2433 1899 Canopis
2461 1822 2672 1889 missze,
2706 1826 2805 1879 ubi
2838 1826 3025 1899 crucis
3057 1825 3225 1899 signo
3274 1826 3459 1883 sancti
3489 1822 3588 1884 de;

163 1894 519 1970 signantur.
551 1894 734 1970 Multa
765 1894 853 1951 est
882 1895 1188 1970 diversitas
1216 1895 1397 1966 hujus
1423 1895 1634 1970 indicis
1664 1913 1697 1951 a
1727 1896 2003 1970 vulgatis,
2038 1912 2185 1968 quos
2217 1896 2477 1970 conferre
2507 1900 2795 1970 poterunt
2823 1897 3089 1953 studiosi.
3112 1894 3304 1953 'Unus
3353 1900 3591 1970 ponitur

162 1965 488 2043 Césarius,
523 1965 721 2043 nullus
744 1970 944 2022 octavo
976 1966 1207 2043 saeculo,
1241 1965 1859 2043 contrgSigebertum'
1874 1965 2155 2043 aliosq'ue,
2177 1967 2274 2043 qui
2310 1965 2580 2043 sanctum
2611 1968 2906 2043 {Egidium
2937 1970 3005 2025 ad
3058 1970 3115 2043 id
3166 1965 3400 2043 tempus
3443 1972 3589 2043 refe-

163 2043 323 2119 runt.
356 2039 698 2120 Ipsummet
726 2053 1001 2120 essenon
1028 2037 1375 2120 dubitamus
1405 2037 1697 2120 {Egidium
1725 2039 2022 2120 abhati‘arn‘2
2042 2037 2153 2110 ‘qui
2187 2037 2535 2120 Symmacho
2562 2037 3018 2120 papaelibellum
3051 2040 3263 2120 obtulit
3278 2037 3417 2120 cum
3446 2042 3592 2120 Mes-

163 2109 333 2184 siano
366 2108 628 2175 notario,
661 2108 720 2163 in
742 2108 1001 2184 gratiam
1028 2108 1295 2184 Ecclesiae
1324 2108 1717 2184 Arelatensis;
1745 2108 1842 2184 cui
1867 2108 2347 2182 libello'pontifex
2377 2108 2680 2182 respondit
2710 2111 2843 2165 data
2870 2111 3116 2184 epistola
3145 2113 3217 2168 ad
3272 2113 3588 2171 Caesarium

163 2180 525 2254 episcopum
556 2178 860 2237 consulatu
898 2178 981 2235 Fl.
1016 2180 1322 2246 senatoris,
1350 2180 1404 2235 id
1442 2183 1530 2235 est
1560 2196 1711 2235 anno
1741 2181 1865 2235 515.
2022 2212 2027 2216 -

236 2386 739 2445 Commemoratio
769 2385 1027 2460 Dionysii
1064 2386 1217 2459 epis-
1333 2385 1512 2442 Osani
1545 2384 1823 2458 episcopi.
2522 2385 2741 2459 Hyterii
2770 2386 3048 2459 episcOpi.

166 2476 302 2550 copi
1340 2478 1370 2541 τι
1402 2474 1697 2531 Aureliani
1723 2473 2001 2547 episcopi.
2603 2476 2708 2544 Qui
2734 2480 3057 2547 sequuntur,
3088 2479 3201 2535 alio
3234 2480 3362 2536 item
3385 2480 3586 2537 chara-

166 2568 196 2632 ’ί
228 2565 465 2622 Troﬁni
495 2564 773 2638 episcopi.
1339 2569 1369 2631 1‘
1403 2564 1661 2637 Sapaudi
1693 2564 1970 2637 episcopi.
2526 2572 2665 2620 ciere
2684 2567 2877 2636 scripti
2902 2575 3051 2623 sunt.

165 2656 194 2719 ’τ
231 2652 455 2726 Reguli
486 2651 763 2725 episcopi.
1340 2651 1519 2707 Liceri
1550 2650 1826 2725 episcopi.
2514 2652 2743 2708 Annoni
2774 2653 3049 2726 episcOpi.

164 2744 192 2808 ’ί
229 2740 481 2797 Marinii
514 2741 791 2814 episcopi.
1336 2741 1632 2798 Paschasii
1662 2742 1941 2815 episcOpi.
2518 2742 2683 2798 Ponti
2715 2743 2999 2815 episcopi,

160 2827 415 2886 Martini
444 2828 721 2901 episcopi.
1333 2836 1361 2895 δ(
1404 2829 1630 2902 Virgilii
1658 2830 1935 2903 episcopi.
2510 2828 2839 2897 Raimbaldi
2870 2831 3149 2905 episcOpi.

156 2916 369 2974 Nicasi
397 2915 679 2989 episcopi.
1335 2918 1587 2975 Floriani
1620 2919 1898 2992 episcOpi.
2513 2960 2525 2973 .
2573 2962 2585 2974 .
2632 2960 2645 2974 .
2686 2957 2701 2975 .
2751 2961 2764 2974 .
2811 2962 2823 2975 .
2869 2963 2881 2976 .
2923 2958 2939 2976 .
2989 2963 3001 2976 .
3049 2962 3062 2975 .
3103 2959 3118 2978 .

159 3010 192 3071 τι
230 3004 538 3060 Crescenti
569 3004 846 3076 episcopi.
1333 3008 1584 3064 Teudosi
1609 3007 1885 3080 episcopi.
2590 3008 2665 3063 Ab
2694 3010 2806 3065 alio
2834 3011 3097 3082 scriptore
3136 3013 3234 3083 qui
3260 3022 3583 3085 sequuntur.

158 3095 192 3160 τ
226 3091 527 3148 Concordi
556 3091 833 3164 episcopi.
1336 3096 1624 3152 Johannis
1654 3095 1933 3169 episcopi.
2518 3096 2751 3152 Aicardi
2779 3096 3223 3171 archiepiscopi.

160 3180 335 3238 Grati
362 3178 648 3253 episcopi.
1329 3184 1473 3240 Item
1504 3184 1792 3241 Johannis
1812 3183 2090 3258 episcopi.
2514 3183 2753 3239 Gibilini
2786 3185 3227 3259 archiepiscopi.

164 3268 454 3325 Ambrosi
485 3267 765 3342 episcopi.
1324 3272 1593 3328 Anastasi
1621 3273 1899 3344 episcopi.
2506 3273 2701 3328 Attoni
2733 3273 3177 3347 archiepiscopi.

169 3356 419 3413 Martini
451 3357 729 3430 episcopi.
1323 3360 1681 3416 Austroberti
1708 3360 1987 3433 episcopi.
2510 3360 2783 3416 Bernardi
2818 3359 3260 3435 archiepiscopi.

171 3445 427 3518 Ingenui
457 3445 734 3519 episcopi.
1318 3447 1583 3505 Vulberti
1609 3449 1883 3523 episcopi.
2496 3446 2775 3504 Willelmi
2807 3448 3082 3522 episcopi.

168 3534 490 3609 Augustini
520 3535 799 3607 episcopi.
1316 3543 1344 3605 ’τ
1375 3537 1564 3593 Aureli
1595 3539 1874 3610 episcopi.
2575 3538 2700 3593 Alia
2731 3539 2858 3593 item
2876 3555 3047 3594 manu
3068 3540 3585 3616 adduntursequen-

169 3623 491 3699 Geronymi
520 3624 801 3698 episcopi,
824 3624 1043 3682 additus
1064 3626 1179 3681 alia
1312 3626 1595 3698 Policarpi
1627 3626 1903 3699 episcopi.
2505 3633 2598 3682 (es.

238 3730 437 3770 manu.
1307 3716 1541 3772 Martini
1571 3715 1848 3788 episcopi.
2496 3715 2564 3770 R.
2599 3716 2761 3771 bonae
2789 3717 3081 3773 memoriae
3103 3719 3543 3796 archiepiscopi.

168 3799 367 3856 Savini
398 3800 679 3874 episcopi.
1298 3803 1522 3860 Protasi
1553 3804 1828 3876 episcopi.
2492 3803 2637 3859 Item
2671 3804 2810 3861 R....

168 3886 361 3945 Erotis
385 3889 666 3963 episcopi.
1307 3892 1533 3947 Imnodi
1567 3892 1841 3965 episcopi.
2480 3895 2670 3966 Hugo.

168 3980 199 4042 1-
231 3976 457 4034 Patruli
488 3978 766 4051 episcopi.
1287 3980 1494 4054 Georgi
1523 3981 1802 4054 episcopi.
2470 3981 2658 4055 Hugo.

163 4064 371 4123 Euladi
403 4067 682 4140 episcopi.
1283 4070 1543 4126 Ratberti
1573 4071 1848 4144 episcOpi.
2469 4071 2749 4128 Joannes.

166 4157 195 4217 ’τ
231 4154 515 4213 Honorati
542 4156 821 4230 episcopi.
1284 4158 1551 4215 Kautsari
1585 4159 1861 4234 episcopi.
2464 4161 2844 4218 Bertrandus.

164 4244 193 4306 i
228 4241 411 4300 Hilari
441 4244 725 4318 episcopi.
1284 4248 1608 4305 Wilimaris
1635 4248 1913 4322 episcopi.
2462 4249 2810 4306 Florentius.

165 4331 196 4395 τι
228 4330 493 4389 Ravenni
521 4332 799 4407 episcopi.
1285 4335 1548 4392 Wiliaris
1578 4338 1855 4410 episcopi.
2458 4338 2861 4411 Raymundus.

166 4419 194 4483 t
225 4418 453 4479 Leontii
479 4422 757 4495 episcopi.
1283 4424 1516 4481 Arladis
1544 4425 1822 4499 episcopi.
2464 4428 2817 4484 Bernardus.

167 4508 197 4571 t
229 4505 393 4565 Eonii
424 4509 705 4583 episcopi.
1287 4511 1541 4568 Alafanti
1570 4512 1846 4586 episcopi.
2459 4517 2838 4573 Bertrandus.

164 4588 406 4655 Joannis
440 4597 722 4670 episcopi.
1288 4600 1512 4673 Luponi
1544 4594 1823 4674 episcopi.
2084 4606 2089 4610 ’
2455 4605 2812 4678 Rostagnus.

168 4681 198 4745 ’r
230 4680 440 4742 Caesari
474 4684 749 4759 episcOpi.
1286 4689 1576 4746 Johannis
1605 4690 1881 4763 episcopi.
2458 4693 2683 4749 Petrus.

168 4765 439 4833 Feliciani
472 4773 750 4847 episcopi,
782 4774 1009 4832 additur
1037 4777 1154 4832 alia
1287 4777 1497 4833 Notoni
1528 4777 1806 4851 episcopi.
2452 4780 2761 4838 Arnaldus.

232 4873 423 4917 manu.
1288 4870 1315 4931 ’τ
1350 4865 1620 4922 Rotlandi
1650 4866 1927 4938 episcopi.
2448 4868 2799 4926 Galhardus.

168 4940 463 5006 Saturnini
496 4948 772 5022 episcopi,
806 4951 1021 5009 additus
1051 4968 1187 5024 quo-
1284 4954 1566 5027 Rostagni
1597 4954 1874 5027 episcopi.
2449 4956 2793 5014 Milhardus.

234 5049 336 5106 que
359 5054 537 5095 manu
563 5043 870 5099 recentiori.
1279 5043 1569 5101 Manassei
1597 5044 1874 5117 episcopi,
1906 5046 2024 5102 alia
2043 5062 2236 5103 manu.
2449 5047 2829 5106 Gislebertus.

171 5117 661 5201 Presaiepiscopi.
1284 5173 1297 5186 .
1345 5174 1357 5187 .
1404 5173 1417 5187 .
1462 5175 1475 5188 .
1523 5175 1536 5189 .
1583 5177 1595 5189 .
1642 5176 1656 5189 .
1704 5174 1717 5189 .
1761 5176 1773 5188 .
1821 5177 1833 5189 .
1881 5177 1893 5191 .
2444 5136 2724 5195 Joannes.
