3894 6214
176 331 280 391 7M

1295 323 1607 391 MONUM.
1654 325 1755 389 DE
1800 310 2118 392 TREUGA
2162 326 2466 389 DOMINI.

3463 326 3583 386 ’742

177 464 336 516 ratur
364 476 468 532 pro
499 474 640 532 pace
668 458 758 514 vel
789 462 949 515 treva
979 460 1180 515 fracta.
1215 460 1285 514 Et
1315 460 1364 515 si
1398 460 1735 516 malefactor
1764 466 1822 516 et
1848 466 1903 528 Α
1932 467 2099 515 treva:
2134 460 2389 529 Domini,
2421 459 2534 531 ipsi
2566 464 2623 515 et
2641 442 2742 515 res
2773 476 2975 514 eorum
3008 476 3124 514 non
3170 460 3496 516 habeantur
3527 461 3584 515 in

176 548 470 619 adjutores
500 547 628 618 ejus
676 550 878 619 postea
916 547 1203 619 jamdicto
1253 547 1578 620 querelanti
1625 548 1812 604 ullum

174 635 390 694 malum
426 635 666 693 fecerint
694 635 850 692 intra
877 640 1117 703 trevam,
1151 638 1420 693 emendet
1450 654 1553 709 pro
1584 642 1741 693 treva
1764 642 1821 694 et

173 742 307 800 pace
336 725 541 780 fracta.
574 724 718 780 Item
736 725 996 797 prmdicti
1027 724 1281 798 episcopi
1309 726 1689 782 firmaverunt
1710 730 1820 782 tre-

169 831 297 870 vam
323 810 577 869 Domini.
599 811 882 869 Videlicet
911 815 975 867 ut
990 813 1150 869 omni
1178 817 1437 886 tempore
1467 818 1735 869 teneatur
1748 815 1818 870 ab

172 902 443 958 omnibus
474 900 825 957 Christianis
852 902 923 958 ab
953 918 1162 959 occasu
1198 901 1338 958 solis
1373 908 1592 974 quartae
1642 903 1820 972 feriae,

170 990 224 1046 id
254 993 343 1046 est
363 988 684 1046 Mercboris
715 989 1033 1063 die,usque
1050 991 1119 1047 ad
1154 994 1348 1047 ortum
1381 991 1521 1048 solis
1552 992 1819 1047 secunda:

171 1078 340 1146 feriae,
370 1078 431 1133 id
464 1079 752 1134 estLunis
769 1079 882 1134 die.
912 1080 1060 1135 Item
1089 1080 1477 1135 continuatim
1510 1084 1825 1136 teneatura

171 1166 355 1240 prima
384 1166 485 1222 die
518 1167 810 1223 Adventus
841 1167 1072 1224 Domini
1103 1185 1290 1240 usque
1320 1170 1391 1224 ad
1422 1173 1656 1225 octavas
1688 1169 1821 1242 Epi-

167 1254 390 1329 phaniae
422 1254 681 1323 Domini,
739 1256 973 1328 quindo
1034 1256 1318 1312 festivitas
1372 1257 1562 1313 sancti
1622 1256 1824 1313 Hilarii

164 1343 370 1417 agitur.
404 1343 555 1400 Item
605 1344 877 1400 similiter
934 1345 1320 1400 continuatim
1374 1350 1643 1402 teneatur
1673 1363 1706 1401 a
1732 1347 1825 1402 die

165 1432 335 1489 Lunis
367 1449 504 1504 quae
534 1432 823 1488 antecedit
852 1437 1028 1505 caput
1062 1433 1273 1505 jejunii
1332 1451 1520 1507 usque
1554 1435 1624 1490 ad
1672 1434 1826 1490 diem

166 1521 344 1577 Lunis
378 1521 486 1593 qui
522 1526 609 1577 est
628 1522 856 1594 primus
888 1521 1187 1595 postdiem
1218 1522 1579 1578 Dominicam
1604 1527 1827 1577 octava-

166 1626 290 1666 rum
323 1611 738 1667 Pentecosten.
772 1611 841 1666 Et
871 1614 990 1666 tres
1014 1610 1356 1668 festivitates
1388 1615 1602 1667 sanetae
1634 1612 1825 1667 Mariae

165 1716 293 1756 cum
324 1698 790 1772 suisvigiliis.Et
816 1699 1181 1755 nativitatem
1212 1699 1398 1755 sancti
1426 1700 1668 1758 Joannis
1691 1717 1825 1755 cum

166 1805 271 1845 sua
296 1788 527 1862 vigilia,
545 1792 600 1843 et
631 1786 1003 1844 festivitatem
1018 1792 1353 1844 sanctorum
1370 1788 1522 1845 Justi
1551 1794 1607 1844 et
1632 1789 1827 1845 Pasto-

166 1875 264 1943 ris,
297 1880 353 1932 et
382 1875 599 1930 Abdon
632 1878 690 1930 et
718 1876 968 1941 Sennen,
1004 1879 1061 1930 et
1091 1874 1276 1929 sancti
1302 1873 1522 1941 Felicis,
1557 1878 1615 1929 et
1636 1875 1819 1930 sancti

167 1964 417 2033 Genesii,
456 1967 518 2020 et
545 1962 730 2020 sancti
763 1963 1010 2019 Nazarii.
1071 1967 1127 2018 et
1158 1963 1339 2019 sancti
1398 1963 1712 2030 Laurentii,
1771 1967 1827 2019 et

168 2053 349 2108 sancti
383 2050 717 2119 Michaelis,
752 2055 809 2107 et
856 2050 1226 2107 festivitatem
1276 2051 1551 2107 Omnium
1579 2052 1826 2106 Sancto-

170 2158 321 2209 rum,
351 2146 409 2197 et
441 2139 630 2197 sancti
663 2139 918 2207 Martini,
963 2142 1019 2194 et
1047 2139 1174 2194 duae
1225 2138 1565 2195 festivitates
1610 2144 1823 2195 sanctae

167 2230 385 2298 Crucis,
420 2234 484 2285 et
538 2228 828 2284 Cathedra
886 2228 1074 2283 sancti
1130 2227 1302 2294 Petri,
1365 2232 1422 2282 et
1454 2227 1823 2284 festivitatem

169 2319 351 2375 sancti
386 2317 646 2383 Ennesii,
708 2334 835 2389 quae
895 2321 985 2372 est
1014 2334 1091 2371 x11
1150 2315 1276 2371 Kal.
1338 2317 1722 2389 Septembris,
1771 2322 1829 2373 et

172 2407 632 2463 Decollationem
665 2405 849 2461 sancti
867 2406 1109 2461 Joannis
1128 2405 1421 2479 Baptistae,
1456 2422 1589 2461 cum
1610 2406 1827 2479 vigiliis

170 2501 223 2551 et
253 2513 389 2552 cum
404 2495 684 2553 omnibus
698 2494 1098 2565 noctibusjam
1114 2494 1401 2550 dictarum
1419 2496 1824 2552 festivitatum.

174 2585 241 2640 Et
262 2601 474 2641 omnes
531 2584 655 2640 dies
688 2586 743 2639 et
801 2587 1000 2639 noctes
1054 2583 1315 2648 Quatuor
1369 2588 1718 2657 temporum.
1767 2585 1827 2641 Si

173 2674 308 2746 quis
338 2677 539 2730 autem
572 2673 724 2728 infra
752 2671 902 2727 hanc
948 2672 1281 2745 prmdictam
1332 2677 1550 2728 trevam
1596 2674 1825 2730 Domini

171 2761 411 2836 aliquod
445 2761 665 2818 malum
696 2760 870 2816 alicui
903 2761 1115 2828 fecerit,
1149 2762 1207 2815 in
1239 2762 1484 2834 duplum
1517 2763 1565 2817 ei
1599 2780 1828 2836 compo-

172 2854 292 2921 nat,
330 2854 390 2906 et
419 2853 623 2921 postea
654 2867 756 2922 per
794 2848 1087 2919 judicium
1139 2867 1300 2921 aquae
1344 2850 1565 2923 frigida:
1609 2856 1827 2908 trevam

172 2938 417 2994 Domini
452 2937 510 2991 in
543 2937 679 2992 sede
710 2941 921 2992 sanctae
956 2936 1281 3009 Eulaliae(8)
1310 2939 1597 2995 emendet.
1619 2940 1675 2994 Si
1699 2941 1829 3013 quis

171 3028 378 3081 autem
411 3023 565 3080 infra
613 3024 763 3079 hanc
796 3028 1014 3079 trevam
1048 3025 1346 3081 hominem
1397 3028 1675 3083 occiderit
1704 3029 1830 3085 sine

175 3113 381 3186 aliquo
414 3128 577 3182 casu,
612 3128 679 3167 ex
715 3128 999 3167 consensu
1050 3113 1312 3169 omnium
1363 3115 1828 3173 Christianorum

1929 565 2071 621 pace
2101 551 2160 603 et
2188 550 2347 603 treva
2381 548 2634 604 Domini.

2002 637 2118 709 Ego
2150 637 2505 692 Gauzfredus
2537 654 2732 693 comes
2758 637 2894 709 jure
2927 635 3031 691 tibi
3064 637 3232 692 Petro
3281 636 3587 692 Helenensi

1928 724 2199 797 episcopo
2223 729 2279 780 et
2308 724 2454 781 facio
2481 725 2951 783 tibihostaticum
2972 730 3033 781 ut
3057 742 3159 798 per
3188 726 3303 781 duo
3323 729 3587 797 tempora

1930 813 2088 879 anni,
2124 813 2345 870 scilicet
2376 815 2447 870 ad
2491 814 2915 871 dedicationem
2966 816 3027 869 Β.
3086 813 3346 883 Eulalia},
3398 813 3453 869 id
3499 818 3588 869 est

1929 918 2030 959 vm
2066 902 2201 957 Idus
2217 902 2563 969 Octobris,et
2578 903 2647 958 ad
2669 903 3233 975 caputjejuniorum,
3260 918 3585 974 perunum-

1932 1006 2226 1062 quemque
2260 1009 2503 1058 annum,
2522 992 2783 1063 quandiu
2806 991 3032 1057 vixeris,
3070 995 3324 1047 revertar
3345 991 3416 1046 ad
3440 990 3589 1045 hanc

1933 1080 2129 1134 sedem
2161 1079 2224 1132 B.
2257 1079 2528 1146 Eulaliae;
2565 1084 2621 1135 et
2654 1097 2765 1134 non
2813 1080 3095 1153 separabo
3156 1079 3291 1135 hinc
3324 1096 3416 1134 me
3463 1078 3589 1135 sine

1934 1167 2168 1223 licentia
2196 1171 2297 1223 tua
2318 1168 2405 1222 vel
2433 1166 2693 1239 ipsorum
2726 1168 3070 1223 clericorum
3103 1169 3319 1241 quibus
3350 1172 3413 1223 tu
3436 1184 3590 1223 cem-

1935 1256 2191 1324 miseris,
2225 1256 2270 1311 si
2306 1274 2382 1312 ωε
2414 1273 2525 1311 non
2574 1256 2866 1324 habuero;
2901 1264 2956 1312 et
2993 1256 3038 1313 si
3074 1274 3152 1313 ms
3201 1257 3482 1324 habuero,
3523 1272 3589 1312 eo

1938 1345 2184 1401 transito
2219 1346 2370 1399 infra
2400 1363 2499 1401 vm
2556 1346 2681 1401 dies
2732 1350 3005 1411 revertar,
3041 1350 3097 1402 et
3128 1363 3242 1402 non
3305 1345 3590 1417 separabo

1935 1434 2072 1488 hinc
2104 1450 2195 1488 me
2229 1432 2354 1488 sine
2401 1433 2635 1489 licentia
2667 1439 2769 1489 tua
2814 1434 2902 1490 vel
2947 1435 3211 1506 ipsorum
3246 1434 3587 1490 clericorum

1937 1522 2153 1593 quibus
2186 1526 2245 1576 tu
2278 1522 2665 1587 commiseris,
2701 1539 2805 1595 per
2839 1524 3016 1577 Deum
3051 1528 3117 1577 et
3137 1522 3258 1577 hazc
3285 1525 3505 1578 sancta.

2731 1629 2796 1682 Il.

1994 1698 2246 1771 Synodus
2275 1700 2585 1754 Helenensis
2616 1700 2713 1753 sub
2745 1700 2900 1754 Oliba
2933 1700 3177 1770 episcopo
3208 1699 3533 1754 Ausonemi.

2009 1791 2174 1843 Anno
2205 1788 2521 1843 Dominicm
2558 1788 2982 1842 lncarnationis
3007 1804 3160 1843 XXVII
3192 1791 3323 1860 post
3348 1786 3591 1842 millesi-

1937 1894 2120 1944 mum,
2154 1893 2269 1931 xvu
2299 1875 2426 1930 Kal.
2457 1876 2639 1944 Junii,
2674 1876 2944 1931 convenit
2972 1876 3139 1932 Oliba
3188 1876 3448 1948 pontifex
3475 1878 3592 1931 Au-

1938 1965 2207 2021 sonensis
2234 1966 2303 2019 ad
2338 1965 2520 2020 vicem
2581 1965 2914 2037 Bercngarii
2975 1965 3281 2022 Elenensis
3331 1966 3589 2038 episcopi

1940 2058 2077 2108 tunc
2107 2053 2453 2124 temporisin
2470 2054 2881 2109 transmarinis
2895 2054 3160 2126 partibus
3174 2054 3462 2127 peregrini
3476 2072 3595 2110 una

1940 2158 2071 2196 cum
2108 2141 2429 2197 Udalchero
2488 2147 2703 2198 sancta:
2757 2142 3057 2198 Elenensis
3086 2142 3355 2199 Ecclesiae
3399 2143 3593 2199 archi—

1937 2231 2300 2302 presbytero,
2335 2236 2389 2284 et
2420 2230 2727 2285 Cancelino
2760 2230 3192 2295 archidiacono,
3232 2230 3594 2287 etEllcmaro

1938 2318 2307 2373 saeriscrinio
2340 2322 2397 2373 et
2427 2318 2692 2388 Coraule,
2725 2319 3072 2383 Gauzberto,
3106 2324 3165 2373 et
3197 2318 3421 2373 caeteris
3441 2335 3595 2390 prae-

1940 2407 2067 2461 fatze
2102 2405 2259 2462 sedis
2290 2407 2612 2472 canonicis,
2644 2410 2976 2477 ccetumque
3007 2423 3309 2462 sacrorum
3349 2406 3591 2476 ducum,

1937 2499 2226 2551 catervam
2263 2511 2495 2568 quoque
2510 2495 2796 2563 fidelium,
2833 2512 2948 2550 non
2971 2493 3163 2550 solum
3193 2495 3592 2561 virerum,sed

1936 2584 2113 2639 etiam
2144 2584 2522 2640 feminarum.
2556 2585 2963 2640 Convenerunt
2994 2588 3187 2639 autem
3224 2584 3283 2639 in
3314 2584 3595 2639 comitatu

1942 2672 2400 2739 Rassilionense,
2432 2672 2492 2728 in
2508 2676 2672 2745 prato
2695 2671 2960 2744 Tulujes.
2981 2672 3104 2735 Quo
3135 2688 3268 2727 cum
3293 2671 3594 2728 convenis-

1940 2767 2091 2820 sent.
2111 2762 2304 2833 primo
2320 2767 2591 2833 rogantes
2606 2760 2837 2815 Domini
2850 2760 3312 2816 misericordiam
3339 2764 3405 2815 ut
3419 2761 3597 2815 corda

1941 2850 2201 2906 fidelium
2227 2867 2468 2905 suorum
2504 2850 2572 2905 ad
2600 2866 2662 2904 se
2692 2854 3066 2914 converteret,
3102 2853 3326 2905 mentes
3360 2866 3594 2921 quoque

1938 2943 1995 2993 et
2027 2944 2193 2994 actus
2206 2938 2499 3011 dirigeret,
2528 2938 2659 2993 dein
2677 2937 3071 3010 requisierunt
3093 2938 3285 3010 siquae
3309 2936 3594 2993 hactenus

1940 3045 1973 3082 a
2001 3027 2250 3097 praefatis
2281 3026 2565 3098 episcopis
2598 3030 2815 3081 statuta
2847 3027 3079 3082 fuerant
3124 3027 3590 3082 observarentur.

1939 3115 2047 3168 Sed
2080 3131 2213 3169 cum
2248 3131 2393 3186 pene
2424 3114 2622 3168 omnia
2652 3114 3016 3169 invenissent
3045 3114 3158 3169 nisi
3207 3114 3398 3169 solum
3429 3116 3591 3187 pedi-

172 3200 503 3257 difﬁnitum
534 3204 624 3257 est
644 3204 709 3255 ut
732 3200 1009 3256 omnibus
1038 3200 1246 3257 diebus
1294 3203 1420 3256 vitae
1452 3220 1570 3258 suae
1618 3204 1821 3259 exsilio
1853 3190 1896 3255 C
1935 3203 2050 3257 bus
2082 3201 2438 3267 conculcata,
2471 3203 2569 3257 sed
2602 3202 2777 3256 etiam
2810 3200 3085 3258 oblivioni
3118 3202 3334 3269 dedita,
3377 3202 3591 3258 iterum

170 3291 507 3346 damnetur.
542 3289 602 3346 Si
634 3293 833 3344 autem
856 3305 990 3344 cum
1022 3305 1159 3345 casu
1182 3289 1291 3345 hoc
1322 3291 1543 3359 fecerit,
1572 3292 1828 3364 egredia-

169 3383 267 3434 tur
294 3383 496 3434 tamen
517 3395 551 3434 a
580 3383 735 3434 terra
757 3394 946 3450 usque
972 3378 1043 3433 ad
1068 3377 1385 3433 triennium
1417 3395 1589 3451 quem
1614 3380 1830 3452 episco-

170 3484 281 3539 pus
316 3465 410 3522 vel
444 3466 707 3522 canonici
739 3465 1201 3521 existimaverint
1231 3483 1359 3522 esse
1382 3467 1824 3539 imponendum.

172 3555 227 3609 Si
260 3556 541 3627 quisvero
556 3554 708 3611 infra
735 3555 887 3610 hanc
908 3558 1125 3609 trevam
1150 3570 1213 3610 se
1233 3555 1460 3611 miserit
1490 3556 1548 3611 in
1563 3557 1825 3629 aguit(2),

171 3642 256 3699 vel
288 3643 487 3716 ipsum
520 3648 697 3717 aguet
728 3642 1018 3698 stabiliter
1042 3660 1145 3715 pro
1176 3648 1363 3699 morte
1393 3644 1482 3699 vel
1511 3646 1830 3718 apprehen-

177 3731 338 3787 sione
368 3731 620 3804 alicujus
650 3730 927 3797 hominis,
952 3736 1053 3787 aut
1083 3748 1186 3803 pro
1204 3731 1664 3803 apprehensione
1686 3733 1829 3791 alte-

176 3818 296 3875 rius
328 3819 575 3888 castelli,
611 3825 667 3875 et
712 3824 907 3875 tamen
942 3819 989 3875 si
1023 3819 1132 3875 hoc
1185 3837 1355 3892 agere
1386 3838 1499 3877 non
1550 3823 1825 3892 potuerit,

177 3906 445 3964 similiter
475 3909 745 3965 emendet
766 3908 836 3963 ad
861 3908 1151 3979 judicium
1166 3908 1419 3981 episcopi
1452 3914 1507 3966 et
1528 3911 1829 3968 canonico-

175 4010 303 4051 rum
333 3997 464 4067 ejus
498 3997 685 4068 ipsam
744 4002 965 4051 trevam
1023 3996 1278 4064 Domini,
1312 3999 1466 4054 sicut
1523 3999 1735 4055 faceret
1777 4000 1824 4057 si

174 4082 402 4141 fecisset
436 4084 595 4157 quod
627 4100 796 4157 agere
824 4085 1088 4140 tentavit.
1124 4086 1267 4141 Item
1294 4087 1723 4159 prohibuerunt
1754 4106 1826 4145 ne

172 4169 230 4225 in
260 4172 613 4228 terminibus
646 4171 739 4228 his
771 4172 1131 4229 continuatis
1164 4173 1361 4242 trevis,
1386 4175 1653 4232 videlicet
1681 4181 1827 4233 tem-

173 4274 306 4331 pore
334 4262 638 4317 Adventus
668 4260 922 4330 Domini,
957 4277 1059 4316 seu
1092 4261 1583 4333 Quadragesimze,
1627 4265 1826 4321 nullus

172 4352 426 4404 castrum
458 4347 549 4404 vel
582 4347 967 4404 munitionem
988 4349 1274 4405 aediﬁcare
1299 4356 1614 4421 praesumat
1631 4353 1826 4409 nisixv

174 4435 375 4493 diebus
393 4441 532 4493 ante
544 4437 914 4493 continuatae
937 4437 1240 4509 praedictas
1259 4438 1572 4494 trevashoc
1595 4440 1825 4498 inchoa-

1941 3306 2218 3360 reparare
2250 3289 2604 3344 studuerunt
2632 3289 2832 3344 eodem
2864 3292 3062 3343 tenore
3092 3306 3204 3359 quo
3234 3290 3465 3345 fuerant
3487 3290 3591 3346 ha-

1938 3382 2147 3433 ctenus
2178 3377 2432 3433 condita.
2491 3377 2935 3432 Constituerunt
2982 3378 3179 3449 itaque
3220 3378 3439 3451 praefati
3472 3379 3594 3451 epi-

1939 3466 2095 3538 scopi
2116 3464 2289 3522 simul
2309 3482 2441 3520 cum
2474 3463 2802 3521 omniclero
2830 3470 2888 3520 et
2919 3464 3075 3520 fideli
3106 3466 3322 3538 populo
3341 3472 3405 3522 ut
3421 3482 3594 3523 nemo

1939 3555 1997 3610 in
2029 3558 2150 3609 toto
2182 3553 2517 3625 supradicto
2543 3553 2827 3609 comitatu
2854 3553 2940 3608 vel
2968 3554 3308 3628 episcopatu
3327 3554 3601 3612 habitans

1939 3642 2208 3700 assaliret
2240 3642 2493 3714 aliquem
2528 3660 2702 3699 suum
2734 3643 3039 3699 inimicum
3067 3645 3140 3700 ab
3186 3644 3333 3700 hora
3363 3644 3596 3699 sabbati

1939 3750 2094 3788 nona
2128 3732 2383 3802 usquein
2416 3730 2507 3787 die
2524 3731 3088 3805 Lunishoraprima,
3124 3737 3187 3787 ut
3217 3733 3599 3789 omnishomo

1938 3820 2231 3893 persolvat
2264 3819 2529 3875 debitum
2563 3820 2843 3876 honorem
2877 3820 2993 3897 diei
3043 3822 3361 3888 dominico,
3410 3838 3600 3893 neque

1936 3910 2055 3965 ullo
2080 3910 2253 3965 modo
2279 3908 2495 3980 aliquis
2509 3908 2779 3964 assaliret
2794 3909 3145 3965 monachum
3165 3927 3299 3965 cum
3322 3909 3596 3966 clericum

1936 3999 2064 4055 sine
2094 3998 2278 4053 armis
2302 3997 2900 4070 incedentem,neque
2931 3998 3186 4070 aliquem
3211 3999 3511 4056 hominem
3526 4000 3599 4055 ad

1939 4087 2145 4144 ecclesi
2154 4104 2249 4141 am
2264 4104 2397 4143 cum
2414 4085 2660 4143 consilia
2677 4092 2913 4143 euntem
2939 4087 3023 4143 vel
3040 4088 3600 4159 redeuntem,neque

1936 4175 2195 4248 aliquem
2255 4175 2566 4230 hominem
2598 4190 2731 4229 cum
2782 4174 3059 4246 sportella
3113 4174 3596 4247 proficiscentem,

1934 4281 2127 4337 neque
2144 4263 2403 4335 aliquem
2418 4263 2717 4319 hominem
2736 4279 2870 4318 cum
2891 4262 3126 4318 feminis
3144 4267 3374 4318 euntem
3389 4278 3598 4334 ,neque

1936 4351 2154 4424 aliquis
2185 4352 2425 4408 auderet
2482 4351 2793 4407 ecclesiam
2842 4350 2929 4406 vel
2990 4351 3197 4406 domos
3246 4351 3305 4404 in
3350 4349 3596 4407 circuitu

1934 4442 2155 4513 positas
2188 4458 2221 4495 a
2250 4458 2361 4495 xxx
2394 4440 2669 4511 passibus
2696 4438 2911 4495 violare
2943 4443 3045 4496 aut
3073 4437 3337 4494 assalire.
3358 4438 3476 4493 Hoc
3498 4455 3599 4493 au-

172 4524 331 4613 verit.
365 4526 446 4581 De
479 4523 755 4613 praedicta
786 4529 982 4580 autem
1013 4529 1171 4581 treva
1203 4524 1288 4581 vel
1321 4542 1459 4598 pace
1493 4527 1730 4599 querela
1752 4530 1824 4585 ad
1853 4548 1901 4613 D
1935 4534 2052 4584 tem
2086 4534 2321 4601 pactum
2355 4529 2475 4584 sive
2508 4534 2774 4599 treguam
2807 4529 2938 4583 ideo
2971 4527 3422 4594 constituerunt,
3456 4543 3596 4598 quo-

173 4611 509 4686 episcopum
540 4611 628 4669 vel
647 4612 717 4667 ad
750 4613 877 4683 ejus
894 4613 1204 4668 canonicos
1235 4629 1337 4668 seu
1371 4613 1630 4686 fatigatio
1662 4616 1821 4671 omni

170 4702 421 4774 tempore
455 4702 596 4769 ﬁat;
630 4706 689 4757 et
718 4703 869 4758 sicut
899 4703 1170 4774 superius
1189 4703 1471 4775 scriptum
1503 4705 1665 4759 estin
1681 4722 1822 4777 pace

172 4787 240 4843 de
269 4790 555 4859 ecclesiis,
588 4790 669 4845 ita
697 4790 797 4847 ﬁat
839 4792 908 4846 Et
937 4790 1048 4863 ipsi
1081 4792 1139 4846 in
1158 4791 1374 4863 quibus
1403 4793 1712 4865 episcopus
1732 4794 1817 4848 vel

171 4880 428 4936 canonici
462 4878 724 4952 praedicti
755 4896 816 4936 se
848 4880 1214 4954 fatigaverint
1235 4880 1305 4935 de
1338 4881 1661 4953 direptione
1686 4900 1821 4955 prae-

169 4962 295 5021 fatae
324 4969 492 5041 pacis
521 4967 608 5025 vel
641 4973 812 5024 treva:
843 4969 1095 5037 Domini,
1147 4968 1269 5025 sive
1308 4969 1701 5039 ﬁdejussores,
1733 4971 1819 5028 vel

169 5048 440 5114 hostatici
475 5074 579 5130 pro
610 5074 750 5130 pace
772 5056 860 5114 vel
892 5061 1051 5114 treva
1067 5056 1320 5126 Domini,
1345 5058 1626 5114 etmalam
1642 5060 1815 5116 fidem

172 5138 300 5198 inde
321 5150 621 5217 portantes
640 5146 731 5219 epi
740 5163 914 5219 scopo
934 5145 1023 5203 vel
1045 5146 1344 5204 canonicis
1356 5149 1616 5219 ejusdem
1640 5149 1816 5218 sedis,

176 5234 746 5291 excommunicentur
772 5236 845 5291 ab
877 5234 1146 5308 episeopo
1177 5234 1321 5292 vela
1349 5237 1646 5293 canonicis
1667 5239 1819 5308 ejus-

176 5315 309 5375 dem
371 5322 531 5379 sedis
561 5339 695 5378 cum
750 5324 1177 5396 protectoribus
1206 5328 1264 5380 et
1293 5325 1704 5396 adjuvantibus
1757 5343 1818 5382 se

175 5410 428 5476 quandiu
461 5428 527 5469 se
557 5412 965 5469 contenderint
992 5412 1146 5468 sicut
1173 5412 1517 5471 infractores
1546 5415 1707 5487 pacis
1726 5414 1816 5471 vel

237 5585 311 5667 (1)
332 5586 393 5646 Id
425 5594 515 5651 est
542 5590 604 5650 in
636 5588 954 5651 cathedrali
980 5588 1226 5651 ecclesia
1254 5589 1582 5653 Helenensi.

1933 4618 2092 4673 niam
2124 4618 2319 4672 divina
2350 4616 2439 4672 lex
2471 4622 2525 4672 et
2552 4633 2697 4688 pene
2714 4617 2907 4672 omnis
2929 4616 3259 4672 Christiana
3295 4614 3497 4687 religio
3520 4616 3591 4670 ad

1930 4705 2176 4762 nihilum
2208 4707 2477 4774 deducta,
2510 4711 2575 4761 ut
2598 4705 2830 4777 legitur,
2855 4705 3195 4760 abundabat
3216 4703 3518 4775 iniquitas,
3539 4710 3597 4761 et

1930 4794 2588 4867 refrigescebatcaritas.
2622 4794 2688 4847 Et
2723 4792 2850 4847 ideo
2867 4792 3238 4864 praecipimus
3266 4808 3372 4848 nos
3391 4810 3594 4865 supra-
3666 4842 3673 4851 .

1930 4882 2066 4937 dicti
2101 4880 2638 4953 episcopus,clerus
2659 4879 2932 4949 simul,et
2957 4881 3150 4936 omnis
3165 4881 3305 4936 ordo
3329 4880 3589 4937 serviens

1929 4970 2143 5027 divinis
2172 4969 2449 5038 cultibus,
2470 4974 2527 5025 et
2541 4985 2735 5024 coram
2750 4969 2865 5025 Deo
2880 4968 3289 5027 interdicimus
3307 4974 3372 5026 ut
3388 4969 3592 5027 nullus

1928 5061 2103 5117 homo
2132 5059 2219 5115 vel
2251 5059 2468 5114 femina
2490 5059 2559 5114 de
2575 5058 2996 5131 suprascriptis
3021 5056 3242 5130 aliquid
3264 5058 3592 5115 voluntarie

1926 5153 2209 5205 temerare
2238 5148 2327 5205 vel
2358 5148 2675 5220 infringere
2701 5151 3035 5217 praesumat,
3074 5164 3179 5203 nec
3210 5148 3449 5204 invadat
3498 5164 3590 5201 res

1926 5244 2141 5295 sancta:
2174 5237 2378 5293 matris
2408 5235 2663 5294 ecclesia:
2684 5232 2987 5292 Elenensis
3018 5236 3137 5292 sive
3158 5236 3381 5291 cmteris
3403 5232 3587 5287 eccle-

1926 5328 2032 5384 siis
2089 5327 2176 5383 vel
2234 5325 2607 5383 monasteriis
2665 5324 2913 5381 debitas.
2975 5324 3174 5395 Neque
3228 5320 3459 5392 aliquis,
3522 5335 3586 5373 se

1928 5417 2167 5486 sciente,
2200 5414 2261 5471 in
2281 5416 2509 5471 incestu
2534 5430 2721 5485 usque
2744 5414 2816 5469 ad
2844 5416 3072 5469 sextum
3091 5410 3341 5484 gradum
3366 5422 3589 5483 perma-

2004 5594 2081 5674 (2)
2109 5593 2173 5652 Id
2204 5596 2294 5653 est
2322 5590 2572 5652 insidias
2605 5588 2903 5653 struxerit.
