3894 6214
341 304 455 364 743

1092 298 1282 363 ΞᾸΞΟ.
1328 302 1410 364 XI
1443 300 1686 363 AUGT.
1732 297 2049 363 INGERTI
2097 296 2287 359 ANNI
2333 300 2431 359 ET
2477 296 3033 360 SCRIPT.’AAE}:II.

3640 298 3764 363 744

340 439 494 490 neat.
527 434 725 506 Neque
755 433 968 506 aliquis
999 450 1235 491 uxorem
1271 433 1563 506 propriam
1584 433 1860 499 dimittat,
1888 448 1990 485 nec
2020 435 2073 495 Α
2105 429 2424 484 Dominicis
2446 428 3195 501 obtemperantesjussibus
3210 444 3315 500 pro
3331 429 3760 502 temporalibus

339 521 580 579 alteram
614 523 894 579 feminam
942 522 1172 579 habeat.
1227 522 1389 587 Quod
1421 520 1471 578 si
1503 521 1636 593 quis
1680 520 1836 583 fecit,
1872 518 1990 573 sive

338 611 574 667 inantea
600 611 819 679 fecerit,
853 611 965 666 nisi
984 611 1362 682 resipueritet
1390 627 1492 681 pro
1526 624 1697 678 posse
1716 607 1989 663 emenda-

335 700 482 755 verit
529 702 587 755 et
634 700 706 754 ad
757 698 991 772 plenam
1043 697 1505 754 satisfactionem
1541 699 1754 751 sancta:
1786 694 1990 749 matris

340 787 605 843 Ecclesiae
628 804 822 843 coram
842 787 1194 859 supradictis
1208 784 1501 841 canonicis
1517 783 1668 838 infra
1698 782 1989 839 mensium

335 874 514 932 trium
537 875 796 948 spatium
811 874 1051 938 veneri:,
1073 892 1107 929 a
1136 872 1443 928 liminibus
1458 876 1671 928 sancta.
1693 870 1988 927 catholicae

336 963 604 1020 Ecclesize
633 968 690 1019 et
714 964 977 1019 omnium
1003 961 1471 1018 Christianorum
1490 963 1637 1016 coetu
1654 975 1987 1015 excommu-

335 1052 563 1107 nicatus
594 1055 953 1124 permaneat.
1015 1051 1085 1105 Et
1115 1055 1179 1104 ut
1227 1049 1506 1105 noveritis
1559 1065 1764 1104 omnes
1817 1046 1989 1119 quale

334 1144 638 1212 peccatum
674 1139 751 1194 sit
753 1138 927 1211 jungi
945 1154 1246 1195 excommu
1258 1136 1689 1206 nicatis,nullus
1711 1136 1987 1192 Christia-

332 1246 445 1285 nus
474 1228 646 1285 debet
676 1228 1031 1284 manducare
1083 1244 1217 1283 cum
1260 1228 1365 1294 eis,
1397 1225 1485 1281 vel
1534 1225 1749 1293 bibere,
1799 1239 1987 1296 neque

330 1316 595 1372 osculum
628 1316 710 1371 eis
740 1316 1058 1389 porrigere,
1096 1332 1282 1388 neque
1301 1331 1436 1370 cum
1467 1313 1552 1370 eis
1583 1312 1745 1385 loqui
1776 1313 1887 1368 nisi
1915 1313 1986 1369 de

333 1403 766 1472 satisfactione;
825 1420 1011 1476 neque
1064 1404 1111 1459 si
1168 1402 1655 1461 excommunicati
1725 1401 1983 1457 defuncti

330 1493 568 1560 fuerint,
602 1493 891 1549 debentur
922 1493 992 1547 ad
1041 1490 1317 1548 ecclesias
1351 1489 1616 1563 sepeliri;
1673 1505 1859 1561 neque
1890 1488 1988 1544 ali-

330 1580 464 1652 quis
494 1580 743 1637 clericus
772 1580 857 1636 vel
891 1579 1079 1636 ﬁdelis
1111 1581 1281 1637 debet
1301 1596 1403 1652 pro
1424 1579 1508 1634 eis
1540 1594 1722 1634 orare.
1759 1577 1818 1633 Si
1849 1594 1983 1633 vero

332 1686 433 1741 pro
472 1668 654 1724 nihilo
674 1669 948 1724 duxerint
964 1668 1651 1732 excommunicatiouem,
1673 1666 1983 1722 transactis

330 1757 524 1813 tribus
584 1756 908 1822 mensibus,
964 1757 1356 1813 anathematis
1404 1754 1743 1822 vinculo,id
1775 1759 1884 1821 est,
1918 1758 2011 1841 ut.

330 1845 540 1918 perditi
574 1846 728 1901 sicut
755 1845 939 1903 Judas
955 1845 1235 1918 proditor,
1251 1846 1624 1900 damnentur.
1650 1844 1716 1899 Et
1737 1844 1808 1910 si,
1829 1844 1983 1915 quod

330 1936 481 1990 Deus
512 1938 753 2002 avertat,
786 1934 846 1990 in
876 1935 987 1990 hac
1017 1935 1265 2006 perfidia
1282 1934 1556 2000 obierint,
1591 1949 1834 2005 corpora
1855 1932 1980 1986 illo-

330 2039 460 2078 rum
491 2040 625 2079 cum
643 2022 887 2096 psalmis
914 2028 971 2079 et
995 2022 1325 2097 hymnisvel
1359 2022 1723 2094 spiritalibus
1740 2020 1983 2077 canticis

329 2128 443 2166 non
478 2112 770 2167 ducantur
799 2112 871 2167 ad
904 2110 1286 2183 sepulturam,
1313 2110 1584 2166 necinter
1614 2108 1816 2165 fideles
1836 2125 1984 2165 mor-

327 2203 459 2256 tuos
491 2216 693 2255 eorum
728 2200 969 2256 nomina
998 2201 1070 2255 ad
1122 2216 1353 2256 sacrum
1415 2198 1596 2255 altare
1645 2198 1979 2254 recitantur.

324 2288 395 2343 Et
425 2288 567 2360 quia
595 2293 897 2360 peccatum
926 2292 1405 2361 perpetraverunt
1440 2288 1512 2343 ad
1568 2291 1836 2355 mortem,
1867 2286 1979 2340 nisi

326 2377 724 2448 pmnituerint,
757 2378 883 2432 sine
916 2378 1029 2433 fine
1053 2378 1409 2433 damnentur
1436 2376 1495 2432 in
1517 2381 1791 2431 aeternam
1815 2376 1978 2431 dam-

324 2465 641 2522 nationem.
699 2466 989 2523 Omnibus
1029 2466 1327 2522 canonicis
1380 2465 1791 2538 suprascriptze
1823 2463 1980 2520 sedis

322 2553 728 2611 interdicimus
762 2571 957 2609 coram
972 2554 1088 2609 Deo
1103 2560 1160 2609 et
1174 2555 1392 2609 sanctis
1410 2554 1538 2624 ejus
1569 2557 1634 2607 ut
1665 2551 1863 2608 nullus
1884 2567 1977 2608 eo-

324 2659 455 2697 rum
488 2643 559 2697 de
591 2642 685 2698 his
716 2641 938 2714 aliquid
985 2641 1206 2698 solvere
1255 2643 1468 2697 audeat
1516 2641 1640 2697 sine
1690 2657 1977 2697 consensu

323 2730 545 2802 praefati
594 2729 1079 2803 archipresbyteri
1128 2731 1214 2787 vel
1265 2731 1814 2786 archidiaconorum
1857 2731 1977 2787 sive

324 2817 683 2874 sacriscrinii
705 2822 757 2872 et
776 2817 1238 2888 caputscholaris
1256 2817 1343 2874 vel
1372 2822 1709 2875 ceterorum
1731 2818 1977 2875 fratrum

327 2905 765 2962 canonicorum.
798 2905 1126 2961 Ministeria
1165 2910 1362 2962 autem
1413 2907 1611 2962 divina
1640 2907 1767 2962 sine
1798 2907 1976 2963 inter-

323 2994 603 3052 missione
615 2994 872 3066 ﬁantpro
886 2995 1403 3052 excommunicatis
1417 3012 1516 3068 per
1529 2996 1783 3069 spatium
1797 2996 1975 3052 trium

322 3084 639 3151 mensium,
672 3086 737 3138 ut
766 3084 863 3140 det
892 3083 1008 3139 illis
1043 3084 1191 3140 Deus
1228 3083 1650 3155 paenitentiam,
1684 3088 1741 3141 et
1769 3084 1974 3156 resipi-

2102 516 2426 573 commodis
2442 516 2773 574 commissae
2805 516 2914 572 sibi
2941 516 3096 589 plebi
3126 514 3437 590 impensis,
3460 535 3495 574 a
3520 532 3759 578 summo

2100 606 2364 660 omnium
2398 609 2647 677 pastore,
2681 609 2744 660 ut
2774 609 2989 661 aeterna
3019 604 3260 678 praemia
3275 608 3614 664 mereantur
3635 604 3761 664 adi-

2100 693 2246 766 pisci
2277 692 2336 747 in
2370 691 2600 749 saecula.
2635 692 2827 749 Primo
2858 709 2995 765 ergo
3017 692 3283 750 omnium
3315 693 3761 755 institutionum

2100 785 2455 851 nostrarum,
2489 799 2616 854 qua:
2647 781 2708 837 in
2730 779 2838 837 hoc
2869 786 3025 838 temo
3043 782 3355 840 scribenda
3379 787 3759 851 sunt,.mone-

2100 887 2234 926 mus
2264 875 2320 926 et
2373 872 2730 926 mandamus
2787 871 3114 927 secundum
3175 876 3533 944 praeceptum
3561 873 3668 933 Dei
3702 877 3760 931 et

2100 963 2364 1014 nostrum
2398 963 2463 1015 ut
2492 958 2690 1015 nullus
2722 958 3187 1016 Christianorum
3220 959 3403 1017 alium
3433 961 3760 1034 quemlibet

2099 1046 2497 1103 Christianum
2522 1046 2768 1114 occidat,
2801 1047 2939 1119 quia
2960 1046 3061 1119 qui
3091 1047 3492 1105 Christianum
3514 1050 3751 1121 occidit,

2094 1134 2223 1191 sine
2255 1135 2434 1191 dubio
2466 1135 2677 1191 Christi
2713 1135 3062 1208 sanguinem
3090 1135 3301 1192 fundit.
3337 1136 3398 1195 Si
3431 1138 3566 1210 quis
3595 1156 3755 1208 vero,

2097 1224 2251 1295 quod
2282 1241 2397 1279 non
2431 1230 2723 1297 Optamus,
2754 1223 2970 1295 injuste
2999 1224 3299 1281 hominem
3330 1225 3630 1296 occiderit,
3653 1244 3757 1301 per

2096 1310 2282 1384 legem
2315 1328 2449 1367 eum
2481 1314 2772 1369 emendet.

2167 1401 2380 1456 Iterum
2412 1402 2762 1457 mandamus
2777 1404 2952 1474 atque
2971 1402 3390 1459 confirmamus
3420 1404 3614 1476 ipsam
3637 1410 3752 1463 tre-

2093 1506 2227 1563 gam
2252 1490 2347 1545 Dei
2369 1506 2494 1560 quae
2512 1508 2545 1545 a
2563 1490 2965 1546 nobisdudum
2984 1491 3301 1548 constituta
3313 1491 3753 1560 fuerat,etnunc

2094 1596 2127 1633 a
2158 1578 2705 1651 pravishominibus
2722 1580 2991 1652 disrupta
3012 1580 3471 1650 essevidetur,ut
3492 1582 3746 1643 ﬁrmiter

2094 1667 2367 1739 deinceps
2399 1668 2470 1722 ab
2503 1668 2778 1723 omnibus
2811 1671 3096 1723 teneatur.
3131 1667 3319 1740 Igitur
3362 1669 3748 1728 obsecramus

2092 1755 2379 1828 perDeum
2396 1760 2451 1811 et
2463 1773 2770 1813 monemus
2786 1760 2849 1812 ut
2872 1755 3506 1814 nemoChristianorum
3521 1776 3734 1831 quem-

2092 1843 2234 1899 libet
2290 1842 2689 1900 Christianum
2731 1845 2991 1917 requirat
3021 1846 3094 1901 ad
3144 1843 3628 1903 malefaciendum
3661 1843 3741 1911 ab

2093 1948 2299 1988 occasu
2331 1932 2472 1989 solis
2503 1938 2723 2005 quartae
2759 1933 2907 1989 ferim
2923 1949 3109 2006 usque
3139 1933 3405 1990 secunda:
3431 1934 3587 1990 feriae
3611 1933 3748 1991 illu-

2091 2026 2351 2076 cescente
2382 2020 2523 2077 sole.
2554 2021 2940 2094 Praecepimus
2971 2022 3146 2077 etiam
3178 2025 3244 2076 ut
3273 2038 3307 2076 a
3338 2020 3530 2094 prima
3552 2022 3750 2078 Domi-

2092 2109 2222 2164 nica
2277 2110 2563 2166 adventus
2622 2110 2850 2167 Domini
2897 2126 3086 2182 usque
3144 2113 3376 2171 octavas
3416 2114 3746 2175 transactas

2091 2198 2450 2271 Epiphaniae,
2486 2198 2604 2255 sive
2636 2217 2670 2256 a
2710 2200 2908 2272 prima
2962 2198 3263 2255 Dominica
3306 2216 3437 2273 quas
3490 2202 3582 2256 est
3612 2204 3746 2260 ante

2090 2304 2116 2341 ς
2128 2292 2268 2359 aput
2288 2288 2369 2359 jej
2381 2288 2653 2343 uniorum
2684 2304 2871 2360 usque
2888 2291 3215 2344 transactas
3231 2291 3466 2346 octavas
3480 2287 3739 2360 Pascha,

2090 2376 2208 2430 sive
2240 2392 2274 2430 a
2304 2375 2602 2431 Dominica
2633 2380 2765 2431 ante
2807 2376 3225 2432 Ascensionem
3273 2375 3503 2435 Domini
3555 2394 3745 2449 usque

2090 2468 2324 2521 octavas
2359 2464 2734 2520 Pentecosten
2766 2464 3045 2537 expletas,
3085 2462 3174 2519 vel
3205 2464 3276 2519 de
3323 2462 3743 2522 festivitatibus

2089 2557 2302 2608 sancta:
2337 2552 2552 2619 Maria,
2586 2557 2644 2608 et
2673 2553 2731 2608 in
2762 2552 2979 2625 vigiliis
3026 2552 3320 2624 ejusdem,
3367 2555 3425 2608 et
3454 2552 3512 2607 in
3545 2552 3743 2625 vigilia

2088 2642 2276 2698 sancti
2306 2640 2551 2697 Joannis
2584 2641 2877 2714 Baptistae,
2910 2639 2997 2697 vel
3021 2640 3080 2696 in
3106 2639 3418 2697 festivitate
3447 2640 3739 2713 ejusdem;

2088 2734 2264 2803 atque
2296 2730 2354 2785 in
2400 2730 2616 2803 vigiliis
2665 2729 3081 2803 apostolorum,
3130 2732 3187 2785 et
3214 2728 3275 2784 in
3320 2729 3741 2787 festivitatibus

2086 2819 2449 2888 eorumdem,
2482 2822 2539 2876 et
2566 2818 2626 2874 in
2656 2818 2855 2891 vigilia
2883 2817 3139 2874 Vincula:
3171 2816 3357 2874 sancti
3394 2816 3573 2894 Petri,
3601 2822 3659 2877 et
3678 2819 3739 2893 in

2086 2907 2401 2964 festivitate
2433 2908 2718 2979 ejusdem,
2751 2912 2807 2964 et
2835 2906 2895 2962 in
2923 2905 3122 2979 vigilia
3142 2910 3478 2963 sanctorum
3506 2907 3667 2964 Justi
3679 2911 3747 2964 et

2086 2996 2424 3065 Pastoris,et
2452 2996 3321 3064 solemnitateeorumdem,etin
3335 2993 3741 3070 vigiliasancti

2088 3085 2403 3153 Laurentii,
2446 3086 2829 3157 ejusdemque
2882 3082 3210 3151 festivitate,
3243 3088 3302 3140 et
3330 3083 3392 3139 in
3422 3084 3739 3142 festivitate

323 3176 491 3250 scant
515 3190 551 3228 a
575 3171 803 3245 laqueis
829 3171 1069 3241 diaboli,
1103 3190 1136 3228 a
1169 3172 1385 3245 quibus
1415 3174 1568 3245 capti
1599 3177 1871 3229 tenentur
1902 3173 1972 3228 ad
2004 3156 2049 3223 C
2086 3173 2273 3230 sancti
2305 3156 2625 3241 Michaelis,
2650 3177 2708 3229 et
2734 3156 3003 3247 invigilia
3023 3173 3290 3229 omnium
3308 3176 3741 3243 sanctorum,et

318 3261 508 3334 ipsius
537 3260 916 3317 voluntatem.
945 3263 1108 3329 Quod
1141 3261 1243 3334 qui
1272 3261 1525 3318 noluerit
1554 3261 1848 3334 perficere,
1868 3278 1970 3317 no-

318 3350 467 3407 verit
495 3367 556 3407 se
587 3350 987 3417 multandum,
1021 3351 1134 3406 nisi
1192 3350 1522 3423 resipuerit,
1571 3350 1972 3424 suprascripta

318 3439 937 3496 excommunicatione.
975 3439 1262 3495 Omnibus
1293 3445 1488 3495 autem
1516 3438 1854 3513 supradicta
1875 3440 1973 3495 ob-

313 3529 680 3586 servantibus
704 3546 814 3600 pax
828 3533 884 3584 et
897 3528 1300 3584 misericordia
1311 3529 1665 3585 concedatur
1675 3546 1710 3585 a
1727 3519 1970 3585 Domino

311 3618 452 3674 Jesu
484 3616 712 3672 Christo
743 3616 838 3671 hic
869 3620 926 3671 et
956 3615 1014 3671 in
1045 3621 1415 3689 perpetuum.
1448 3619 1652 3673 Amen.

489 3792 797 3848 Concilium
825 3792 1170 3850 Narbonense
1194 3796 1444 3851 habitum
1472 3812 1617 3852 anno
1651 3797 1807 3851 1054.

384 3883 550 3937 Anno
582 3880 893 3937 Dominica!
910 3882 1333 3940 Incarnationis
1352 3883 1665 3940 millesimo
1678 3885 1968 3956 quinqua-

316 3970 540 4045 gesimo
571 3973 801 4041 quarto,
858 3969 1175 4027 indictione
1219 3973 1487 4044 septima.
1538 3977 1743 4044 epacta
1790 3990 1967 4042 nona,

315 4061 699 4114 concurrente
728 4056 796 4125 V,
830 4062 1028 4115 octavo
1060 4060 1186 4115 Kal.
1219 4060 1600 4133 Septembris,
1649 4067 1969 4119 conventus

315 4152 440 4203 erat
482 4147 637 4219 apud
673 4147 880 4203 urbem
931 4149 1263 4205 Narbonem
1312 4149 1512 4205 decem
1544 4149 1966 4206 venerabilium

314 4235 743 4309 episcoporum,
776 4237 1051 4293 Bernardi
1084 4236 1306 4293 scilicet
1335 4237 1701 4306 Biterrensis,
1732 4244 1789 4295 et
1817 4240 1969 4297 Gon-

311 4323 828 4398 teriiAgatbensis,
860 4331 917 4381 et
931 4325 1207 4398 Rostagni
1228 4327 1620 4395 Luctevensis,
1652 4333 1711 4384 et
1731 4328 1969 4385 Arnaldi

316 4413 770 4488 Magalonensis,
836 4413 1075 4469 Froterii
1133 4430 1365 4486 quoque
1432 4416 1764 4482 Nemausis,
1827 4418 1967 4473 Gui-

314 4504 461 4559 fredi
494 4519 626 4559 vero
656 4501 1524 4576 Carcasensis.imoBerengarii
1547 4504 1964 4574 Gerundensis,
1996 4525 2044 4589 Β

314 4591 577 4648 Guifredi
610 4590 1123 4660 Barchinonensis,
1159 4608 1263 4647 nec
1293 4608 1408 4648 non
1440 4597 1496 4649 et
1543 4593 1837 4650 Guillelmi
1869 4592 1965 4649 Al-

314 4681 571 4749 biensis;
606 4680 759 4737 inter
788 4696 936 4753 quos
984 4680 1143 4736 fuere
1189 4681 1366 4754 legati
1425 4682 1628 4737 domui
1676 4682 1969 4739 Guillelmi

315 4769 669 4844 Urgellensis
700 4768 967 4827 videlicet
989 4770 1341 4843 Berengarii,
1370 4775 1427 4826 et
1465 4770 1682 4844 Ugonis
1724 4771 1963 4830 Uzetcn-

316 4858 418 4914 sis.
453 4858 805 4915 Praesidente
834 4860 1050 4915 domno
1104 4859 1405 4927 Guifredo,
1468 4862 1751 4933 praedictae
1800 4862 1964 4917 urbis

317 4944 748 5017 arohipraesule,
800 4948 970 5019 cujus
1016 4948 1306 5005 industria
1358 4950 1634 5021 przedicta
1682 4950 1965 5023 synodus,

314 5032 638 5107 opitulante
659 5035 826 5092 Petro
850 5036 1141 5092 Ramundi
1161 5037 1393 5103 comite,
1425 5042 1599 5110 atque
1619 5038 1966 5110 Berengario

315 5122 670 5190 vicecomite,
706 5142 825 5180 una
845 5141 978 5180 eum
998 5125 1278 5180 abbatum
1292 5129 1350 5179 et
1378 5124 1722 5181 clericorum
1743 5142 1809 5181 ac
1830 5143 1968 5198 quo-

317 5213 590 5269 rumdam
625 5213 911 5270 nobilium
943 5212 1360 5286 etignobilium
1374 5214 1756 5285 nonjminima
1778 5213 1970 5269 multi-

316 5299 542 5368 tudine,
575 5303 646 5358 ad
677 5302 1142 5359 confirmandam
1192 5299 1409 5373 pariter
1438 5305 1495 5356 et
1525 5300 1967 5358 custodiendam

317 5395 542 5463 tregam
573 5395 631 5447 et
660 5408 860 5463 pacem
892 5395 949 5447 et
989 5389 1359 5446 dilectionem
1405 5405 1584 5461 quam
1625 5387 1971 5448 universalis

320 5478 579 5535 Ecclesia
611 5479 969 5535 unanimiter
986 5476 1257 5545 instituit,
1278 5481 1334 5533 et
1350 5477 1789 5533 reformandum
1814 5480 1865 5550 ej
1875 5497 1971 5535 us-

322 5565 457 5633 dem
487 5570 729 5640 statum,
759 5568 899 5647 quia
917 5565 1113 5647 pravis
1130 5564 1582 5628 conculoebatur
1608 5565 1970 5644 hominibus,

2080 3261 2139 3317 in
2174 3262 2482 3318 festivitate
2501 3263 2861 3330 eorumdem,
2890 3267 2947 3318 et
2964 3262 3021 3316 in
3037 3261 3345 3319 festivitate
3366 3261 3555 3318 sancti
3582 3261 3737 3323 Mar-

2081 3351 2209 3418 tini,
2242 3355 2298 3407 et
2324 3350 2384 3407 in
2406 3351 2654 3423 jejuniis
2683 3355 2938 3423 quatuor
2964 3355 3249 3424 tempore,
3279 3351 3346 3407 in
3374 3348 3737 3424 praescriptis

2070 3439 2336 3512 jejuniis,
2398 3439 2517 3495 sive
2575 3439 3009 3505 festivitatibus,
3067 3443 3241 3513 atque
3276 3437 3515 3514 vigiliis,
3551 3455 3727 3495 nemo

2079 3527 2546 3585 Christianorum
2574 3527 2894 3601 quemlibet
2923 3526 3104 3584 alium
3126 3527 3741 3597 Christianumlaedat,

2080 3633 2268 3689 neque
2284 3617 2667 3673 dehonestare
2682 3621 2782 3673 aut
2794 3617 3127 3689 depraedare
3156 3617 3228 3672 de
3246 3616 3370 3671 suis
3396 3616 3577 3672 rebus
3592 3632 3744 3689 prae-

2080 3710 2294 3761 sumat.
2333 3708 2488 3761 Hanc
2515 3711 2738 3777 tregam
2762 3704 2994 3761 Domini
3028 3704 3275 3760 ﬁrmiter
3295 3704 3578 3760 custodiri
3603 3720 3747 3777 prae-

2079 3794 2367 3867 cipimus;
2399 3799 2456 3850 et
2486 3811 2693 3851 omnes
2740 3794 2840 3866 qui
2872 3810 3003 3850 eam
3055 3792 3372 3861 tenuerint,
3405 3798 3464 3849 et
3492 3792 3750 3849 ﬁdeliter

2082 3882 2469 3953 observarint,
2519 3883 2985 3939 benedictionem
3038 3882 3459 3955 sempiternam
3500 3881 3748 3955 abipso

2075 3972 2216 4028 Jesu
2248 3971 2476 4028 Christo
2509 3970 2757 4027 Domino
2785 3971 3149 4027 etSalvatore
3172 3974 3371 4027 nostro
3391 3970 3743 4043 percipiant,

2076 4065 2133 4116 et
2163 4059 2558 4117 haereditatem
2580 4064 2809 4115 aeternae
2832 4060 2961 4114 vitae
2994 4060 3119 4115 sine
3142 4059 3254 4115 fine
3277 4056 3739 4133 possideantJlli

2078 4153 2275 4204 autem
2308 4148 2407 4220 qui
2442 4147 2688 4204 rebelles
2743 4147 3071 4204 exstiterint
3098 4146 3186 4204 vel
3236 4150 3733 4221 transgressores,

2077 4236 2197 4293 sive
2228 4237 2329 4309 qui
2360 4235 2640 4293 auxilium
2671 4236 2755 4293 eis
2785 4236 2846 4292 in
2877 4236 3073 4308 aliquo
3105 4233 3478 4309 praebuerint,
3504 4235 3735 4292 tamdiu

2078 4325 2470 4383 anathematis
2482 4324 2711 4381 vinculo
2725 4325 3066 4396 subjaceant
3077 4339 3383 4397 quousque
3398 4323 3740 4397 dignearbi-

2076 4414 2189 4470 trio
2222 4413 2439 4486 proprii
2462 4412 2719 4487 episcopi
2742 4412 3125 4470 satisfaciant.
3161 4412 3217 4468 Sl
3251 4404 3391 4485 quis
3418 4415 3619 4468 autem
3636 4427 3735 4468 vo-

2078 4502 2327 4559 luntarie
2348 4501 2435 4559 vel
2452 4502 2704 4558 scienter
2718 4494 3013 4557 hominem
3030 4501 3306 4557 occiderit
3323 4500 3382 4557 in
3401 4498 3511 4573 hac
3529 4503 3741 4575 treuga

2077 4596 2182 4648 aut
2212 4589 2785 4665 apprehenderit,aut
2806 4589 3399 4665 castrumcujuslibet
3421 4587 3741 4649 tuleritaut

2080 4681 2448 4749 destruxerit,
2482 4684 2583 4736 aut
2614 4680 2788 4746 in,....
2806 4679 3088 4736 indictam
3105 4684 3371 4751 treugam
3396 4677 3738 4734 insidiando

2080 4776 2180 4828 aut
2209 4770 2527 4843 aguitando
2558 4770 2746 4827 facere
2776 4767 2977 4825 volens
2990 4767 3410 4841 comprobatus
3441 4766 3639 4835 fuerit,
3664 4766 3737 4825 ab

2073 4858 2232 4916 omni
2264 4862 2415 4914 ccetu
2447 4857 2912 4914 Christianorum
2936 4856 3248 4913 deﬁnitum
3270 4858 3361 4913 est
3389 4859 3457 4911 ut
3486 4853 3546 4910 in
3569 4852 3733 4910 omni

2072 4949 2198 5004 vitae
2221 4965 2339 5005 suae
2371 4950 2651 5020 perpetuo
2684 4947 2996 5002 damnetur
3025 4944 3250 5002 exsilio.
3278 4943 3336 4999 Si
3366 4943 3501 5016 quis
3536 4947 3737 5001 autem

2074 5036 2244 5092 aliter
2271 5035 2446 5093 alicui
2476 5035 2739 5108 aliquam
2771 5035 3052 5108 injuriam
3084 5033 3283 5091 fecerit
3307 5036 3407 5090 aut
3422 5031 3735 5100 damnum,

2075 5125 2135 5181 in
2158 5125 2384 5196 judicio
2417 5124 2635 5198 proprii
2658 5124 2914 5196 episcopi
2939 5117 3041 5180 aut
3062 5121 3404 5179 clericorum
3439 5120 3734 5194 ejusdem,

2076 5215 2294 5287 quibus
2321 5213 2477 5270 idem
2507 5210 2816 5285 episcopus
2848 5211 3234 5280 commiserit,
3264 5209 3593 5267 secundum
3616 5225 3739 5265 mo-

2078 5305 2221 5359 dum
2252 5301 2435 5374 oulpae
2466 5299 2842 5357 directionem
2873 5301 3046 5358 faciat
3094 5318 3198 5373 per
3217 5298 3517 5372 judicium
3570 5313 3734 5371 aqum

2080 5390 2323 5464 frigidae,
2359 5393 2460 5445 aut
2489 5405 2592 5460 per
2619 5389 2914 5457 exsilium,
2947 5391 3098 5448 sicut
3123 5393 3412 5447 statutum
3452 5390 3563 5445 est.
3598 5385 3735 5452 Qui-

2080 5492 2312 5550 cunque
2336 5492 2470 5533 vero
2500 5477 3008 5552 appropinquante
3060 5477 3531 5550 Quadragesimze
3579 5479 3736 5532 tem-

2084 5582 2242 5651 pore,
2294 5565 2414 5628 sive
2460 5564 2833 5629 Ascensionis
2890 5567 3141 5639 Domini,
3201 5564 3291 5627 vel
3336 5564 3734 5639 Pentecostes,
