3894 6214
146 303 254 368 ’145

1246 302 1557 366 MONUM.
1603 301 1704 362 DE
1748 298 2065 361 TREUGA
2107 299 2411 361 DOMINI.

3404 304 3529 362 3746

146 454 356 495 necnon
386 438 443 492 et
471 435 768 493 Adventus
797 434 1163 509 Domini,qui
1186 440 1273 492 est
1303 453 1404 508 per
1421 440 1643 508 tregam
1667 435 1774 490 Do-
1805 431 1859 498 Α
1889 431 2005 486 lere
2036 435 2367 503 prmsumat,
2403 445 2506 486 nec
2554 430 2773 502 aliquid
2806 430 2940 486 inde
2976 448 3288 505 usurpare;
3340 450 3533 509 neque

143 527 294 590 mini,
316 529 574 603 castrum
603 525 691 581 vel
723 524 1110 581 munitionem
1145 529 1479 581 construere
1508 523 1772 590 voluerit,

141 633 245 673 non
283 614 363 683 illi
413 616 598 671 facere
649 614 758 671 hoc
804 615 995 683 liceat,
1020 615 1130 671 nisi
1182 616 1330 670 duas
1376 612 1775 669 hebdomadas

139 705 346 761 cunctis
363 704 685 760 scientibus
705 708 838 760 ante
857 705 1200 776 praedictum
1219 709 1451 775 tempus
1468 701 1771 774 incipiant.

137 795 208 853 De
227 793 584 867 debitoribus
605 810 738 849 vero
765 796 821 849 et
846 792 1295 865 ﬁdejussoribus
1319 792 1689 865 praecipimus
1712 793 1777 844 ut

138 884 180 939 si
206 883 557 939 contendunt
586 899 653 938 ea
683 900 809 955 quae
837 882 1475 954 debent,projiciantur
1494 882 1565 937 ab
1587 879 1776 935 Eccle-

137 972 231 1039 sia,
254 974 306 1027 et
332 972 393 1026 in
424 970 665 1027 illorum
687 972 993 1051 parochias
1016 988 1186 1028 nemo
1209 971 1383 1026 faciat
1409 987 1639 1026 sacrum
1672 968 1775 1023 mi-

138 1061 423 1116 nisterium
440 1076 633 1132 usque
651 1060 1275 1133 prtescriptidebitorcs
1297 1061 1543 1114 reddant
1560 1058 1772 1114 debita.

137 1150 333 1206 Oliveta
362 1166 644 1221 namque,
667 1150 839 1220 cujus
869 1150 1214 1223 pignoribus
1244 1150 1304 1203 in
1338 1149 1464 1220 ipso
1487 1164 1772 1219 aquarum

136 1238 330 1295 diluvio
361 1255 571 1310 pacem
601 1238 855 1310 legimus
881 1238 1052 1295 terris
1084 1238 1393 1305 redditam,
1418 1240 1475 1293 et
1504 1238 1574 1292 de
1607 1237 1774 1306 cujus

132 1326 335 1398 liquore
365 1330 643 1382 sanctum
671 1325 928 1381 chrisma
961 1326 1288 1392 conficitur,
1312 1342 1536 1381 necnon
1559 1328 1615 1379 et
1637 1324 1773 1380 alta-

133 1410 205 1472 ria
232 1420 428 1472 sancta
475 1410 918 1482 illuminantur,
954 1416 1065 1471 sub
1116 1420 1238 1471 tam
1292 1416 1520 1470 firmam
1571 1430 1773 1486 pacem

129 1504 427 1561 statuimus
458 1508 535 1560 ut
582 1520 753 1561 nemo
786 1504 1251 1561 Christianorum
1284 1521 1411 1560 eam
1465 1503 1773 1576 praecidere

128 1595 336 1662 audeat,
351 1593 438 1649 vel
462 1594 543 1649 ad
568 1593 999 1649 deformitatem
1023 1590 1313 1660 truncare,
1342 1609 1529 1664 neque
1551 1608 1776 1647 earum-

126 1682 242 1737 dem
271 1682 505 1738 fructus
550 1695 773 1755 rapere:
795 1682 955 1745 Quod
997 1681 1098 1753 qui
1152 1682 1372 1746 fecerit,
1388 1682 1559 1752 juxta
1618 1680 1771 1751 quod

1886 536 1988 593 per
2016 520 2154 589 vim,
2190 537 2374 592 neque
2407 538 2508 592 per
2542 519 2839 587 vicariam,
2863 536 3051 593 neque
3080 537 3183 593 per
3212 523 3534 581 districtio-

1886 626 2019 663 nem
2078 610 2156 663 ibi
2209 609 2387 664 ullam
2447 610 2907 682 hospitalitatem
2965 610 3230 683 accipiat,
3264 612 3375 668 nisi
3433 631 3537 686 per

1887 698 2227 753 missionem
2259 698 2346 753 vel
2386 700 2605 753 donum
2654 700 3058 772 episcoporum
3089 700 3178 756 vel
3230 701 3536 758 canonico-

1885 803 2015 841 rum
2049 790 2103 841 et
2134 787 2437 855 abbatum,
2461 788 2532 842 ad
2564 805 2713 859 quos
2744 789 2975 861 proprie
3005 789 3208 845 eadem
3239 806 3331 846 res
3361 790 3538 862 perti-

1884 875 2095 941 nuerit,
2138 876 2439 947 acquirere
2488 878 2799 949 potuerint.
2836 879 3080 949 Insuper
3125 895 3222 939 eas
3267 879 3435 937 villas
3484 884 3542 937 et

1884 982 2144 1031 mansos,
2171 971 2355 1021 terras
2389 971 2443 1022 et
2473 966 2691 1035 vineas,
2716 968 2834 1023 sive
2858 967 3152 1033 ecclesias,
3178 986 3304 1040 quas
3335 986 3369 1025 a
3396 969 3538 1025 fide-

1886 1053 2039 1109 libus
2065 1053 2165 1108 Dei
2212 1054 2431 1109 collata:
2474 1072 2601 1111 esse
2639 1056 2912 1111 videntur
2941 1057 3000 1111 in
3033 1074 3180 1128 opus
3229 1058 3537 1114 canonico-

1886 1160 2037 1209 rum,
2068 1146 2132 1197 ut
2162 1160 2472 1199 commune
2494 1144 2629 1199 inde
2650 1144 2925 1217 viverent,
2942 1162 3068 1215 qua:
3088 1147 3371 1204 veraciter
3390 1146 3540 1205 scire

1884 1236 2074 1304 potest
2106 1232 2161 1285 in
2195 1232 2303 1287 hoc
2355 1250 2502 1303 opus
2561 1234 2697 1289 data
2752 1250 2878 1290 esse
2938 1240 3281 1304 noscuntur,
3315 1235 3539 1293 nullius

1884 1337 2134 1392 persona
2162 1320 2470 1375 hominum
2517 1340 2697 1377 ausus
2749 1322 2825 1377 sit
2872 1323 3087 1379 habere
3126 1324 3217 1381 vel
3264 1324 3535 1394 retinere,

1884 1426 2073 1480 neque
2114 1426 2217 1479 per
2244 1408 2543 1477 vicariam,
2578 1427 2767 1482 neque
2816 1428 2919 1482 per
2967 1412 3181 1481 fevum,
3214 1429 3406 1485 neque
3436 1430 3541 1485 per

1882 1497 2188 1568 bajuliam,
2224 1515 2409 1569 neque
2440 1516 2543 1570 per
2572 1498 2753 1554 ullam
2776 1517 2995 1569 vocem,
3025 1501 3152 1557 sine
3183 1500 3419 1573 propria
3445 1518 3541 1559 vo-

1883 1585 2105 1641 luntate
2136 1587 2392 1658 episcopi
2439 1592 2494 1643 et
2533 1587 2970 1656 canonicorum,
2999 1588 3087 1643 vel
3117 1589 3417 1660 abbatum,
3442 1606 3542 1646 ca-

1885 1675 2252 1744 nonicorum,
2280 1679 2382 1730 aut
2414 1692 2559 1749 quos
2605 1693 2703 1733 eas
2752 1692 2843 1732 res
2875 1677 3164 1748 pertinere
3195 1682 3540 1747 noscuntur,

126 1769 415 1828 definitum
446 1771 530 1826 de
577 1770 821 1837 caeteris,
856 1787 959 1843 per
997 1775 1222 1842 tregam
1254 1770 1356 1825 Dei
1387 1786 1455 1825 ea
1484 1769 1771 1825 emendet.
1803 1805 1851 1869 B
1885 1781 2018 1819 cum
2049 1764 2345 1820 voluntate
2379 1765 2791 1820 canonicorum
2824 1783 3089 1837 suorum,
3116 1767 3229 1823 nisi
3256 1771 3543 1840 quantum

126 1859 255 1915 Oves
284 1875 419 1932 ergo
451 1863 522 1915 et
553 1875 753 1914 earum
803 1862 1066 1932 pastores
1113 1875 1212 1914 eas
1261 1859 1658 1914 custodientes
1692 1857 1774 1912 si-

125 1946 327 2004 militer
354 1948 416 2004 in
445 1952 684 2022 tregam
737 1949 833 2004 Dei
864 1952 1249 2021 permaneant
1295 1947 1521 2003 cunctis
1569 1947 1775 2002 diebus

123 2036 174 2092 in
203 2037 425 2094 cunctis
454 2037 628 2105 locis,
657 2037 740 2092 ita
785 2042 852 2092 ut
902 2037 1103 2093 nullus
1134 2036 1503 2091 Christianus
1548 2053 1646 2091 eas
1678 2035 1775 2091 de-

123 2126 365 2198 przedare
396 2128 743 2199 praesumat,
776 2143 965 2198 neque
1010 2126 1142 2181 illas
1190 2143 1379 2197 neque
1410 2125 1642 2180 illarum
1674 2142 1776 2196 pa-

121 2219 294 2273 stores
323 2215 541 2272 lazdere
564 2216 653 2272 vel
684 2217 974 2271 invadere.
1000 2217 1161 2282 Quod
1188 2216 1287 2288 qui
1313 2215 1530 2280 fecerit,
1556 2232 1655 2285 per
1678 2214 1777 2270 Dei

121 2308 329 2378 tregam
363 2306 479 2362 hoc
510 2310 701 2363 totum
733 2306 1023 2361 emendet.

815 2447 887 2485 DE
925 2447 1082 2485 PACE.

184 2550 391 2603 Pacem
446 2551 645 2604 autem
678 2564 712 2603 a
755 2546 925 2620 nobis
977 2548 1096 2603 sive
1145 2563 1179 2602 a
1227 2544 1592 2618 principibus
1636 2544 1775 2599 olim

125 2636 503 2692 constitutam
547 2637 900 2711 mandamus
932 2636 1050 2691 sive
1082 2636 1389 2692 ﬁrmamus
1437 2639 1501 2689 ut
1548 2635 1618 2690 ab
1673 2634 1779 2689 ho-

126 2723 317 2781 dierna
348 2726 447 2781 die
477 2728 534 2780 et
563 2725 837 2798 deinceps
885 2725 1191 2781 ecclesiam
1224 2724 1423 2780 nullus
1472 2723 1778 2779 hominum

125 2812 425 2886 infringat,
464 2829 651 2885 neque
684 2815 1018 2870 mansiones
1051 2831 1178 2884 quae
1222 2814 1282 2869 in
1315 2813 1564 2870 circuitu
1594 2812 1779 2868 eccle-

120 2900 341 2957 siarum
376 2904 523 2956 sunt
568 2906 627 2957 et
674 2906 865 2969 erunt,
902 2920 1089 2974 neque
1119 2902 1337 2973 aliquid
1389 2919 1456 2959 ex
1504 2902 1779 2958 omnibus

120 3007 239 3061 qua:
273 2989 437 3043 infra
480 3004 589 3043 xxx
633 3005 845 3061 passus
876 2996 1014 3047 sunt
1064 2990 1317 3047 ecclesiae
1350 2996 1405 3047 et
1434 2996 1623 3057 erunt,
1654 2991 1782 3046 vio-

115 3077 301 3133 lenter
331 3076 567 3132 auferre
599 3078 834 3146 audeat,
865 3083 965 3134 aut
997 3096 1346 3151 prmsumere
1386 3080 1521 3151 (nisi
1554 3080 1782 3151 episco-

1885 1853 2205 1924 prazscripti
2229 1854 2489 1909 canonici
2510 1871 2643 1909 cum
2667 1855 3024 1927 praescriptis
3047 1856 3375 1913 senioribus
3393 1872 3546 1914 com-

1886 1941 2144 1997 muniter
2172 1942 2480 1998 voluerint.
3014 2012 3017 2015 _

1957 2032 2284 2085 Statuimus
2304 2036 2499 2087 autem
2519 2034 2668 2087 inter
2679 2049 2781 2089 vos
2800 2032 2870 2088 de
2883 2034 3352 2091 contentionibus
3368 2038 3548 2092 terra-

1887 2135 2038 2189 rum,
2062 2123 2113 2173 et
2138 2120 2207 2173 de
2238 2120 2601 2176 debitoribus
2633 2126 2689 2176 et
2718 2122 3187 2191 fidejussoribus,
3211 2122 3314 2179 Dei
3340 2126 3543 2179 aucto-

1886 2208 2054 2262 ritate
2086 2211 2139 2261 et
2186 2212 2403 2275 nostra,
2440 2212 2503 2263 ut
2551 2218 2723 2264 nemo
2754 2226 2822 2264 ex
2861 2210 2944 2266 eis
2974 2210 3293 2267 vindictam
3347 2210 3547 2267 sumat

1886 2296 2069 2351 donec
2100 2302 2234 2352 ante
2266 2296 2357 2352 sui
2396 2296 2616 2368 preprii
2649 2297 2906 2370 episcopi
2946 2302 3003 2355 et
3036 2298 3342 2370 potestatis
3372 2300 3543 2372 cujus

1886 2384 2126 2439 ditionis
2170 2386 2344 2440 fuerit
2386 2386 2755 2456 praesentiam
2806 2386 3069 2455 veniens,
3102 2405 3342 2446 causam
3373 2406 3543 2446 suam

1886 2478 2271 2545 exponant,ut
2287 2473 2538 2545 alicujus
2553 2476 2789 2547 eorum‘j
2799 2476 2991 2531 udicio
3008 2474 3354 2535 terminatur
3368 2481 3546 2551 atque

1886 2562 2219 2618 definiatur.
2252 2564 2576 2635 Episcopus
2634 2568 2833 2620 autem
2868 2568 2925 2619 et
2963 2566 3235 2638 princeps
3288 2567 3546 2639 regionis

1888 2651 2329 2724 ipsius,quibus
2360 2653 2563 2708 eadem
2596 2670 2689 2708 res
2717 2654 3063 2724 pertinuerit
3086 2655 3166 2710 ad
3198 2653 3549 2727 distringen-

1888 2741 2051 2810 dum,
2101 2745 2305 2796 noceat
2364 2741 2683 2811 resistenti,
2746 2745 2804 2797 et
2862 2743 3097 2814 adjuvet
3154 2739 3546 2801 obedientem.

1886 2829 2092 2887 Nullus
2150 2831 2325 2886 etiam
2374 2831 2843 2888 Christianorum
2893 2831 3078 2888 ullam
3150 2828 3549 2889 substantiam

1884 2919 2086 2975 villani
2119 2937 2235 2975 non
2267 2921 2688 2991 apprehendat,
2712 2921 2836 2977 ‘nisi
2866 2925 3095 2978 tantum
3126 2922 3342 2994 eorpue
3373 2916 3550 2980 suum

1890 3027 1991 3082 per
2021 3010 2394 3064 forfacturam
2443 3026 2620 3080 quam
2673 3010 2797 3081 ipse
2851 3027 2955 3081 per
3003 3028 3067 3067 se
3118 3011 3312 3087 faciat,
3347 3015 3405 3068 et
3433 3009 3550 3068 non

1892 3098 2203 3168 distringat
2233 3114 2366 3152 eum
2400 3098 2512 3153 nisi
2544 3115 2647 3168 per
2678 3098 2986 3155 directum.
3019 3099 3411 3156 Caballarium
3442 3116 3551 3156 au-

120 3184 244 3238 Pusv
271 3164 509 3259 θυίῖλίῖυί
553 3164 678 3259 ipse
702 3166 976 3259 _jusseritr
1010 3171 1266 3259 ΙΠὈΡῐθΓΔ
1297 3184 1470 3222 suum
1516 3184 1778 3236 censum:
1814 3174 1856 3241 C
1894 3190 2012 3241 tem
2062 3164 2231 3240 nemo
2276 3164 2693 3257 apprehendat,
2730 3190 2793 3240 ut
2834 3188 3004 3242 redut
3033 3187 3109 3258 (3)
3140 3187 3313 3243 faciat
3360 3204 3550 3259 neque

123 3258 219 3310 aut
265 3256 512 3326 propter
554 3253 853 3309 hominem
898 3254 1493 3322 excommunicatum,
1546 3260 1783 3326 excepta

125 3343 453 3399 munitione
483 3359 610 3415 qua
638 3344 792 3398 infra
822 3344 1130 3416 praedictos
1157 3361 1368 3416 passus
1398 3362 1509 3399 xxx
1532 3345 1784 3400 ecclesiae

126 3433 233 3487 sita
262 3431 465 3503 fuerit)
497 3432 569 3486 ad
602 3432 1016 3488 concitandum
1059 3433 1212 3489 bella
1259 3436 1316 3489 et
1364 3434 1785 3506 contentiones.

127 3519 449 3578 Censemus
482 3520 696 3576 iterum
745 3526 809 3576 ut
858 3539 929 3578 ne
963 3522 1097 3593 quis
1129 3522 1435 3578 hominum
1484 3527 1668 3578 terras
1698 3523 1787 3578 vel

128 3625 217 3665 res
242 3610 655 3681 cujuscunque
698 3609 952 3667 ecclesiae
982 3611 1277 3667 vindicare
1318 3614 1633 3682 praesumat
1663 3611 1789 3667 sine

130 3697 274 3753 dono
304 3701 363 3753 et
403 3697 793 3770 permissione
842 3698 1001 3755 illius
1052 3701 1224 3770 cujus
1282 3701 1485 3756 eadem
1545 3699 1790 3756 ecclesia

132 3783 337 3841 fuerit;
358 3785 646 3842 Redditus
690 3804 822 3843 vero
854 3789 1165 3861 synodales
1197 3804 1366 3846 nemo
1416 3789 1695 3845 laicorum
1728 3790 1787 3845 in

134 3888 274 3946 Opus
297 3891 476 3930 suum
501 3874 745 3932 retineat
771 3881 978 3950 praeter
1007 3894 1362 3934 consensum
1383 3878 1787 3950 episcoporum

131 3961 214 4017 vel
247 3962 618 4032 clericorum,
653 3967 754 4021 sed
789 3966 1003 4039 quibus
1047 3969 1181 4038 jure
1220 3969 1506 4024 debentur
1549 3969 1787 4025 omnino

136 4052 419 4109 restituat.
454 4055 763 4111 Monemus
813 4057 1023 4112 iterum
1068 4062 1133 4111 ut
1165 4056 1363 4113 nullus
1411 4056 1694 4113 laicorum
1728 4058 1787 4113 in

135 4156 275 4212 opus
300 4159 479 4198 suum
503 4145 753 4200 retineat
774 4145 1086 4217 primitias,
1111 4160 1300 4217 neque
1324 4146 1669 4214 oblationes,
1694 4163 1791 4202 ne-
1834 4157 1853 4170 ‘

135 4244 240 4299 que
282 4232 754 4289 ccemeteriorum
785 4234 990 4306 pretia,
1016 4250 1205 4305 neque
1252 4251 1375 4302 ova,
1406 4239 1508 4290 aut
1553 4253 1621 4291 ea
1660 4253 1786 4307 qua:

136 4317 202 4373 ad
233 4335 330 4376 eos
359 4321 581 4377 dantur
628 4339 731 4394 per
779 4322 1177 4395 aspersionem
1226 4323 1366 4379 salis
1414 4329 1471 4379 et
1519 4341 1680 4393 aquae
1729 4325 1787 4379 in

134 4405 300 4463 Coena
328 4410 590 4477 Domini,
625 4428 812 4484 neque
862 4412 1220 4485 trigintarios
1265 4416 1363 4484 (les
1410 4414 1789 4485 trentenaz'rcs)

137 4495 230 4566 qui
272 4501 433 4555 recte
483 4499 769 4556 debentur
801 4519 834 4556 a
864 4500 1089 4556 clericis
1151 4501 1326 4572 recipi
1376 4518 1480 4573 pro
1529 4501 1789 4556 fidelium

137 4581 544 4643 defunctorum
590 4589 975 4659 orationibus,
1008 4591 1108 4647 sed
1142 4589 1370 4645 clericis
1420 4590 1521 4661 qui
1572 4590 1791 4645 eisdem

136 4672 389 4732 ecclesiis
424 4681 689 4747 prwsunt
710 4679 955 4735 utendos
982 4678 1305 4751 relinquat;
1336 4694 1441 4734 nec
1462 4678 1788 4750 quidquam

142 4775 207 4815 ex
233 4763 354 4820 fevo
399 4766 563 4838 quod
618 4782 721 4838 pro
769 4769 970 4824 eadem
1022 4768 1266 4824 ecclesia
1317 4772 1473 4824 tenet
1525 4768 1790 4824 minuere

144 4855 719 4919 praisumatﬂlericis
743 4873 995 4929 quoque,
1016 4857 1340 4923 monachis,
1367 4861 1542 4930 atque
1574 4858 1789 4913 sancti-

147 4941 498 5000 monialibus
538 4944 791 5013 feminis,
817 4951 873 5002 et
901 4948 1213 5003 comitibus
1263 4964 1466 5002 eorum
1520 4946 1795 5003 militaria

146 5040 304 5086 arma
335 5049 451 5089 non
484 5034 880 5106 portantibus,
916 5041 981 5092 ut
1011 5037 1231 5109 aliquid
1276 5054 1343 5092 ex
1395 5038 1561 5092 bonis
1592 5053 1794 5091 eorum

149 5131 312 5175 nemo
344 5123 766 5194 apprehendat,
809 5143 912 5182 nec
946 5127 1223 5200 rapiendo
1255 5128 1498 5182 auferat.
1525 5127 1633 5182 Eas
1662 5142 1794 5182 vero

149 5220 253 5271 res,
278 5213 334 5264 et
361 5214 571 5282 terras,
592 5230 658 5269 ac
694 5213 914 5284 vineas,
941 5220 997 5271 et
1017 5220 1222 5273 caetera
1253 5233 1379 5287 quae
1427 5215 1486 5270 in
1528 5216 1631 5287 jus
1658 5233 1796 5287 pro-

149 5293 335 5364 prium
360 5316 426 5356 ac
448 5301 777 5360 dominium
798 5305 1079 5375 canonici,
1095 5310 1152 5362 et
1168 5306 1463 5375 monachi,
1483 5305 1799 5362 sanctimo-

149 5381 329 5442 niales
355 5387 584 5447 feminae
612 5392 832 5449 habent
869 5399 924 5450 et
973 5394 1186 5451 habere
1218 5400 1563 5467 noscuntur,
1598 5394 1801 5452 nullus

150 5469 454 5534 hominum
484 5480 575 5537 vel
606 5481 960 5540 feminarum
1000 5485 1293 5557 invadere,
1321 5501 1524 5561 rapere
1555 5489 1657 5544 aut
1684 5484 1800 5543 tol-

220 5588 295 5670 (3)
320 5592 446 5655 Vox
475 5603 768 5675 corrupta.

468 5722 737 5795 PATROL.
783 5724 928 5793 GLI.

1896 3275 2088 3339 faciat,
2124 3290 2312 3344 neque
2344 3274 2737 3329 substantiam
2783 3275 2910 3344 ejus
2952 3273 3140 3345 tellat,
3172 3276 3287 3331 nisi
3314 3274 3547 3331 tantum

1896 3382 1997 3436 per
2067 3362 2375 3419 directum.
2411 3362 2664 3433 Rapinas
2704 3367 2760 3418 et
2798 3364 3026 3434 praedas
3075 3379 3145 3419 ex
3188 3364 3552 3436 quibuslibet

1895 3452 2361 3509 Christianorum
2384 3468 2554 3506 nemo
2575 3450 2833 3507 virorum
2867 3456 2970 3508 aut
2998 3452 3312 3509 mulierum
3342 3452 3539 3511 faciat.

1897 3540 2272 3611 Praecipimus
2301 3540 2476 3594 etiam
2504 3543 2568 3594 ut
2596 3556 2776 3610 equas
2799 3556 2969 3596 nemo
2989 3540 3198 3613 rapiat,
3216 3538 3540 3598 nisi‘homo

1898 3630 2149 3699 desuper
2169 3626 2435 3682 inventus
2465 3627 2639 3681 fuerit
2669 3632 2949 3684 armatus.
2973 3628 3172 3685 Aleses
3205 3646 3339 3684 vero
3370 3644 3542 3686 nemo

1899 3718 2189 3777 incendat.
2244 3717 2378 3772 Furi
2434 3722 2750 3788 praenotato
2800 3722 2857 3773 et
2903 3719 3160 3790 publico,
3216 3719 3547 3792 latronique

1899 3812 2072 3879 atque
2106 3805 2361 3878 praedoni
2396 3806 2453 3861 in
2497 3806 2841 3863 Christianis
2872 3825 3041 3864 nemo
3090 3807 3374 3865 auxilium
3405 3824 3551 3882 pree-

1898 3897 2263 3965 beat,neque
2296 3895 2365 3948 ad
2413 3894 2557 3951 illud
2610 3898 2901 3968 agendum
2954 3914 3088 3954 eum
3138 3896 3446 3966 conducat,
3495 3914 3559 3955 se

1899 3986 2138 4050 sciente,
2172 4001 2359 4055 usque
2393 3986 2463 4040 ad
2496 3985 2955 4043 satisfactionem
2991 3988 3253 4045 veniant.
3281 3986 3556 4060 Negotia-

1898 4079 2053 4131 tores
2083 4077 2139 4130 ct
2171 4078 2425 4129 oratores
2457 4075 2556 4145 qui
2586 4075 2779 4131 ferunt
2802 4082 3058 4149 sportas,
3083 4095 3254 4135 nemo
3286 4076 3558 4136 substané

1898 4165 2039 4220 tiam
2072 4180 2275 4219 eorum
2308 4164 2729 4235 apprehendat.
3134 4168 3137 4169 ⁷

1971 4258 2130 4308 Hanc
2162 4256 2359 4307 autem
2390 4252 2818 4310 institutionem
2863 4255 3200 4326 praedictam
3247 4271 3559 4311 monemus

1900 4342 2116 4414 pariter
2146 4345 2201 4395 et
2232 4341 2609 4396 obsecramus
2638 4346 2701 4396 ut
2721 4359 2923 4398 omnes
2947 4343 3217 4399 homines
3247 4346 3303 4398 et
3329 4343 3559 4399 feminas

1900 4432 1959 4486 in
1978 4430 2275 4503 praedictis
2295 4430 2668 4487 comitatibus
2692 4430 2809 4486 sive
2832 4431 3265 4505 episcopatibus
3282 4432 3558 4503 degentes

1825 4540 1869 4606 D
1902 4520 2148 4576 firmiter
2170 4523 2406 4575 teneant
2428 4524 2603 4590 atque
2624 4520 2845 4576 intente
2880 4521 3211 4577 custodiant
3231 4521 3558 4577 secundum

1904 4628 2078 4667 suum
2110 4626 2302 4681 posse.
2327 4610 2490 4672 Quod
2523 4609 2571 4665 si
2605 4610 2737 4681 quis
2768 4613 3107 4668 eorumdem
3140 4606 3449 4667 hominum
3470 4610 3560 4666 vel

1898 4699 2249 4754 feminarum
2274 4698 2608 4769 praedictam
2639 4715 2840 4769 pacem
2863 4716 2929 4753 ac
2958 4699 3387 4755 institutionem
3416 4716 3562 4771 pra)-

1901 4790 2246 4860 sumptuose
2274 4786 2594 4858 infregerit,
2622 4790 2679 4841 et
2710 4787 2863 4842 infra
2891 4805 2946 4841 x1
2979 4788 3103 4843 dies
3136 4805 3252 4844 non
3284 4788 3567 4845 emenda-

1900 4878 2066 4945 verit,
2092 4877 2315 4931 noverit
2346 4892 2407 4930 se
2437 4875 2641 4931 tandiu
2674 4880 3013 4934 extraneum
3036 4896 3071 4934 a
3092 4877 3565 4937 Christianorum

1905 4966 2195 5023 consortio
2228 4968 2284 5019 et
2312 4983 2346 5020 a
2376 4964 2679 5020 liminibus
2712 4969 2927 5021 sanctae
2950 4966 3047 5022 Dei
3074 4967 3345 5025 Ecclesiae
3377 4985 3566 5041 segre-

1905 5061 2107 5129 gatum
2138 5055 2317 5109 donec
2339 5053 2391 5109 ei
2415 5054 2506 5109 cui
2541 5054 2824 5111 damnum
2857 5055 3163 5128 pertulerit
3192 5057 3440 5130 duplum
3472 5074 3567 5113 re-

1907 5145 2131 5212 stituat,
2158 5148 2213 5199 et
2244 5143 2515 5214 potestati
2564 5143 2723 5199 illius
2754 5149 2917 5201 terra)
2949 5145 3008 5201 in
3041 5163 3159 5218 qua
3188 5147 3333 5203 illud
3374 5150 3567 5203 actum

1908 5234 2085 5290 fuerit
2134 5251 2206 5288 XL
2252 5232 2471 5289 solidos
2512 5235 2813 5304 emendet;
2873 5240 2930 5292 et
2975 5236 3248 5309 episcopo
3303 5234 3567 5306 ejusdem

1908 5327 2074 5381 terra:
2105 5323 2395 5391 emendet,
2419 5339 2595 5379 manu
2633 5324 2870 5396 propria
2893 5325 3148 5396 jurando
3180 5339 3354 5396 super
3384 5321 3568 5377 altare

1912 5413 2088 5484 sedis,
2113 5416 2214 5469 aut
2236 5400 2422 5484 super
2451 5430 2567 5486 quo
2597 5412 3005 5485 liberavit,quo
3028 5413 3338 5487 episcopus
3366 5410 3569 5482 jusse-

1911 5502 2005 5573 rit,
2027 5503 2169 5580 quia
2199 5501 2456 5576 amplius
2486 5502 2798 5561 emendare
2825 5518 2942 5560 non
2972 5502 3183 5561 debeat
3228 5518 3331 5578 pro
3373 5502 3568 5562 trana-

3172 5718 3254 5784 34
