3896 6216
292 382 407 448 ’147

1028 382 1342 447 SEC.-XI
1385 382 1618 449 AUCT.
1662 376 1977 446 INCERTI
2021 376 2217 444 ΑΝΝΙ
2263 375 2364 443 ET
2412 380 2710 444 SCRIPT.
2758 387 2981 439 ’AABZII.

3591 374 3722 443 748

290 515 589 589 gressione
618 517 1265 588 excommunicationis;
1313 522 1414 574 aut
1460 516 1729 573 emendet
1777 516 1829 571 ei
1874 532 1946 570 xn
1972 519 2029 585 Α
2061 514 2287 571 nocenti
2315 519 2415 571 aut
2444 514 2739 571 innocenti
2770 514 2994 571 malum
3022 514 3269 588 ingerat,
3287 512 3406 571 nisi
3426 529 3564 571 cum
3582 513 3721 588 ipso

292 600 511 661 solidos
555 606 682 662 sine
731 610 1116 663 sacramento.
1147 607 1412 663 Dicimus
1460 607 1673 663 iterum
1718 608 1782 660 ut
1830 604 1953 660 hazc

293 688 584 751 institutio
615 695 687 751 ab
718 696 994 753 omnibus
1026 696 1274 752 ﬁrmiter
1304 699 1576 752 teneatur
1602 694 1757 750 sicut
1786 702 1957 764 supe‘

294 783 417 840 rius
449 783 735 857 scriptum
766 789 872 854 est,
896 788 1104 857 praeter
1149 801 1247 841 eos
1281 785 1381 856 qui
1413 784 1482 839 de
1513 799 1618 839 suo
1669 781 1836 838 alodo
1866 785 1955 839 vel

293 873 419 929 fevo
449 873 568 929 sive
609 873 831 946 baJulia
873 873 1243 929 institutores
1273 872 1621 928 exstiterint.
1647 872 1833 939 Quam
1863 870 1954 926 in-

293 962 657 1019 stitutionem
690 963 1025 1034 quicunque
1056 966 1467 1034 transgressus
1500 961 1693 1025 fuerit,
1718 960 1956 1016 obedire

294 1051 496 1108 nolens
518 1050 871 1123 supradictis
892 1049 1392 1118 institutionibus,
1416 1050 1721 1122 presbyter
1749 1048 1800 1105 ei
1821 1048 1957 1104 mis.

294 1157 420 1196 sam
469 1158 586 1197 non
638 1144 855 1207 cantet,
907 1157 1096 1213 neque
1144 1140 1333 1197 ullum
1385 1157 1620 1197 sacrum
1670 1138 1951 1208 ofﬁcium,

294 1245 483 1301 neque
512 1230 905 1286 communicet
933 1246 1090 1297 eum,
1124 1229 1212 1285 vel
1245 1229 1507 1302 sepeliat,
1534 1246 1595 1286 se
1625 1229 1863 1285 sciente.
1897 1220 1956 1281 Si

293 1322 490 1373 autem
521 1317 801 1390 quislibet
846 1317 1163 1374 hominum
1193 1318 1283 1374 vel
1332 1318 1687 1374 feminarum
1731 1317 1803 1372 ab
1847 1316 1957 1371 hac

292 1404 385 1460 die
415 1412 473 1461 et
515 1407 793 1480 deinceps
827 1424 979 1463 ausu
1021 1407 1334 1463 temerario
1384 1406 1565 1478 hujus
1610 1408 1821 1461 nostra:
1868 1405 1957 1460 in-

293 1495 620 1551 stitutionis
668 1495 913 1552 violator
959 1496 1265 1565 exstiterit,
1301 1494 1697 1551 anathematis
1728 1493 1959 1549 vinculo

294 1585 553 1654 feriatur,
588 1588 644 1640 et
676 1602 709 1639 a
741 1590 944 1640 sancta
977 1584 1079 1640 Dei
1130 1585 1390 1641 Ecclesia
1437 1582 1641 1658 procul
1689 1582 1958 1667 pellatur,

296 1677 351 1729 et
409 1674 483 1727 ab
543 1672 808 1728 omnium
870 1678 1020 1729 cwtu
1080 1673 1546 1730 Christianorum
1606 1673 1806 1729 tandiu
1866 1690 1959 1728 se-

296 1766 535 1834 paretur
576 1762 757 1819 donec
797 1763 870 1820 ad
914 1762 1375 1821 satisfactionem
1415 1762 1820 1819 indubitanter
1859 1777 1960 1818 ve-

299 1851 443 1907 niat.

1080 1942 1175 1998 IV.

391 2032 658 2102 Excerpta
680 2030 902 2087 concilii
929 2031 1075 2102 apud
1102 2034 1351 2157 sqgcstéim
1378 2028 1673 2099 ngidium
1702 2028 1876 2084 habili

961 2118 1106 2157 anno
1286 2142 1298 2155 .

961 2118 1106 2157 anno
1138 2118 1298 2157 1υο0.

372 2190 454 2245 Ex
509 2189 753 2247 concilio
812 2192 967 2263 apud
1019 2195 1289 2247 sanctum
1346 2189 1643 2263 zEgidium
1702 2192 1955 2263 peracto,

301 2278 400 2334 ubi
432 2279 584 2335 facta
612 2282 701 2335 est
748 2278 1046 2351 synodalia
1089 2278 1320 2335 collatio
1364 2277 1626 2347 Patrum,
1658 2277 1958 2350 episcopo-

299 2384 429 2422 rum
474 2367 745 2423 videlicet
784 2367 1219 2424 Gallicanorum
1260 2385 1412 2435 xxu;
1458 2383 1708 2439 quorum
1750 2366 1959 2422 unani-

299 2456 473 2511 miter
511 2472 831 2512 consensus
870 2460 927 2511 et
964 2473 1071 2528 par
1115 2459 1313 2512 votum
1351 2454 1459 2510 hoc
1501 2453 1766 2510 definivit
1803 2453 1959 2525 quod

300 2543 394 2599 hic
424 2544 723 2600 titulatum
759 2545 1211 2600 memorandum
1253 2544 1632 2611 mandamus,
1665 2558 1799 2598 cum
1831 2557 1959 2614 per-

300 2634 462 2689 sonis
510 2633 853 2705 suppositis.
886 2633 956 2688 Hi
1002 2637 1188 2688 sunt:
1227 2631 1611 2688 Raimbaldus
1660 2630 1960 2687 Arelaten-

302 2722 406 2788 sis,
461 2721 857 2793 Laudegarius
897 2720 1271 2791 Viennensis,
1321 2737 1455 2776 cum
1495 2719 1703 2793 legatis
1743 2720 1962 2777 Narbo-

298 2808 500 2868 nensis
530 2808 731 2881 primae
763 2809 1030 2881 praesulis
1072 2810 1195 2865 vice
1228 2808 1631 2882 fungentibus,
1664 2808 1961 2865 Froterius

296 2896 738 2966 Nemausensis,
797 2898 920 2970 Ugo
959 2898 1336 2967 Uceticensis,
1370 2896 1683 2954 Wilelmus
1723 2897 1962 2954 Albien-

295 2986 402 3052 sis,
457 2986 798 3041 Bernardus
849 2986 1208 3054 Lutevensis,
1250 2986 1532 3043 Geraldus
1580 2986 1960 3073 Vivariensis,

304 3075 510 3130 Petrus
539 3074 838 3146 Vasensis,
872 3074 1179 3132 Udalricus
1207 3075 1714 3144 Tricastrinensis,
1742 3077 1962 3133 Franco

302 3165 721 3234 Vendacensis,
744 3165 1009 3223 Clemens
1038 3165 1479 3235 Cavillonensis,
1505 3167 1708 3223 Petrus
1736 3168 1963 3239 Aquen—

2063 604 2312 661 termino
2346 604 2684 661 malefactor
2712 605 2995 660 damnum
3027 602 3310 660 intulerit.
3344 603 3464 661 Hoc
3491 620 3725 663 excom-

2065 693 2372 750 municant
2401 694 2511 750 sub
2539 693 2907 750 anathemate
2936 694 2995 749 in
3027 697 3400 767 perpetuum.

2134 784 2186 837 3.
2222 782 2509 839 Militibus
2541 788 2739 839 autem
2770 784 3097 856 majoribus
3124 782 3213 840 vel
3244 781 3575 853 minoribus
3611 782 3724 840 hoc

2065 870 2429 943 praecipiunt,
2456 874 2521 927 ut
2551 872 2622 927 ab
2652 871 2824 928 hodie
2844 889 3034 945 usque
3054 871 3113 927 in
3138 871 3504 941 nativitatem
3526 873 3723 929 sancti

2062 960 2308 1016 Joannis
2338 959 2540 1016 nullus
2560 976 2724 1016 arma
2751 960 2900 1017 ferre
2928 965 3248 1035 praesumat
3271 977 3631 1034 quacunque
3646 962 3725 1019 de

2066 1064 2263 1116 causa,
2298 1049 2412 1106 nisi
2444 1049 2536 1106 sui
2568 1049 2857 1106 solutione
2885 1049 3164 1122 episcopi.

2139 1142 2278 1193 Data
2311 1136 2497 1210 pridie
2526 1138 2675 1194 Non.
2709 1137 3087 1211 Septembris.

2853 1228 2903 1282 ν

2141 1298 2443 1353 Concilium
2476 1298 2767 1371 Trojanum
2806 1268 3052 1425 Ιίιέἔξωη
3081 1299 3149 1355 ab
3184 1299 3397 1357 Urbano
3425 1300 3474 1357 ΙΙ
3502 1315 3652 1357 anno

2137 1460 2303 1514 Anno
2336 1458 2648 1515 Dominicis
2677 1459 3102 1516 Incarnationis
3135 1460 3295 1527 1093,
3326 1460 3649 1517 indictione
3678 1476 3720 1529 Ι,

2068 1545 2437 1602 hebdomada
2480 1548 2946 1620 Quadragesima:
2997 1550 3207 1621 prima,
3240 1565 3295 1608 γι
3330 1549 3472 1606 Idus
3503 1549 3723 1617 Martii,

2069 1636 2335 1690 convenit
2364 1637 2546 1707 Trojae
2586 1636 2647 1692 in
2694 1637 2904 1709 Apulia
2950 1637 3262 1694 concilium
3310 1639 3725 1713 episcoporum

2070 1724 2185 1779 lere
2218 1741 2377 1791 Lxxv,
2410 1726 2692 1781 abbatum
2722 1742 2821 1781 x11.
2847 1727 3113 1783 Secundo
3143 1726 3341 1800 itaque
3361 1728 3473 1795 die,
3494 1745 3633 1785 cum
3651 1727 3725 1783 de

2071 1813 2427 1885 quihusdam
2457 1812 2611 1869 infra
2657 1816 3187 1888 consanguinitatis
3216 1815 3427 1872 lineam
3476 1816 3725 1889 copula.-

1981 1892 2029 1957 B
2062 1901 2138 1958 tis
2169 1906 2363 1958 actum
2393 1902 2621 1972 fuisset,
2644 1905 2885 1961 tandem
2910 1905 3410 1963 consentientibus
3438 1905 3729 1963 omnibus

2066 1991 2176 2046 hoc
2206 2008 2383 2063 super
2413 1992 2498 2049 eis
2526 1992 2850 2065 capitulum
2882 1994 3318 2068 promulgatum
3348 1998 3457 2051 est.

2142 2082 2189 2135 1.
2224 2080 2493 2153 Episcopi
2542 2098 2793 2154 quorum
2822 2082 3136 2140 dimcesani
3189 2086 3329 2139 sunt
3382 2099 3483 2140 eos
3533 2096 3727 2155 usque

2068 2169 2126 2224 in
2158 2170 2534 2225 Pentecostcn
2566 2170 2733 2227 trina
2761 2172 3136 2229 advocatione
3163 2172 3535 2229 conveniant.
3559 2173 3727 2255 Tunc

2068 2256 2118 2313 si
2141 2258 2256 2312 duo
2285 2256 2393 2312 viri
2413 2258 2509 2329 (4),
2531 2258 2621 2313 vel
2640 2263 2779 2324 tres,
2805 2259 3727 2334 consanguinitatemjurejuran-

2068 2347 2141 2401 do
2173 2346 2547 2414 ﬁrmaverint,
2578 2346 2666 2403 vel
2718 2347 2958 2420 ipsimet
2988 2350 3132 2405 forte
3180 2348 3435 2408 confessi
3483 2348 3727 2416 fuerint,

2070 2434 2341 2507 conjugis
2370 2434 2788 2493 dissolvantur.
2821 2438 2881 2494 Si
2911 2454 3045 2494 vero
3081 2441 3360 2495 neutrum
3391 2436 3724 2512 contigerit,

2069 2524 2326 2597 episcopi
2385 2540 2483 2581 eos
2540 2542 2644 2597 per
2695 2525 3055 2598 baptismum
3104 2527 3343 2595 Christi,
3388 2543 3494 2600 per
3548 2525 3727 2582 ﬁdem

2071 2612 2305 2681 Christi,
2338 2629 2440 2686 per
2485 2613 2703 2671 Christi
2748 2615 3063 2687 judicium,
3096 2615 3158 2671 in
3202 2631 3341 2673 vera
3388 2613 3728 2672 obedientia

2071 2703 2434 2759 obtestantur
2464 2707 2753 2774 quatenus
2778 2703 2973 2776 palam
2996 2704 3214 2761 faciant
3234 2707 3435 2761 utrum
3464 2721 3549 2773 se,
3576 2704 3731 2760 sicut

2070 2792 2229 2847 fama
2257 2796 2366 2859 est,
2397 2792 2865 2866 consanguineos
2903 2797 3346 2866 recognoscant.
3379 2793 3441 2850 Si
3480 2808 3729 2866 negave-

2072 2880 2210 2946 rint,
2245 2879 2356 2935 sibi
2402 2880 2548 2953 ipsis
2606 2870 2977 2953 relinquendi
3025 2885 3187 2955 sunt,
3216 2882 3300 2940 ita
3352 2886 3553 2938 tamen
3586 2885 3651 2938 ut
3680 2880 3732 2939 01

2072 2967 2232 3025 aliud
2263 2969 2322 3023 in
2353 2969 2709 3026 conscientia
2738 2969 3014 3039 habeant,
3044 2988 3106 3028 se
3138 2989 3172 3028 a
3200 2970 3510 3028 liminibus
3539 2969 3735 3027 Eccle-

2073 3057 2191 3128 siae,
2210 3075 2245 3114 a
2274 3074 2512 3131 corpore
2541 3061 2598 3114 et
2627 3059 2911 3133 sanguine
2944 3061 3195 3129 Domini,
3213 3078 3248 3117 a
3276 3060 3539 3117 ﬁdelium
3571 3076 3733 3117 com-

2072 3144 2351 3203 munione
2388 3148 2653 3204 noverint
2699 3152 3054 3222 segregatos,
3087 3154 3262 3222 atque
3301 3149 3565 3227 infames
3595 3150 3730 3206 eﬂ'e-

310 3255 413 3322 sis,
473 3254 714 3312 Pontius
774 3255 1186 3324 Massiliensis,
1245 3256 1541 3312 Deodatus
1599 3236 1959 3325 Telonensis,
1993 3261 2037 3327 α
2076 3240 2220 3327 cio?
2244 3237 2427 3327 ἀστιθο
2465 3237 2537 3292 ab
2576 3236 2779 3318 incesti
2821 3237 3076 3295 Ῡδθίηονθ
3105 3239 3397 3296 deginnnt'
3431 3238 3491 3294 Si
3536 3255 3599 3294 se
3631 3238 3734 3311 λα’

305 3342 658 3401 (1000011000
710 3344 1151 3417 Forojuliensis,
1206 3345 1470 3401 Andreas
1516 3344 1801 3414 Nicensis,
1850 3345 1967 3401 Du-

302 3434 524 3490 randus
552 3434 883 3501 Vincensis,
915 3435 1274 3491 Bertrandus
1307 3434 1612 3507 Regensis,
1644 3434 1766 3508 Ugo
1794 3439 1969 3491 Sena-

300 3522 534 3593 cien’sis,
556 3523 798 3580 Pontius
843 3523 1220 3591 Glandensis,
1247 3527 1372 3596 Ugo
1398 3524 1733 3597 Dignensis.
1758 3524 1826 3579 Hi
1849 3540 1969 3580 om-

298 3628 403 3668 nes
433 3610 655 3668 collecti
688 3612 747 3666 in
773 3628 958 3667 unum
988 3610 1104 3667 tale
1135 3613 1437 3669 sancitum
1459 3613 1748 3669 dederunt
1778 3612 1971 3669 decre-

303 3705 452 3757 tum.

378 3792 428 3844 1.
462 3788 816 3845 Canonicam
856 3788 1296 3861 promulgantes
1338 3790 1716 3858 sententiam,
1749 3793 1816 3846 ut
1843 3789 1971 3847 loca

304 3877 741 3945 canonicorum,
780 3892 847 3933 ac
892 3878 1313 3935 monachorum
1360 3878 1640 3945 coenobia,
1671 3877 1760 3934 vel
1799 3878 1968 3936 villas

307 3964 490 4022 sacris
548 3965 853 4022 ordinibus
910 3966 1292 4023 ecclesiarum
1354 3967 1690 4038 designatas
1749 3967 1969 4024 nullius

307 4052 660 4110 conditionis
686 4071 936 4127 persona
966 4056 1238 4112 invadere
1264 4059 1449 4111 tentet
1474 4056 1546 4111 ab
1578 4055 1752 4112 hodie
1782 4073 1970 4130 usque

307 4143 369 4198 in
413 4146 759 4215 perpetuum
807 4161 912 4201 nec
960 4144 1381 4217 hospitalitatis
1431 4161 1630 4211 00000,
1665 4161 1768 4201 000
1806 4146 1969 4218 inge-

312 4232 409 4287 nio
439 4230 606 4288 malae
628 4233 815 4290 insitae
850 4231 1320 4301 consuetudinis,
1344 4232 1459 4287 nisi
1494 4248 1627 4289 cum
1650 4235 1970 4291 necessitas

310 4323 581 4395 coegerit,
615 4327 904 4395 quantum
955 4323 1027 4378 ad
1088 4337 1266 4378 usum
1322 4325 1542 4377 naturae
1602 4323 1967 4395 pertinuerit,

202 4436 207 4441 ν
312 4412 440 4468 sine
470 4413 868 4469 destructione
898 4410 1037 4467 loci.

380 4505 433 4557 2.
463 4501 755 4558 Ecclesias
786 4503 981 4557 autem
1016 4516 1144 4572 qua)
1174 4499 1330 4556 intra
1362 4499 1669 4557 castellum
1702 4505 1805 4558 aut
1832 4501 1971 4558 civi—

307 4594 486 4647 tatem
515 4589 769 4645 fundata:
791 4587 1028 4660 fuerint,
1046 4591 1147 4644 aut
1176 4588 1235 4644 in
1264 4587 1420 4646 villis
1439 4588 1527 4645 vel
1559 4589 1619 4645 in
1652 4590 1835 4663 agris,
1857 4590 1968 4647 illae

306 4678 574 4736 videlicet
608 4678 667 4732 in
702 4678 918 4750 quibus
949 4677 1261 4734 aediﬁcium
1300 4679 1373 4734 ad
1405 4677 1821 4736 debellandum
1852 4698 1967 4736 non

308 4768 578 4834 habetur,
600 4767 687 4824 vel
719 4784 852 4823 cum
884 4766 1100 4839 quibus
1130 4768 1340 4824 seditio
1371 4785 1487 4823 non
1519 4774 1837 4840 exercetur,
1862 4787 1968 4826 nec

308 4856 749 4913 malefactorum
781 4866 1061 4913 excursus
1088 4856 1161 4912 ad
1194 4857 1517 4928 reparanda
1537 4858 1755 4914 damna
1776 4858 1969 4915 civilia

302 4942 390 5000 vel
412 4943 751 4999 communia
766 4943 890 4999 fieri
909 4946 1346 5018 comprobatur,
1362 4945 1513 5002 hanc
1532 4948 1655 5020 pari
1675 4964 1967 5005 consensu

308 5030 513 5088 volunt
541 5036 597 5087 et
625 5032 911 5090 definiunt
939 5034 1154 5090 habere
1200 5038 1548 5106 potestatem
1579 5042 1647 5093 ut
1677 5054 1847 5093 nemo
1876 5037 1965 5092 in-

310 5122 400 5175 fra
430 5123 750 5177 terminum
789 5140 900 5177 xxx
928 5124 1268 5180 dextrorum
1299 5124 1453 5179 circa
1490 5125 1762 5181 ecclesias
1808 5126 1963 5198 posi-

312 5214 437 5266 tum
471 5210 794 5283 quidquam
828 5226 1030 5281 rapere
1059 5214 1398 5283 praesumat,
1432 5230 1536 5269 nec
1569 5213 1671 5268 ulli
1704 5229 1963 5286 persona:

408 5317 458 5390 4)
490 5318 593 5387 Ap.
629 5313 916 5390 gratiam,
948 5317 1038 5390 3_5,
1072 5334 1130 5388 q.
1161 5318 1240 5390 0.,
1272 5334 1399 5390 cap.
1431 5318 1494 5374 Si
1520 5318 1646 5390 duo.

408 5318 440 5371 4
490 5318 593 5387 Ap.
630 5317 916 5382 Gratiam,
948 5317 1038 5386 35,
1072 5334 1130 5388 q.
1161 5318 1240 5383 6,,
1272 5334 1399 5390 (κιρ,
1431 5318 1494 5374 δέ
1520 5318 1646 5373 ἀπο,

384 5317 460 5465 i5i
483 5385 669 5465 Car?“
702 5384 1096 5465 Magnistirpe
1118 5388 1191 5444 ad
1214 5404 1486 5465 occasum
1518 5388 1854 5465 inclinante,
1873 5407 1965 5447 co-

312 5456 504 5532 mites,
529 5456 621 5532 sui
663 5456 1091 5532 provinciarum
1123 5463 1375 5532 rectores
1404 5476 1502 5515 eas
1534 5458 1647 5532 sibi
1676 5456 1961 5532 tanquam

304 5531 561 5605 privatas
594 5525 898 5605 facultates
927 5528 996 5605 in_
1014 5528 1435 5605 patrimonium
1460 5528 1751 5605 asciscere
1780 5525 1964 5605 cmpe-

304 5597 463 5681 runt'.
489 5597 816 5681 Translatio
838 5597 1095 5681 regniad
1122 5599 1424 5681 Hugonem
1456 5599 1692 5681 illorum
1716 5597 1961 5681 conatus

304 5668 625 5755 plurimum
656 5670 880 5745 adjuvit
901 5668 1245 5748 {provincias
1273 5688 1388 5732 non
1414 5671 1669 5749 amplius
1699 5689 1770 5733 ex
1799 5677 1959 5735 ante-

2076 3323 2227 3380 dicio
2257 3324 2664 3397 episcoporum
2710 3327 3161 3400 segregaverint,
3195 3327 3246 3383 si
3294 3328 3537 3399 iuvenes
3568 3331 3732 3396 sunt,

2076 3411 2189 3468 alia
2219 3413 2594 3470 matrimonia
2622 3415 2965 3472 contrahere
2996 3433 3110 3472 non
3140 3415 3583 3489 prohibeantur.

2146 3504 2200 3557 2.
2232 3502 2291 3557 Si
2349 3502 2482 3575 quis
2536 3503 2779 3559 treviam
2837 3504 2940 3561 Dei
2998 3505 3253 3579 fregerit,
3314 3521 3504 3577 usque
3559 3503 3735 3561 tertio

2076 3590 2150 3646 ad
2202 3591 2659 3648 satisfactionem
2718 3593 2791 3649 ab
2847 3593 3119 3665 episcopo
3174 3597 3502 3650 moneatur.
3563 3594 3733 3658 Quod

2077 3679 2126 3735 si
2174 3696 2280 3736 nec
2336 3680 2505 3736 tertio
2563 3681 2898 3737 satisfacere
2955 3681 3336 3748 consenserit,
3392 3682 3733 3756 episcopus,

2074 3767 2165 3823 vel
2227 3784 2359 3824 cum
2421 3768 2851 3841 metropolitani
2909 3770 3170 3839 consilio,
3231 3775 3333 3827 aut
3387 3787 3524 3827 cum
3585 3772 3735 3828 duo-

2078 3856 2191 3913 bus
2220 3861 2323 3912 aut
2363 3852 2479 3913 uno
2507 3858 2831 3915 vicinorum
2880 3859 3308 3933 episcoporum,
3341 3859 3403 3915 in
3451 3858 3738 3916 rebellem

2078 3946 2469 4003 anathematis
2516 3948 2867 4003 sententiam
2915 3947 3094 4019 dicat,
3125 3952 3181 4006 et
3226 3966 3329 4021 per
3376 3948 3737 4021 scripturam

2077 4033 2366 4108 episcopis
2397 4034 2857 4109 circumquaque
2899 4026 3221 4093 denuntiet.
3258 4036 3353 4094 Sic
3393 4053 3737 4094 excommu-

2078 4123 2336 4179 nicatum
2394 4124 2801 4197 episcoporum
2868 4125 3069 4182 nullus
3125 4126 3187 4181 in
3251 4126 3739 4183 communionem

2016 4220 2033 4231 '
2078 4212 2392 4285 suscipiat;
2454 4213 2593 4283 imo,
2650 4215 2940 4287 scriptura
3008 4219 3300 4287 suscepta,
3374 4215 3737 4271 sententiam

2079 4302 2341 4375 quisque
2385 4304 2709 4359 confirmet.
2744 4304 2802 4360 Si
2849 4304 2982 4377 quis
3038 4303 3206 4361 aliter
3264 4302 3737 4379 prmsumpserit,

2078 4390 2301 4448 ordinis
2332 4392 2422 4448 sui
2453 4391 2710 4465 periculo
2760 4392 3105 4464 subiacebit.
3130 4393 3503 4466 Responsum
3537 4396 3631 4450 est
3659 4392 3734 4448 ab

2078 4480 2352 4537 omnibus
2386 4498 2398 4536 :
2432 4481 2577 4539 Fiat.

2851 4573 2947 4629 Vl.

2077 4660 2350 4743 Synodale
2377 4660 2649 4716 decretum
2795 4678 2949 4733 pace,
3167 4664 3329 4733 vulgo
3359 4662 3584 4747 Tam
3631 4660 3736 4719 Dn:

2148 4731 2353 4787 dicitur
2381 4733 2485 4790 (5).
2525 4737 2882 4788 constitutum
2929 4751 2962 4789 α
3076 4734 3281 4790 zllelmo
3321 4750 3557 4790 seniore.
3607 4750 3735 4790 reae

2148 4731 2353 4806 dicitur
2381 4733 2485 4804 (5),
2525 4731 2887 4806 constitutum
2929 4751 2962 4789 α
3008 4731 3281 4790 Willelmo
3321 4736 3557 4801 seniore,
3607 4750 3735 4806 rege

2146 4804 2447 4871 Anglorum
2477 4820 2542 4859 ac
2568 4804 2700 4860 duce
2736 4804 3257 4872 Northmannorum,
3297 4806 3563 4930 cgiscopis
3590 4804 3737 4861 Nor-

2147 4874 2469 4930 thmanniae.
2503 4875 2647 4930 apud
2676 4875 2971 4930 Cadomum
2999 4893 3092 4930 an.
3128 4877 3266 4930 1042
3295 4878 3313 4930 (
3358 4877 3393 4930 l.

2147 4874 2469 4944 thmanniw,
2503 4875 2647 4946 apud
2676 4875 2971 4933 Cadomum
2999 4893 3092 4932 an.
3128 4877 3266 4932 1042
3295 4874 3393 4950 (6).

2111 4962 2320 5032 (ΜΑΝοι
2354 4962 2559 5019 Concil.
2591 4967 2632 5019 t.
2666 4964 2806 5033 XIX,
2839 4965 2946 5022 col.
2969 4965 3077 5020 597
3105 4983 3173 5021 ex
3205 4964 3456 5034 Bassum,
3483 4965 3696 5022 Concil.

2670 5052 2823 5107 prov.
2858 5037 3125 5109 Rothom.)

2147 5124 2376 5181 Fratres
2408 5124 2466 5179 in
2499 5123 2745 5180 Domino
2775 5125 3130 5194 charissimi,
3154 5126 3214 5180 in
3239 5141 3381 5198 pace
3402 5142 3533 5197 quae
3554 5125 3731 5199 vulgo

2075 5212 2290 5268 dicitur
2319 5212 2502 5269 trevia
2549 5212 2671 5279 Dei,
2702 5217 2761 5269 et
2790 5230 2918 5286 quas
2962 5215 3056 5271 die
3088 5213 3358 5271 Mercurii
3410 5213 3535 5271 sole
3584 5214 3735 5272 occi-

2075 5318 2292 5393 riorum
2324 5319 2517 5392 legum
2548 5319 2891 5393 auctoritate
2920 5321 3183 5390 directae;
3219 5320 3322 5377 sed
3350 5321 3607 5393 quisque
3636 5337 3730 5377 res

2072 5391 2263 5463 magis
2274 5408 2343 5446 ex
2357 5390 2663 5447 commodo
2677 5407 2853 5463 quam
2867 5409 2937 5449 ex
2949 5409 3115 5465 aequo
3128 5390 3399 5449 ordinare
3414 5390 3725 5520 ges—gebat.

3514 5490 3519 5495 ’
3575 5479 3727 5521 10100

3514 5490 3519 5495 ’
3530 5480 3565 5520 γ
3575 5480 3690 5521 1010

2140 5601 2218 5670 (6)
2247 5600 2341 5657 Sic
2372 5600 2700 5659 restituitur
2746 5603 2956 5662 titulus
3005 5621 3074 5662 ex
3121 5620 3233 5664 ms.
3286 5606 3345 5662 S.
3397 5605 3728 5674 Michaelis,

2068 5688 2323 5752 quocum
2354 5677 2560 5736 cratera
2588 5678 2728 5735 sunt
2765 5674 3000 5749 collata,
3030 5676 3212 5738 simul
3260 5680 3321 5738 et
3367 5692 3505 5739 cum
3536 5678 3728 5758 Bigbt.
