3896 6216
136 356 248 436 ne

1239 374 1553 441 MONUM.
1599 377 1701 437 nu
1744 350 2064 440 TREUGA
2106 374 2413 440 DOMINI.

3408 381 3530 444 750

136 508 289 565 dente
318 486 543 577 incipit,
578 507 636 561 et
661 505 753 562 die
799 505 971 563 Lunae
1004 508 1125 565 sole
1157 513 1430 566 nascente
1465 509 1615 578 finit,
1651 509 1771 566 haec
1802 512 1856 579 Α
1887 512 2225 583 episcopatu
2257 510 2405 566 nihil
2428 509 2563 583 plus
2585 526 2762 583 quam
2780 510 2891 567 sibi
2909 527 2976 567 ac
3004 510 3129 568 suis
3145 512 3311 584 equis
3336 528 3535 572 neces-

136 608 253 669 que:
265 593 449 651 dicam
459 593 625 651 vobis
639 596 1081 668 promptissima
1092 602 1285 653 mente
1298 598 1508 654 dehinc
1522 598 1580 653 in
1594 602 1765 654 antea

133 683 339 741 debetis
369 683 694 742 observare.
738 684 946 742 Nullus
969 686 1163 754 homo,
1198 704 1303 743 nec
1336 688 1553 744 femina
1581 688 1766 744 homi-

133 789 255 833 nem
282 777 381 828 aut
412 772 694 830 feminam
733 790 995 846 unquam
1029 775 1289 844 assaliat,
1323 792 1429 832 nec
1475 776 1762 845 vulneret,

131 880 227 919 nec
254 862 498 929 occidat,
525 878 629 919 nec
652 862 979 931 castellum,
996 881 1100 919 nec
1130 865 1405 935 burgum,
1429 881 1534 920 nec
1565 864 1763 920 villam

129 952 182 1007 in
210 951 315 1008 hoc
342 950 538 1024 epatio
577 955 788 1023 quater
817 952 1043 1007 dierum
1092 957 1149 1008 et
1197 953 1456 1025 quinque
1504 952 1765 1009 noctium

128 1040 489 1107 assaliat,nec
515 1041 899 1113 deprzedetur,
928 1058 1030 1098 nec
1052 1040 1264 1113 capiat,
1299 1058 1403 1097 nec
1429 1042 1628 1098 ardeat
1648 1040 1765 1097 ullo

127 1130 361 1204 ingenio,
394 1133 500 1185 aut
529 1129 825 1198 violentia,
877 1134 977 1186 aut
1009 1130 1207 1202 aliqua
1245 1131 1466 1186 fraude.
1522 1131 1685 1195 Quod
1718 1131 1765 1187 si

127 1217 339 1291 aliquis,
382 1219 546 1290 quob
579 1218 752 1285 absit,
786 1218 948 1275 illam
978 1236 1093 1275 non
1125 1220 1376 1275 tenendo
1408 1237 1533 1292 quae
1566 1219 1764 1292 praeci-

126 1307 304 1379 pimus
325 1306 670 1380 infregerit:
705 1307 753 1363 si
786 1325 899 1363 non
926 1326 1037 1364 xxx
1058 1325 1347 1364 annorum
1366 1309 1765 1381 pmnitentiam

124 1396 177 1453 in
203 1395 395 1453 exsilio
419 1396 648 1465 iecerit,
682 1400 739 1451 et
770 1399 1084 1469 antequam
1103 1398 1175 1454 ab
1206 1399 1545 1471 episcopatu
1568 1402 1767 1454 nostro

123 1488 288 1554 exeat,
321 1485 620 1559 quidquid
643 1485 780 1542 fecit
808 1490 1011 1543 contra
1041 1487 1700 1558 pacem,emendaverit,
1735 1505 1769 1543 a

120 1572 349 1632 Domino
380 1574 509 1630 Deo
529 1573 608 1630 sit
628 1575 1191 1642 excommunicatus,
1219 1580 1276 1632 et
1292 1593 1326 1631 a
1355 1579 1476 1632 tota
1491 1575 1768 1633 Christia-

121 1662 282 1718 nitate
302 1664 377 1718 sit
398 1667 735 1735 separatus.
763 1662 1128 1735 Quicumque
1144 1681 1276 1720 vero
1297 1664 1382 1719 illi
1406 1664 1604 1736 aliqua
1628 1665 1685 1719 in
1706 1681 1767 1720 re

119 1750 647 1817 communicaverit,
673 1755 776 1808 aut
806 1751 1120 1807 consilium
1151 1753 1270 1809 sive
1284 1753 1641 1824 adjutorium
1666 1754 1763 1809 de-

120 1838 395 1917 d_erit,’aut
418 1840 619 1897 ullum
641 1839 1027 1914 colloquium,
1050 1841 1165 1898 nisi
1182 1845 1248 1897 ut
1270 1842 1342 1897 ad
1364 1841 1762 1914 paenitentiam

114 1929 314 2000 veniat,
344 1934 401 1986 et
424 1932 501 1986 ut
530 1929 752 1985 dictum
805 1934 912 1996 est,
946 1930 1019 1986 ab
1067 1930 1176 1986 hoc
1226 1930 1568 2003 episcopatu
1599 1936 1765 1987 exeat

117 2018 389 2087 habuerit,
424 2018 705 2076 similiter
753 2018 829 2075 sit
858 2019 1424 2087 excommunicatus,
1464 2019 1646 2075 donec
1691 2020 1765 2075 ad

116 2107 856 2171 emendationemvenerit.
908 2108 1069 2172 Quod
1104 2107 1152 2162 si
1195 2106 1295 2163 ille
1348 2111 1566 2164 sancta;
1604 2108 1765 2179 pacis

114 2195 342 2254 violator
366 2195 765 2267 miserrimus,
800 2196 1149 2269 priusquam
1172 2200 1407 2268 accepta
1423 2196 1765 2268 paenitentia

114 2303 214 2342 xxx
245 2285 1035 2353 annorumexsulmoriatur,
1071 2284 1272 2342 nullus
1286 2284 1756 2340 Christianorum

114 2381 418 2448 praesumat
452 2374 627 2433 illum
660 2376 918 2446 visitare,
950 2378 1053 2430 aut
1081 2390 1293 2447 corpus
1337 2390 1371 2429 a
1401 2373 1525 2429 loco
1558 2374 1618 2428 in
1645 2390 1759 2445 quo

110 2466 348 2536 jacuerit
378 2465 606 2535 tollere,
642 2482 748 2521 nec
788 2463 1111 2538 quidquam
1156 2481 1225 2520 ex
1269 2463 1607 2520 substantiae
1639 2481 1758 2519 sua:

114 2554 273 2613 bonis
303 2557 589 2629 accipere.

174 2648 481 2713 Praeterea,
536 2646 765 2712 fratres,
796 2644 950 2701 hanc
998 2660 1201 2717 pacem
1249 2647 1305 2698 ct
1337 2642 1579 2698 treviam
1629 2644 1752 2711 Dei,

114 2733 174 2790 de
200 2735 368 2793 terris
396 2751 465 2792 ac
496 2735 566 2791 de
613 2734 839 2802 bestiis,
870 2733 1114 2806 insuper
1160 2734 1231 2789 de
1262 2733 1435 2789 rebus
1476 2733 1753 2790 omnibus

112 2839 228 2895 quae
255 2823 467 2881 haberi
511 2827 779 2896 possunt,
831 2822 1107 2878 tenebitis
1155 2820 1305 2877 inter
1330 2838 1451 2877 vos.
1507 2822 1669 2886 Quod
1701 2821 1751 2877 si

108 2912 229 2984 quis
259 2916 366 2968 aut
397 2910 660 2982 aliquam
709 2910 980 2976 bestiam,
1011 2915 1113 2966 aut
1140 2910 1315 2966 etiam
1358 2908 1594 2966 obolum
1629 2911 1750 2967 sive

104 3002 519 3058 vestimentum
548 2998 608 3053 in
640 2999 751 3054 ista
780 3015 921 3071 pace
950 2998 1149 3054 tulerit
1176 2998 1370 3068 alieni,
1404 2997 1480 3055 sit
1511 3016 1745 3055 excom-

106 3090 439 3146 municatus
472 3087 655 3143 donec
687 3088 758 3142 ad
790 3087 1258 3143 emendationem
1279 3087 1490 3142 veniat.
1511 3089 1673 3155 Quod
1695 3089 1746 3144 si

106 3180 168 3235 ad
198 3176 681 3235 emendationem
709 3175 956 3233 voluerit
990 3176 1207 3241 venire,
1242 3176 1495 3248 primum
1541 3176 1746 3232 reddat

1874 599 2030 655 saria
2073 600 2146 655 ad
2195 599 2412 654 victum
2464 600 2772 673 accipiant.
2825 601 3172 657 Mercatores
3223 606 3441 671 autem,
3481 610 3541 663 et

1875 706 2083 745 omnes
2100 689 2371 745 homines
2393 689 2494 761 qui
2517 690 2587 744 ab
2614 688 2744 746 aliis
2764 690 3102 763 regionibus
3118 705 3222 764 per
3235 707 3337 747 vos
3355 694 3545 748 trans-

1883 777 2083 843 ierint,
2104 794 2307 849 pacem
2340 776 2592 832 habeant
2621 794 2656 832 a
2685 776 2872 833 vobis.

1948 866 2113 922 Hanc
2146 865 2321 921 etiam
2347 865 2447 921 Dei
2472 866 2716 921 treviam
2743 866 2814 921 ab
2845 865 3012 922 initio
3036 866 3328 924 Adventus
3351 864 3546 922 Domi-

1881 954 1996 1010 nici
2026 953 2300 1027 usquead
2320 958 2551 1010 octavas
2573 955 2931 1028 Epiphaniae,
2958 959 3015 1011 et
3043 972 3078 1011 a
3097 956 3299 1029 Capite
3319 954 3541 1028 Jejunii

1874 1061 2064 1116 usque
2090 1044 2161 1099 ad
2193 1048 2427 1100 octavas
2460 1043 2713 1112 Paschse,
2749 1046 2807 1099 et
2835 1061 2869 1099 a
2907 1044 3117 1101 diebus
3146 1045 3539 1119 Rogationum

1876 1133 2291 1189 inchoantibus
2340 1149 2530 1204 usque
2596 1134 2668 1188 ad
2717 1137 2949 1189 octavas
3003 1133 3376 1192 Pentecostes
3436 1150 3541 1207 per

1876 1239 2080 1278 omnes
2115 1222 2241 1277 dies
2271 1221 2562 1278 tenebitis.
2586 1222 2947 1294 Presbyteris
2977 1226 3172 1279 autem
3203 1222 3540 1296 pracipitur

1877 1316 1941 1366 ut
1970 1311 2030 1365 in
2058 1309 2470 1366 festivitatibus
2502 1327 2567 1365 ac
2598 1311 2807 1367 diebus
2832 1310 3153 1367 Dominicis
3174 1327 3381 1368 omnes
3402 1311 3536 1369 illos

1877 1400 1975 1472 qui
2000 1399 2150 1455 hanc
2164 1416 2365 1471 pacem
2388 1398 2839 1467 observaverint,
2863 1416 2966 1472 pro
2984 1399 3103 1456 illis
3129 1415 3330 1472 preces
3358 1416 3535 1474 agen-

1874 1489 1969 1553 do,
2002 1488 2349 1544 benedicant
2377 1506 2389 1555 ;
2424 1487 2555 1543 illos
2585 1504 2719 1543 vero
2746 1488 2847 1559 qui
2877 1487 3242 1561 infregeriut,
3272 1492 3375 1544 aut
3398 1489 3535 1561 quis

1875 1577 2286 1633 infractoribus
2301 1576 3173 1645 consenserint,maledicant.Si
3190 1576 3323 1649 quis
3336 1581 3533 1634 autem

1874 1683 1935 1721 se
1961 1682 2163 1737 pacem
2199 1666 2526 1722 nescienter
2551 1664 2762 1720 dixerit
2787 1664 3097 1737 infregisse
3128 1665 3295 1737 prius
3333 1682 3532 1723 sacra-

1877 1760 2141 1811 mentum
2156 1755 2347 1823 faciat,
2372 1754 2747 1826 calidumque
2770 1755 2847 1827 (7)
2856 1754 3068 1825 judicii
3085 1754 3306 1811 ferrum
3320 1757 3530 1828 portet-

2636 1861 2759 1917 VII.

1878 1954 2261 2008 Germanicum
2314 1953 2512 2008 incerti
2554 1953 2658 2007 loci
2706 1952 3005 2007 concilium
3048 1967 3152 2009 auo
3205 1953 3390 2009 Trevaz
3428 1952 3532 2008 Dei

1942 2026 2039 2094 pia
2067 2028 2119 2078 et
2146 2031 2335 2079 sancta
2381 2024 2652 2079 institutio
2695 2023 2948 2080 stabilita
2995 2023 3091 2095 est,
3123 2040 3270 2081 anno
3308 2024 3529 2080 circiter

1949 2096 2079 2150 1041
2113 2097 2460 2152 celebratum.

1944 2200 2170 2272 (MANSI,
2208 2202 2412 2257 Concil.
2445 2205 2486 2256 t.
2509 2201 2651 2272 XIX,
2685 2200 2792 2257 cal.
2826 2202 2953 2269 593,
2986 2216 3054 2257 ex
3084 2219 3196 2258 ms.
3225 2201 3527 2275 Talverae.)

1944 2289 2006 2344 In
2040 2289 2275 2345 nomine
2308 2290 2405 2345 Dei
2456 2289 2643 2345 Patris
2696 2290 3136 2361 omnipotentis,
3186 2294 3244 2346 et
3286 2289 3438 2357 Filii,
3470 2292 3529 2345 et

1868 2378 2118 2450 Spiritus
2149 2379 2357 2433 sancti.
2402 2378 2807 2449 Raginbaldus
2836 2378 3194 2434 Arelatensis
3241 2377 3526 2450 archiepi-

1870 2486 2104 2541 scopus,
2155 2486 2288 2524 cum
2345 2467 2653 2524 Benedicto
2709 2467 3120 2538 Avenionensi,
3175 2472 3233 2523 et
3286 2467 3528 2523 Nitardo

1867 2558 2095 2614 Nicensi
2153 2557 2467 2630 episcopis,
2537 2573 2761 2613 necnon
2827 2561 2884 2613 et
2939 2555 3259 2613 venerabili
3316 2556 3543 2635 abbate

1866 2649 2087 2703 domno
2117 2649 2194 2719 (8)
2226 2646 2469 2702 Odilone
2502 2663 2621 2703 una
2650 2662 2783 2701 cum
2810 2646 3089 2701 omnibus
3119 2644 3430 2716 episcopis.
3467 2647 3526 2701 et

1865 2738 2200 2805 abbatibus,
2234 2740 2290 2791 et
2320 2739 2531 2792 cuncto
2563 2734 2715 2791 clero
2753 2752 2857 2808 per
2885 2735 3221 2791 universam
3270 2733 3519 2791 Galliam

1862 2825 2285 2896 habitantibus,
2350 2822 2625 2881 omnibus
2673 2821 3148 2895 archiepiscopis,
3198 2820 3513 2896 episcopis,

1860 2914 2237 2987 presbyteris,
2269 2917 2325 2968 ct
2357 2916 2567 2969 cuncto
2587 2912 2739 2969 clero
2764 2929 2866 2985 per
2893 2914 3079 2968 totam
3106 2910 3336 2968 Italiam
3358 2927 3514 2967 com-

1858 3005 2246 3069 morantibus,
2281 3002 2469 3074 gratia
2494 3002 2660 3057 vobis
2688 3005 2745 3057 et
2767 3018 2879 3074 pax
2909 3018 2943 3057 a
2978 3001 3095 3058 Deo
3117 3001 3285 3057 Patre
3313 2998 3502 3057 omni-

1856 3097 2107 3167 potente,
2137 3092 2238 3165 qui
2263 3095 2370 3162 est,
2403 3095 2459 3146 et
2487 3090 2589 3161 qui
2617 3094 2762 3157 erat,
2789 3094 2848 3145 et
2878 3090 2978 3161 qui
3008 3094 3290 3145 venturus
3320 3094 3428 3145 est.

1927 3184 2223 3255 Rogamus
2252 3197 2373 3248 vos,
2398 3184 2455 3234 et
2483 3179 2861 3234 obsecramus
2890 3194 3117 3245 omnes,
3149 3178 3251 3250 qui
3280 3177 3503 3235 timetis

106 3269 248 3339 quod
284 3265 500 3340 rapuit,
536 3270 636 3321 aut
690 3268 919 3321 tantum
950 3264 1156 3336 quanti
1203 3268 1328 3319 erat
1371 3264 1540 3336 pretii
1587 3266 1743 3335 quod
1774 3249 1817 3316 Ο
1858 3249 2441 3338 Deuni,etcreditisin
2460 3266 2890 3338 eum,etipsius
2908 3249 3197 3338 sanguine
3217 3264 3507 3337 redempti

107 3356 361 3413 abstulit.
392 3355 614 3412 Dehinc
660 3373 739 3411 vn
771 3354 940 3410 annis
971 3353 1248 3426 poeniteat
1270 3352 1423 3408 infra
1450 3352 1746 3426 episcopa-

106 3449 245 3502 tum.
279 3446 339 3503 Si
372 3449 570 3501 autem
621 3443 911 3500 moriatur
953 3442 1300 3515 priusquam
1339 3441 1663 3497 satisfaciat
1692 3447 1749 3498 et

108 3534 501 3605 paenitentiam
524 3536 741 3601 sumat,
771 3548 886 3587 nou
917 3529 1251 3604 sepeliatur,
1276 3546 1381 3585 nec
1411 3548 1445 3586 a
1475 3529 1599 3585 loco
1631 3547 1747 3601 quo

104 3622 235 3679 obiit
264 3627 584 3690 moveatur,
621 3621 731 3677 nisi
765 3638 869 3693 pro
913 3619 1015 3674 illo
1047 3622 1319 3691 parentes
1349 3620 1476 3690 ejus
1516 3619 1744 3675 satisfe-

104 3712 275 3768 cerint
304 3712 377 3782 ei,
408 3712 504 3768 cui
532 3709 813 3783 injuriam
845 3708 999 3765 fecit.
1055 3708 1335 3763 Caeterum
1369 3708 1427 3762 in
1463 3708 1572 3763 hac
1604 3725 1744 3780 pace
1794 3742 1797 3745 »

104 3799 289 3857 nullus
320 3801 436 3858 nisi
484 3817 585 3856 rex
625 3804 726 3855 aut
755 3814 949 3855 comes
993 3796 1173 3867 hujus
1202 3796 1403 3868 patria:
1435 3796 1745 3852 caballica-

104 3887 308 3945 tionem
363 3893 466 3945 aut
510 3887 890 3945 hostilitatem
942 3885 1156 3941 faciat:
1207 3889 1265 3940 et
1308 3884 1644 3957 quicunque
1682 3886 1743 3941 in

104 3976 532 4034 caballicatione
580 3981 683 4034 aut
726 3975 1046 4032 hostilitate
1095 3973 1247 4047 regis
1295 3974 1491 4042 fuerit,
1525 3974 1585 4029 in
1632 3974 1742 4031 huc

104 4099 291 4158 Vicine
321 4102 584 4159 vicinum
616 4101 894 4168 invidere,
928 4100 1082 4156 rixas
1115 4116 1362 4170 movere,
1399 4116 1626 4171 pugnas
1652 4100 1740 4154 in-

104 4171 274 4228 vicem
321 4174 689 4230 committere
721 4173 779 4227 in
828 4189 1051 4228 morem
1100 4172 1372 4242 devenit,
1401 4171 1739 4242 Magnatum

108 4245 356 4317 exemplo
375 4246 737 4317 privatorum
753 4260 961 4316 pugnae
979 4246 1034 4297 et
1048 4241 1199 4317 bella
1211 4241 1375 4314 quasi
1391 4241 1738 4317 domestica;

108 4314 250 4370 faida
265 4313 441 4388 quam
455 4313 787 4388 vocitabant
798 4313 934 4388 ante
947 4314 1117 4385 quasi
1140 4313 1490 4388 intermotua
1512 4313 1739 4388 revixit,

107 4389 157 4439 ct
182 4383 299 4512 3116
323 4387 505 4445 semel
536 4387 671 4459 quis
700 4383 1036 4467 quempiam
1069 4384 1395 4464 occidisset,
1429 4383 1744 4455 prepinqui

110 4472 178 4509 cae
220 4474 308 4512 em
330 4457 558 4512 ulcisci.
589 4457 722 4512 etin
753 4458 1069 4512 vindictam
1090 4456 1284 4512 ipsum
1308 4456 1741 4511 interfectorem

110 4454 308 4513 caedem
330 4454 572 4525 ulcisci;
589 4463 647 4513 et
662 4454 735 4512 in
753 4454 1069 4512 vindictam
1090 4456 1284 4526 ipsum
1308 4454 1741 4511 interfectorem

108 4527 187 4582 vel
211 4530 485 4601 quemvis
501 4546 568 4585 ex
603 4529 732 4599 ejus
757 4544 965 4601 genere
997 4527 1238 4601 impune
1268 4526 1525 4601 occidere
1556 4542 1742 4598 coepe-

1858 3360 2019 3425 estis,
2058 3362 2120 3413 ut
2149 3356 2398 3412 caveatis
2429 3358 2485 3411 et
2506 3354 2859 3427 provideatis
2888 3370 2990 3410 vos
3015 3354 3087 3410 ad
3109 3354 3359 3411 salutem
3385 3353 3507 3410 ani-

1857 3461 2087 3501 marum
2137 3447 2194 3499 et
2239 3458 2570 3515 corporum,
2612 3445 2669 3496 et
2718 3441 3045 3514 sequamini
3101 3442 3350 3515 vestigia
3383 3442 3503 3510 Dei,

1856 3551 2058 3607 pacem
2086 3533 2369 3588 habentes
2399 3532 2469 3587 ad
2489 3530 2756 3599 invicem,
2778 3534 2851 3586 ut
2866 3546 3001 3586 cum
3022 3530 3150 3603 ipso
3164 3531 3506 3588 mereamini

1855 3640 2081 3696 pacem,
2105 3626 2162 3677 et
2189 3619 2670 3693 tranquillitatem
2694 3624 3033 3692 perpetuam
3055 3621 3373 3693 possidere.
3401 3621 3507 3678 Re-

1856 3712 2026 3784 cipite
2059 3727 2216 3783 ergo,
2250 3714 2307 3764 et
2354 3713 2543 3765 tenete
2591 3725 2814 3780 pacem,
2848 3713 2905 3764 et
2932 3708 3095 3765 illam
3129 3714 3349 3765 trevam
3379 3709 3501 3778 Dei,

1854 3818 2032 3873 quam
2066 3804 2120 3856 et
2143 3817 2267 3870 nos,
2295 3798 2492 3853 divina
2520 3798 2842 3870 inspirante
2858 3797 3341 3854 misericordiade
3361 3797 3504 3855 coelo

1852 3889 2019 3946 nobis
2048 3888 2460 3944 transmissam
2472 3888 2598 3959 jam
2633 3887 2966 3960 accepimus
2990 3892 3049 3943 et
3075 3886 3322 3943 firmiter
3343 3892 3503 3944 tene-

1853 3994 2006 4047 mus,
2041 3976 2542 4055 itaconstitutam,
2574 3979 2632 4030 et
2661 3975 3031 4049 dispositam,
3059 3974 3327 4032 videlicet
3345 3979 3411 4030 ut
3430 3975 3503 4031 ab

1851 4102 2150 4182 autexsilii
2169 4100 2428 4182 poenave]
2444 4099 3047 4182 excommunicatione
3064 4099 3498 4182 plectebantur:

1852 4176 1969 4230 imo
1989 4174 2140 4256 apud
2168 4171 2479 4245 scriptores
2510 4171 2668 4227 illius
2699 4172 2800 4226 aevi
2822 4171 3038 4244 legitur
3061 4171 3349 4243 plurimos
3375 4171 3501 4243 ipso

1852 4247 1967 4297 Deo
1997 4245 2224 4297 Vindice
2245 4247 2588 4297 prostratos.
2614 4243 2740 4297 Non
2762 4244 2967 4297 eodem
2988 4248 3251 4297 tempore
3281 4241 3500 4297 ubiuue

1851 4247 1967 4303 Deo
1997 4243 2224 4300 vindice
2245 4243 2588 4315 prostratos.
2614 4243 2740 4298 Non
2762 4243 2967 4299 eodem
2988 4248 3251 4367 temp’ore
3281 4243 3500 4312 ubique

1853 4321 2126 4388 suscepta
2172 4316 2302 4370 fuit.
2364 4319 2530 4369 Anno
2578 4314 2682 4369 997
2742 4315 3067 4385 Dagbertus
3166 4311 3502 4368 ituricensis

1852 4389 2109 4437 nrcliien.
2170 4387 2437 4437 chartam
2494 4386 2566 4437 de
2622 4390 2826 4437 treuga
2876 4388 2934 4437 et
2983 4399 3123 4437 nace
3170 4401 3206 4437 a
3254 4382 3502 4437 Widone

1852 4386 2109 4459 archiep.
2170 4387 2437 4442 chartam
2494 4386 2566 4465 de
2622 4390 2826 4510 treuga
2876 4388 2934 4439 et
2983 4399 3123 4456 pace
3170 4401 3206 4438 a
3254 4386 3504 4438 Widone

1849 4457 2413 4537 Aniciensialiisque
2444 4456 2735 4537 cplSOORlS
2788 4459 2978 4537 actam
3001 4470 3143 4537 .cum
3167 4452 3503 4537 Tbepbaldo

1849 4529 2163 4586 Viennensi
2222 4525 2496 4599 archiepf
2545 4525 2929 4583 confirmavit.
2984 4528 3150 4599 Anno
3209 4525 3347 4599 1033
3401 4540 3506 4596 per

108 4596 251 4682 runt.
272 4602 356 4682 Ad
384 4596 713 4682 tollendum
732 4596 1040 4682 tamgrave
1062 4596 1306 4682 malum,
1326 4597 1602 4682 quoniam
1622 4596 1740 4682 non
1772 4617 1817 4682 ι)
1849 4602 2243 4682 Arelatensem
2270 4604 2328 4654 et
2340 4596 2819 4682 “Lugdunensem
2844 4598 3209 4682 ‘p‘rovinncias,
3227 4597 3505 4682 ‘adeoque

109 4674 318 4793 poterat
358 4671 560 4729 statim
608 4671 822 4735 curari,
855 4668 966 4725 Hac
1014 4672 1136 4724 arte
1164 4669 1314 4723 itum
1343 4672 1451 4723 est.
1494 4668 1741 4731 Quidam

148 4740 223 4793 ies
252 4744 537 4793 assignati
560 4746 699 4793 sunt
715 4743 931 4793 auibus
948 4742 1115 4793 auies
1137 4743 1292 4793 esset
1313 4740 1382 4793 ab
1400 4739 1741 4793 huiusmodi

148 4740 230 4818 ics
252 4744 538 4818 assignati
559 4746 699 4799 sunt
715 4743 931 4818 quibus
948 4742 1115 4818 quies
1137 4743 1292 4818 esset
1400 4739 1741 4818 hujusmodi

112 4810 285 4887 bellis,
310 4810 413 4872 nec
431 4814 611 4887 alium
633 4810 823 4887 quivis
837 4810 1103 4887 persequi
1126 4812 1385 4887 auderet,
1402 4812 1501 4887 sed
1525 4810 1744 4887 singuli

114 4883 332 4953 publica
371 4886 564 4953 quiete
608 4881 795 4941 securi
837 4881 1210 4940 fruerentur:
1247 4886 1303 4937 et
1342 4881 1449 4938 has
1478 4881 1745 4939 inducias

113 4960 361 5037 treugam
388 4953 505 5037 Dei
520 4974 620 5013 seu
647 4955 1139 5037 treviampomini
1160 4953 1513 5037 vocitarunt,
1539 4954 1608 5037 de
1629 4971 1745 5037 qua

113 5025 320 5102 passim
351 5030 806 5102 apudpauctores
853 5026 1010 5081 illius
1058 5026 1359 5098 temporis.
1402 5025 1600 5102 Trevia
1646 5025 1747 5102 illa

114 5095 345 5155 decretis
373 5095 779 5165 conciliorum,
811 5104 867 5154 et
888 5095 1626 5169 summorumpontiticum
1658 5098 1747 5153 lit-

116 5169 242 5243 teris
271 5171 559 5243 celebrata
586 5176 675 5227 est
703 5175 760 5226 et
789 5171 1149 5243 approbata;
1183 5168 1445 5243 quivere
1476 5168 1626 5224 hanc
1650 5170 1744 5243 in-

117 5236 400 5298 duciarum
424 5242 613 5315 legem
642 5236 1102 5298 temere-violare
1133 5236 1261 5296 au'si
1290 5243 1504 5307 essent,
1537 5240 1746 5312 capitis

179 5335 253 5407 (7)
279 5340 483 5414 Jutlicii
508 5343 722 5414 ferrum
743 5343 942 5414 portet.
978 5340 1039 5414 In
1069 5337 1421 5414 Pontificali
1443 5343 1575 5393 ante
1607 5339 1747 5395 1000

120 5420 203 5495 ea:
222 5411 455 5495 scripto,
478 5408 710 5495 quodin
728 5408 1176 5495 Gemmeticensi
1199 5408 1748 5495 bibliotheca‘as‘ser-

120 5481 294 5556 vatur,
327 5480 472 5538 ritus
488 5480 700 5556 judicii
724 5499 827 5556 per
848 5484 1063 5556 ferrum
1085 5482 1343 5556 candens
1363 5480 1445 5537 ita
1465 5498 1525 5537 se
1548 5481 1743 5556 habet.

124 5500 294 5549 vatur,
327 5500 472 5538 ritus
523 5500 700 5539 uuicu
724 5500 827 5556 per
848 5500 1063 5537 terrum
1086 5500 1343 5537 candens
1363 5500 1445 5537 ita
1465 5500 1525 5537 se
1548 5500 1743 5537 habet.

119 5547 333 5633 Ferrum
378 5500 714 5633 ρνοίιεναιαν,
765 5553 903 5626 quod
946 5570 980 5607 α
1008 5553 1223 5623 culpata
1275 5568 1459 5633 coram
1497 5554 1748 5633 omnibus

120 5624 422 5695 accipiatur,
454 5624 505 5683 et
528 5642 630 5695 per
656 5624 973 5682 mensuram
1014 5640 1204 5679 novem
1227 5624 1426 5694 pedum
1464 5626 1747 5694 portetur;

118 5706 301 5771 manus
348 5696 640 5771 sigilletur,
689 5696 1029 5771 subqsigitlo
1057 5699 1323 5771 scrvetug,
1356 5702 1407 5750 et
1475 5698 1594 5771 post
1644 5699 1750 5750 tres

118 5766 283 5826 nocte:
309 5765 633 5843 aperiatur:
677 5777 729 5830 et
757 5769 810 5833 si
858 5765 1096 5828 ﬁundus
1125 5773 1221 5837 est,
1270 5766 1377 5825 Deo
1404 5765 1750 5840 gratuletur;

1852 4691 1954 4745 per
1982 4674 2313 4728 universam
2338 4666 2766 4745 Burgundiam,
2793 4666 3018 4724 editum
3050 4669 3160 4745 fuit
3189 4668 3261 4723 ab
3284 4666 3505 4745 episco-

1854 4738 1944 4817 pis
1977 4745 2282 4817 decretum
2328 4740 2398 4795 de
2443 4738 2811 4817 reformauda
2839 4756 2978 4810 pace
3009 4756 3112 4794 seu
3143 4738 3349 4817 treuga
3377 4738 3502 4817 Dei,

1854 4755 1944 4817 pis
1977 4755 2274 4798 decretum
2328 4755 2398 4795 ue
2443 4755 2811 4796 retormanaa
2839 4756 2978 4810 pace
3009 4756 3112 4794 seu
3143 4755 3352 4865 treuﬁi
3377 4755 3502 4806 U61,

1853 4816 2015 4888 quod
2032 4813 2287 4888 universi
2308 4811 2594 4888 promptis
2625 4810 2841 4888 animis
2872 4815 3239 4888 acceperunt.
3370 4808 3504 4888 Gla-

1857 4881 1955 4942 bro
1989 4884 2235 4940 Radulfo
2252 4881 2401 4949 ἶβιν,
2424 4881 2679 4955 c_._5,an.
2705 4882 2727 4936 1
2739 4881 3097 4955 041ίλῐινθυίεα
3116 4881 3241 4947 Dei,
3266 4884 3504 4938 auctore

1854 4959 1912 5013 in
1946 4955 2383 5031 primis__0done
2410 4952 2779 5031 Cluniacensi
2802 4952 3254 5031 abbate,'d_enuo
3286 4957 3508 5031 statuta

1855 5025 1965 5095 est,
1983 5034 2128 5084 testo
2147 5028 2387 5097 Hugone
2411 5025 3069 5082 Flaviniacensiabbate.
3090 5026 3252 5081 Hanc
3267 5029 3508 5097 Austra-

1854 5103 1925 5157 sii
1958 5096 2291 5173 probavere,
2327 5115 2392 5153 ac
2421 5096 2659 5173 tandem
2682 5097 3009 5173 Naustrasii
3040 5097 3101 5153 in
3132 5096 3398 5154 conciliis
3420 5113 3509 5153 ca-

1854 5169 2013 5229 domi
2046 5169 2260 5227 habitis
2290 5187 2384 5225 an.
2421 5170 2562 5224 1043
2592 5172 2649 5224 et
2679 5170 2836 5226 1061.

1853 5344 1904 5397 δέ
1932 5345 2113 5396 autem
2126 5341 2306 5396 sanies
2326 5338 2640 5412 crudescens
2664 5339 2723 5394 in
2758 5339 2982 5410 vestigio
3008 5337 3154 5412 ferri
3172 5337 3507 5402 inveniatur,

1855 5413 2146 5484 culpabilis
2177 5414 2226 5466 et
2258 5410 2572 5484 immundus
2603 5413 2899 5484 reputatur.

1927 5479 2002 5553 (8)
2054 5479 2729 5555 liugo,_Flaviniacensis
2779 5481 3229 5555 abbas_t_revam
3274 5479 3510 5555 auctore

1856 5546 2194 5610 Sdeilon‘e
2246 5552 2305 5624 in
2358 5552 2565 5624 primis
2612 5552 2908 5624 firmatam
2946 5550 3142 5624 fuisse
3175 5563 3328 5604 anno
3370 5546 3500 5603 4041

1857 5627 2095 5700 disertis
2146 5621 2337 5678 verbis
2358 5620 2613 5700 _asserit‘
2647 5621 2705 5700 in
2747 5620 3051 5700 Chronico,
3095 5633 3342 5700 eamque
3392 5633 3510 5672 non

1859 5696 2050 5753 solum
2080 5695 2344 5749 humana
2373 5691 2737 5756 auctoritate,
2766 5692 2868 5749 sed
2899 5689 3072 5747 etiam
3093 5688 3306 5745 divinis
3326 5691 3510 5748 terro-

1858 5769 2024 5828 ribus
2056 5764 2483 5825 conﬁrmatam.
2515 5761 2813 5820 Maerens.
