3896 6216
377 335 488 394 ’⁵151
1137 336 1336 399 ΒιλΕΟἰ
1374 333 1456 400 XI
1498 336 1728 398 AUCT.
1773 336 1915 398 INCl

2257 335 2315 395 Ἡ
2357 333 2462 395 ET
2506 333 2802 396 SCRIPT.
2837 339 3061 390 ἈΔΕΣΠ.
3675 335 3795 398 ’752

376 466 985 540 horavespertinadiei
999 469 1266 526 Mercurii
1281 469 1432 526 inter
1447 485 1652 526 omnes
1665 467 2024 524 Christianos
2054 468 2110 535 Α
2139 466 2540 540 opitulatione,
2573 465 2711 540 quia
2730 469 2884 540 apud
2900 484 3027 535 nos,
3052 468 3117 522 ut
3149 465 3466 532 credimus,
3481 465 3632 523 nihil
3655 467 3796 526 boni

377 557 596 614 amicos
628 562 685 614 et
713 557 1004 629 inimicos,
1053 559 1276 616 vicinos
1307 565 1359 616 et
1394 563 1714 626 extraneos,
1749 559 1824 615 sit
1854 559 2024 614 ﬁrma
2132 557 2436 629 agebatur,
2466 558 2701 629 quando
2731 574 2764 612 a
2795 558 2906 612 Deo
2937 556 3152 630 populo
3175 574 3282 612 suo
3313 555 3668 614 transmissa
3688 561 3794 616 est.

373 663 488 720 pax
515 651 572 704 et
600 648 827 706 stabilis
857 653 1059 705 treuva
1082 667 1269 722 usque
1294 649 1354 704 in
1377 650 1693 705 secundam
1718 648 1943 715 feriam,
1963 647 2021 702 id
2131 647 2438 704 Dominica
2461 650 2618 703 certa
2648 647 2771 702 dies
2827 664 2944 703 non
2975 647 3402 716 celebrabatur,
3449 647 3555 704 sed
3587 652 3801 706 cuncta

378 739 468 791 est
499 735 592 792 die
621 737 792 793 Lunae
821 739 892 793 ad
925 741 1116 794 ortum
1135 738 1302 804 solis,
1325 737 1530 793 utistis
1545 741 1797 808 quatuor
1817 737 2022 792 diebus
2131 736 2364 792 servilia
2394 753 2568 809 opera
2598 736 2656 792 in
2689 753 2756 792 ea
2777 737 3011 792 ﬁebant.
3044 736 3440 793 Promisimus
3461 735 3666 810 itaque
3685 741 3798 794 Deo

375 841 442 880 ac
474 824 743 882 noctibus
773 827 932 882 omni
969 827 1112 882 hora
1143 826 1332 882 securi
1358 825 1497 890 sint,
1531 830 1587 880 et
1610 825 1828 880 faciant
1858 824 2023 896 quid-
2131 843 2194 880 ac
2229 827 2567 882 devovimus
2615 826 3018 898 quatriduum,
3054 830 3119 882 ut
3172 843 3354 899 supra
3397 827 3683 896 diximus,
3737 833 3800 884 ut

296 984 307 996 .
375 913 518 985 quid
551 914 660 970 erit
691 919 1082 988 opportunum
1115 915 1186 970 ab
1219 914 1376 970 omni
1409 914 1616 970 timore
1648 913 2020 968 inimicorum
2132 915 2275 970 feria
2309 933 2340 968 ν
2367 919 2602 986 propter
2622 914 3049 981 ascensionem,
3079 914 3554 988 feriavrpropter
3580 915 3800 972 Christi

373 1002 649 1072 absoluti,
681 1007 738 1059 et
766 1004 824 1059 in
865 1003 1267 1074 tranquilitate
1297 1002 1476 1075 pacis,
1523 1007 1578 1058 et
1612 1002 1784 1058 istius
1811 1006 2020 1058 treuvre
2131 1005 2488 1077 passionem,
2524 1003 2836 1059 sabbatum
2854 1020 2958 1076 pro
2974 1003 3353 1060 veneratione.
3374 1003 3720 1076 sepulturas,
3745 1009 3800 1060 et

375 1092 723 1148 confirmati.
757 1092 1099 1164 Quicunque
1125 1092 1272 1148 hanc
1295 1109 1519 1164 pacem,
1551 1096 1608 1147 et
1639 1096 1898 1147 treuvam
1921 1091 2022 1147 Dei
2130 1099 2194 1148 ut
2225 1093 2530 1148 Dominica
2561 1092 2905 1148 resurrectio
2925 1091 3336 1148 inviolabiliter
3372 1091 3794 1160 celebraretur,

373 1181 825 1248 observaverint,
859 1199 924 1236 ac
955 1182 1202 1236 ﬁrmiter
1233 1182 1550 1247 tenuerint,
1575 1181 1694 1236 sint
1717 1181 1968 1236 absoluti
1990 1199 2023 1236 a
2131 1183 2201 1237 ab
2249 1183 2524 1237 omnibus
2573 1181 2763 1236 rurale
2793 1199 2942 1253 opus
2973 1182 3032 1237 in
3059 1199 3126 1238 ea
3157 1181 3397 1238 omnino
3449 1198 3568 1238 non
3605 1183 3796 1254 ﬁeret,

372 1270 489 1324 Deo
521 1272 684 1326 Patre
715 1271 1133 1343 omnipotente,
1167 1275 1223 1327 et
1253 1270 1394 1326 Filio
1443 1272 1572 1340 ejus
1599 1271 1736 1326 Jesu
1771 1271 2020 1338 Christo,
2134 1270 2732 1327 inimicusinimicum
2749 1287 2860 1326 non
2877 1271 3237 1337 formidaret,
3257 1271 3582 1327 secundum
3597 1276 3794 1327 aucto-

373 1362 429 1413 et
455 1359 676 1432 Spiritu
709 1365 933 1428 sancto,
968 1362 1038 1416 de
1069 1365 1270 1416 sancta
1301 1360 1482 1414 Maria
1515 1377 1646 1415 cum
1681 1359 1874 1414 choris
1909 1360 2020 1414 vir-
2133 1361 2359 1415 ritatem
2395 1379 2428 1414 a
2458 1360 2571 1416 Deo
2621 1359 2920 1428 collatam,
2970 1364 3028 1415 et
3069 1361 3140 1415 ab
3174 1359 3456 1432 apostolis
3486 1361 3789 1418 traditam.

373 1449 600 1520 ginum,
633 1454 688 1504 et
719 1451 788 1505 de
819 1451 876 1506 S.
900 1449 1180 1506 Michaelc
1205 1467 1339 1505 cum
1368 1449 1562 1505 choris
1584 1449 1947 1522 angelorum,
1967 1455 2024 1504 et
2133 1452 2370 1515 Omnes,
2402 1448 2505 1520 qui
2537 1448 2687 1504 hanc
2716 1465 2940 1520 pacem,
2965 1453 3021 1503 et
3039 1449 3136 1504 Dei
3159 1453 3420 1504 treuvam
3445 1449 3792 1514 amaverint,

375 1539 446 1593 de
484 1541 542 1594 S.
593 1540 757 1594 Petro
803 1538 1063 1611 principe
1113 1539 1505 1611 apostolorum
1563 1556 1697 1593 cum
1749 1538 2024 1594 omnibus
2133 1539 2556 1603 benedicimus,
2591 1544 2648 1592 et
2671 1537 3054 1609 absolvimus,
3085 1538 3239 1594 sicut
3270 1537 3546 1611 superius
3571 1537 3793 1594 dictum

375 1627 614 1696 sanctis,
642 1631 698 1682 et
747 1627 1016 1684 ﬁdelibus
1048 1627 1273 1684 cunctis
1302 1645 1455 1683 nunc
1475 1631 1531 1683 et
1555 1645 1804 1699 semper,
1840 1632 1894 1682 et
1925 1645 2025 1699 per
2131 1627 2716 1698 est.ll|osautem,qui
2735 1627 3164 1693 contradicunt,
3184 1627 3789 1696 excommunicamus,

375 1718 574 1773 omnia
621 1716 832 1771 szecula
880 1716 1247 1774 saeculorum.
1283 1717 1387 1782 Qui
1419 1733 1552 1774 vero
1601 1721 1864 1772 treuvam
1891 1734 2025 1789 pro-
2133 1717 2563 1786 maledicimus,
2607 1723 2664 1773 et
2715 1717 3282 1773 anathematizamus
3313 1721 3368 1773 et
3413 1735 3446 1772 a
3475 1717 3790 1774 liminibus

374 1805 1110 1873 missamhabuerint,etse
1131 1807 1348 1862 sciente
1372 1807 1688 1879 infringere
1711 1805 2020 1876 voluerint,
2053 1844 2100 1910 B
2131 1811 2342 1862 sanctae
2377 1807 2583 1863 matris
2631 1806 2908 1863 Ecclesia:
2959 1806 3353 1864 eliminamus.
3403 1807 3548 1862 Cum
3589 1810 3792 1862 autem

371 1895 492 1950 sint
538 1893 1024 1950 excommunicati
1073 1912 1108 1948 a
1138 1895 1251 1950 Deo
1303 1895 1468 1950 Patre
1513 1895 1930 1966 omnipotente,
1965 1901 2020 1950 et
2053 1893 2100 1910 "
2130 1895 2382 1952 evenerit
2409 1895 2686 1967 cuiquam
2712 1895 3010 1952 vindicare
3031 1895 3090 1951 in
3113 1913 3212 1952 eos
3235 1895 3494 1968 quihanc
3514 1894 3789 1951 chartam

372 1983 516 2040 Filio
546 1984 674 2056 ejus
702 1983 841 2040 Jesu
871 1981 1120 2049 Christo,
1145 1988 1203 2038 et
1234 1983 1451 2054 Spiritu
1477 1990 1697 2046 sancto.
1722 1988 1778 2039 et
1808 1985 2019 2040 deoni-
2129 1991 2186 2041 et
2219 1987 2316 2040 Dei
2371 1991 2632 2040 trouvam
2683 1985 3006 2056 irrumpere
3051 1985 3553 2058 prazsumpserint,
3598 1983 3790 2040 vindi-

372 2071 548 2128 nibus
579 2071 798 2127 sanctis
821 2070 2021 2140 Dei,sintexcommunicati,maledicti,et
2129 2081 2326 2130 cantes
2372 2074 2514 2128 nulli
2571 2075 2753 2146 culpa:
2804 2075 3131 2131 habeantur
3179 2075 3436 2140 obnoxii,
3489 2074 3594 2130 sed
3637 2073 3789 2130 sicut

371 2161 640 2217 detestati
675 2159 768 2216 hic
794 2165 851 2216 et
878 2159 937 2214 in
969 2164 1338 2231 perpetuum,
1369 2163 1426 2214 et
1447 2158 1564 2214 sint
1585 2160 1844 2214 damnati
1869 2159 2021 2216 sicut
2128 2163 2382 2218 cultores
2415 2181 2602 2219 causa:
2634 2163 2731 2218 Dei
2765 2164 2836 2219 ab
2891 2162 3165 2220 omnibus
3206 2161 3516 2220 chistianis
3549 2167 3780 2232 exeant,

371 2250 620 2315 Dathan,
653 2252 710 2305 et
738 2247 974 2316 Abiron,
1011 2253 1068 2303 et
1099 2249 1250 2304 sicut
1278 2247 1480 2316 Judas,
1517 2247 1616 2320 qui
1648 2249 1886 2304 tradidit
1916 2250 2020 2304 Do-
2128 2256 2184 2306 et
2215 2253 2454 2306 redeant
2485 2252 2796 2307 benedicti.
2827 2251 3033 2308 Sivero
3057 2253 3308 2308 residuis
3331 2251 3539 2308 diebus
3560 2250 3784 2323 aliquid

371 2339 620 2408 minum,
653 2342 710 2394 et
733 2337 1108 2394 sintdimersi
1142 2338 1198 2392 in
1232 2339 1588 2410 profundum
1608 2337 2019 2407 inferni,sicut
2128 2339 2419 2397 sublatam
2473 2341 2664 2407 fuerit,
2715 2344 2772 2395 et
2813 2341 2872 2394 in
2925 2340 3132 2396 diebus
3181 2345 3396 2397 treuvaz
3448 2339 3786 2409 obviaverit,

371 2429 594 2486 Pharao
627 2429 686 2483 in
717 2429 911 2484 medio
957 2427 1157 2494 maris,
1191 2427 1240 2482 si
1283 2428 1356 2484 ad
1388 2428 1856 2483 emendationem
1903 2445 2016 2483 non
2129 2430 2367 2484 omnino
2400 2448 2515 2486 non
2565 2434 2857 2500 teneatur,
2890 2447 2962 2485 ne
2991 2429 3218 2486 occasio
3251 2428 3488 2486 inimico
3533 2429 3673 2486 data
3699 2429 3782 2485 vi-

367 2521 652 2587 venerint,
684 2519 834 2576 sicut
853 2517 1238 2576 constitutum
1271 2521 1379 2572 est.
1412 2516 1694 2573 Videlicet
1723 2518 1772 2572 si
1803 2517 1936 2589 quis
1957 2517 2017 2572 in
2127 2520 2353 2575 deatur.
2389 2519 2667 2575 Praeterea
2712 2535 3008 2591 rogamus,
3060 2535 3161 2574 vos
3193 2519 3426 2586 fratres,
3451 2521 3517 2574 ut
3551 2519 3610 2574 in
3643 2535 3783 2591 qua-

365 2610 514 2683 ipsis
543 2610 750 2665 diebus
780 2612 996 2664 treuvae
1027 2607 1148 2674 Dei,
1185 2606 1569 2662 homicidium
1602 2605 1821 2675 fecerit,
1851 2606 2016 2662 exsul
2127 2624 2357 2680 cunque
2388 2607 2479 2664 die
2511 2608 2664 2678 apud
2691 2625 2792 2664 vos
2823 2608 3100 2680 praedicta
3123 2625 3234 2680 pax
3255 2611 3314 2662 et
3341 2611 3546 2664 treuva
3571 2607 3779 2669 consti-

369 2699 582 2766 factus,
633 2701 809 2768 atque
849 2713 883 2750 a
928 2695 1162 2768 prOpria
1208 2695 1396 2768 patria
1441 2697 1659 2766 ejectus
1687 2696 2014 2752 Jerusalem
2126 2700 2254 2751 tuta
2284 2697 2477 2763 fuerit,
2511 2696 2707 2767 ipsum
2729 2697 2884 2751 diem
2915 2697 3117 2753 devote
3149 2695 3419 2754 recolatis
3451 2697 3513 2752 in
3547 2697 3784 2754 nomine

366 2787 635 2856 tendens,
659 2783 1188 2860 longinquumillic
1209 2783 1465 2856 patiatur
1485 2783 1776 2840 exsilium.
1801 2785 1860 2840 Si
1881 2801 2014 2841 vero
2126 2788 2340 2840 sanctae
2375 2784 2701 2840 Trinitatis.
2737 2786 3016 2840 Latrones
3051 2801 3436 2858 quoscunque
3482 2787 3556 2842 de
3586 2791 3778 2843 vestra

369 2877 429 2931 in
455 2874 590 2932 aliis
612 2873 976 2946 quibulisbet
1003 2873 1177 2928 rebus
1200 2873 1596 2944 supradictam
1621 2878 1881 2930 treuvam
1913 2875 2014 2930 Dei
2125 2873 2358 2947 regione
2396 2873 2663 2944 ejiciatis,
2704 2877 2760 2930 et
2805 2874 3248 2944 abominemini,
3293 2875 3688 2946 maledicatis,
3730 2881 3785 2934 et

366 2968 424 3022 et
453 2979 656 3036 pacem
686 2962 940 3036 fregerit,
987 2963 1355 3018 examinatus
1407 2979 1508 3034 per
1549 2963 1776 3019 decreta
1817 2964 2012 3036 legum
2123 2961 2664 3020 excommunicetus
2694 2979 2762 3018 ex
2793 2967 2956 3036 parte
2987 2964 3248 3021 omnium
3306 2969 3651 3022 sanctorum
3681 2965 3778 3038 qui

368 3053 758 3120 saecularium,
783 3053 956 3124 juxta
1004 3051 1244 3106 modum
1273 3051 1580 3124 culparum
1612 3056 1854 3125 cogatur
1883 3071 2010 3125 per-
2122 3069 2300 3124 supra
2331 3051 2532 3125 scripti
2555 3056 2712 3109 sunt.
2740 3052 3146 3111 Deeimasvero
3168 3057 3392 3111 vestras
3413 3058 3471 3110 et
3483 3055 3774 3127 primitias

364 3143 602 3212 solvere,
636 3147 694 3198 et
721 3159 823 3214 per
853 3146 1191 3198 sanctorum
1225 3159 1515 3197 canonum
1556 3141 1786 3214 regulas
1818 3141 2009 3214 dupli—
2121 3142 2192 3197 de
2225 3141 2526 3197 laboribus
2555 3141 2764 3198 vestris
2811 3141 2926 3197 Deo
2953 3143 3231 3199 offeratis.
3267 3147 3344 3199 De
3377 3143 3546 3200 bonis
3575 3146 3778 3201 vestris

363 3237 492 3290 cata
521 3231 860 3304 pmnitentia
879 3230 1262 3302 judicabitur.
1289 3232 1450 3296 Quod
1485 3230 1612 3286 ideo
1639 3231 1882 3304 dignum
1907 3232 2009 3287 du-
2039 3216 2081 3284 C
2119 3231 2190 3286 ad
2223 3229 2500 3286 ecclesias
2543 3231 2858 3303 deportetis
2889 3247 2992 3304 pro
3015 3232 3204 3288 salute
3219 3232 3480 3288 vivorum
3503 3238 3562 3289 et
3584 3233 3779 3290 defun-

362 3322 573 3390 cimus,
606 3326 671 3378 ut
699 3322 750 3378 si
798 3321 1247 3394 promissionem
1279 3320 1399 3374 illic
1449 3320 1660 3375 factam
1709 3321 1766 3375 in
1809 3320 2003 3393 aliquo
2120 3325 2366 3385 ctorum,
2395 3326 2460 3375 ut
2507 3319 2658 3376 Deus
2707 3337 2807 3376 vos
2838 3319 3044 3376 liberet
3075 3321 3146 3377 ab
3195 3321 3474 3379 omnibus
3505 3323 3682 3378 malis
3713 3324 3771 3378 in

361 3425 732 3482 corrumpere
749 3408 1323 3481 praesumpserimus,
1345 3409 1666 3473 mundano,
1690 3409 2010 3480 etspiritali
2121 3410 2230 3466 hac
2259 3409 2392 3479 vita,
2427 3415 2483 3466 et
2512 3414 2646 3482 post
2674 3409 2824 3465 hanc
2851 3409 3034 3465 vitam
3055 3411 3338 3482 perducat
3365 3429 3467 3468 vos
3499 3413 3575 3468 ad
3599 3429 3775 3486 regna

351 3499 579 3572 judicio
609 3497 916 3572 dupliciter
932 3499 1412 3553 condemnemur.
1433 3497 1737 3553 Credimus
1758 3514 2012 3570 namque
2123 3498 2422 3565 caelorum,
2445 3499 2699 3571 quicum
2730 3503 2843 3555 Deo
2864 3499 3050 3568 Patre,
3078 3503 3134 3555 et
3147 3500 3401 3572 Spiritus
3416 3504 3623 3559 sancto
3645 3501 3776 3557 vivit

358 3590 539 3647 istam
555 3605 793 3646 causam
820 3604 856 3644 a
883 3587 996 3643 Deo
1019 3586 1188 3642 nobis
1209 3585 1434 3642 coalitus
1452 3585 1795 3656 inspiratam
1818 3587 2014 3643 divina
2122 3592 2179 3644 et
2207 3592 2413 3660 regnat
2441 3588 2597 3644 Deus
2627 3587 2684 3643 in
2718 3587 2929 3644 saecula
2957 3587 3323 3645 seculorum.
3355 3590 3564 3646 Amen.

1115 3837 2020 3970 RHYTHMUS
2127 3836 3019 3972 SATYBlCUS

1151 4074 1296 4160 DE
1341 4071 2062 4162 TEMPOBIBUS
2108 4072 2600 4161 BOBERTI
2642 4073 2974 4162 REGIS

1454 4251 1738 4320 (Manna,
1775 4249 2014 4305 Analect.
2048 4266 2178 4306 nov.
2221 4250 2386 4321 edit.,
2417 4267 2474 4324 p.
2509 4251 2662 4321 366.)

359 3717 3768 3740 W

415 4513 533 4584 Hos
563 4509 868 4584 rhythmos
895 4526 964 4565 ex
989 4527 1099 4584 ms.
1133 4509 1332 4584 codice
1363 4508 1696 4565 Belvacensi
1725 4509 1876 4584 eruit
1897 4503 2244 4584 venerabilis
2273 4510 2362 4584 vir
2392 4509 2761 4584 Godefridus,
2796 4509 3196 4584 Burmannus,
3219 4510 3540 4584 canonicus
3572 4513 3770 4570 Belva-

343 4583 554 4641 censis.
593 4581 936 4646 Landricus,
970 4583 1068 4654 qui
1099 4583 1430 4655 przecipuus
1451 4597 1635 4637 scenae
1669 4583 1894 4650 artifex,
1931 4589 2020 4638 est
2053 4583 2207 4638 {ilius
2241 4582 2518 4648 Bodonis,
2551 4581 2782 4638 comitis
2813 4582 3209 4649 Nivernensis,
3231 4582 3508 4640 dominus
3531 4585 3765 4642 Dunen-

341 4657 446 4722 sis,
471 4659 885 4730 contraquem
904 4654 1312 4730 _I“ulco’Nerra_
1332 4669 1536 4725 graves
1567 4655 1750 4730 gessit
1780 4655 2120 4730 discordias.
2159 4655 2484 4730 Landricus
2513 4657 2598 4710 vir
2627 4656 2869 4730 2'nz'quu_s,
2902 4655 3020 4730 doto
3051 4663 3104 4711 et
3147 4657 3298 4730 omni
3324 4655 3553 4730 malitia
3590 4659 3766 4730 reple-

339 4731 424 4784 tus
453 4727 668 4783 dicitur
697 4725 756 4782 in
789 4727 978 4798 capite
1005 4727 1038 4778 7
1063 4730 1138 4779 De
1168 4725 1348 4799 gestis
1375 4726 1690 4781 consulum
1721 4727 2254 4799 Andegavensium.
2281 4727 2388 4794 Qui
2413 4743 2603 4799 mores
2633 4731 2786 4782 recte
2815 4725 2953 4782 huic
2981 4725 3104 4799 loco
3135 4727 3448 4798 quadrent.
3477 4725 3768 4784 Idem'hic

337 4799 531 4871 dictus
560 4797 896 4871 Achito-phel,
938 4799 1181 4871 Orassus,
1210 4797 1652 4871 Archz'lzriclz'nus,
1685 4803 1736 4853 et
1765 4797 1953 4869 Egloiz.
2005 4799 2388 4854 Adversarius
2413 4799 2540 4868 ejus
2567 4798 2706 4871 Odo.
2741 4798 3066 4871 Campanim
3100 4797 3315 4867 comes,
3351 4800 3516 4871 Lapis
3541 4801 3603 4855 in
3635 4801 3770 4856 Sion

337 4870 688 4942 appellatus.
720 4869 1107 4943 Nabuz-ardan,
1167 4869 1480 4941 ipsiusmet
1538 4870 1749 4943 fautor,
1799 4871 2026 4926 videtur
2082 4875 2248 4943 [Iugo
2312 4870 2694 4935 Belvacensis,
2749 4869 2852 4942 qui
2885 4869 3046 4926 Inter
3100 4872 3282 4941 ipsum
3304 4869 3492 4943 regem
3540 4871 3762 4927 Rober-

335 4941 462 4996 tum
493 4943 714 5012 ejusque
739 4942 1024 5013 conjugem
1052 4957 1287 5010 nequam
1315 4958 1497 4998 semen
1530 4941 1646 4997 odii
1685 4945 1904 5014 sparsit,
1949 4944 2144 5014 suique
2183 4941 2371 5012 gratia
2413 4941 2913 5014 prmmz'irreginam
2941 4943 2994 4998 ei
3021 4948 3224 5014 fecerat
3251 4941 3513 5014 odiosam,
3548 4947 3768 4999 tantam

335 5029 369 5088 ᾳ
396 5029 523 5088 τερα
551 5015 794 5088 gratiam
820 5020 1170 5088 censeo-atus,
1209 5017 1271 5067 ut
1311 5029 1484 5088 comes
1519 5015 1732 5088 palatii
1770 5013 2092 5088 haberetur,
2136 5031 2206 5069 ex
2253 5013 2462 5088 iisdem
2509 5013 2688 5088 gestis
2731 5013 2798 5068 in
2851 5017 3008 5088 temo
3043 5013 3089 5068 X
3119 5013 3430 5086 Spicilegii.
3465 5031 3600 5088 pag.

331 5083 982 5168 ddalberoherpiscopus
1007 5083 1442 5168 ‘Laudu'nen‘sis,
1477 5083 1590 5165 alio
1626 5086 1857 5166 nomine
1890 5087 2184 5168 .tmrlz’mrs,
2221 5087 2444 5166 avsa-Ias
2491 5083 2802 5168 (auditore:
2845 5086 3020 5168 falsus
3051 5083 3360 5168 episcopus:
3375 5083 3639 5168 Laudari
3668 5087 3762 5168 di-

332 5159 482 5226 ctus,
509 5157 663 5228 quod
689 5154 959 5228 Carolum
989 5155 1195 5228 durem
1216 5157 1704 5228 Lothariensium,
1737 5157 1908 5228 cujus
1938 5157 2310 5213 consdiarius
2340 5163 2486 5223 erat,
2531 5157 2588 5228 in
2617 5156 2792 5228 verba
2831 5154 3151 5228 juraverat,
3185 5154 3278 5214 die
3323 5160 3508 5228 Coena;
3541 5157 3766 5228 Domi-

328 5228 492 5303 nicae,
519 5226 674 5282 anno
703 5226 833 5303 999‘,
865 5226 1264 5303 lluguni,_r_egi
1303 5227 1680 5303 l*‘_ranc_orum,
1704 5227 1886 5297 portis
1919 5228 2184 5282 Lauduni
2211 5233 2378 5283 nocte
2404 5226 2730 5303 patefactis,
2762 5226 3096 5303 tradidit._Is
3128 5233 3302 5303 antea
3319 5227 3576 5303 Lotharii
3600 5230 3760 5303 regis

327 5298 522 5374 favore
553 5313 711 5374 anno
727 5297 833 5374 97.7
865 5296 1446 5374 Roriponiin‘sedem
1472 5296 1917 5374 Laudun’en‘sem
1947 5296 2520 5374 successerat.__\f_ixit
2550 5297 2621 5352 ad
2653 5314 2876 5354 annum
2903 5299 3134 5356 circiter
3164 5301 3325 5374 1030.
3345 5301 3468 5365 Quo
3489 5296 3758 5374 tempore

325 5369 641 5445 Widonem
666 5365 973 5445 clericum,
994 5368 1684 5445 Berol_iliSuessionensis
1705 5367 1957 5445 episcopi
1977 5375 2277 5445 nepotem,_
2301 5369 2412 5445 sibi
2436 5385 2836 5426 successorem
2867 5376 3068 5445 contra
3096 5372 3434 5445 praescripta
3455 5365 3755 5430 canonum

325 5441 525 5515 allegit
551 5457 574 5515 :_
598 5455 714 5509 qua
745 5439 813 5492 de
844 5455 904 5493 re
934 5439 1163 5515 Geraldi
1199 5439 1639 5515 Cameracensis
1661 5439 1944 5515 antistitis
1963 5439 2167 5515 graves
2187 5440 2449 5515 epistolae
2471 5445 2718 5515 exstant,
2745 5445 2808 5498 tu
2836 5443 2910 5499 ad
2932 5439 3128 5515 ipsum
3147 5439 3598 5515 Adalbéronem,
3618 5451 3751 5500 tum

325 5514 394 5568 ad
436 5510 684 5590 Ebalum
718 5510 1250 5590 metrOpolitanum,
1285 5515 1412 5590 tum
1440 5511 1514 5590 ad
1548 5510 1748 5590 Berold
1762 5529 1858 5590 u‘m
1881 5510 2384 5590 Suessionensem.
2411 5512 2626 5590 Forsan
2647 5513 2698 5590 is
2729 5510 3025 5590 est_\_’Vido
3045 5515 3140 5570 cui
3165 5514 3413 5590 gratiam
3447 5510 3754 5590 sive—apud

325 5531 394 5568 aa
437 5531 684 5567 υλῡωιιῐῐι
718 5531 1250 5583 metropoutanum,
1285 5531 1412 5566 tum
1445 5531 1514 5566 aa
1548 5531 1858 5568 UBI'OIOUHI
1881 5531 2384 5569 DUCSSIODBDSCH).
2411 5531 2625 5568 r'orsan
2647 5531 2698 5568 IS
2729 5531 2819 5572 85E
2859 5531 3023 5571 νγιαο
3045 5531 3140 5570 CUI
3165 5531 3413 5641 gratiam
3447 5533 3568 5572 Βινθ
3591 5531 3751 5590 apud

322 5599 545 5668 regem,
578 5581 695 5639 sive
716 5583 870 5656 apud
895 5581 1155 5668 reginam
1178 5581 1914 5668 Constantiambandricus
1939 5583 2318 5668 praeripuisse
2325 5582 2420 5668 hic
2443 5583 2800 5668 perhibetur.
2831 5587 2990 5668 Idem
3011 5586 3136 5668 ipse
3151 5586 3402 5668 (Larisus
3417 5592 3508 5644 est
3527 5587 3751 5668 dictus,

321 5653 622 5729 oh'idque,
654 5653 861 5728 nempe
891 5653 1048 5729 quod
1081 5653 1237 5727 regia
1265 5653 1453 5729 gratia
1478 5653 1801 5729 cecidisset,
1832 5653 2029 5729 tristis.
2063 5653 2224 5729 Hinc
2242 5653 2410 5729 missi
2432 5653 2616 5729 legati
2649 5656 2866 5728 Galam,
2902 5662 2958 5714 et
3009 5653 3147 5714 Gala
3163 5657 3474 5716 Worchias
3494 5663 3555 5716 et
3584 5653 3758 5718 Pari;

322 5725 461 5794 nios,
497 5724 596 5785 ubi
627 5743 725 5786 rex
754 5724 1115 5798 versabatur,
1147 5724 1213 5785 ut
1242 5724 1491 5802 gratiam
1522 5725 1846 5786 resarciret.
1880 5726 2042 5789 Idem
2071 5725 2392 5788 Landricus
2420 5724 2799 5789 Ηθῆνίεοιοιιὶι
2825 5724 3110 5808 feminam,
3135 5729 3195 5788 id
3216 5733 3304 5790 est
3333 5729 3754 5795 Constantiam
