3896 6216
157 297 270 367 733
1372 292 1809 357 RHYTHMUS
1854 291 2315 357 SATYRICUS.
3118 305 3122 309 ’
3423 298 3544 360 754

153 428 401 503 reginam
423 426 550 510 ejus
581 430 849 497 matrem,
884 441 1011 556 (Luae
1042 425 1289 510 Henrico
1315 425 1765 509 adversabatur:
1787 427 2131 510 Constantia
2158 427 2303 499 petit
2330 427 2678 484 Vasconiam
2715 444 2727 483 :
2763 444 2899 510 cum
2931 428 3170 484 interim
3195 428 3541 504 Achitophel

157 520 250 556 seu
263 499 576 556 Landricus
594 498 846 556 Bertam.
862 516 894 556 ο
968 503 1499 556 consangulnitatis
1529 504 1586 554 et
1607 498 1911 555 afﬁnitatis
1940 499 2241 554 Vinculum
2265 516 2297 555 a
2317 499 2566 555 Roberto
2590 501 2847 556 Gregorii
2870 499 2917 553 V
2943 500 3161 556 iudicio
3195 506 3364 556 antea
3380 519 3541 556 sena-

157 498 250 560 seu
263 498 935 575 LandricusBertam,ob
955 499 1499 575 consanguinitatis
1529 504 1586 554 et
1607 498 1925 575 afﬁnitatis
1940 498 2241 575 vinculum
2265 516 2297 555 a
2317 499 2573 575 R_ob_erto_
2590 498 2917 575 GregoriiV
2940 500 3161 571 judicio
3195 498 3542 575 anteasepa-

157 520 250 560 seu
263 517 576 557 Lanarlcus
594 517 935 568 bertam,oo
968 517 1499 625 consangulnitaus
1529 517 1586 554 et
1607 517 1911 555 amnitatis
1940 517 2241 554 Vinculum
2265 517 2297 555 a
2319 517 2566 555 nonerto
2590 517 2847 571 uregorn
2880 517 2910 553 γ
2940 517 3161 571 juawlo
3195 517 3364 557 antea
3380 519 3538 575 sepa-

157 578 346 641 ratam,
378 572 439 627 in
470 571 699 697 regium
719 576 913 628 torum
945 573 1121 644 (quod
1154 590 1187 626 a
1214 572 1389 627 iunde
1421 571 1807 642 incognitum)
1832 570 2079 639 reduxit,
2112 574 2288 643 atque
2344 572 2577 627 Roberti
2612 571 2763 626 filios
2815 572 3116 643 Hugonem
3160 574 3538 645 monachum,

157 645 450 697 Henricum
480 659 528 697 as
573 643 743 697 itum.
767 644 1084 697 Robertum
1116 643 1453 697 enisconum
1488 643 1611 697 fieri
1645 642 2115 697 machinabatur.
2152 642 2385 697 Pruvini
2420 644 2543 697 inse
2568 642 2956 697 promissione
2990 644 3061 697 ob
3095 643 3279 697 malas
3324 649 3478 697 artes
3509 663 3538 697 a

154 645 450 702 Henricum
480 642 743 712 inditum,
767 642 1084 699 Robertum
1116 643 1453 714 episcopum
1488 643 1611 714 fieri
1645 642 2115 710 machinabatur,
2152 642 2385 697 Pruvini
2420 644 2543 714 ipse
2568 642 2956 714 promissione
2990 644 3061 697 ob
3095 643 3279 698 malas
3304 649 3478 714 partes
3509 642 3542 700 a

158 718 312 773 Berta
336 714 593 770 delusus.
610 715 666 771 Is
693 714 839 770 mihi
866 716 1097 771 videtur
1116 713 1297 786 hujus
1319 713 1931 786 aenigmaticaasatyrze
1965 731 2176 769 sensus
2200 730 2211 767 :
2235 714 2333 785 qui
2352 715 2396 770 si
2418 713 2773 785 quibusdam
2797 715 2995 769 minus
3015 714 3250 786 arridet,
3266 713 3446 769 alium
3465 717 3543 770 af-

157 790 346 853 ferant,
378 803 480 857 per
509 802 601 841 me
632 786 785 854 licet,
810 786 1128 842 meliorem.
1148 786 1311 841 Certe
1334 786 1488 858 quod
1507 785 1827 858 Landricus
1851 787 2165 858 Robertum
2187 802 2380 858 regem
2405 786 2593 840 facere
2613 786 2955 858 episcopum
2991 785 3402 852 meditabatur,
3424 803 3541 858 non

156 860 219 937 de
246 857 351 937 alio
380 856 559 928 quam
590 858 660 937 de
692 858 944 937 prerto
970 858 1200 937 Hoberti
1227 856 1382 937 regis
1413 856 1929 937 filiointerpretari
2078 856 2517 937 cretera‘sinunt‘
2536 875 2547 937 ς
2584 856 2717 937 cum
2936 857 3128 937 ipsum
3153 862 3380 937 patrem
3413 857 3541 929 agi-

156 936 265 985 tare
292 928 458 1001 longe
487 933 642 984 esset
672 946 706 1001 a
736 930 1004 985 Landrici
1036 930 1253 997 animo,
1287 928 1385 1001 qui
1424 928 1653 1001 Bertam
1681 928 1732 982 ei
1764 928 2249 1001 reconciliaverat.
2288 928 2451 1000 Hugo
2483 930 2717 1001 Absalon
2746 929 2860 1001 diei
2905 929 3135 983 videtur
3165 930 3237 984 ob
3267 928 3540 984 decoram

157 999 466 1058 formamet
496 1000 814 1067 caesariem,
847 1002 946 1071 qui
982 1001 1247 1058 Landrici
1284 999 1527 1056 consilia
1545 1000 1842 1071 spreverit.
1869 1002 2028 1071 Lapis
2069 1001 2163 1054 ille
2194 1002 2253 1053 in
2277 999 2431 1067 5am,
2453 1000 3318 1071 quiLandricumrspiritualiter
3337 1002 3541 1055 contri-

156 1076 240 1145 vit,
272 1089 381 1128 non
409 1070 586 1145 alius,
619 1076 683 1128 ut
702 1073 828 1143 jam
857 1070 1009 1145 dixi,
1029 1088 1205 1145 quam
1237 1070 1713 1145 OdoiCampaniaa
1745 1070 1965 1145 comes,
1994 1070 2257 1145 Landrici
2290 1070 2655 1145 adversarius
2688 1070 3113 1145 et‘debellator,
3133 1089 3201 1126 ex
3222 1071 3324 1145 lib.
3346 1072 3426 1145 De
3443 1088 3539 1143 ge-

157 1144 250 1217 stis
278 1142 585 1217 consulum
615 1142 1283 1217 Andegavensium,cap.
1300 1146 1351 1198 8.
1369 1143 1484 1217 Nec
1501 1142 1739 1217 mirum,
1756 1143 1911 1217 quod
1940 1143 2358 1217 Constantiam_
2376 1143 2659 1217 reginam,
2681 1142 2899 1217 Odonis
2923 1142 3541 1217 sorore_m,Lan_drieus

155 1214 647 1287 Odonisaemulus,
681 1232 749 1271 ex
776 1214 909 1271 aula
938 1214 1252 1271 deturbare
1286 1215 1517 1287 sategit,
1542 1215 1719 1287 idque
1740 1214 1976 1287 tandem
1996 1230 2055 1268 re
2074 1230 2213 1287 vera
2230 1214 2485 1285 perfecit.
2507 1217 2790 1269 Caeterum
2817 1215 2985 1268 Berta
3006 1214 3078 1287 in
3114 1214 3346 1269 Roberti
3379 1232 3539 1287 amo-

154 1304 234 1341 res
260 1286 444 1342 redire
473 1286 888 1352 meditabatur,
915 1290 1060 1343 teste
1092 1285 1436 1353 Odoranno,
1455 1302 1589 1341 cum
1624 1285 1911 1341 Robertus
1946 1286 2052 1341 iter
2074 1286 2401 1340 Romanum
2425 1301 2700 1356 agressus
2731 1290 2840 1340 est.
2887 1287 2959 1340 At
2988 1285 3284 1340 diversum
3313 1286 3543 1341 videtur

154 1359 316 1433 fuisse
345 1358 506 1415 istud
538 1359 780 1433 factum,
811 1360 967 1432 quod
1001 1358 1256 1433 rhythmi
1281 1358 1460 1430 hujus
1494 1362 1697 1415 auctor
1726 1357 1835 1413 hoc
1864 1358 1988 1414 loco
2020 1359 2459 1423 commemorat,
2494 1372 2630 1412 cum
2663 1362 2894 1429 tempus
2927 1360 2984 1412 et
3013 1356 3136 1413 aliae
3159 1356 3545 1414 circumstan-

152 1430 234 1486 tia
262 1446 372 1487 non
393 1429 769 1487 conveniant.

152 1716 305 1774 Orbis
331 1716 535 1790 magni
568 1715 970 1772 monarchiam
1002 1692 1172 1772 dolus
1203 1715 1473 1772 Landrici
1505 1715 1714 1772 nititur
1812 1718 1868 1783 Α
1896 1717 2062 1772 Prius
2088 1716 2322 1773 Widoni
2345 1716 2616 1789 gratiam,
2639 1716 2851 1772 timens
2884 1732 3111 1789 sponsae
3145 1714 3538 1788 prudentiam.

151 1806 245 1862 Per
270 1804 520 1879 energiaa
552 1806 814 1861 studium
847 1805 1188 1861 solemniter
1217 1809 1490 1860 evertere.

153 1895 241 1952 Est
268 1894 445 1967 lapsis
470 1911 630 1951 unus
661 1895 719 1949 in
753 1893 913 1964 Sion,
938 1910 1114 1966 quem
1147 1893 1347 1949 dicunt
1378 1898 1601 1966 petram
1627 1910 1813 1949 scan-'

1623 1983 1785 2055 [dali,

148 2074 270 2139 Quae
300 2072 517 2129 cecidit
546 2087 724 2143 super
745 2076 920 2144 caput
944 2071 1291 2144 Achitophel
1313 2073 1439 2142 jam
1468 2072 1682 2145 septies

147 2162 244 2216 Sed
276 2178 408 2217 cum
436 2160 599 2217 cadit
627 2160 775 2233 lapis
808 2160 1009 2228 semel,
1036 2161 1192 2217 cadit
1220 2161 1273 2216 vi
1306 2162 1633 2233 septenaria
1665 2180 1678 2218 :

147 2250 465 2307 Contritum
503 2249 841 2321 spiritaliter
872 2251 1351 2324 Burgundionem
1380 2251 1655 2307 vidimus.

147 2339 485 2411 Aehitophel
516 2338 855 2413 Burgundia
883 2340 1036 2395 atati
1068 2344 1281 2397 nostrae
1312 2340 1586 2405 reddidit,
1627 2369 1631 2374 -

148 2428 385 2485 Multum
416 2428 672 2485 crinitus
702 2428 954 2485 Absalon
978 2431 1147 2500 cujus
1178 2430 1396 2502 sprevit
1412 2429 1748 2486 consilium.

147 2516 318 2573 Intrat
346 2534 505 2590 sape
534 2517 751 2590 palatia
782 2517 1107 2591 versipellis
1138 2518 1376 2592 regalia,

147 2604 396 2661 Occultat
408 2622 625 2662 nasum
638 2606 1119 2680 pellibus,pectus
1134 2609 1439 2664 subdendo
1453 2609 1783 2665 fraudibus.

145 2693 262 2751 Jam
286 2694 540 2751 Catilina
568 2696 814 2767 nequior
845 2697 1049 2752 amicis
1079 2698 1294 2770 praebet
1323 2697 1623 2764 osculum;

143 2784 239 2838 Sed
271 2784 585 2856 praetendit
611 2784 910 2857 decipulas
941 2803 1145 2857 sapore
1174 2786 1326 2841 fellis
1355 2786 1567 2842 ebrias.

142 2871 292 2927 Alter
320 2870 622 2943 Jugurtha
641 2871 921 2944 loquitur,
946 2890 1061 2928 non
1085 2891 1154 2929 ex
1184 2875 1316 2941 fide,
1343 2876 1442 2930 sed
1475 2876 1545 2931 de
1579 2876 1711 2942 ﬁde,

142 2960 243 3015 Pro
276 2959 438 3014 veris
473 2958 746 3014 amicitiis
777 2960 1023 3016 reddens
1056 2962 1412 3018 inimicitias.

139 3050 217 3104 Ad
242 3063 457 3120 regum
475 3062 723 3120 pergens
750 3047 985 3116 solium,
1004 3050 1183 3122 Ceges
1205 3052 1440 3120 salutat,
1463 3069 1577 3108 non
1595 3056 1780 3109 amat:

142 3137 253 3193 Sed
285 3139 378 3192 est
410 3135 581 3207 quasi
612 3136 913 3209 tugurium
947 3137 1059 3193 alio
1089 3140 1510 3196 eucumerario.

144 3225 263 3284 Non
295 3229 387 3281 est
412 3223 653 3281 auditus
690 3225 750 3280 in
784 3225 1036 3282 Thevan.
1062 3243 1168 3282 nec
1189 3228 1456 3284 inventus
1488 3230 1546 3285 in
1578 3231 1788 3286 Corba-

1626 3320 1786 3388 [nan,

148 3402 306 3460 Prior
327 3403 486 3460 risus
517 3402 577 3459 in
608 3402 888 3473 vultibus,
924 3404 1130 3461 amicis
1153 3404 1584 3478 ignorantibus.

143 3493 247 3549 Sed
286 3492 496 3548 didicit
533 3492 863 3565 episc0pus,
911 3495 1066 3565 quod
1108 3494 1296 3550 tristis
1354 3495 1463 3550 fuit
1494 3495 1739 3552 clericus
1772 3515 1784 3552 :

147 3586 260 3637 ltur
289 3600 323 3637 a
353 3580 533 3637 Chela
561 3581 890 3649 Worchias,
924 3601 959 3638 a
989 3583 1280 3640 Worchiis
1310 3584 1589 3640 Parisius.

144 3670 330 3727 Crassi
360 3672 522 3727 risus
555 3672 866 3728 commotio
891 3676 979 3729 est
1010 3672 1173 3745 regni
1205 3674 1567 3745 perturbatio
1594 3692 1613 3742 ;‹

144 3762 191 3813 It
210 3760 375 3831 juxta
397 3777 614 3833 smpem
646 3762 908 3834 mingere
935 3764 1035 3835 qui
1068 3779 1234 3836 reges
1266 3764 1377 3819 scit
1406 3765 1699 3820 seducere.

145 3845 365 3903 Statum
397 3848 685 3905 subvertit
709 3848 1060 3922 principum,
1076 3851 1264 3907 hostis
1286 3853 1643 3909 Francorum
1662 3870 1788 3925 pro-

1539 3944 1782 4013 [cerum,

147 4024 375 4083 Diﬂ‘usis
405 4042 651 4082 currens
678 4028 924 4097 ratibus,
950 4028 1101 4085 sicut
1127 4029 1374 4086 Crassus
1404 4030 1779 4103 vulpennius.

147 4113 263 4170 Non
283 4114 532 4188 percipit
551 4115 855 4183 Adalbero,
886 4117 1231 4190 Achitophel
1264 4136 1368 4175 cur
1398 4121 1586 4176 rideat
1618 4138 1632 4176 :

148 4201 352 4276 Vulpes
382 4208 579 4278 portat
607 4204 665 4259 in
696 4212 945 4279 pectore,
979 4208 1081 4279 qui
1113 4208 1236 4264 suis
1268 4210 1454 4265 nescit
1493 4225 1746 4281 parcere.

148 4291 296 4377 Dolis
316 4299 581 4352 armatus
600 4295 834 4365 justifer
854 4297 941 4368 [f.,
965 4296 1220 4369 furcifer]
1254 4298 1498 4354 Henrico
1529 4298 1683 4353 tollit
1714 4299 1789 4354 fe-

1516 4388 1783 4457 [minam,

1898 1806 2051 1861 Uxor
2082 1805 2223 1879 petit
2250 1806 2625 1871 Vasconiam,
2657 1804 2999 1877 Achitophel
3028 1804 3334 1871 malitiam,

1897 1895 2048 1950 Dum
2071 1911 2171 1967 per
2182 1895 2201 1965 j
2212 1895 2421 1951 urandi
2443 1895 2735 1951 sarcinam
2750 1897 2932 1950 totam
2947 1896 3257 1950 conturbat
3268 1893 3539 1966 patriam.

1897 1983 2145 2040 Honoris
2175 1984 2369 2039 fundit
2394 1984 2735 2050 terminum,
2770 1982 2999 2039 intrans
3032 1984 3203 2056 Regis
3235 1982 3539 2055 palatium,

1898 2073 2179 2128 Henricus
2211 2074 2287 2127 sit
2317 2073 2586 2141 aedituus,
2622 2072 2765 2128 dicit
2795 2072 3048 2127 Bodonis
3077 2072 3253 2127 filius.

1898 2161 2021 2217 Fiat
2050 2179 2149 2217 rex
2178 2162 2342 2233 Hugo
2375 2161 2720 2229 monachus,
2755 2178 2855 2216 rex
2877 2162 3164 2216 Robertus
3194 2161 3537 2233 episcopus;

1898 2252 2128 2307 Habens
2159 2250 2252 2305 hic
2284 2252 2461 2306 vitam
2495 2250 2845 2322 simplicem,
2878 2250 3023 2305 alter
3068 2249 3223 2304 vocis
3280 2248 3541 2307 dulcedi-

3362 2339 3541 2408 [nem.

1896 2431 2156 2485 Obscura
2186 2428 2459 2484 fraudum
2490 2428 2640 2500 legio
2671 2431 2877 2501 regnat
2898 2426 3170 2484 Landrici
3214 2427 3539 2495 stomacho,

1895 2520 2073 2591 Cujus
2104 2518 2296 2574 munit
2325 2516 2644 2573 sententias
2672 2516 3056 2573 Nabuzardan
3086 2516 3422 2573 auctoritas.

1893 2608 2207 2664 Cachinnis
2233 2607 2488 2663 ostendit
2506 2607 3048 2679 dolum,respectus
3077 2610 3135 2663 et
3165 2606 3494 2678 periculum
3523 2621 3539 2661 :

1892 2701 2074 2754 Acuta
2100 2703 2239 2753 sunt
2269 2696 2550 2753 novacula
2580 2696 2832 2768 perﬁdia:
2865 2694 3102 2751 duritia.

1894 2787 2306 2843 Promissionis
2339 2786 2545 2842 scissio
2584 2788 2969 2858 prmsentatus
2998 2784 3058 2840 in
3090 2784 3358 2853 subdolo,

1892 2877 2215 2933 Verborum
2246 2877 2356 2931 sub
2388 2874 2784 2932 membraculo
2812 2875 2870 2929 in
2902 2875 3181 2931 mendoso
3212 2873 3536 2930 volutabro.

1894 2967 2085 3022 Saliva
2117 2967 2293 3021 mista
2324 2956 2632 3020 fraudibus
2662 2966 2789 3036 ejus
2816 2968 3082 3020 versatur
3112 2963 3418 3019 fraudibus
3451 2980 3465 3019 :

1895 3056 2204 3111 Sermones
2237 3072 2370 3109 cum
2402 3053 2678 3125 periculis
2710 3054 2837 3123 ejus
2865 3056 3178 3109 versantur
3205 3050 3465 3123 syllabis.

1895 3143 2238 3200 Herodiadis
2268 3143 2505 3214 nuptias
2537 3141 2833 3197 renovavit
2863 3140 3097 3195 illicitas
3132 3158 3145 3195 :

1896 3234 2123 3288 Incesta
2152 3235 2385 3303 propter
2414 3229 2577 3285 basia
2609 3233 2837 3301 spereat
2869 3228 3101 3284 Pruvini
3133 3227 3367 3284 muenia.

1894 3319 2342 3375 Arohitriclinus
2374 3319 2589 3390 impius
2618 3319 2853 3390 gavisus
2883 3323 2971 3373 est
3000 3335 3102 3390 pro
3160 3317 3454 3373 moenibus
3487 3331 3500 3371 :

1896 3408 2283 3465 Potentiorem
2315 3408 2438 3462 ﬁeri
2473 3423 2533 3462 se
2564 3405 2811 3469 credidit
2841 3423 2945 3478 pro
2962 3406 3207 3478 nuptiis.

1897 3497 2179 3554 Dormivit
2207 3514 2303 3551 rex
2332 3496 2390 3551 in
2423 3495 2653 3563 lectulo,
2688 3495 2959 3551 Laudrici
2990 3496 3286 3567 pontificio
3319 3514 3333 3552 ε

1897 3586 2121 3643 Dormit
2149 3587 2330 3641 Bertaa
2360 3585 2693 3656 promissio,
2726 3584 2997 3641 irascitur
3028 3585 3384 3657 Burgundio.

1896 3676 2073 3747 Eglon
2110 3679 2306 3731 noster
2323 3674 2888 3746 novissimus,cujus
2911 3680 2976 3730 ut
2994 3692 3109 3730 non
3134 3675 3536 3746 turpissimus;

1897 3764 2096 3820 Multis
2109 3769 2197 3819 est
2215 3766 2399 3819 fastus
2418 3763 2690 3837 dapibus,
2710 3782 2823 3820 non
2846 3764 3036 3837 placet
3056 3764 3536 3821 Pruvinensibus.

1896 3853 2232 3908 Secundum
2274 3852 2475 3909 lunam
2507 3854 2747 3925 patitur,
2782 3871 2885 3926 spe
2915 3853 3077 3910 varia
3107 3854 3498 3929 confringitur
3525 3873 3538 3912 :

1895 3943 2209 3998 Pruvinum
2236 3960 2539 4015 nunquam
2561 3942 2833 4015 perdidit,
2869 3944 3023 4015 quod
3056 3944 3271 4001 habere
3300 3962 3417 4000 non
3448 3963 3545 4019 po-

3384 4036 3539 4105 [tuit.

1894 4120 2123 4177 Plumbi
2157 4122 2446 4177 scribatur
2477 4121 2717 4192 lamina,
2748 4139 2818 4178 ne
2850 4126 3111 4179 transeat
3144 4124 3428 4180 memoria
3456 4143 3468 4179 :

1898 4211 1970 4267 Ut
2000 4212 2210 4283 posteri
2239 4211 2355 4267 sint
2387 4213 2630 4284 providi,
2666 4212 2714 4268 si
2747 4216 2879 4285 post
2908 4217 3157 4268 mortem
3204 4213 3543 4270 surrexerit.

1900 4300 2239 4372 Achitophel
2270 4303 2626 4373 prosperitas
2659 4306 2746 4357 est
2777 4303 3014 4374 Europae
3044 4301 3371 4373 captivitas,

1899 4389 2005 4455 Qui
2038 4390 2200 4460 pejor
2233 4391 2296 4445 fit
2327 4391 2605 4461 quotidie,
2640 4391 2932 4464 periturus
2972 4390 3328 4448 tardissime.
