3896 6216
319 293 436 358 755
1058 295 1246 360 SEC.
1291 295 1374 358 XI
1417 297 1650 359 AUCT.
1695 294 2008 358 INGERTI
2049 293 2240 357 ANNI
2280 295 2380 358 ET
2424 293 2720 361 SCRIPT.
2747 301 2970 354 'AAEZII.

3611 296 3745 366 ’7ῧὸ

321 462 3743 492 m

1149 503 1158 511 ς
1227 609 1991 740 ΒΗΥΤΗΜΙ
2099 609 2834 744 VETERES

1987 932 2028 1025 Ι

979 1089 1611 1179 RHYTHMUS
1665 1091 2173 1182 MILITUM
2231 1091 3074 1181 MUTINENSIUM.

326 1365 950 1542 BHYTHMUS
1015 1427 1166 1536 DE
1236 1425 1809 1541 LUDO'VICO
1886 1271 2282 1541 IIIIIMP.
2354 1427 2580 1540 PER
2651 1425 3311 1544 ADELGISUM
3378 1428 3748 1546 CAPTO

1911 1589 2219 1636 PRECEDIT

1288 1721 1428 1845 ι,
1515 1721 1666 1821 Δ.
1770 1723 2782 1826 Μυιητοιιιι

1122 1919 1638 1982 DlSSERTATIO
1681 1921 1784 1982 DE
1828 1920 2288 1984 RHYTHMIGA
2331 1923 2712 1986 VETREUM
2754 1920 2980 1984 POESI

1697 2053 1900 2126 (Antiq.
1933 2055 2061 2112 ιιαι.
2095 2053 2373 2126 111,664).

398 2286 525 2342 Non
583 2284 784 2341 minus
838 2299 1017 2356 quam
1050 2284 1242 2340 Italica
1271 2285 1460 2356 lingua
1483 2285 1769 2359 originem
1801 2303 1973 2343 suam
2001 2287 2057 2355 Α
2087 2295 2264 2360 μέτρον
2321 2286 2476 2343 idem
2533 2285 2617 2342 sic
2672 2302 2739 2342 ac
2767 2301 3044 2342 mensura.
3078 2286 3142 2340 In
3186 2285 3456 2342 versibus
3494 2301 3632 2343 vero
3669 2287 3746 2343 ad

326 2373 649 2432 barbaricis
700 2371 1064 2445 temporibus
1111 2373 1282 2429 debet
1326 2375 1520 2430 Italica
1572 2378 1771 2447 poesis,
1807 2377 1982 2446 cujus
2091 2375 2249 2449 leges
2305 2376 2561 2448 poeticas
2619 2374 2973 2431 constructis
3002 2377 3060 2430 et
3086 2373 3295 2432 vinctis
3325 2373 3405 2430 ita
3451 2390 3739 2432 mensura

323 2467 523 2522 tamen
555 2463 937 2518 fundamenta
969 2461 1148 2518 altius
1179 2466 1321 2518 sunt
1349 2463 1518 2520 nobis
1547 2463 1976 2538 investiganda.

322 2551 662 2612 Aristoteles
691 2551 752 2606 in
783 2550 1072 2624 principio
1102 2550 1668 2624 poeticcsinquircns
1699 2554 1854 2610 unde
1885 2571 1980 2609 or-

323 2647 453 2701 tum
478 2640 671 2716 poesis
698 2641 992 2708 habuerit,
1013 2640 1220 2696 statuit
1240 2656 1367 2696 eam
1401 2657 1469 2696 ex
1498 2658 1694 2698 amore
1710 2645 1978 2699 imitatio-

324 2734 414 2788 nis
471 2728 782 2803 prodiisse,
817 2729 920 2800 qui
978 2727 1320 2784 hominibus
1380 2729 1596 2785 insitus
1653 2735 1760 2800 est,
1801 2735 1979 2804 atque

329 2837 399 2876 ex
477 2833 676 2874 amore
750 2817 1062 2874 harmoniae
1104 2821 1162 2872 et
1218 2818 1446 2890 rhytmi.
1503 2820 1795 2893 Praecipue
1845 2837 1978 2876 vero

330 2908 415 2967 ait
446 2925 460 2964 :
496 2915 632 2964 Κατά
685 2913 828 2980 φύσιν
883 2914 1064 2972 δ’ὄντος
1119 2913 1236 2980 ῄμῖν
1293 2913 1380 2965 τοῦ
1437 2917 1704 2980 μεμεῖσοαι,
1753 2921 1836 2967 καὶ
1891 2936 1978 2980 της

328 3003 582 3070 ᾇρμονίας,
665 3001 748 3051 καί
826 3005 913 3050 τοῦ
993 3005 1080 3066 (τά
1187 3007 1281 3068 γάρ
1389 3007 1544 3070 μέτρα
1652 3007 1725 3054 ὁτι
1833 3007 1978 3072 μόρια

328 3091 428 3143 τῶν
485 3089 706 3159 ῥυθμῶν,
738 3092 840 3140 έστί
867 3095 1097 3158 φανερὸν)
1155 3095 1200 3150 ἐς
1227 3094 1380 3158 ἀρχῆς
1438 3095 1483 3143 οἱ
1538 3097 1803 3160 πεφυῑδτες
1861 3097 1978 3162 πρὸς

328 3181 454 3232 cura
531 3181 746 3245 μάλιπά
797 3183 923 3230 κατά
975 3181 1146 3247 μικρὸν
1193 3185 1504 3248 προάγοντεξ,
1565 3186 1830 3247 ἐγέννησαν
1885 3191 1978 3251 τῂν

328 3269 522 3332 minam
553 3270 610 3318 ἐκ
652 3267 750 3318 τῶν
796 3271 1288 3334 αὺτοσκεδιασμάτων
1327 3281 1456 3336 quae
1505 3265 1703 3320 Latine
1751 3267 1832 3323 ita
1881 3285 1976 3322 so-

330 3355 512 3426 nant:
557 3351 692 3408 Cum
734 3367 859 3424 ergo
915 3351 1212 3408 secundum
1269 3357 1529 3410 naturam
1574 3357 1647 3410 sit
1707 3357 1767 3410 in
1822 3357 1978 3412 nobis

333 3442 516 3515 ipsum
541 3440 778 3518 imitari,
808 3445 858 3497 et
883 3442 1176 3497 harmonia
1206 3445 1260 3496 et
1284 3442 1574 3514 rhythmus
1621 3447 1775 3516 (nam
1803 3450 1979 3500 metra

324 3529 633 3604 particulas
661 3545 774 3586 esse
803 3530 1188 3601 rhythmorum
1227 3532 1583 3603 manifestum
1632 3537 1729 3602 est)
1759 3551 1794 3588 a
1817 3536 1976 3605 prin-

329 3619 472 3692 cipio
501 3618 598 3691 qui
625 3620 831 3673 natura
856 3619 1103 3673 maxime
1125 3617 1194 3673 ad
1213 3619 1331 3676 haec
1357 3623 1473 3691 apti
1502 3625 1680 3687 erant,
1701 3623 1977 3693 paulatim

321 3711 722 3782 promoventes,
752 3711 1063 3778 genuerunt
1088 3710 1318 3778 poesim,
1352 3717 1764 3782 extemporanee
1807 3714 1974 3767 versi-

325 3797 574 3868 ﬁcantes.
631 3794 842 3850 Mirum
891 3800 1179 3867 quantum
1211 3797 1282 3852 ad
1327 3797 1446 3852 haec
1475 3799 1649 3854 verba
1678 3799 1970 3868 haeserint,

327 3881 1068 3957 certarint,ingeniumquc
1093 3903 1267 3942 suum
1297 3887 1572 3943 torserint
1598 3887 1972 3944 Aristotelicas

325 3971 583 4046 poeticos
611 3970 981 4045 interpretes,
1015 3975 1342 4048 praesertim
1383 3975 1530 4042 Itali,
1563 3977 1714 4048 quod
1765 3994 1974 4051 nempe

322 4061 442 4120 vim
461 4061 618 4118 vocis
637 4062 845 4136 rhytmi
871 4065 1105 4138 assequi
1136 4065 1280 4122 satis
1311 4081 1428 4121 non
1462 4070 1722 4138 possent,
1753 4070 1810 4122 et
1838 4070 1972 4124 har-

323 4151 532 4208 moniae
557 4167 753 4209 vocem
801 4151 895 4208 hic
926 4152 1112 4224 aliter,
1154 4154 1324 4211 aliter
1365 4154 1464 4211 ille
1496 4155 1872 4229 explicarent.
1902 4159 1976 4213 At

319 4257 637 4318 germanus
658 4241 995 4316 Philosophi
1021 4261 1234 4300 sensus
1254 4252 1473 4311 est,nos
1511 4261 1580 4300 ex
1606 4245 1975 4304 institutione

317 4333 539 4390 natum
561 4330 836 4412 delectari
850 4349 965 4389 non
977 4331 1168 4389 solum
1193 4335 1520 4402 imitatione,
1535 4335 1636 4391 sed
1661 4335 1837 4392 etiam
1851 4337 1976 4392 har-

313 4423 528 4493 monia,
563 4421 673 4478 hoc
703 4426 793 4480 est
822 4422 1222 4479 modulatione
1269 4428 1326 4480 et
1355 4423 1582 4480 musica
1611 4425 1971 4495 harmonica,

314 4511 438 4570 sive
477 4528 546 4570 ea
603 4528 674 4568 ex
703 4515 880 4568 cantu
911 4518 1012 4568 aut
1056 4529 1193 4569 voce
1225 4513 1614 4570 animantium
1674 4520 1972 4583 nascatur,

311 4601 440 4660 sive
477 4617 546 4658 ex
575 4600 770 4657 sonitu
806 4600 1337 4658 instrumentorum
1370 4603 1767 4672 musicorum;
1801 4609 1976 4677 atque

311 4701 568 4763 insuper
597 4691 841 4764 rhytmo,
863 4689 922 4746 id
953 4694 1044 4747 est
1072 4691 1276 4747 ordine
1315 4695 1369 4748 et
1409 4691 1787 4749 collocatione
1844 4711 1974 4749 ver-

307 4779 519 4838 borum
549 4779 632 4836 ita
650 4781 1140 4853 conjunctorum,
1161 4784 1263 4837 aut
1293 4780 1710 4850 desinentium,
1725 4785 1790 4837 ut
1809 4799 1975 4840 voces

307 4867 486 4925 etiam
541 4869 668 4925 sine
718 4873 934 4938 cantu,
991 4887 1058 4926 ac
1103 4869 1514 4926 tantummodo
1563 4871 1972 4942 pronuntiatae,

306 4956 780 5026 consonantiam,
805 4975 872 5014 ac
899 4959 1240 5032 quamdam,
1257 4964 1325 5015 ut
1339 4959 1419 5015 ita
1430 4958 1642 5027 dicam,
1659 4960 1972 5017 melodiam

2089 2465 2372 2537 temporis
2430 2469 2711 2532 servatur,
2745 2468 2811 2520 ut
2838 2465 3040 2520 eadem
3071 2479 3305 2537 semper
3359 2468 3647 2521 recurrat
3678 2463 3741 2521 in

2089 2555 2356 2626 ejusdem
2389 2554 2616 2626 generis
2637 2553 2926 2620 versibus,
2957 2552 3078 2609 sive
3110 2552 3302 2628 longis
3333 2553 3586 2626 pedibus
3629 2551 3740 2622 illi,

2089 2643 2210 2700 sive
2239 2643 2533 2712 brevibus,
2566 2642 2685 2700 sive
2714 2643 2907 2698 mistis
2954 2645 3245 2698 constent.
3279 2640 3498 2698 Scribit
3534 2646 3738 2700 autem

2089 2731 2889 2799 QuinctilianusInstitution.
2923 2731 3250 2787 Oratorian.
3283 2730 3385 2786 lib.
3419 2747 3499 2801 Ix,
3533 2747 3662 2804 cap.
3678 2733 3734 2801 4,

2089 2821 2305 2890 longam
2359 2821 2633 2892 syllabam
2677 2836 2788 2876 esse
2845 2819 3077 2876 duorum
3139 2823 3464 2892 temporum,
3517 2819 3736 2876 brevem

2085 2913 2274 2978 unius,
2304 2912 2472 2966 etiam
2494 2911 2657 2982 pueri
2683 2911 2884 2966 sciunt.
2919 2909 3166 2964 Proinde
3197 2907 3257 2964 in
3288 2907 3546 2981 periodis
3596 2908 3730 2965 rhe-

2087 3003 2280 3054 torum
2318 2997 2548 3055 occulta
2575 3001 2700 3055 arte
2755 2997 3068 3054 elaboratis
3118 3001 3436 3054 concentus
3492 2996 3742 3070 quidam

2087 3087 2342 3155 auditur,
2375 3103 2561 3160 eaque
2591 3088 2664 3142 de
2701 3104 2880 3143 causa
2927 3090 3055 3142 tum
3103 3085 3357 3156 Tullius,
3387 3090 3520 3142 tum
3580 3086 3743 3143 idem

2088 3175 2518 3243 Quinctilianus
2548 3175 2868 3248 rhythmum
2891 3174 2950 3230 in
2981 3175 3242 3232 oratione
3296 3175 3742 3247 procurandum

2079 3266 2313 3338 jubent,
2334 3283 2448 3322 non
2481 3269 2678 3322 autem
2706 3271 2958 3320 metrum.
2981 3263 3282 3321 Pracessit
3299 3267 3498 3321 autem
3519 3263 3746 3322 Aristo-

2086 3354 2249 3422 teles,
2307 3355 2571 3430 scribens
2629 3353 2923 3410 Rhetoric.
2985 3352 3086 3409 lib.
3134 3370 3216 3422 ιιι,
3251 3369 3379 3426 cap.
3411 3354 3447 3408 8
3480 3369 3494 3407 :
3525 3360 3744 3424 ‘Puopbv

2087 3453 2161 3502 δεῖ
2185 3455 2312 3502 Euam
2339 3452 2424 3501 τὸν
2453 3452 2618 3516 λὸγον,
2654 3453 2830 3516 μέτρον
2859 3450 2910 3500 δέ
2942 3452 3010 3514 μή
3061 3459 3074 3497 ε
3127 3441 3186 3498 id
3253 3445 3360 3513 est,
3407 3440 3737 3515 rhythmum

2087 3539 2293 3607 oportet
2348 3535 2546 3590 habere
2593 3535 2918 3600 orationem,
2941 3549 3052 3589 non
3100 3547 3224 3588 vero
3271 3539 3526 3588 metrum.
3580 3530 3740 3588 Alio-

2007 3662 2054 3726 Β
2089 3623 2252 3723 quin,
2288 3628 2354 3679 ut
2412 3623 2511 3722 ille
2565 3623 2973 3726 additppoema
3031 3621 3271 3726 erit..Ad
3303 3636 3481 3726 quem
3542 3619 3738 3726 locum

2083 3713 2276 3770 Cicero
2306 3713 2644 3784 respiciens,
2678 3711 2778 3766 ubi
2809 3711 2881 3766 de
2912 3710 3041 3782 ipso
3089 3709 3401 3766 Aristotele
3445 3709 3739 3782 loquitur,

2083 3801 2166 3857 ait
2199 3819 2212 3857 :
2245 3804 2295 3858 Is
2324 3803 2496 3872 igitur
2523 3817 2739 3856 versum
2777 3802 2838 3856 in
2893 3801 3140 3859 oratione
3196 3803 3334 3854 vetat
3381 3814 3514 3865 esse,
3547 3815 3743 3854 nume-

2082 3908 2205 3947 rum
2256 3892 2429 3964 jubet.
2475 3889 2662 3946 Vertit
2719 3888 2818 3945 ille
2875 3897 3052 3961 μέτρον
3081 3903 3300 3944 versum
3358 3895 3558 3960 ρύθμὸν
3601 3903 3741 3944 vero

2081 3997 2390 4047 numerum,
2425 3979 2580 4036 unde
2611 3993 2902 4034 numerosa
2930 3977 3106 4034 oratio
3163 3975 3322 4032 dicta
3363 3975 3544 4030 etiam
3601 3973 3736 4031 fuit.

2082 4069 2222 4140 Inde
2253 4085 2391 4142 ergo
2423 4071 2621 4124 exorta
2649 4070 2734 4122 est
2763 4065 2982 4140 poesis,
3011 4063 3098 4121 uti
3127 4063 3526 4136 Philosophus
3573 4066 3736 4120 recte

2083 4157 2330 4226 monuit,
2364 4155 2520 4229 quod
2550 4155 2740 4228 primo
2770 4155 3012 4226 quidam
3041 4151 3242 4227 populi
3283 4151 3428 4224 (sive
3484 4149 3736 4216 Hebrei,

2083 4246 2205 4302 sive
2227 4243 2560 4312 Graci,sive
2589 4244 2862 4316 quisquis
2891 4242 3063 4312 alius,
3096 4241 3206 4298 hoc
3238 4241 3396 4298 enim
3429 4239 3577 4298 nihil
3607 4257 3737 4297 mo-

2083 4339 2198 4404 ror)
2229 4351 2364 4390 cum
2423 4333 2482 4389 in
2540 4333 2867 4399 sacriﬁciis,
2900 4336 3003 4389 aut
3048 4333 3108 4387 in
3146 4329 3390 4404 nuptiis,
3426 4327 3736 4404 conviviis,

2081 4423 2337 4480 victoriis
2366 4421 2566 4479 aliisve
2597 4421 2839 4495 tripudii
2864 4425 2923 4478 et
2951 4420 3166 4476 laetitia
3197 4418 3446 4492 publicae
3477 4416 3568 4474 vel
3609 4417 3736 4490 pri-

2081 4517 2226 4569 vatae
2257 4511 2639 4584 temporibus,
2672 4509 2989 4566 harmoniae
3021 4525 3258 4582 operam
3308 4507 3536 4577 darent,
3569 4503 3740 4563 tibiis

2083 4606 2186 4660 aut
2214 4603 2430 4658 fidibus
2460 4605 2710 4668 utentes,
2757 4598 2980 4655 sensim
3009 4614 3208 4656 vocem
3237 4602 3295 4654 et
3323 4599 3568 4654 cantum
3591 4594 3736 4668 jun-

2083 4708 2216 4766 gere
2254 4708 2396 4748 sono
2447 4689 2602 4746 tibias
2653 4693 2756 4744 aut
2811 4687 3046 4744 citharae
3091 4689 3411 4759 cmperunt.
3445 4685 3638 4750 Quam
3668 4683 3734 4740 in

2084 4795 2204 4838 rem
2235 4779 2720 4852 compositionem
2751 4778 3071 4850 quamdam
3091 4775 3418 4832 dictionum
3440 4777 3499 4830 et
3513 4773 3738 4846 pedum

2083 4871 2460 4938 adhibebant,
2479 4869 2536 4923 in
2559 4884 2808 4940 quorum
2823 4870 3120 4924 structura
3138 4865 3446 4938 rhythmus,
3463 4862 3584 4920 sive
3601 4878 3738 4920 con-

2083 4965 2290 5016 centus
2317 4957 2682 5024 audiebatur,
2707 4973 2842 5012 cum
2873 4955 2933 5012 in
2964 4973 3080 5012 uno
3111 4957 3400 5011 commate
3430 4967 3646 5008 vocum
3667 4967 3738 5008 ac

305 5043 575 5114 reddant,
589 5048 646 5101 et
680 5047 1018 5104 delectabili
1044 5049 1432 5121 jucundaque
1455 5048 1785 5104 sensatione
1815 5050 1974 5106 audi-
2005 5035 2047 5101 C
2089 5049 2304 5121 pedum
2328 5046 2606 5102 connexio
2625 5044 2788 5100 alteri
2811 5039 3740 5118 subsequenticommatirespon-

307 5148 503 5200 torum
536 5151 709 5192 aures
743 5136 980 5193 feriant.
1015 5139 1184 5195 Matri
1213 5141 1408 5194 autem
1463 5137 1699 5193 nomine
1747 5137 1972 5211 signiﬁ-

305 5224 474 5278 catur
499 5223 709 5291 oratio,
731 5225 1121 5296 quarumdam
1151 5225 1349 5298 legum
1377 5225 1713 5280 inventione
1743 5229 1800 5281 et
1829 5242 1968 5282 con-

305 5310 611 5368 stitutione
643 5312 727 5367 ita
777 5309 959 5384 ligata
1016 5319 1074 5370 et
1105 5313 1404 5384 fabricata,
1440 5317 1506 5368 ut
1552 5316 1709 5367 certo
1748 5315 1964 5385 pedum

2085 5139 2264 5192 deret.
2299 5136 2412 5192 Sed
2470 5139 2608 5189 tunc
2654 5132 2835 5203 nulla,
2871 5137 2974 5190 aut
3003 5135 3156 5190 certe
3185 5131 3396 5204 exigua
3425 5145 3570 5186 cura
3623 5127 3738 5185 fuit

2079 5224 2383 5282 brevitatis
2409 5226 2511 5279 aut
2531 5220 2918 5294 longitudinis
2939 5220 3320 5296 syliabarum,
3338 5234 3472 5276 cum
3486 5216 3634 5275 satis
3651 5216 3738 5273 fo-

2080 5318 2167 5370 ret
2193 5313 2274 5368 ita
2301 5313 2639 5367 construere
2667 5310 2900 5367 brevem
2923 5309 3086 5366 illam
3125 5309 3470 5378 orationem,
3507 5309 3568 5362 et
3611 5309 3733 5378 sta-

305 5407 555 5457 mmero
614 5401 862 5466 constet,
897 5403 1038 5458 etin
1080 5402 1230 5476 ipsis
1288 5401 1540 5474 pedibus
1589 5404 1786 5456 exacte
1818 5403 1962 5460 ratio
2075 5396 2568 5470 tucrealiqualem
2591 5399 2805 5470 pedum
2829 5416 3143 5456 numerum
3161 5402 3339 5472 atque
3359 5411 3732 5464 mensuram,

305 5487 596 5543 habeatur
625 5485 985 5558 syllabarum
1017 5491 1328 5565 longarum
1372 5494 1428 5545 et
1475 5488 1759 5544 brevium.
1794 5492 1962 5548 Metra
2073 5496 2138 5546 ut
2154 5490 2224 5546 ad
2249 5487 2792 5558 auriumjudicium
2817 5489 2952 5544 inde
2973 5490 3313 5562 exsurgeret
3343 5484 3574 5559 aliquid
3605 5499 3731 5541 mo-

304 5576 508 5631 autem
536 5589 738 5632 versus
769 5582 1070 5650 poetarum
1131 5580 1259 5636 ideo
1289 5575 1566 5652 appellati
1607 5582 1764 5648 sunt,
1804 5582 1957 5653 quod

2072 5576 2388 5636 dulationis
2421 5579 2598 5648 atque
2629 5581 2968 5636 concentus.
3008 5579 3198 5637 Versus
3226 5573 3512 5650 appellari
3540 5577 3736 5655 coepta
