3896 6216
135 263 261 328 .187

1459 258 1826 326 narraui
1867 258 2248 349 vernans.

3431 265 3551 331 ’758

150 394 541 472 estejusmodi
565 395 760 455 brevis
789 396 1068 456 orationis
1099 400 1415 467 structura,
1450 414 1631 472 quam
1671 407 1788 455 nun
1812 399 1874 466 Α
1902 412 2246 470 quanquam
2287 396 2531 455 metrica
2564 398 2756 471 poesis
2809 397 3031 473 primas
3082 398 3419 475 arripuerit,
3455 417 3553 457 om

153 487 454 559 meditatio,
481 487 582 545 sed
605 491 1050 562 extemporanea
1069 489 1158 545 vis
1184 488 1400 562 ingenii
1423 488 1784 557 effundebat,

154 584 215 637 ut
240 576 444 635 nostris
474 594 706 650 quoque
722 578 1084 651 temporibus
1104 578 1266 635 abiis
1294 578 1531 634 rusticis
1554 584 1796 649 praesta-

152 672 258 735 tur,
288 666 385 739 qui
417 682 485 722 ex
518 669 780 739 tempore
824 684 1031 723 versus
1077 666 1321 723 faciunt.
1371 672 1504 722 Haec
1553 683 1796 739 poeseos

154 757 297 813 fuere
326 755 664 828 primordia.
693 755 837 810 Cum
864 773 998 811 vero
1031 755 1347 812 delectatio
1370 755 1505 811 inde
1534 754 1592 810 in
1627 754 1794 811 audi-

151 851 327 903 torum
358 860 529 900 aures
561 843 946 917 animumque
975 862 1091 901 non
1120 844 1349 901 modica
1393 846 1619 913 flueret,
1671 860 1793 899 rem

153 933 536 1007 imperfectam
566 932 788 989 sensim
840 933 993 990 docti
1052 937 1110 989 et
1138 933 1357 1007 egregii
1389 932 1495 989 viri
1536 932 1793 1006 perfece-

154 1026 295 1089 runt,
334 1022 575 1079 invectis
631 1038 842 1095 nempe
898 1022 1202 1079 nonnullis
1263 1021 1513 1095 legibus,
1576 1022 1794 1094 quibus

155 1112 408 1183 deinceps
430 1126 637 1166 versus
667 1114 1169 1177 construerentur,
1203 1114 1260 1166 et
1291 1110 1559 1166 adhibita
1587 1110 1645 1165 in
1678 1110 1793 1166 illis

151 1199 503 1273 castigatiore
532 1214 812 1255 mensura
869 1201 1107 1273 pedum,
1142 1199 1225 1255 ita
1262 1203 1327 1254 ut
1383 1199 1568 1273 rigide
1616 1200 1793 1255 etiam

154 1288 414 1361 temporis
445 1288 596 1344 ratio
638 1291 695 1344 et
749 1288 1121 1344 uniformitas
1180 1294 1509 1345 servaretur
1564 1288 1623 1344 in
1680 1306 1793 1344 usu

152 1376 495 1450 syllabarum
529 1377 790 1433 brevium
806 1380 981 1449 atque
1001 1377 1331 1455 longarum.
1349 1378 1576 1434 Priores
1589 1395 1717 1434 vers
1727 1394 1793 1435 us

150 1466 434 1538 rhythmici
467 1464 747 1538 appellati
780 1469 939 1534 sunt,
972 1468 1190 1522 metrici
1210 1483 1344 1524 vero
1394 1467 1657 1523 secundi.
1689 1468 1793 1522 At-

150 1572 251 1628 que
278 1555 412 1611 hinc
433 1554 831 1629 intelligimus
860 1571 967 1611 cur
995 1560 1235 1611 sanctus
1264 1556 1654 1629 Augustinus,
1685 1556 1789 1611 lib.

149 1659 225 1713 ιιι,
255 1661 374 1716 cap.
406 1647 468 1712 2,
503 1644 574 1699 de
635 1644 868 1700 musica
925 1643 1263 1717 scripserit:
1324 1647 1589 1713 Quocirca
1636 1661 1794 1702 omne

147 1736 365 1789 metrum
394 1732 721 1804 rhythmus;
752 1748 865 1787 non
894 1734 1071 1787 omnis
1117 1731 1412 1803 rhythmus
1469 1734 1636 1787 etiam
1676 1748 1790 1787 me-

149 1830 284 1877 trum
311 1825 406 1877 est.
431 1819 697 1892 Exempli
728 1820 883 1875 enim
916 1820 1105 1893 gratia
1134 1820 1193 1874 in
1233 1818 1460 1893 Virgilii
1522 1823 1623 1875 aut
1679 1819 1791 1897 Ho-

151 1910 283 1966 meri
310 1909 584 1966 versibus
616 1907 968 1964 hexametris
998 1925 1113 1964 non
1144 1906 1337 1965 solum
1367 1908 1791 1979 rhythmus,seu

150 1997 497 2056 melodieum
529 1997 855 2070 quidquam
886 1996 1146 2063 auditur,
1180 1997 1281 2052 sed
1312 1996 1490 2052 etiam
1540 2002 1797 2076 metrum,

149 2086 248 2144 hoc
268 2090 354 2144 est
368 2090 644 2167 accurata
670 2084 995 2143 observatio
1009 2084 1308 2157 temporis,
1327 2085 1800 2158 deprehenditur,

149 2192 273 2231 cum
323 2176 446 2233 sive
496 2174 794 2241 brevibus,
840 2174 972 2230 sive
1027 2172 1217 2247 longis
1258 2173 1504 2246 pedibus
1566 2189 1802 2230 versum

148 2269 312 2337 poeta
335 2267 626 2332 etformet,
660 2268 837 2336 atque
874 2263 933 2318 in
967 2262 1223 2337 singulis
1266 2262 1621 2318 hexametris
1651 2279 1804 2318 sem-

151 2371 247 2427 per
275 2353 484 2427 viginti
510 2353 628 2409 duo
665 2357 932 2424 tempora
952 2351 1110 2407 vocis
1128 2356 1455 2407 occurrant.
1478 2352 1693 2408 Eadem
1718 2356 1810 2409 est

153 2443 450 2517 proportio
481 2443 541 2497 in
574 2440 838 2513 reliquis
868 2457 1140 2498 versuum
1171 2440 1482 2514 generibus
1500 2442 1655 2513 apud
1689 2457 1808 2497 me-

154 2530 323 2588 liores
348 2533 577 2604 poetas.
612 2534 688 2586 At
716 2529 776 2586 in
807 2530 1075 2586 versibus
1091 2528 1440 2602 rhythmicis
1460 2530 1541 2585 ita
1570 2529 1809 2602 quidem

156 2637 223 2676 ex
251 2620 624 2694 copulatione
652 2619 969 2676 verborum
995 2636 1061 2674 ac
1093 2619 1307 2691 pedum
1341 2617 1517 2674 etiam
1566 2634 1810 2674 numero

156 2709 369 2783 saepius
432 2709 668 2765 obserta
725 2712 1040 2765 concentus
1099 2706 1312 2779 aliquis
1370 2707 1686 2775 enascitur,
1749 2710 1815 2763 ut

153 2798 417 2855 audienti
447 2796 716 2868 voluptas
750 2800 1020 2865 creetur;
1048 2797 1150 2852 sed
1204 2796 1283 2850 ibi
1315 2801 1418 2851 aut
1455 2813 1664 2868 parum
1712 2800 1816 2852 aut

150 2885 298 2941 nihil
332 2884 625 2941 sollicitus
654 2887 743 2939 est
772 2884 978 2939 artifex
1009 2883 1361 2940 brevibusne
1390 2901 1464 2940 an
1495 2885 1685 2958 longis
1716 2902 1813 2958 pe-

147 2974 332 3029 dibus
364 2974 605 3038 utatur;
635 2969 941 3043 legemque
972 2970 1193 3042 respuit
1220 2977 1277 3027 et
1305 2974 1615 3044 compedes
1670 2990 1817 3045 quos

151 3061 265 3119 sibi
299 3061 649 3132 praestantes
705 3061 884 3130 poetae
929 3060 1054 3130 jam
1114 3059 1213 3114 diu
1271 3065 1613 3130 posuerunt.
1658 3061 1813 3117 Dicis

1905 485 2188 559 niumque
2201 483 2509 544 meliorum
2524 487 2801 561 suffragio
2819 491 2875 544 et
2890 506 2997 546 usu
3010 489 3552 561 probata,laudibus

1905 574 2126 647 ubique
2175 581 2498 644 ornaretur,
2557 582 2813 634 attamen
2854 577 3183 651 rhythmica
3222 579 3412 651 poesis
3438 597 3553 636 non

1905 667 2212 736 propterea
2242 665 2451 721 defecit
2480 667 2634 738 apud
2665 670 2894 723 Graecos
2920 671 3093 739 atque
3120 667 3374 723 Latinos.
3409 668 3554 723 Cum

1904 752 2060 808 enim
2091 751 2304 826 vulgus
2334 753 2635 811 indoctum
2680 761 2739 811 et
2764 756 2983 812 rustica
3012 772 3156 829 gens
3204 760 3435 828 poetam
3468 757 3554 811 in-

1904 841 2138 897 terdum
2169 859 2340 916 agere
2369 843 2560 913 vellet,
2595 861 2783 918 neque
2804 845 3033 918 legibus
3060 845 3230 901 metri
3252 843 3555 900 addiscen-

1906 928 2001 984 dis
2032 946 2138 1001 par
2185 936 2359 999 esset,
2420 933 2621 1005 quales
2681 938 2927 1006 poterat,
2988 950 3192 990 versus
3251 934 3557 991 eﬂ‘ormare

1903 1016 2171 1087 perrexit,
2199 1018 2307 1074 hoc
2328 1023 2417 1075 est
2441 1020 2714 1092 rhythmo
2734 1024 2790 1076 et
2820 1024 3109 1087 contenta,
3133 1024 3385 1076 metrum
3419 1037 3557 1076 con-

1901 1106 2162 1177 tempsit.
2194 1108 2443 1175 Metrum,
2463 1109 2731 1181 inquam,
2759 1109 2869 1166 hoc
2899 1113 2989 1165 est
3018 1109 3237 1182 rigidas
3268 1108 3554 1180 prosodiae

1903 1192 2237 1266 leges,quas
2258 1196 2513 1268 perfecta
2555 1198 2750 1269 poesis
2799 1197 3085 1270 sequitur.
3120 1197 3440 1268 Caeteroqui
3470 1197 3553 1253 la-

1904 1282 2047 1338 tiore
2079 1284 2508 1356 signiﬁcatione
2532 1289 2697 1343 metri
2748 1304 2981 1359 quoque
3039 1288 3276 1343 nomine
3306 1287 3554 1342 donatos

1903 1371 2200 1428 interdum
2226 1374 2390 1430 video
2424 1375 2783 1446 rhythmicos
2822 1392 3025 1432 versus
3073 1377 3228 1447 quod
3262 1379 3337 1432 'et
3363 1377 3423 1431 in
3458 1374 3554 1431 iis

1903 1459 2101 1533 aliqua
2139 1478 2401 1519 mensura
2439 1465 2656 1536 pedum
2703 1468 2760 1519 et
2798 1465 3081 1537 temporis
3130 1466 3553 1520 observaretur.

1902 1549 2082 1604 Primi
2116 1555 2311 1608 autem
2344 1552 2706 1625 rhythmicos
2725 1570 2948 1622 versus,
2970 1557 3144 1625 atque
3168 1554 3310 1609 adeo
3334 1553 3557 1624 poesim

1902 1636 2165 1703 invexere
2194 1643 2349 1713 apud
2381 1643 2618 1698 Latinos
2663 1642 2888 1710 rustici,
2924 1642 3140 1714 quibus
3167 1645 3365 1697 tamen
3412 1657 3558 1712 prze-

1908 1725 2136 1782 iverant
2166 1729 2367 1787 Graeci.
2403 1729 2529 1786 Mes
2561 1730 2719 1786 enim
2747 1746 2949 1787 eorum
3007 1729 3116 1785 fuit
3144 1733 3276 1802 post
3306 1743 3560 1785 messem

1909 1829 2038 1869 sese
2068 1816 2410 1888 exhilarare,
2442 1818 2717 1875 conviciis
2746 1818 2984 1875 alternis
3016 1835 3144 1874 sese
3182 1817 3473 1885 ferientes,
3507 1823 3565 1878 et

1905 1903 2171 1960 versibus
2202 1906 2548 1979 rhythmicis
2572 1911 2880 1975 certantes,
2914 1906 3015 1979 qui
3044 1910 3367 1963 Fescennini
3385 1907 3560 1963 etiam

1909 1992 2185 2065 appellati
2211 1999 2369 2051 sunt.
2406 1997 2549 2052 Rem
2579 1996 2860 2052 describit
2886 1996 3163 2053 Horatius
3196 1996 3295 2053 lib.
3348 1996 3559 2069 primo,

1911 2080 2157 2152 epistola
2185 2083 2393 2155 prima,
2426 2090 2482 2140 et
2512 2086 2792 2154 Agricolis
2817 2087 3015 2157 priscis
3044 2102 3246 2142 eorum
3278 2085 3563 2157 originem

1912 2169 2137 2238 tribuit,
2170 2188 2236 2227 ac
2269 2173 2503 2229 tandem
2536 2174 2618 2230 ait
2650 2192 2663 2230 :

1914 2261 2249 2316 Fescennina
2272 2278 2374 2333 per
2420 2262 2566 2318 hunc
2615 2266 2839 2319 inventa
2878 2266 2973 2335 [an
3032 2265 3230 2336 potius
3285 2265 3497 2320 invecta
3515 2263 3562 2332 .9]

2990 2354 3237 2424 [licentia
3264 2368 3490 2421 morem,

1922 2439 2182 2495 Versibus
2210 2440 2442 2496 alternis
2472 2442 2765 2513 approbria
2788 2444 2996 2498 rustica
3022 2443 3189 2514 fudit,

1918 2527 2031 2583 Par
2054 2532 2143 2584 est
2174 2527 2389 2584 Tibulli
2420 2530 2711 2586 sententia
2739 2530 2839 2586 lib.
2872 2547 2934 2600 ιι,
2966 2531 3152 2604 elegia
3181 2531 3459 2588 secunda.

1918 2617 2172 2686 Agricola
2201 2617 2419 2674 assiduo
2443 2621 2695 2690 primum
2725 2619 2959 2675 lassatus
2987 2625 3174 2675 aratro
3356 2622 3360 2627 ’
3503 2619 3513 2629 ’

2032 2704 2284 2761 Cantavit
2305 2710 2448 2762 certo
2471 2709 2678 2763 rustica
2699 2708 2862 2764 verba
2882 2708 3034 2780 pede.

1924 2793 2122 2849 Livius
2154 2810 2386 2866 quoque
2412 2794 2577 2851 initio
2609 2795 2710 2850 lib.
2738 2813 2816 2851 vn
2861 2795 3070 2851 Annal.
3105 2797 3177 2852 de
3232 2796 3573 2853 ludionibus

1924 2883 2186 2939 Etruscis
2215 2882 2484 2955 loquens,
2519 2884 2600 2940 ait
2633 2902 2645 2941 :
2679 2887 2902 2941 Imitari
2948 2885 3140 2942 deinde
3187 2903 3274 2943 eos
3316 2886 3574 2957 juventus

1925 2973 2093 3026 simul
2124 2973 2435 3039 inconditis,
2468 2975 2611 3029 inter
2638 2990 2695 3030 se
2713 2975 2991 3046 jorularia
3046 2977 3355 3046 fundentes,
3404 2976 3573 3031 versi-

1930 3061 2026 3115 bus
2057 3077 2279 3132 carpere.
2302 3066 2521 3118 Versus
2550 3064 2849 3119 inconditos
2870 3064 3066 3119 Livius
3096 3063 3352 3135 appellat
3370 3080 3572 3120 eorum

153 3165 355 3216 causa,
390 3146 757 3220 penultimus
787 3146 1107 3211 hexametri
1139 3163 1240 3218 pes
1288 3147 1582 3219 dactylum
1612 3148 1807 3221 exigit,
1840 3138 1883 3205 C
1920 3164 2143 3217 versus,
2177 3150 2331 3220 quod
2362 3155 2419 3205 et
2449 3151 2588 3206 facit
2628 3151 2908 3223 Virgilius
2938 3151 2998 3206 in
3043 3151 3243 3223 ecloga
3292 3152 3569 3220 secunda,

156 3239 267 3295 hoc
299 3240 393 3294 est
427 3240 545 3292 tres
577 3234 855 3308 syllabas,
876 3251 1128 3307 quarum
1154 3235 1345 3306 prima
1362 3234 1535 3307 longa
1560 3237 1656 3301 sit,
1679 3236 1809 3291 reli-

158 3343 285 3399 qua
347 3325 480 3381 duae
538 3325 766 3389 breves,
822 3324 909 3379 uti
966 3325 1217 3378 carmina
1264 3323 1535 3391 turgidus.
1596 3328 1810 3379 Verum

154 3413 551 3481 Quinctiliano
573 3417 848 3468 monente
869 3411 970 3468 lib.
999 3430 1074 3480 ιχ,
1108 3428 1233 3484 cap.
1268 3418 1319 3466 4.
1350 3412 1604 3484 rhythmo
1638 3412 1812 3483 indif-

154 3506 338 3575 ferens
368 3505 447 3559 est
475 3502 795 3574 dactylusne
843 3503 938 3557 ille
982 3503 1199 3572 priores
1247 3500 1444 3556 habeat
1487 3501 1690 3567 breves,
1742 3519 1817 3558 an

160 3600 480 3666 sequentes;
512 3608 579 3648 ac
610 3596 916 3664 prepterea
946 3589 1100 3645 idem
1133 3594 1224 3645 est
1253 3589 1596 3661 rhythmum
1638 3592 1815 3647 confi-

158 3681 329 3738 cienti
353 3680 634 3737 adhibere
652 3679 1071 3747 tribrachum,e
1093 3678 1282 3734 tribus
1305 3678 1576 3735 brevibus
1589 3695 1819 3752 compo-

158 3770 360 3838 situm,
388 3774 456 3826 ut
474 3770 712 3836 macula,
732 3771 1014 3831 canimus;
1028 3785 1102 3822 an
1116 3772 1477 3840 anapaestum
1500 3783 1569 3823 ex
1588 3769 1819 3826 duabus

158 3860 435 3919 brevibus
464 3861 523 3914 et
572 3857 748 3931 longa
807 3857 1150 3925 conﬂatum,
1182 3860 1247 3912 ut
1296 3857 1554 3925 rutilans,
1614 3858 1818 3921 Erato;

162 3952 262 4004 aut
291 3946 577 4005 creticum
609 3963 677 4002 ex
705 3945 899 4019 longa,
942 3946 1102 4001 brevi
1133 3949 1191 4001 et
1242 3945 1417 4019 longa
1462 3949 1818 4014 contextum,

161 4041 223 4092 ut
251 4037 485 4094 Achates
513 4035 768 4107 fulgidis.
801 4038 1018 4090 Sonum
1049 4034 1173 4090 istae
1213 4050 1447 4106 quoque
1493 4051 1660 4091 voces
1691 4036 1819 4091 red-

1923 3240 2097 3308 atque
2128 3236 2187 3291 in
2220 3237 2321 3293 lib.
2357 3257 2395 3293 ιι
2425 3238 2779 3310 Georgicor.,
2814 3239 2913 3294 ubi
2962 3241 3257 3311 incomptos
3303 3239 3446 3313 dicit
3474 3257 3573 3295 ru-

1919 3327 2179 3382 sticorum
2208 3342 2413 3393 versus,
2453 3327 2607 3398 quod
2639 3343 2849 3398 nempe
2921 3329 3097 3383 rudes
3144 3327 3353 3399 forent,
3386 3334 3575 3400 neque

1924 3417 2082 3469 certa
2110 3415 2393 3486 prosodiaa
2424 3415 3014 3471 rationeincederent.
3048 3416 3350 3487 Ejusmodi
3370 3422 3574 3473 Versus

1925 3502 2079 3558 infra
2108 3503 2180 3558 ab
2212 3504 2413 3559 eodem
2444 3505 2679 3560 Horatio
2728 3503 3056 3577 appellatur
3084 3504 3360 3574 horridus,
3392 3505 3453 3559 id
3482 3509 3573 3561 est

1925 3591 2080 3647 rudis
2109 3596 2166 3648 et
2190 3594 2512 3665 incomptus.
2546 3594 2747 3666 Neque
2770 3594 2973 3666 dispar
3023 3595 3269 3651 fortasse
3308 3594 3418 3650 fuit
3474 3596 3573 3650 Sa-

1927 3688 2140 3745 turnus,
2175 3699 2311 3737 nam
2340 3682 2579 3738 Saturni
2611 3687 2870 3756 tempore
2899 3683 3043 3739 illud
3073 3699 3350 3743 versuum
3388 3700 3575 3757 genus

1928 3770 1988 3824 in
2021 3787 2132 3826 usu
2163 3770 2346 3827 fuisse
2376 3772 2738 3828 credebatur.
2849 3782 2853 3786 ‘
3142 3783 3147 3789 ‘
3278 3779 3290 3789 °
3430 3783 3436 3789 ‘

2076 3871 3233 3927 ...........Sichorridusille

2072 3959 2314 4028 [Ie/luxit
2340 3975 2599 4014 numerus
2626 3960 2920 4016 Saturnius
2962 4004 2975 4017 .
3021 4001 3036 4016 .
3084 4001 3096 4015 .
3141 4002 3154 4015 .
3211 4001 3224 4014 .
3279 4002 3294 4015 .

1931 4048 2199 4103 Numerus
2222 4047 2425 4103 Latina
2452 4064 2562 4104 vox
2601 4049 2922 4120 rhythmum
2963 4050 3228 4105 Graecum
3286 4048 3578 4122 exprimit.

163 4125 310 4181 dunt
338 4124 600 4182 similem
631 4128 734 4181 aut
764 4122 1099 4196 proximum
1131 4122 1359 4195 dactylo
1387 4140 1400 4189 ;
1434 4127 1490 4178 et
1520 4124 1619 4196 qui
1652 4142 1822 4182 aures
1934 4134 2128 4208 Pergit
2158 4135 2413 4192 scribere
2439 4137 2716 4192 Horatius
2746 4155 2758 4192 ε

162 4219 395 4271 tantum
419 4214 657 4285 judices
688 4214 884 4278 habet,
918 4210 1063 4266 nihil
1095 4215 1197 4267 aut
1226 4228 1434 4283 parum
1466 4212 1825 4270 discriminis
2011 4265 2022 4278 ,
2103 4266 2116 4279 ,
2197 4267 2210 4280 ,
2293 4266 2305 4279 ,
2388 4266 2400 4279 ,
2482 4266 2494 4279 ,
2579 4269 2591 4281 ,
2673 4269 2684 4281 ,
2768 4268 2781 4280 ,
2858 4264 2874 4280 ,
2909 4228 2976 4282 Et
3000 4243 3163 4297 grave
3189 4228 3342 4281 υίναε

166 4302 561 4376 deprehendit
583 4303 735 4358 inter
760 4318 971 4357 sonum
989 4299 1239 4355 istorum
1261 4298 1605 4372 pedum,qui
1629 4306 1704 4357 ta:

2007 4313 2291 4370 Munditias
2316 4316 2591 4385 pepulere.
2627 4314 2728 4368 Sed
2759 4318 2820 4368 in
2859 4316 3085 4383 longum
3120 4319 3305 4369 tamen
3333 4329 3528 4370 aevum.

170 4392 324 4465 apud
349 4391 632 4448 metricos
665 4394 866 4464 poetas
896 4390 1163 4446 diversus
1184 4388 1358 4461 plane
1388 4394 1679 4446 censetur.
1704 4392 1829 4455 Qua
2009 4402 2340 4470 Mamertml,
2374 4401 2635 4473 hodieque
2682 4406 2866 4458 manet
2912 4405 3141 4473 vestigia
3194 4404 3367 4457 ruris.

159 4481 302 4537 olim
338 4485 491 4546 arte,
521 4497 705 4553 quave
737 4478 1066 4553 pulsatione
1084 4478 1240 4533 vocis
1289 4477 1514 4549 antiqui
1565 4478 1697 4533 Graei

2049 4509 2053 4540 ι
2084 4493 2193 4555 est,
2225 4490 2492 4562 quamvis
2523 4507 2557 4545 a
2587 4491 2801 4547 Griecis
2832 4491 3211 4548 didicerimus
3231 4493 3394 4547 metri
3423 4508 3587 4565 regu-

162 4569 351 4626 Latini
380 4568 826 4642 distinguerent
849 4566 1159 4623 verborum
1182 4564 1469 4638 praecipue
1490 4566 1829 4639 dissyllabo-
1859 4564 1899 4571 ⁷
1939 4579 2046 4644 las,
2078 4582 2136 4634 et
2166 4595 2269 4650 pro
2300 4579 2547 4635 rudibus
2576 4580 2930 4636 rusticorum
2962 4582 3231 4653 rhythmis
3270 4564 3586 4653 castigaios

168 4676 299 4715 Tum
359 4657 708 4715 bI‘BVitatem
763 4674 828 4713 ³ο
895 4654 1346 4729 Ῑουϐίῖυάίηθω›
1396 4655 1828 4728 incompertum
1940 4684 2096 4722 nunc
2118 4667 2445 4740 politosque
2470 4684 2672 4723 versus
2690 4668 3089 4735 conﬁciemus,
3113 4672 3369 4724 attamen
3390 4668 3588 4742 rhyth-

164 4748 308 4804 mihi
332 4749 540 4805 fateor.
564 4748 805 4804 Frustra
832 4746 989 4803 enim
1018 4746 1242 4801 intenta
1262 4761 1403 4800 aure
1425 4761 1581 4800 nunc
1604 4762 1819 4817 quaero,
1937 4755 2091 4811 mica
2114 4756 2308 4829 poesis
2331 4755 2666 4827 perduravit
2695 4772 2945 4829 semper,
2977 4761 3033 4812 et
3063 4757 3254 4813 adhuc
3277 4759 3431 4830 apud
3461 4758 3587 4813 νυι-

163 4851 266 4892 cur
291 4853 404 4893 vox
431 4837 606 4904 mala,
658 4835 779 4891 sive
820 4852 913 4891 res
970 4832 1138 4889 male
1196 4833 1487 4888 diversam
1540 4835 1824 4906 temporis
1930 4861 2041 4918 gus
2071 4844 2247 4915 viget.
2275 4843 2495 4899 Horatii
2526 4842 2873 4916 interpretes
2904 4845 2965 4900 in
2995 4845 3151 4902 hunc
3191 4846 3384 4902 locum
3414 4849 3592 4904 verba

162 4925 454 4981 rationem
484 4923 700 4980 habeat
737 4942 772 4979 ἃ
819 4924 991 4992 mala,
1022 4923 1075 4978 id
1129 4925 1217 4978 est
1259 4938 1456 5010 Ροῖηατ
1508 4926 1607 4977 ξιοί
1661 4938 1820 4993 geno.
1931 4933 2114 4989 Servii
2150 4932 2479 5005 proferunt,
2506 4932 2607 5005 qui
2632 4934 2703 4990 ad
2727 4933 2828 4990 lib.
2861 4952 2902 4990 ιι
2932 4935 3263 5010 Georgicor.
3290 4953 3476 4994 versus
3504 4941 3592 4993 in-

163 5028 299 5070 cum
333 5012 648 5085 utriusque
676 5012 832 5068 vocis
857 5028 1038 5068 sonus
1068 5010 1224 5067 idem
1247 5009 1390 5066 mihi
1414 5009 1511 5077 sit.
1544 5009 1697 5067 alius
1717 5029 1819 5067 αυ-
1927 5026 2170 5095 comptas
2193 5039 2226 5076 a
2250 5020 2494 5094 Virgilio
2516 5026 2872 5080 memoratos
2893 5009 3210 5098 explicans,
3232 5029 3591 5090 caminibus,

166 5105 282 5158 tem
315 5102 649 5159 secundum
680 5101 965 5175 prosodiae
995 5100 1153 5173 leges
1184 5100 1484 5189 habeatur-
1931 5112 2039 5179 ait,
2076 5112 2347 5167 Saturnio
2396 5119 2568 5168 metro
2619 5114 2945 5185 compositis,
2980 5133 3097 5187 quae
3155 5116 3225 5171 ad
3281 5116 3601 5189 rhythmum

232 5191 441 5264 Itaque
472 5190 687 5264 duplex
716 5206 958 5263 poeseos
1013 5205 1201 5262 genus
1260 5188 1403 5244 olim
1460 5191 1770 5246 exsurrexi1

2056 5218 2107 5256 νη
2125 5202 2376 5273 vulgares
2405 5217 2726 5274 componere
2752 5210 3172 5261 cansueverunt.
3218 5188 3407 5271 Quare
3453 5219 3594 5258 con-

165 5278 418 5337 alterum
444 5278 767 5353 antiquius,
803 5280 904 5337 88d
936 5278 1190 5351 ignobile
1218 5295 1286 5334 80
1316 5277 1607 5350 Plebeium
1634 5297 1647 5347 ;
1683 5279 1820 5337 δοῙῒθ-
1916 5289 2098 5363 jicere
2128 5291 2268 5347 hinc
2298 5306 2619 5364 possumus
2655 5293 2891 5349 eosdem
2922 5293 3279 5365 fuissefolim
3303 5292 3595 5346 Saturnios

165 5384 300 5425 rum
328 5369 548 5438 nobile,
581 5373 638 5425 et
666 5387 700 5426 a
729 5369 916 5425 doctis
952 5367 1360 5424 tantummodo
1408 5367 1548 5424 viris
1587 5384 1703 5425 exs<

2058 5382 2369 5437 esecmzinos
2397 5396 2623 5436 versus.
2663 5381 2869 5438 Obstat
2900 5385 3097 5438 tamen
3141 5378 3448 5447 Asconius,
3493 5374 3596 5449 qui

164 5461 317 5514 tum.
350 5456 499 5516 Illud
531 5458 922 5532 rhythmicum,
956 5455 1102 5512 illud
1131 5458 1422 5512 metricum
1463 5456 1819 5530 appellatum
1927 5472 2422 5525 commemoratur
2488 5471 2753 5525 δεκανίαε
2824 5470 3307 5542 hypercatalectus,
3379 5469 3476 5540 qui
3544 5473 3599 5521 σι

166 5551 276 5607 est.
309 5548 426 5606 Sed
456 5549 614 5622 quod
653 5547 1027 5622 potissimum
1079 5549 1170 5603 est
1215 5544 1818 5621 animadvertendum,
1929 5555 2212 5616 Sazemius
2240 5558 2445 5616 dicitur
2475 5576 2488 5614 ε
2522 5558 2645 5613 haec
2701 5558 2859 5615 enim
2916 5559 3175 5614 indicare
3198 5560 3449 5629 possunt
3467 5570 3600 5611 ver-
