3896 6216
343 319 465 384 739

1098 322 1290 383 SEC.
1333 320 1412 381 ΧῙ
1456 321 1685 384 AUCT.
1732 319 2047 383 INCERTI
2088 321 2280 384 ANNI
2321 323 2423 386 ET
2466 325 2636 388 SCRI

1492 321 1685 384 LUCT.
1732 319 2047 383 INCERTI
2088 321 2280 384 ANNI
2321 323 2423 386 ET
2466 325 2762 388 SCRIPT.
2803 335 3030 385 ’AAEEII.

3639 327 3764 394 780

344 469 478 513 sum
509 451 682 510 illum
713 469 828 511 non
861 453 1280 528 rhythmicum,
1315 456 1413 512 sed
1448 456 1754 512 metricum
1787 455 1986 512 fuisse.
2018 455 2074 524 Α
2101 456 2324 514 Scholas
2353 460 2649 530 prseteriit,
2697 461 2898 518 ostium
2945 461 3178 534 aperuit,
3239 463 3292 518 et
3317 461 3568 520 intravit.
3623 467 3763 524 Erat

341 547 612 603 Attamen
635 544 832 601 Livius
852 545 1063 601 iterum
1088 546 1378 610 audiatur,
1401 547 1496 617 qui
1522 547 1680 618 poesi
1709 547 1991 618 paulatim

339 635 592 692 nitorem
633 635 922 690 accessise
961 634 1223 690 scribens
1284 635 1431 688 libro
1491 637 1690 689 eodem
1745 635 1992 706 septimo

341 723 470 782 ait:
503 725 620 780 Non
651 725 793 780 sicut
831 729 958 779 ante
998 726 1329 779 Fescennina
1377 742 1531 780 uersu.
1586 727 1850 792 similem,
1904 727 1991 780 in-

339 815 694 886 compositum
723 821 937 880 temere,
973 831 1036 868 ac
1055 813 1267 881 rudem,
1291 815 1520 868 alternis
1534 816 1829 884 jacicbant.
1857 814 1990 877 Qui-

343 902 456 958 bus
484 901 582 958 ille
612 902 802 958 verbis
833 902 1112 957 describit
1140 903 1361 973 primos
1390 902 1726 958 Latinorum
1748 920 1950 959 versus
1976 922 1989 971 ;

343 991 746 1064 incompositos,
778 991 1042 1046 videlicet
1071 1008 1138 1046 ex
1169 995 1428 1062 tempore
1461 997 1516 1046 et
1560 992 1877 1064 improviso
1911 992 1990 1048 ef-

342 1080 528 1148 fusos,
560 1085 732 1151 atque
763 1096 1041 1151 procusos
1073 1079 1196 1134 sine
1248 1086 1447 1135 exacta
1484 1080 1706 1135 ordinis
1753 1097 1816 1135 ac
1845 1085 1994 1135 tem-

344 1169 504 1242 poris
533 1169 953 1236 observatione,
987 1185 1164 1240 quam
1205 1169 1264 1223 in
1324 1171 1525 1224 metris
1585 1171 1656 1224 ad
1708 1171 1992 1240 prosodiae

341 1257 500 1330 leges
539 1259 876 1330 compositis
934 1259 1244 1325 sentimus,
1298 1259 1542 1330 ideoque
1599 1259 1896 1330 impolitos
1926 1275 1991 1314 ac

339 1347 537 1402 rudes.
569 1346 716 1402 Cum
743 1363 880 1402 vero
905 1348 961 1401 in
985 1349 1229 1404 nimiam
1259 1347 1624 1403 dicacitatem
1649 1365 1714 1402 ac
1736 1354 1989 1419 satyram

340 1432 632 1506 ejusmodi
661 1435 1004 1492 Fescennini
1041 1452 1143 1492 seu
1169 1437 1464 1507 joculares
1492 1452 1696 1491 versus
1736 1441 1990 1505 ruerent,

338 1523 568 1595 legibus
598 1523 876 1580 Romanis
907 1541 1109 1580 eorum
1136 1524 1371 1580 licentia
1399 1541 1736 1596 compressa
1767 1531 1874 1592 est,
1912 1525 1991 1580 ita

339 1616 406 1667 ut
435 1611 523 1667 fas
551 1615 962 1670 tantummodo
989 1614 1162 1670 fuerit
1192 1631 1294 1685 per
1321 1631 1418 1669 eos
1469 1616 1734 1670 mordere
1784 1615 1842 1668 in
1876 1631 1989 1668 nu-

340 1699 478 1773 ptiis
510 1705 688 1773 atque
737 1702 1078 1775 triumphis.
1128 1703 1276 1758 Vide
1306 1703 1633 1758 Fcrrarium
1687 1704 1786 1758 lib.
1821 1721 1876 1757 v1
1909 1707 1986 1757 De

338 1793 515 1845 vetor.
544 1790 1033 1859 acclamationib.,
1065 1792 1254 1864 capite
1283 1792 1527 1860 decimo,
1563 1792 1662 1864 qui
1694 1809 1815 1847 rem
1854 1791 1986 1846 illu-

341 1881 490 1935 strat
519 1885 694 1952 atque
722 1881 987 1952 exempla
1017 1881 1254 1952 profert.
1291 1882 1614 1937 Inclinante
1648 1885 1842 1936 autem
1875 1883 1987 1937 Ro-

341 1983 653 2024 manorum
684 1968 948 2042 imperio,
983 1970 1335 2027 oblectatum
1369 1971 1549 2026 fuisse
1580 1970 1860 2042 populum
1879 1971 1986 2026 hu-

332 2057 597 2128 jusmodi
621 2074 852 2130 quoque
881 2059 1196 2131 rhythmis,
1228 2059 1370 2116 satis
1398 2061 1590 2131 prodit
1615 2061 1898 2132 Vopiscus
1930 2061 1987 2114 in

336 2145 666 2213 Aureliano,
701 2148 870 2218 cujus
886 2146 1060 2204 verba
1080 2149 1283 2204 multis
1310 2149 1622 2204 illustravit
1644 2149 1986 2205 Salmasius.

338 2235 490 2290 Tum
510 2251 644 2290 vero
664 2237 775 2290 sub
795 2237 1076 2307 Augustis
1098 2236 1464 2306 Christianis,
1491 2239 1589 2292 sed
1613 2237 1988 2309 potissimum

337 2323 448 2379 sub
474 2323 712 2396 regibus
735 2325 1018 2393 barbaris,
1034 2325 1235 2382 multis
1258 2326 1668 2396 rhythmorum
1693 2345 1836 2382 usus
1855 2327 1984 2395 fuit,

336 2428 454 2468 non
487 2414 558 2468 ad
591 2412 1063 2469 maledicentiam
1097 2417 1198 2470 aut
1226 2414 1734 2486 vituperationem,
1772 2417 1872 2469 sed
1914 2417 1985 2471 ad

337 2499 583 2557 honesta
611 2502 831 2573 quaevis
862 2501 1226 2576 argumenta,
1264 2521 1328 2558 ac
1361 2505 1651 2576 prmcipue
1683 2505 1752 2559 ad
1786 2503 1987 2560 laudes

335 2589 440 2645 Dei
459 2593 636 2662 atque
655 2596 1014 2660 sanctorum,
1052 2592 1170 2648 sive
1196 2594 1370 2648 etiam
1400 2594 1735 2649 viventium.
1771 2596 1984 2658 Quam-

334 2677 422 2734 vis
448 2679 605 2734 enim
627 2679 789 2735 nullo
810 2697 1071 2752 unquam
1094 2686 1355 2751 tempore
1377 2682 1592 2736 Metrica
1622 2682 1813 2753 poesis
1831 2683 1984 2738 defe-

339 2766 502 2832 cerit,
564 2783 819 2838 suosque
872 2773 1090 2840 poetas,
1164 2770 1354 2824 vincta
1418 2771 1677 2825 oratione
1735 2776 1982 2841 utentes,

336 2871 529 2927 neque
553 2871 757 2912 omnes
780 2859 1256 2924 contemnendos,
1293 2858 1524 2929 singula
1547 2859 1758 2915 saecula
1786 2865 1984 2916 osten-

338 2945 496 3011 dere,
519 2945 840 3016 potuerint,
859 2951 1115 3002 attamen
1129 2964 1264 3002 cum
1278 2947 1445 3002 bonis
1469 2947 1679 3004 litteris
1703 2967 1982 3021 magnum

340 3033 558 3090 vulnus
587 3033 873 3091 inﬂictum
921 3036 1146 3102 fuisset,
1197 3043 1251 3090 ct
1299 3038 1626 3108 ignorantia
1677 3037 1986 3110 plerosque

339 3128 482 3181 tunc
512 3124 818 3180 hominum
848 3129 1088 3194 teneret,
1112 3127 1392 3198 prosodize
1424 3127 1650 3198 legibus
1673 3129 1836 3199 pauci
1862 3133 1984 3184 slu-

2102 549 2290 619 utique
2309 549 2404 620 jus
2435 551 2678 618 illorum,
2711 553 2851 606 sicut
2884 551 3042 608 hodie
3079 549 3296 624 quidem
3351 561 3446 622 est,
3495 557 3760 626 quoniam

2101 638 2311 707 e.rlegos
2345 640 2561 708 quidem
2591 649 2738 708 sunt,
2772 649 2832 696 ut
2883 641 3111 713 hospites
3163 644 3438 699 intrantes
3493 645 3757 716 capiunt:

2102 731 2304 797 captos,
2335 729 2630 798 usquedum
2659 746 2715 784 se
2751 731 3040 798 redimunt,
3092 735 3328 788 teneant.
3376 733 3519 788 Vide
3579 751 3758 806 quam

2101 819 2365 872 vetustus
2397 817 2473 872 sit
2503 819 2723 873 abusus
2751 819 2850 890 qui
2882 819 2940 874 in
2970 820 3262 877 Ticinensi
3286 823 3594 894 gymnasio
3627 841 3760 896 per-

2103 905 2314 960 durare
2362 905 2554 962 adhuc
2611 907 2843 962 dicitur.
2899 909 3212 981 Spupillare
3264 910 3585 983 appellant.
3622 913 3761 970 Post

2104 993 2288 1050 multa
2317 994 2590 1068 discipuli
2620 996 2726 1068 illi,
2748 997 2916 1053 medii
2941 999 3264 1070 rhythmice,
3296 1003 3480 1056 centeri
3492 1017 3625 1058 vero
3642 1020 3759 1060 me-

2103 1085 2236 1139 trica
2265 1085 2508 1156 eﬂ‘untur
2534 1103 2554 1142 ,ο

2173 1189 2313 1258 Quid
2341 1193 2446 1246 tibi
2471 1193 2700 1262 fecimus
2731 1195 2858 1260 tale,
2891 1202 2951 1250 ut
2999 1195 3154 1250 nobis
3201 1197 3377 1267 facias
3420 1197 3566 1254 male
3586 1202 3613 1251 .9

2169 1279 2515 1350 Appellamus
2545 1297 2746 1350 regem,
2780 1284 2877 1352 qui
2907 1287 3159 1339 nostram
3185 1286 3414 1356 fecimus
3447 1285 3643 1357 legem.

2100 1368 2172 1422 At
2201 1367 2344 1423 alter
2367 1370 2722 1425 versiﬁcator
2751 1371 2946 1442 inquit
2975 1389 2988 1426 :

2171 1475 2285 1529 Non
2315 1475 2473 1531 nobis
2496 1479 2594 1548 pia
2623 1493 2740 1548 spes
2789 1481 2991 1549 fuerat,
3040 1495 3163 1534 cum
3208 1482 3284 1536 sis
3319 1496 3490 1538 novus
3538 1484 3759 1556 hospes,

2175 1565 2236 1620 Ut
2260 1573 2402 1618 retas
2436 1567 2489 1618 in
2513 1567 2670 1637 pejus
2699 1571 3192 1624 transrerterctute
3232 1571 3367 1626 velis
3407 1572 3530 1642 jus.

2097 1651 2188 1706 Sic
2221 1657 2591 1710 Hcrmannus
2620 1657 2966 1712 Contractus
2999 1658 3153 1730 apud
3187 1657 3420 1716 Pezium
3451 1660 3508 1716 in
3541 1663 3757 1734 praefa-

2099 1740 2254 1796 tione
2285 1744 2355 1797 ad
2390 1743 2673 1800 Thesaur.
2714 1746 3056 1802 Anecdotor.
3118 1747 3531 1820 Rhythmicum
3587 1751 3759 1808 hunc

2017 1831 2064 1897 B
2093 1847 2324 1886 versum
2352 1832 2527 1888 habet
2560 1850 2572 1888 :

2171 1939 2365 1994 Canlen
2398 1956 2496 1995 ora
2521 1957 2697 2013 pange
2725 1946 2913 2008 metro,
2944 1959 3040 1998 seu
3067 1959 3266 2000 canore
3305 1945 3641 2018 rhythmico.

2099 2047 2407 2103 Ordericus
2430 2065 2662 2120 quoque
2687 2048 2894 2105 Vitalis
2924 2049 3134 2106 saeculo
3154 2067 3236 2108 xu
3265 2051 3604 2125 rhythmicos
3629 2071 3757 2111 ver-

2097 2153 2188 2192 sus
2216 2135 2451 2204 laudat;
2477 2142 2534 2192 et
2563 2137 2792 2194 circiter
2817 2155 3038 2194 annum
3071 2141 3232 2206 1145,
3255 2141 3534 2198 Silvester
3562 2143 3756 2200 Giral-

2098 2227 2210 2281 dus
2241 2227 2556 2283 Britannus
2585 2226 2645 2282 in
2678 2227 2924 2299 Speculo
2949 2229 3216 2286 Ecclesiae
3248 2230 3351 2286 lib.
3383 2248 3462 2300 xv,
3491 2249 3626 2305 cap.
3659 2235 3752 2301 16,

2098 2315 2168 2368 do
2201 2317 2455 2386 quodam
2488 2316 2651 2372 Golia
2681 2316 2799 2372 haec
2829 2317 3007 2372 tradit
3031 2333 3044 2373 :
3071 2321 3369 2377 Litteratus
3395 2323 3636 2393 affatim,
3659 2323 3758 2380 sed

2097 2421 2194 2459 nec
2225 2406 2354 2459 bene
2383 2407 2767 2474 morigeratus,
2800 2423 2898 2463 nec
2926 2407 3236 2480 disciplinis
3289 2411 3647 2482 informatus,
3689 2416 3756 2470 in

2092 2512 2296 2566 papam
2325 2499 2376 2550 et
2403 2497 2618 2550 curiam
2652 2497 2950 2551 Romanam
2991 2499 3244 2552 carmina
3284 2501 3497 2570 famosa
3535 2502 3754 2573 pluries

2097 2589 2146 2638 et
2172 2585 2440 2654 plurima,
2473 2589 2587 2638 tam
2615 2587 2844 2640 metrica
2865 2602 3031 2657 quam
3052 2587 3386 2659 rhythmica,
3419 2605 3534 2646 non
3562 2593 3754 2648 minus

2097 2673 2438 2744 impudenter
2466 2690 2631 2744 quam
2660 2675 3034 2746 imprudenter
3071 2679 3327 2733 evomuit.
3358 2680 3492 2744 Qua:
3553 2681 3756 2737 omnia

2096 2761 2238 2816 satis
2268 2761 2526 2818 indicant
2556 2764 2774 2834 quanto
2806 2763 2944 2820 olim
2975 2765 3033 2819 in
3065 2781 3179 2821 usu
3211 2766 3388 2822 fuerit
3419 2767 3752 2841 rhythmica

2093 2851 2308 2923 poesis,
2343 2867 2531 2922 neque
2561 2853 2633 2908 ab
2665 2869 2732 2908 ea
2778 2853 3072 2910 interdum
3122 2854 3502 2912 abhorruisse
3549 2859 3752 2915 doctos

2095 2939 2269 2995 etiam
2301 2939 2476 2996 viros.
2520 2942 2644 3004 Qua
2701 2942 2923 2998 ratione
2977 2959 3173 2999 veroa
3226 2945 3430 3001 metris
3489 2946 3752 3020 rhythmi

2095 3028 2412 3097 differrent,
2445 3030 2600 3086 Beda
2625 3031 2834 3087 saeculo
2865 3049 2984 3098 vm,
3012 3032 3071 3088 in
3129 3032 3232 3089 lib.
3267 3033 3347 3089 De
3406 3035 3614 3092 metris
3671 3036 3752 3094 ita

2095 3117 2370 3190 explicuit
2402 3135 2413 3174 :
2453 3119 2671 3175 Videtur
2699 3124 2880 3176 autem
2908 3122 3198 3193 rhythmus
3245 3126 3434 3180 metris
3480 3139 3596 3180 esse
3623 3143 3750 3182 eou-

337 3215 572 3283 debant,
603 3217 841 3286 eratque
871 3211 1145 3270 iislevius
1206 3215 1501 3285 negotium
1558 3233 1684 3270 sese
1729 3233 1990 3272 exercere
2021 3199 2063 3267 C
2101 3209 2322 3264 similis.
2351 3211 2439 3264 Est
2461 3217 2637 3264 autem
2667 3211 2951 3266 verborum
2980 3211 3258 3266 modulata
3295 3216 3752 3285 compositio,non

333 3303 395 3360 in
415 3301 729 3376 rhythmis,
753 3305 906 3376 quod
931 3319 1137 3376 nempe
1169 3305 1226 3358 in
1257 3321 1440 3376 genus
1465 3305 1983 3360 lucubratiunculaz

332 3393 534 3449 minus
565 3409 716 3448 curae
748 3396 920 3465 atque
950 3393 1168 3449 laboris
1201 3394 1474 3465 exigeret.
1511 3395 1755 3450 Proinde
1788 3395 1984 3452 videas

333 3481 511 3538 medii
541 3481 642 3537 aevi
674 3481 984 3554 scriptores
1015 3489 1141 3536 tum
1196 3483 1524 3553 rhytlnnica,
1581 3499 1713 3536 cum
1759 3486 1985 3538 metrica

332 3571 618 3644 opuscula
646 3587 1104 3628 commemorare
1126 3576 1299 3642 atque
1322 3571 1700 3642 distinguere.
1735 3573 1983 3628 Sanctus

331 3659 666 3716 Bonifacius
701 3659 1082 3732 Moguntinus
1121 3659 1430 3730 episcopus
1488 3659 1716 3715 circiter
1762 3679 1982 3716 annum

331 3749 547 3807 Christi
583 3751 711 3816 740,
775 3747 1006 3818 epistol.
1049 3749 1082 3801 4
1140 3747 1387 3803 scribit:
1449 3749 1675 3805 Obsecro
1734 3759 1789 3805 ut
1847 3751 1986 3805 mihi

331 3838 616 3894 Aldhelmi
665 3838 903 3908 episcopi
968 3837 1157 3906 aliqua
1201 3839 1486 3907 opuscula,
1544 3855 1640 3892 seu
1691 3857 1982 3910 prosarum

331 3943 429 3984 seu
454 3933 781 3992 metrorum,
813 3928 908 3982 aut
946 3925 1378 3998 rhythmicorum
1433 3928 1670 3996 dirigere
1719 3930 1979 3997 digneris.

335 4014 656 4072 Litteraria:
715 4014 977 4070 Historiae
1011 4017 1324 4088 scriptores
1379 4023 1842 4073 commemorant
1886 4019 1980 4073 Al-

335 4103 556 4160 dhelmi
622 4102 794 4160 istius
863 4103 1082 4162 librum
1142 4109 1212 4162 De
1291 4109 1585 4162 Metrorum
1672 4109 1980 4176 generibus,

333 4193 454 4250 sive
485 4198 563 4250 De
590 4201 708 4249 arte
735 4197 983 4250 metrica.
1018 4196 1102 4251 Ita
1131 4195 1375 4251 Alvarus
1409 4196 1702 4267 Hispanus
1734 4197 1982 4268 scriptor

333 4282 560 4340 circiter
615 4300 834 4339 annum
893 4286 1018 4352 847,
1052 4285 1112 4339 in
1169 4285 1302 4340 Vita
1333 4285 1519 4341 sancti
1579 4285 1824 4357 Eulogii,
1857 4287 1979 4342 hmo

329 4372 506 4430 habet
533 4373 748 4430 verba:
791 4375 1136 4447 Epz’stolatim
1165 4377 1399 4429 invicem.
1431 4377 1659 4444 egimus,
1703 4379 1751 4429 et
1784 4376 1976 4445 rhyth-

327 4465 486 4520 micis
511 4465 756 4520 versibus
785 4481 896 4520 non
926 4464 1182 4519 laudibus
1240 4465 1630 4519 mulcebamus.
1679 4464 1975 4520 Ekkchar-

329 4554 438 4610 dus
470 4554 531 4609 in
552 4553 687 4608 Vita
707 4552 864 4609 beati
883 4552 1116 4608 Notkeri
1144 4550 1393 4619 Balbuli,
1419 4553 1572 4624 apud
1607 4552 1973 4622 Goldastum,
2005 4573 2052 4638 D

324 4647 482 4700 tomo
512 4641 723 4715 primo,
773 4657 906 4714 pag.
939 4642 1065 4707 237,
1117 4641 1248 4696 Rer.
1309 4641 1642 4706 Alamann.,
1703 4658 1828 4712 cap,
1882 4644 1968 4710 46,

325 4733 446 4788 haec
489 4731 730 4788 scribit:
782 4732 1122 4802 Sequentias,
1171 4747 1302 4802 quas
1349 4729 1492 4784 idem
1546 4733 1711 4785 Pater
1755 4735 1972 4786 sanctus

320 4823 544 4893 fecerat,
575 4821 865 4877 destinavit
892 4836 990 4891 per
1020 4820 1266 4891 bajulu-m
1297 4819 1447 4873 urbis
1475 4824 1660 4875 Ronan
1689 4837 1844 4891 papae
1874 4823 1968 4876 Ni-

324 4911 475 4965 colao
512 4914 562 4964 et
602 4911 920 4966 Liutwardo
977 4910 1297 4965 l’ercellensi
1345 4911 1607 4980 episcopo,
1659 4913 1790 4964 tunc
1835 4919 1968 4965 tem-

323 5011 456 5067 pore
482 4997 670 5052 Karoli
697 4999 878 5069 Magni
906 5001 1250 5070 imperatoris
1282 4997 1362 5067 (id
1411 5001 1500 5052 est
1542 4997 1728 5052 Caroli
1777 4997 1966 5055 Crassi

327 5083 557 5141 circiter
586 5102 804 5142 annum
835 5087 984 5156 883.)
1009 5089 1112 5154 Qui
1142 5087 1476 5142 venerandus
1497 5089 1808 5156 apostolicm
1827 5089 1967 5142 sedis

320 5174 573 5245 pontifex
600 5176 784 5230 omnia
815 5191 930 5244 qua:
984 5177 1168 5230 beatus
1212 5177 1298 5228 uir
1341 5175 1602 5228 Not’rrus
1648 5176 1960 5240 dictaverat,

323 5265 670 5319 canonizavit
697 5263 938 5316 videlicet
968 5264 1212 5332 hymnos,
1245 5265 1570 5334 scquentias,
1605 5272 1800 5332 tropos,
1835 5266 1963 5318 lita-

319 5353 464 5419 nias,
513 5366 802 5419 omnesque
847 5352 1144 5406 cantilenas
1200 5353 1262 5406 rh
1271 5352 1523 5422 ythmice,
1580 5352 1820 5418 metriae,
1880 5357 1961 5408 vel

313 5438 580 5511 prosaice',
611 5454 746 5510 quas
777 5439 994 5506 fecerat,
1029 5445 1136 5496 etc.
1173 5441 1346 5495 Porro
1371 5440 1522 5493 idem
1557 5439 1955 5510 Ekkehardus,

317 5527 610 5592 seualter,
645 5541 770 5595 cap.
801 5524 824 5580 l
863 5526 942 5582 De
971 5529 1150 5584 casib.
1185 5530 1242 5584 S.
1281 5526 1449 5593 Galli,
1483 5543 1661 5598 agens
1691 5528 1762 5582 de
1795 5529 1954 5586 Salo-

319 5629 491 5670 mone
512 5612 722 5668 abbate
747 5617 801 5669 et
823 5616 1088 5688 episcopo
1107 5615 1556 5686 Constanticnsi,
1581 5615 1700 5673 haec
1721 5618 1950 5676 scribit:

2093 3300 2321 3353 metrica
2351 3301 2582 3366 ratione,
2615 3300 2705 3354 sed
2732 3316 2958 3356 numero
2992 3301 3336 3372 syllabarum
3377 3302 3448 3358 ad
3468 3305 3751 3374 judicium

2093 3389 2314 3441 aurium
2345 3390 2680 3456 crumina-ta,
2714 3392 2772 3444 ut
2801 3397 2928 3444 sunt
2948 3392 3197 3446 carmina
3221 3393 3542 3462 vulgarium
3567 3403 3749 3466 poeta-

2093 3493 2237 3531 rum.
2265 3479 2355 3531 Est
2387 3477 2604 3548 quidem
2651 3479 2940 3548 rhythmus
2995 3481 3114 3536 sine
3146 3484 3317 3535 metro
3368 3496 3484 3536 esse
3532 3487 3747 3554 potest;

2091 3574 2327 3621 metrum
2356 3583 2477 3622 vero
2507 3569 2626 3622 sine
2653 3567 2907 3638 rhythmo
2937 3584 3049 3623 esse
3105 3585 3215 3623 non
3243 3574 3438 3640 potest.
3477 3573 3634 3640 Quod
3683 3574 3751 3629 li-

2092 3656 2314 3726 quidius
2344 3659 2420 3710 ita
2450 3656 2712 3726 deﬁnitur
2730 3674 2750 3717 ;
2778 3657 3006 3711 Metrum
3037 3662 3114 3712 est
3145 3659 3287 3713 ratio
3325 3675 3447 3715 cum
3497 3661 3750 3718 modula-

2093 3746 2279 3811 tione;
2325 3744 2613 3815 rhglhmus
2670 3746 2970 3801 modulatio
3025 3748 3143 3802 sine
3199 3750 3430 3803 ratione.
3488 3749 3750 3808 Isidorus

2094 3849 2324 3904 quoque
2356 3833 2454 3888 lib.
2490 3833 2705 3905 primo,
2727 3851 2852 3906 cap.
2873 3835 2962 3906 38,
2987 3835 3205 3908 Origin.
3233 3837 3544 3908 rhythmos
3577 3858 3612 3896 a
3631 3858 3750 3897 met

2092 3922 2198 3976 tris
2228 3923 2556 3995 distinguit.

2161 4015 2278 4084 Age
2307 4029 2438 4068 vero
2469 4012 2602 4084 quis
2635 4012 3044 4084 rhythmorum
3077 4031 3286 4071 cursus
3320 4015 3520 4083 fuerit,
3555 4020 3750 4076 videa~

2090 4119 2246 4158 mus.
2282 4101 2487 4156 Paucis
2519 4101 2819 4174 gressibus
2836 4101 3098 4174 plerique
3128 4103 3241 4159 iter
3263 4121 3438 4160 suum
3473 4109 3748 4164 conﬁcie~

2091 4192 2251 4260 bant,
2287 4191 2694 4257 distichorum,
2754 4191 3268 4264 epigrammatum,
3333 4195 3610 4266 odarum,
3652 4201 3750 4253 aut

2089 4281 2464 4353 hymnorum,
2524 4298 2762 4336 cursum
2821 4281 3056 4349 imitati,
3116 4282 3226 4338 hoc
3256 4287 3348 4338 est
3391 4285 3611 4358 exigua
3648 4290 3749 4342 aut

2088 4375 2240 4427 certe
2271 4371 2546 4428 mediocri
2578 4387 2853 4427 versuum
2885 4371 3033 4427 serie
3073 4371 3352 4428 contenti.
3389 4373 3505 4430 Sed
3558 4392 3747 4450 neque

2087 4461 2320 4516 defuere
2354 4461 2453 4533 qui
2511 4460 2667 4516 ultra
2709 4460 2884 4516 hasce
2942 4464 3131 4516 metas
3190 4463 3742 4534 progrediebantur,

2086 4554 2259 4622 prout
2288 4549 2578 4614 materies,
2623 4553 2726 4604 aut
2782 4548 3024 4604 artificis
3082 4549 3397 4606 consilium
3450 4555 3742 4628 exigebat;

2084 4639 2564 4712 Rhythmopoclos
2591 4642 2786 4694 autem
2820 4637 2868 4692 si
2900 4637 3097 4694 dixero
3130 4639 3289 4694 omni
3319 4657 3607 4699 versuum
3641 4661 3743 4718 ges

2082 4745 2218 4784 nere
2251 4745 2388 4784 usos
2420 4727 2558 4784 olim
2593 4727 2794 4796 fuisse,
2823 4726 3039 4797 quibus
3065 4728 3292 4800 poetica
3313 4729 3637 4804 disciplina
3659 4737 3744 4790 est

2083 4817 2392 4888 oblectata,
2427 4818 2672 4872 fortasse
2705 4832 2816 4870 non
2851 4815 3142 4872 immerito
3196 4817 3414 4874 dicam.
3449 4819 3578 4876 Imo
3623 4822 3740 4878 veri

2081 4908 2309 4963 videtur
2337 4905 2526 4962 simile
2582 4905 2824 4978 lyricam
2855 4904 3078 4978 possim
3101 4922 3130 4961 e
3151 4906 3574 4979 rhythmorum
3597 4911 3740 4968 arti.

2079 4997 2286 5053 ﬁcibus
2303 5000 2526 5052 tantam
2551 4995 2887 5050 varietatem
2915 4995 3248 5050 carminum
3273 4997 3469 5069 primo
3492 4999 3739 5059 didicis-

2077 5105 2158 5152 sn,
2175 5103 2419 5156 namque
2446 5085 2725 5156 paulatim
2755 5087 2938 5137 metro
2962 5084 3236 5153 adjuncto
3270 5087 3616 5158 perfecisse.
3642 5092 3736 5147 Di-

2075 5177 2132 5231 th
2143 5194 2238 5248 yra
2249 5177 2436 5228 mbira
2449 5174 2599 5226 enim
2619 5171 2809 5242 poesis
2829 5171 3034 5242 primis
3049 5173 3420 5245 temporibus
3435 5177 3730 5247 instituta,

2071 5282 2138 5320 ex
2170 5263 2459 5335 rhythmis
2491 5259 2629 5314 varii
2659 5258 2908 5330 generis.
2942 5259 3144 5316 Proclo
3167 5261 3346 5318 etiam
3373 5269 3548 5335 teste,
3573 5284 3733 5326 com-

2073 5353 2260 5427 posita
2282 5354 2404 5417 est;
2439 5353 2612 5419 atque
2643 5353 2707 5402 ut
2735 5347 2896 5402 illinc
2917 5349 3204 5422 tragoedia
3233 5356 3290 5408 et
3319 5356 3610 5414 commdia
3639 5375 3730 5415 or-

2069 5448 2196 5498 tum
2228 5439 2470 5494 traxisse
2502 5437 2775 5506 creditur,
2801 5437 2883 5490 ita
2906 5439 2962 5490 et
2986 5436 3168 5509 lyrica
3199 5441 3497 5501 credenda
3521 5451 3632 5503 est.
3665 5452 3728 5503 In

2065 5532 2173 5586 hoc
2204 5529 2379 5584 etiam
2427 5526 2753 5583 consentire
2807 5525 3039 5581 videtur
3104 5528 3454 5590 scholiastes
3503 5537 3728 5592 Aristo-

2066 5618 2296 5693 phanis.
2333 5617 2446 5674 Sed
2477 5616 2597 5672 haec
2651 5615 2836 5673 missa
2894 5615 3061 5672 facio.
3125 5615 3276 5675 Illud
3307 5625 3728 5684 tantummodo
