3896 6216
132 289 239 357 76!
1419 267 1787 335 RBYTHMI
1825 267 2210 332 VETERES.
3393 261 3518 324 762

135 414 716 486 animadvertendum,
747 411 1192 480 Anacreontem,
1223 405 1333 466 etsi
1363 405 1518 464 inter
1545 406 1759 481 lyricos
1784 405 1841 474 Α
2299 399 2407 471 Qui
2435 415 2554 458 eras
2581 401 2710 456 ante
2735 396 2934 456 saecula

131 520 343 572 Graece
371 506 654 566 suavitate
684 507 742 561 et
773 503 960 578 gratia
973 499 1235 568 excellat,
1258 501 1517 556 attamen
1549 513 1766 571 magna
2301 491 2520 564 Semper
2546 507 2671 547 cum
2695 493 2866 547 Patre
2893 489 3086 546 Filius.

133 601 352 662 licentia
398 597 546 686 ferri
565 596 628 686 in
675 592 944 651 versibus
1004 590 1150 686 stliﬁ,
1182 589 1548 686 ιξείίαςξάθο
1586 590 1664 686 ἰη
1693 587 1764 642 ad
1875 611 1937 664 Et
1969 609 2074 664 alii
2103 607 2450 663 Ambrosiani
2475 623 2587 664 non
2613 607 2798 680 pauci.
2844 609 2977 686 Item
3023 606 3094 662 ad
3120 608 3358 679 formam
3404 625 3515 664 me-

132 687 506 766 rhythmicam
534 685 864 741 libertatem
896 681 1152 738 αοοθάεί·
1184 678 1418 734 Accedit
1448 677 1604 750 (ἰυοά
1639 693 1767 768 quia
1875 701 1948 754 tri
1969 697 2232 754 trochaici
2259 704 2464 752 canunt
2505 677 2772 768 hymnum
2817 677 3008 752 de‘die
3052 677 3266 768 judicii
3309 712 3406 768 per
3433 698 3518 752 al-

131 782 296 840 verba
321 775 538 834 Horatii
583 791 768 862 supra
797 771 943 828 mihi
997 771 1478 862 commemorata
1505 766 1769 862 sunt,nde
1873 789 2204 862 phabemm:

135 864 506 942 dithyrambis
536 860 698 918 illius
719 863 884 916 aetate
914 857 1234 915 efl'ormatis
1265 855 1422 910 dicta
1451 855 1613 911 fuere
1662 853 1764 908 lib.

137 874 506 942 dithyrambis
536 874 698 918 unus
719 874 884 916 aetate
914 874 1234 915 enormaus
1265 874 1422 910 uicta
1451 874 1613 911 ruere
1662 874 1675 908 ι

137 977 206 1024 Iv,
233 957 336 1016 ode
362 957 416 1010 2.
444 951 650 1024 Inquit
672 949 861 1006 enim:

1517 874 1613 911 θΓθ
1662 874 1764 908 “"-
2301 875 2594 947 Apparebit
2625 875 2912 946 repentina
2940 874 3053 930 dies

2303 965 2497 1024 Magna
2527 963 2764 1024 Domini,
2796 966 2892 1024 fur
2916 963 3053 1020 obsci

192 1003 206 1030 ’
233 997 336 1016 νυν
363 997 416 1010 ιν.

2303 965 2497 1034 Magna
2527 963 2764 1030 Domini,
2795 966 2892 1035 fur
2916 963 3144 1020 obscura

333 1064 546 1134 δεηρεν
566 1058 795 1115 audaces
823 1071 965 1112 nova
993 1053 1366 1126 dithyrambos
2151 1053 2160 1061 ⁴
2311 1053 2457 1108 Velut
2485 1059 2639 1107 nocte
2671 1052 2988 1124 improvisos
3016 1068 3300 1124 occupa-ns.

333 1151 500 1209 Verba
529 1147 780 1214 devolvit,
811 1146 1162 1216 numerisque
1183 1145 1360 1216 fertur

1080 1167 1162 1245 [αθ
1183 1167 1360 1216 tam"
1880 1171 2009 1226 Haec
2023 1169 2188 1225 Beda.
2209 1167 2332 1224 Nisi
2357 1168 2705 1225 excidissent
2732 1167 3026 1224 innumeri
3041 1185 3108 1224 ex
3137 1168 3297 1226 hisce
3322 1169 3524 1242 rhyth-

765 1237 899 1306 Lege
926 1235 1136 1290 solutis.

1881 1258 1993 1315 mis
2025 1259 2236 1330 (neque
2264 1257 2424 1312 enim
2455 1275 2559 1329 par
2588 1273 2792 1314 eorum
2817 1275 2957 1314 cura
2984 1257 3186 1316 habita
3215 1262 3306 1315 est
3351 1263 3527 1331 atque

1881 1347 2224 1419 metrorum)
2246 1346 2614 1420 ingentemin
2645 1345 2993 1404 iisversihus
3016 1347 3356 1405 varietatem
3376 1365 3528 1404 nunc

1883 1437 2476 1510 deprehenderemus.
2507 1437 2794 1508 Equidem
2825 1452 2855 1492 e
2885 1453 2996 1492 ms.
3034 1437 3230 1493 codice
3278 1437 3530 1494 Ambros

1883 1527 2060 1584 siuna:
2089 1525 2452 1582 bibliothecae
2482 1525 2845 1598 descriptum
2877 1523 3009 1580 dedi
3039 1525 3530 1597 Antiphonarium

1883 1614 2308 1672 Benchorensis
2325 1613 2688 1684 monasterii,
2704 1618 2882 1685 atque
2895 1613 3050 1669 edidi
3069 1617 3228 1669 tomo
3257 1615 3334 1672 IV
3360 1616 3536 1673 Ance-

1884 1705 2072 1761 dotor.
2104 1705 2610 1776 Latinorum.Ejus
2633 1707 2770 1760 aetas
2805 1702 3172 1760 odsaeculum
3193 1703 3535 1761 Christiane:

145 1366 468 1444 Spartianus
493 1363 786 1437 quosdam
815 1375 1022 1418 versus
1044 1358 1211 1416 affert
1230 1354 1469 1414 Adriani
1499 1354 1770 1428 Augusti,

143 1455 384 1515 videlicet
405 1472 418 1512 :

510 1541 624 1614 Ego
654 1539 782 1596 nolo
809 1538 1003 1594 Florus
1025 1552 1156 1603 esse,

511 1629 811 1686 Ambulare
834 1643 936 1700 per
966 1627 1239 1697 tabernas,

515 1720 764 1777 Latitare
787 1733 888 1790 per
910 1715 1166 1789 popinas.

516 1807 732 1864 Calices
759 1808 879 1878 pati
908 1803 1190 1861 rotundos.

149 1919 242 1977 Vix
268 1916 469 1978 dubito
499 1913 648 1988 quin
676 1913 830 1970 inter
859 1910 1222 1984 rhythmicos
1252 1909 1292 1964 ii
1323 1909 1443 1964 sint
1471 1905 1778 1974 referendi,

149 2015 206 2066 ut
227 2013 282 2067 et
310 2007 408 2066 alii
439 2021 596 2080 quos
622 2003 781 2060 idem
802 2004 1102 2072 Augustus
1119 1997 1378 2055 moriens
1407 1997 1683 2053 effudisse
1703 1995 1784 2052 di-

1805 1782 1854 1847 B
1884 1812 2008 1851 aera
2027 1799 2295 1851 octavum
2309 1794 2612 1850 referenda
2623 1792 3216 1866 videtur.Complures
3235 1791 3317 1849 ibi
3329 1809 3537 1850 occur-

1893 1888 2032 1941 runt
2059 1883 2284 1957 hymni,
2346 1901 2493 1956 quos
2540 1899 2744 1940 omnes
2774 1882 2835 1938 in
2879 1881 3348 1956 rhythmicorum
3404 1899 3538 1940 cen~

1893 1989 2026 2029 sum
2059 1973 2452 2045 conjiciendos
2483 1989 2690 2045 parum
2723 1971 3014 2029 custodita
3042 1971 3214 2029 metri
3243 1971 3392 2029 ratio
3419 1989 3543 2045 per-

151 2099 304 2155 citur.
335 2098 400 2153 In
429 2061 508 2153 iis
538 2096 694 2150 certe
722 2093 982 2148 exactam
1031 2087 1202 2145 metri
1231 2087 1513 2143 rationem
1539 2086 1784 2142 minime
1893 2061 2119 2155 ευῗάθῖο

149 2185 560 2260 deprehendas.
589 2183 884 2252 Attamen,
933 2183 1001 2235 ut
1026 2194 1228 2234 verum
1282 2178 1481 2246 fatear,
1524 2175 1784 2248 rhythmi

1967 2150 2255 2222 Praecipue
2284 2168 2416 2206 vero
2446 2150 2504 2204 in
2561 2149 2853 2222 rhythmis
2909 2150 3186 2222 frequens
3233 2167 3378 2206 usus
3432 2150 3545 2206 fuit

151 2239 882 2349 ξὸξίξῶςᾱᾶτωαδωωτξ
911 2271 979 2324 ut
995 2284 1144 2339 sape
1175 2267 1433 2339 aliquam
1465 2239 1783 2322 inanimum
1893 2255 2100 2294 versus
2132 2240 2397 2295 trochaicz
2441 2241 2766 2306 catalectici,
2810 2239 2894 2294 uti
2941 2239 3110 2294 illum
3157 2239 3545 2294 Terentianus

1898 2329 2133 2349 ll-_______
2175 2329 2421 2349 ______‘II-1
2453 2329 2504 2349 .‘_
2546 2327 2617 2349 12L
2673 2329 2745 2349 ἢ-
2780 2327 2934 2349 1211-..
2993 2331 3040 2349 -L
3073 2331 3223 2349 _.-l._
3270 2327 3386 2349 1...-
3413 2326 3512 2349 ..-11

150 2361 392 2438 speciem
423 2359 788 2419 exhiberent.
819 2357 967 2414 Nam
998 2357 1048 2414 si
1075 2372 1278 2412 verum
1309 2359 1398 2412 est
1425 2355 1579 2426 quod
1606 2355 1786 2422 Quin-

149 2451 416 2509 ctilianus
445 2448 742 2507 traditlib.
772 2444 1434 2518 1x,cap.4,Institution.
1457 2444 1784 2500 oratoriam

150 2542 346 2600 Metrici
403 2539 626 2614 quidem
656 2537 817 2610 pedes
873 2536 1006 2592 adeo
1031 2536 1385 2607 reperiuntur
1431 2535 1493 2589 in
1520 2535 1786 2600 oratione,

150 2633 202 2686 ut
229 2632 291 2686 in
335 2645 402 2686 ea
429 2631 744 2702 frequenter
767 2642 880 2683 non
926 2625 1283 2681 sentientibus
1340 2625 1494 2679 nobis
1545 2625 1792 2679 omnium

147 2735 400 2790 generum
441 2717 703 2774 excidant
753 2730 961 2770 versus.
993 2716 1059 2770 Et
1086 2715 1276 2770 contra
1320 2712 1466 2769 nihil
1513 2717 1592 2768 est
1629 2727 1794 2784 prosa

147 2809 425 2881 scriptum,
458 2805 597 2876 quod
622 2821 734 2862 non
751 2804 930 2872 redigi
967 2806 1134 2874 possit
1179 2805 1240 2858 in
1267 2803 1518 2875 quaedam
1551 2804 1790 2858 versicu-

147 2897 328 2954 lorum
355 2909 576 2966 genera.
609 2895 835 2960 Quanto
869 2907 1005 2966 ergo
1038 2890 1266 2947 facilius
1305 2892 1460 2948 idem
1493 2892 1550 2947 in
1590 2890 1795 2964 rhyth-

147 2986 262 3042 mis
293 2965 593 3039 occurrat?
619 2981 836 3036 Auctor
861 2965 998 3035 ve'ro
1027 2983 1117 3035 est
1146 2981 1256 3035 Leo
1287 2979 1531 3036 Allatius
1570 2980 1630 3035 in
1661 2980 1797 3036 Dia-

1898 2329 2136 2384 Maurus
2169 2329 2425 2401 appellat
2453 2329 2512 2383 in
2545 2327 2646 2384 lib.
2673 2329 2750 2384 De
2780 2327 2954 2384 litter.
2987 2331 3045 2384 et
3073 2331 3244 2383 metr.
3270 2327 3392 2383 Imo
3413 2326 3545 2383 reli-

1899 2417 2028 2492 quit
2055 2425 2112 2475 et
2141 2418 2236 2474 ille
2268 2417 2422 2474 exiis
2453 2434 2568 2474 non
2585 2434 2799 2490 paucos
2821 2435 2856 2475 a
2885 2433 2946 2475 se
2975 2417 3548 2474 lucubratos.Exem-

1899 2509 2063 2582 plum
2094 2527 2163 2564 ex
2191 2526 2257 2564 eo
2289 2508 2674 2581 proferamus.

1973 2626 2246 2698 Syllabas,
2281 2639 2407 2695 qua?
2435 2625 2563 2680 riter:
2589 2627 2761 2679 metro
2791 2600 3099 2693 congruunt
3129 2621 3360 2690 heroico,

1975 2716 2172 2786 Captus
2202 2721 2262 2769 ut
2287 2729 2438 2770 meus
2465 2712 2691 2784 ferebat,
2723 2711 3026 2784 disputatas
3053 2711 3238 2777 attuli,
3271 2715 3380 2766 etc.

1973 2807 2074 2860 Est
2101 2805 2244 2860 celer
2269 2803 2527 2876 phaselus
2557 2801 2673 2868 ille,
2704 2817 2864 2874 quem
2891 2799 3085 2856 videtis
3113 2799 3362 2870 hospites.

1903 2920 2206 2994 Ejusmodi
2235 2935 2406 2975 versu
2439 2917 2680 2974 dicteria
2707 2915 3028 2988 praesertim
3059 2913 3468 2983 efferebantur,
3493 2917 3559 2972 ut

1906 3016 1996 3067 est
2025 3011 2400 3065 decantatum
2432 3007 2576 3062 illud
2609 3005 2862 3061 militum
2893 3005 2954 3060 in
2983 3003 3208 3062 Julium
3249 3005 3556 3073 Gzesarem,

150 3072 305 3130 triba
333 3071 410 3126 de
441 3068 702 3168 Sime‘on.
736 3083 912 3124 usum
935 3067 1539 3168 .rhythmorum-apud
1571 3069 1797 3168 Graecos
1835 3154 1872 3168 ﬂ
1911 3101 2055 3156 dum
2086 3097 2453 3168 triumphum
2483 3094 2767 3150 Gallicum
2801 3095 3074 3150 duceret;

153 3175 388 3234 quoque
417 3157 774 3214 recentiores
814 3157 1188 3228 perdurasse,
1244 3159 1498 3213 Politicos
1543 3173 1728 3212 versus
1757 3157 1801 3212 ii
1831 3154 1873 3219 C

157 3249 553 3324 appellabant,
587 3247 711 3319 qui,
738 3249 806 3302 ut
835 3245 962 3318 ipse
993 3244 1215 3312 scribit,
1301 3245 1552 3301 lambicis
1581 3254 1630 3301 et
1661 3247 1804 3300 Ana-

152 3338 497 3396 ereontieiois
524 3339 586 3393 ut
610 3336 924 3408 plurimum
946 3338 1224 3391 constant:
1245 3336 1322 3390 ita
1353 3342 1534 3390 tamen
1563 3339 1624 3390 ut
1651 3336 1808 3390 nulla

162 3427 488 3502 quantitatis
528 3425 874 3499 syllabarum
929 3424 1092 3497 (quod
1139 3425 1582 3479 accurratissime
1608 3428 1809 3480 veteres

163 3516 536 3588 observabant)
564 3517 708 3572 ratio
737 3514 1003 3570 habeatur
1020 3531 1041 3577 ;
1073 3518 1287 3570 tantum
1316 3530 1508 3570 earum
1525 3530 1807 3581 numerus,

163 3607 654 3676 declinationesque
700 3607 1018 3660 accentuum
1076 3602 1448 3658 attenduntur.
1502 3605 1631 3671 Qum
1668 3605 1808 3658 ratio

163 3696 538 3769 fingendorum
567 3695 880 3751 carminum
909 3709 1018 3749 non
1048 3709 1197 3748 nunc
1222 3693 1470 3764 primum
1515 3695 1576 3747 in
1604 3709 1668 3748 ea
1708 3709 1807 3748 na-

162 3787 321 3855 tione,
351 3785 444 3842 sed
470 3781 662 3840 multis
687 3784 754 3840 ab
784 3785 912 3838 hinc
946 3783 1167 3840 saeculis
1212 3783 1274 3837 in
1301 3797 1406 3836 usu
1447 3783 1615 3853 fuisse
1660 3799 1809 3838 com-

162 3877 382 3947 peritur,
413 3879 479 3932 ut
507 3873 752 3930 videmus
782 3874 844 3928 in
871 3871 1418 3944 Photiipatriarchse,
1437 3871 1812 3943 Christophori

159 3965 327 4035 primi
353 3979 388 4019 α
413 3965 657 4033 secretis,
688 3963 877 4029 Pselli,
911 3964 1044 4031 etc.,
1076 3961 1342 4016 versibus.
1377 3959 1615 4017 Vossius
1661 3978 1810 4034 quo-

165 4067 274 4124 que
299 4053 400 4110 lib.
433 4052 648 4124 primo,
683 4067 808 4122 cap.
840 4052 894 4105 8.
929 4049 1186 4106 lnstitut.
1207 4047 1411 4121 poetic.
1447 4049 1810 4105 animadver-

164 4139 232 4196 tit
260 4141 626 4214 rhythmum,
658 4156 774 4195 non
807 4142 1081 4205 metrum,
1114 4139 1306 4193 inesse
1337 4137 1397 4192 in
1426 4138 1693 4194 versibus
1715 4156 1810 4210 po-

165 4227 334 4286 liticis
363 4227 730 4286 Constantini
771 4225 1082 4293 Manassis,
1129 4227 1362 4296 Ttetzaa,
1395 4230 1452 4281 et
1499 4227 1808 4282 similium.

165 4317 308 4374 Tum
336 4319 582 4376 subdit:
615 4319 722 4374 Nec
749 4317 980 4372 dubium
1007 4316 1143 4388 quin
1170 4317 1509 4387 antiquiores
1545 4318 1660 4370 sint
1686 4333 1810 4372 ver-

164 4421 270 4479 sus,
303 4409 365 4463 in
403 4407 605 4482 quibus
655 4407 834 4464 solum
887 4405 1175 4476 rhythmus
1222 4411 1318 4459 est.
1374 4403 1549 4458 Addit
1594 4405 1808 4462 etiam:

1991 3205 2196 3260 Gallias
2229 3204 2416 3259 Caesar
2441 3202 2654 3269 subegit
2679 3217 2691 3256 :
2724 3199 3037 3255 Nicomedes
3068 3190 3376 3255 Caesarem:

1987 3299 2120 3352 Ecce
2149 3295 2335 3350 Cezsar
2363 3307 2511 3346 nunc
2541 3289 2864 3360 triumphat,
2894 3289 2990 3360 qui
3017 3288 3230 3356 subegit
3259 3287 3491 3344 Gallias:

1988 3381 2298 3439 Nicomedes
2325 3396 2438 3435 non.
2465 3377 2791 3448 triumphat,
2823 3378 2919 3447 qui
2946 3376 3157 3447 subegit
3178 3375 3466 3432 Caesarem.

1918 3490 2180 3546 Alterum
2223 3484 2555 3557 exemplum
2608 3481 2920 3539 Suetonius
2973 3481 3331 3554 suppeditat,
3361 3497 3568 3539 versus

1919 3591 2126 3649 nempe
2159 3576 2218 3630 in
2249 3575 2521 3630 eumdem
2551 3573 2835 3628 Czesarem
2864 3574 3004 3626 tunc
3033 3571 3440 3644 depromptos:

1923 3685 2126 3742 Urbani
2153 3686 2363 3738 servate
2390 3695 2606 3736 uxores.
2638 3679 2904 3736 Moechum
2926 3679 3142 3733 calvum
3171 3677 3516 3734 adducimus.

1916 3776 2127 3831 Aurum
2148 3774 2210 3828 in
2242 3771 2422 3827 Gallia
2447 3769 2712 3841 effutuisti
2721 3785 2740 3830 ;
2771 3769 2860 3823 hic
2887 3769 3136 3823 sumsisti
3162 3775 3432 3824 mutuum.

1919 3879 2238 3950 Utrobique
2268 3877 2420 3934 idem
2439 3877 2621 3932 habes
2645 3879 2922 3942 metrum,
2953 3875 3320 3947 etdactylum
3349 3873 3410 3931 in
3433 3874 3568 3942 fine,

1917 3977 1974 4029 et
2005 3968 2340 4044 quindecim
2373 3964 2627 4038 syllabas
2648 3963 2978 4038 singulisin
3009 3963 3296 4034 versibus;
3327 3963 3430 4020 sed
3453 3980 3568 4020 non

1917 4061 2183 4120 eamdem
2215 4057 2477 4113 brevium
2501 4054 2882 4127 etlongarum
2899 4053 3569 4118 observationem.Quin-

1919 4151 2129 4218 decim,
2165 4149 2431 4220 inquam,
2463 4143 2721 4218 syllabas
2748 4160 2761 4198 :
2792 4143 3104 4216 puritatem
3134 4142 3293 4198 enim
3325 4141 3573 4214 syllaba-

1921 4257 2052 4297 rum
2087 4235 2502 4310 rhythmopceii
2553 4237 2773 4289 veteres
2813 4233 2932 4288 fere
2982 4247 3214 4305 semper
3263 4231 3572 4295 curabant,

1921 4346 2056 4386 cum
2089 4331 2148 4384 et
2179 4324 3048 4398 ejusmodlversuscanerentur
3077 4319 3148 4375 ad
3181 4318 3575 4374 musicosmo-

1921 4421 2046 4476 dos.
2081 4422 2206 4472 Imo
2234 4418 2293 4470 et
2323 4413 2554 4470 saltatio
2585 4411 2928 4476 addebatur,
2957 4413 3013 4465 et
3043 4407 3310 4481 quaedam
3361 4406 3571 4480 digito-

166 4494 449 4554 Poetarum
495 4497 678 4570 aliqui
732 4497 843 4552 solo
901 4499 1056 4551 erant
1109 4492 1364 4565 rhythmo
1411 4495 1686 4555 contenti;

2033 4525 2057 4562 1
2089 4503 2410 4579 percussio,
2443 4505 2509 4556 ut
2539 4501 2757 4566 Cicero,
2791 4497 3216 4563 Quinctilianus
3264 4499 3322 4551 et
3351 4493 3448 4550 alii
3481 4494 3571 4550 in-

167 4583 272 4642 alto
295 4601 334 4641 a
359 4585 584 4656 vulgari
611 4600 864 4642 sermone
923 4583 1322 4656 discrepabant.
1355 4583 1468 4638 Alit
1495 4583 1814 4655 rhythmum

167 4673 481 4732 anirnabant
535 4689 781 4732 sermone
804 4675 1032 4747 poetico.
1065 4675 1180 4730 Atii
1225 4672 1458 4744 denique
1503 4673 1671 4726 etiam
1698 4689 1810 4728 me-

171 4763 311 4819 trum
353 4761 810 4838 supmddebant.
869 4763 1032 4828 Quod
1065 4762 1191 4835 ipse
1249 4760 1456 4818 didicit
1487 4778 1520 4817 a
1549 4761 1704 4817 Beda
1750 4761 1810 4816 in

169 4845 307 4906 libro
336 4850 416 4909 De
443 4853 571 4908 arte
601 4851 861 4907 metrica.
887 4850 1038 4906 Sunt
1053 4850 1180 4922 ejus
1196 4849 1372 4905 verba
1397 4865 1657 4906 connexa
1676 4865 1812 4904 cum

171 4935 239 4993 iis
265 4953 390 5011 quis
418 4955 612 5013 nuper
623 4939 794 4996 attuli
817 4956 831 4994 :
852 4941 1186 5010 Plerumque
1211 4943 1396 4994 tamen
1423 4953 1554 4994 casu
1581 4937 1814 5009 quodam

170 5026 404 5086 invenies
429 5029 609 5086 etiam
632 5031 906 5087 rationem
933 5031 995 5084 in
1021 5029 1295 5101 rhythmo,
1315 5043 1427 5084 non
1455 5028 1684 5099 artiﬁcii
1701 5044 1816 5084 m0-

173 5113 446 5176 deratione
469 5123 760 5189 servatam,
791 5119 884 5176 sed
911 5133 1041 5176 sono
1072 5127 1122 5174 et
1158 5102 1280 5198 ῲδα
1303 5117 1673 5174 modulatione
1709 5118 1809 5173 du-

175 5213 335 5275 cente,
365 5223 528 5280 quem
552 5209 809 5279 vulgares
856 5211 1029 5280 poclm
1069 5210 1276 5273 necésse
1303 5215 1382 5264 est
1431 5209 1634 5263 rustice
1671 5207 1814 5262 docti

173 5292 376 5362 faciant
398 5298 571 5354 docte.
635 5299 747 5367 Quo
774 5299 932 5356 modo
984 5306 1037 5355 et
1064 5298 1135 5354 ad
1161 5299 1341 5355 instar
1385 5299 1614 5354 iambiei
1649 5299 1815 5354 metri

171 5383 533 5453 pukherrime
557 5389 738 5460 factus
765 5390 844 5444 est
873 5387 1108 5459 hymnus
1139 5387 1234 5442 ille
1251 5386 1582 5459 praeturas.

555 5485 675 5552 Rea:
701 5495 906 5552 mterne
936 5493 1163 5549 Domine

559 5585 760 5642 Rerum
788 5587 1000 5641 creator
1029 5581 1292 5650 omnium,

1923 4599 2136 4652 nuunt.
2169 4595 2228 4650 Id
2265 4607 2498 4664 quoque
2525 4607 2558 4646 a
2587 4587 2807 4644 Judaeis
2839 4591 3014 4644 antea
3061 4587 3282 4641 factum
3320 4583 3569 4640 videtur.

1921 4687 2122 4757 Neque
2151 4681 2306 4738 enim
2337 4677 2744 4736 tantummodo
2776 4676 2930 4748 apud
2983 4675 3279 4730 Romanos
3331 4670 3578 4730 dicteria

1921 4791 2024 4849 per
2054 4771 2360 4845 rhythmos
2383 4769 2606 4840 jactata
2633 4765 2694 4819 in
2727 4781 2838 4819 usu
2863 4764 3040 4830 fuere,
3075 4763 3177 4818 sed
3209 4761 3384 4818 etiam
3415 4763 3571 4834 apud

1919 4864 2175 4928 Judaeos,
2209 4862 2266 4916 et
2293 4858 2466 4930 longe
2495 4858 2686 4922 antea,
2741 4869 2920 4925 quam
2953 4870 2987 4908 a
3016 4852 3296 4909 Romanis
3323 4868 3574 4924 usurpa-

1921 4955 2144 5010 rentur.
2179 4947 2327 5020 Vide
2357 4944 2458 5001 lib.
2505 4942 2786 5016 primum,
2819 4958 2944 5014 cap.
3003 4957 3163 5010 xvm,
3193 4957 3344 4998 vers.
3377 4941 3434 5008 6,
3463 4939 3574 4996 Re-

1923 5057 2086 5117 gum.
2121 5041 2266 5096 Cum
2298 5035 2696 5100 reverteretur,
2727 5047 3008 5104 percusso
3059 5029 3413 5099 Philisthazo,
3464 5029 3575 5086 Da-

1921 5133 2016 5188 vid
2073 5127 2352 5185 mulieres
2409 5125 2732 5189 cantantes,
2787 5121 3116 5193 chorosque
3175 5121 3454 5177 ducentes
3512 5117 3573 5172 in

1923 5233 2254 5278 occursum.
2287 5211 2428 5271 Saul
2461 5211 2634 5284 regis,
2668 5209 3065 5283 praecinebant
3113 5209 3408 5264 dicentes:
3439 5207 3573 5260 Per-

1919 5312 2088 5366 cussit
2120 5305 2252 5364 Saul
2280 5302 2459 5367 mille,
2489 5303 2541 5355 et
2568 5299 2742 5355 David
2766 5297 2949 5355 decem
2976 5293 3344 5353 millia.Male
3365 5289 3582 5346 habuit.

1923 5414 2118 5472 regem
2148 5393 2448 5453 aculeatus
2479 5387 2813 5461 rhythmus,
2833 5389 3005 5458 cujus
3035 5401 3202 5442 voces
3231 5378 3572 5472 antiquissi-

1923 5466 2056 5544 mus
2085 5486 2372 5556 interpres
2403 5479 2486 5534 ita
2499 5477 2692 5542 vertit,
2706 5481 2774 5531 ut
2794 5491 3028 5532 versum
3061 5469 3422 5529 trochaicum
3440 5466 3574 5523 inde

1929 5573 2258 5641 confecerit,
2339 5566 2544 5641 quales
2623 5568 2789 5622 erant
2844 5563 3174 5635 complures
3231 5577 3264 5616 e
3313 5560 3572 5615 veterum
