  <div class='ocr_page' id='page_1' title='image "/cluster/home/n/w/nwhite01/storage/ocr_20150623/151/uva.x000829795/405.png"; bbox 0 0 3896 6216; ppageno 0'>
   <div class='ocr_carea' id='block_1_1' title="bbox 323 302 446 365">
    <p class='ocr_par' dir='ltr' id='par_1_1' title="bbox 323 302 446 365">
     <span class='ocr_line' id='line_1_1' title="bbox 323 302 446 365; baseline 0.008 -1"><span class='ocrx_word' id='word_1_1' title='bbox 323 302 446 365; x_wconf 72' lang='lat'>783</span> 
     </span>
    </p>
   </div>
   <div class='ocr_carea' id='block_1_2' title="bbox 1102 297 3054 367">
    <p class='ocr_par' dir='ltr' id='par_1_2' title="bbox 1102 297 3054 367">
     <span class='ocr_line' id='line_1_2' title="bbox 1102 297 3054 367; baseline -0.004 0"><span class='ocrx_word' id='word_1_2' title='bbox 1102 300 1295 367; x_wconf 63' lang='lat' dir='ltr'>SJEC.</span> <span class='ocrx_word' id='word_1_3' title='bbox 1339 300 1421 365; x_wconf 87' lang='lat' dir='ltr'>XI</span> <span class='ocrx_word' id='word_1_4' title='bbox 1467 301 1700 367; x_wconf 80' lang='lat' dir='ltr'>AUCT.</span> <span class='ocrx_word' id='word_1_5' title='bbox 1744 298 2061 365; x_wconf 83' lang='lat' dir='ltr'>INCERTI</span> <span class='ocrx_word' id='word_1_6' title='bbox 2103 300 2293 364; x_wconf 84' lang='lat' dir='ltr'><strong>ANNI</strong></span> <span class='ocrx_word' id='word_1_7' title='bbox 2336 301 2436 365; x_wconf 88' lang='lat' dir='ltr'><strong>ET</strong></span> <span class='ocrx_word' id='word_1_8' title='bbox 2480 297 2782 365; x_wconf 82' lang='lat' dir='ltr'>SCRIPT.</span> <span class='ocrx_word' id='word_1_9' title='bbox 2827 305 3054 359; x_wconf 75' lang='lat' dir='ltr'>’AABzu.</span> 
     </span>
    </p>
   </div>
   <div class='ocr_carea' id='block_1_3' title="bbox 3612 298 3775 363">
    <p class='ocr_par' dir='ltr' id='par_1_3' title="bbox 3612 298 3775 363">
     <span class='ocr_line' id='line_1_3' title="bbox 3612 298 3775 363; baseline 0.012 -2"><span class='ocrx_word' id='word_1_10' title='bbox 3612 298 3775 363; x_wconf 64' lang='grc' dir='ltr'>πει</span> 
     </span>
    </p>
   </div>
   <div class='ocr_carea' id='block_1_4' title="bbox 325 427 3772 513">
    <p class='ocr_par' dir='ltr' id='par_1_4' title="bbox 325 427 3772 513">
     <span class='ocr_line' id='line_1_4' title="bbox 325 427 3772 513; baseline -0.001 -17"><span class='ocrx_word' id='word_1_11' title='bbox 325 434 636 513; x_wconf 80' lang='lat' dir='ltr'>rhythmis.</span> <span class='ocrx_word' id='word_1_12' title='bbox 665 434 846 511; x_wconf 86' lang='lat' dir='ltr'>quue</span> <span class='ocrx_word' id='word_1_13' title='bbox 875 435 1185 495; x_wconf 86' lang='lat' dir='ltr'>earatione</span> <span class='ocrx_word' id='word_1_14' title='bbox 1205 436 1450 506; x_wconf 90' lang='lat' dir='ltr'>factum,</span> <span class='ocrx_word' id='word_1_15' title='bbox 1470 435 1626 509; x_wconf 91' lang='lat' dir='ltr'>quod</span> <span class='ocrx_word' id='word_1_16' title='bbox 1651 434 1713 493; x_wconf 91' lang='lat' dir='ltr'>in</span> <span class='ocrx_word' id='word_1_17' title='bbox 1743 434 1975 493; x_wconf 87' lang='lat' dir='ltr'>Hebrai-</span> <span class='ocrx_word' id='word_1_18' title='bbox 2005 442 2058 506; x_wconf 79' lang='grc' dir='ltr'>Α</span> <span class='ocrx_word' id='word_1_19' title='bbox 2090 436 2201 492; x_wconf 85' lang='lat' dir='ltr'>Sed</span> <span class='ocrx_word' id='word_1_20' title='bbox 2230 435 2643 509; x_wconf 34' lang='lat' dir='ltr'>quod‘mirere,</span> <span class='ocrx_word' id='word_1_21' title='bbox 2678 434 2771 491; x_wconf 85' lang='lat' dir='ltr'>vix</span> <span class='ocrx_word' id='word_1_22' title='bbox 2801 433 2962 491; x_wconf 90' lang='lat' dir='ltr'>aliud</span> <span class='ocrx_word' id='word_1_23' title='bbox 2992 432 3093 491; x_wconf 87' lang='lat' dir='ltr'>ille</span> <span class='ocrx_word' id='word_1_24' title='bbox 3144 432 3207 490; x_wconf 89' lang='lat' dir='ltr'>in</span> <span class='ocrx_word' id='word_1_25' title='bbox 3259 427 3510 490; x_wconf 76' lang='lat' dir='ltr'>concilio</span> <span class='ocrx_word' id='word_1_26' title='bbox 3538 437 3772 492; x_wconf 78' lang='lat' dir='ltr'>nostro</span> 
     </span>
    </p>
   </div>
   <div class='ocr_carea' id='block_1_5' title="bbox 324 524 1978 600">
    <p class='ocr_par' dir='ltr' id='par_1_5' title="bbox 324 524 1978 600">
     <span class='ocr_line' id='line_1_5' title="bbox 324 524 1978 600; baseline -0.003 -15"><span class='ocrx_word' id='word_1_27' title='bbox 324 545 391 586; x_wconf 93' lang='lat' dir='ltr'>co</span> <span class='ocrx_word' id='word_1_28' title='bbox 421 544 684 585; x_wconf 90' lang='lat' dir='ltr'>scomma</span> <span class='ocrx_word' id='word_1_29' title='bbox 709 525 857 585; x_wconf 92' lang='lat' dir='ltr'>illud</span> <span class='ocrx_word' id='word_1_30' title='bbox 887 528 1120 585; x_wconf 91' lang='lat' dir='ltr'>duobus</span> <span class='ocrx_word' id='word_1_31' title='bbox 1149 526 1456 585; x_wconf 81' lang='lat' dir='ltr'>versiculis</span> <span class='ocrx_word' id='word_1_32' title='bbox 1487 524 1867 600; x_wconf 88' lang='lat' dir='ltr'>octosyllabis</span> <span class='ocrx_word' id='word_1_33' title='bbox 1894 524 1978 581; x_wconf 89' lang='lat' dir='ltr'>ef-</span> 
     </span>
    </p>
   </div>
   <div class='ocr_carea' id='block_1_6' title="bbox 324 617 894 676">
    <p class='ocr_par' dir='ltr' id='par_1_6' title="bbox 324 617 894 676">
     <span class='ocr_line' id='line_1_6' title="bbox 324 617 894 676; baseline -0.002 -1"><span class='ocrx_word' id='word_1_34' title='bbox 324 617 511 675; x_wconf 81' lang='lat' dir='ltr'>fertur</span> <span class='ocrx_word' id='word_1_35' title='bbox 539 618 651 676; x_wconf 86' lang='lat' dir='ltr'>hoc</span> <span class='ocrx_word' id='word_1_36' title='bbox 680 619 855 676; x_wconf 91' lang='lat' dir='ltr'>modo</span> <span class='ocrx_word' id='word_1_37' title='bbox 880 635 894 674; x_wconf 93' lang='lat'><strong>:</strong></span> 
     </span>
    </p>
   </div>
   <div class='ocr_carea' id='block_1_7' title="bbox 890 715 1424 845">
    <p class='ocr_par' dir='ltr' id='par_1_7' title="bbox 890 715 1424 845">
     <span class='ocr_line' id='line_1_7' title="bbox 890 715 1424 845; baseline -0.006 -78"><span class='ocrx_word' id='word_1_38' title='bbox 890 716 1011 767; x_wconf 78' lang='lat' dir='ltr'>ucu</span> <span class='ocrx_word' id='word_1_39' title='bbox 1041 715 1192 795; x_wconf 59' lang='lat' dir='ltr'>quia</span> <span class='ocrx_word' id='word_1_40' title='bbox 1223 715 1424 845; x_wconf 49' lang='lat' dir='ltr'>ustis:</span> 
     </span>
     <span class='ocr_line' id='line_1_8' title="bbox 890 789 1424 845; baseline 0 0"><span class='ocrx_word' id='word_1_41' title='bbox 890 791 990 845; x_wconf 72' lang='lat' dir='ltr'>eha</span> <span class='ocrx_word' id='word_1_42' title='bbox 1015 790 1153 845; x_wconf 78' lang='lat' dir='ltr'>Saul</span> <span class='ocrx_word' id='word_1_43' title='bbox 1180 789 1315 845; x_wconf 89' lang='lat' dir='ltr'>bala</span> <span class='ocrx_word' id='word_1_44' title='bbox 1341 807 1375 845; x_wconf 90' lang='lat' dir='ltr'>a</span> <span class='ocrx_word' id='word_1_45' title='bbox 1392 790 1424 845; x_wconf 62' lang='lat' dir='ltr'>,i‘</span> 
     </span>
    </p>
   </div>
   <div class='ocr_carea' id='block_1_8' title="bbox 821 789 1480 860">
    <p class='ocr_par' dir='ltr' id='par_1_8' title="bbox 821 789 1480 860">
     <span class='ocr_line' id='line_1_9' title="bbox 821 789 1480 860; baseline -0.003 -13"><span class='ocrx_word' id='word_1_46' title='bbox 821 791 990 848; x_wconf 73' lang='lat' dir='ltr'>Iccha</span> <span class='ocrx_word' id='word_1_47' title='bbox 1015 789 1153 848; x_wconf 80' lang='lat' dir='ltr'>Saul</span> <span class='ocrx_word' id='word_1_48' title='bbox 1180 789 1375 847; x_wconf 81' lang='lat' dir='ltr'>balaia</span> <span class='ocrx_word' id='word_1_49' title='bbox 1389 790 1480 860; x_wconf 92' lang='lat' dir='ltr'>ju,</span> 
     </span>
    </p>
   </div>
   <div class='ocr_carea' id='block_1_9' title="bbox 955 888 1350 940">
    <p class='ocr_par' dir='ltr' id='par_1_9' title="bbox 955 888 1350 940">
     <span class='ocr_line' id='line_1_10' title="bbox 955 888 1350 940; baseline -0.008 -1"><span class='ocrx_word' id='word_1_50' title='bbox 955 889 1075 940; x_wconf 67' lang='grc' dir='ltr'>ιω</span> <span class='ocrx_word' id='word_1_51' title='bbox 1110 888 1350 939; x_wconf 63' lang='lat' dir='ltr'>unum:</span> 
     </span>
    </p>
   </div>
   <div class='ocr_carea' id='block_1_10' title="bbox 812 961 1496 1033">
    <p class='ocr_par' dir='ltr' id='par_1_10' title="bbox 812 961 1496 1033">
     <span class='ocr_line' id='line_1_11' title="bbox 812 961 1496 1033; baseline -0.003 -16"><span class='ocrx_word' id='word_1_52' title='bbox 812 962 1066 1020; x_wconf 87' lang='lat' dir='ltr'>Vedavid</span> <span class='ocrx_word' id='word_1_53' title='bbox 1099 961 1496 1033; x_wconf 86' lang='lat' dir='ltr'>herivvodaju.</span> 
     </span>
    </p>
   </div>
   <div class='ocr_carea' id='block_1_11' title="bbox 323 1057 1979 1136">
    <p class='ocr_par' dir='ltr' id='par_1_11' title="bbox 323 1057 1979 1136">
     <span class='ocr_line' id='line_1_12' title="bbox 323 1057 1979 1136; baseline -0.005 -15"><span class='ocrx_word' id='word_1_54' title='bbox 323 1064 514 1136; x_wconf 80' lang='lat' dir='ltr'><strong>Atque</strong></span> <span class='ocrx_word' id='word_1_55' title='bbox 542 1061 638 1119; x_wconf 91' lang='lat' dir='ltr'>hic</span> <span class='ocrx_word' id='word_1_56' title='bbox 667 1064 896 1118; x_wconf 89' lang='lat' dir='ltr'>mature</span> <span class='ocrx_word' id='word_1_57' title='bbox 918 1059 1353 1117; x_wconf 79' lang='lat' dir='ltr'>animadvertas</span> <span class='ocrx_word' id='word_1_58' title='bbox 1365 1057 1562 1127; x_wconf 88' lang='lat' dir='ltr'>velim,</span> <span class='ocrx_word' id='word_1_59' title='bbox 1596 1057 1656 1113; x_wconf 89' lang='lat' dir='ltr'>in</span> <span class='ocrx_word' id='word_1_60' title='bbox 1687 1057 1979 1129; x_wconf 85' lang='lat' dir='ltr'>ejusmodi</span> 
     </span>
    </p>
   </div>
   <div class='ocr_carea' id='block_1_12' title="bbox 322 1147 1981 1220">
    <p class='ocr_par' dir='ltr' id='par_1_12' title="bbox 322 1147 1981 1220">
     <span class='ocr_line' id='line_1_13' title="bbox 322 1147 1981 1220; baseline -0.004 -13"><span class='ocrx_word' id='word_1_61' title='bbox 322 1150 740 1209; x_wconf 81' lang='lat' dir='ltr'>versiculorum</span> <span class='ocrx_word' id='word_1_62' title='bbox 770 1151 884 1206; x_wconf 82' lang='lat' dir='ltr'>fine</span> <span class='ocrx_word' id='word_1_63' title='bbox 914 1148 1171 1219; x_wconf 79' lang='lat' dir='ltr'>syllabas</span> <span class='ocrx_word' id='word_1_64' title='bbox 1188 1164 1496 1218; x_wconf 75' lang='lat' dir='ltr'>consonus,</span> <span class='ocrx_word' id='word_1_65' title='bbox 1521 1163 1669 1220; x_wconf 88' lang='lat' dir='ltr'>quas</span> <span class='ocrx_word' id='word_1_66' title='bbox 1701 1148 1841 1202; x_wconf 87' lang='lat' dir='ltr'>rime</span> <span class='ocrx_word' id='word_1_67' title='bbox 1871 1147 1981 1202; x_wconf 82' lang='lat' dir='ltr'>Ita—</span> 
     </span>
    </p>
   </div>
   <div class='ocr_carea' id='block_1_13' title="bbox 322 1233 1981 1313">
    <p class='ocr_par' dir='ltr' id='par_1_13' title="bbox 322 1233 1981 1313">
     <span class='ocr_line' id='line_1_14' title="bbox 322 1233 1981 1313; baseline -0.008 -16"><span class='ocrx_word' id='word_1_68' title='bbox 322 1240 433 1298; x_wconf 91' lang='lat' dir='ltr'>lice</span> <span class='ocrx_word' id='word_1_69' title='bbox 462 1239 850 1313; x_wconf 82' lang='lat' dir='ltr'>appellamus.</span> <span class='ocrx_word' id='word_1_70' title='bbox 884 1238 1133 1307; x_wconf 84' lang='lat' dir='ltr'>Casune,</span> <span class='ocrx_word' id='word_1_71' title='bbox 1165 1254 1239 1293; x_wconf 90' lang='lat' dir='ltr'>an</span> <span class='ocrx_word' id='word_1_72' title='bbox 1273 1241 1397 1293; x_wconf 89' lang='lat' dir='ltr'>arte</span> <span class='ocrx_word' id='word_1_73' title='bbox 1444 1236 1687 1302; x_wconf 88' lang='lat' dir='ltr'>factum,</span> <span class='ocrx_word' id='word_1_74' title='bbox 1714 1233 1981 1307; x_wconf 83' lang='lat' dir='ltr'>judicent</span> 
     </span>
    </p>
   </div>
   <div class='ocr_carea' id='block_1_14' title="bbox 322 1323 1977 1398">
    <p class='ocr_par' dir='ltr' id='par_1_14' title="bbox 322 1323 1977 1398">
     <span class='ocr_line' id='line_1_15' title="bbox 322 1323 1977 1398; baseline -0.004 -13"><span class='ocrx_word' id='word_1_75' title='bbox 322 1328 442 1385; x_wconf 88' lang='lat' dir='ltr'>alii.</span> <span class='ocrx_word' id='word_1_76' title='bbox 476 1328 557 1384; x_wconf 91' lang='lat' dir='ltr'>De</span> <span class='ocrx_word' id='word_1_77' title='bbox 584 1326 679 1385; x_wconf 87' lang='lat' dir='ltr'>his</span> <span class='ocrx_word' id='word_1_78' title='bbox 707 1327 1066 1383; x_wconf 88' lang='lat' dir='ltr'>infrasermo</span> <span class='ocrx_word' id='word_1_79' title='bbox 1091 1324 1219 1382; x_wconf 90' lang='lat' dir='ltr'>erit.</span> <span class='ocrx_word' id='word_1_80' title='bbox 1254 1326 1459 1398; x_wconf 80' lang='lat' dir='ltr'>Itaque</span> <span class='ocrx_word' id='word_1_81' title='bbox 1474 1324 1641 1380; x_wconf 87' lang='lat' dir='ltr'>siculi</span> <span class='ocrx_word' id='word_1_82' title='bbox 1675 1323 1977 1380; x_wconf 67' lang='lat' dir='ltr'>cantilenae</span> 
     </span>
    </p>
   </div>
   <div class='ocr_carea' id='block_1_15' title="bbox 320 1412 1976 1490">
    <p class='ocr_par' dir='ltr' id='par_1_15' title="bbox 320 1412 1976 1490">
     <span class='ocr_line' id='line_1_16' title="bbox 320 1412 1976 1490; baseline -0.002 -17"><span class='ocrx_word' id='word_1_83' title='bbox 320 1420 535 1474; x_wconf 66' lang='lat' dir='ltr'>nostra:</span> <span class='ocrx_word' id='word_1_84' title='bbox 565 1414 742 1474; x_wconf 89' lang='lat' dir='ltr'>certis</span> <span class='ocrx_word' id='word_1_85' title='bbox 773 1416 1022 1490; x_wconf 87' lang='lat' dir='ltr'>pedibus</span> <span class='ocrx_word' id='word_1_86' title='bbox 1055 1413 1404 1472; x_wconf 78' lang='lat' dir='ltr'>constantia</span> <span class='ocrx_word' id='word_1_87' title='bbox 1423 1412 1674 1486; x_wconf 84' lang='lat' dir='ltr'>singulis</span> <span class='ocrx_word' id='word_1_88' title='bbox 1695 1412 1976 1485; x_wconf 86' lang='lat' dir='ltr'>strophis,</span> 
     </span>
    </p>
   </div>
   <div class='ocr_carea' id='block_1_16' title="bbox 321 1502 1978 1572">
    <p class='ocr_par' dir='ltr' id='par_1_16' title="bbox 321 1502 1978 1572">
     <span class='ocr_line' id='line_1_17' title="bbox 321 1502 1978 1572; baseline -0.003 -9"><span class='ocrx_word' id='word_1_89' title='bbox 321 1510 389 1563; x_wconf 89' lang='lat' dir='ltr'>ut</span> <span class='ocrx_word' id='word_1_90' title='bbox 418 1506 575 1563; x_wconf 90' lang='lat' dir='ltr'>idem</span> <span class='ocrx_word' id='word_1_91' title='bbox 606 1506 688 1562; x_wconf 87' lang='lat' dir='ltr'>sit</span> <span class='ocrx_word' id='word_1_92' title='bbox 718 1505 779 1561; x_wconf 91' lang='lat' dir='ltr'>in</span> <span class='ocrx_word' id='word_1_93' title='bbox 810 1504 1085 1561; x_wconf 90' lang='lat' dir='ltr'>omnibus</span> <span class='ocrx_word' id='word_1_94' title='bbox 1117 1502 1383 1560; x_wconf 91' lang='lat' dir='ltr'>musicus</span> <span class='ocrx_word' id='word_1_95' title='bbox 1432 1505 1774 1572; x_wconf 87' lang='lat' dir='ltr'>concentus,</span> <span class='ocrx_word' id='word_1_96' title='bbox 1808 1502 1891 1557; x_wconf 88' lang='lat' dir='ltr'>ita</span> <span class='ocrx_word' id='word_1_97' title='bbox 1920 1506 1978 1558; x_wconf 91' lang='lat' dir='ltr'>et</span> 
     </span>
    </p>
   </div>
   <div class='ocr_carea' id='block_1_17' title="bbox 321 1592 1977 1667">
    <p class='ocr_par' dir='ltr' id='par_1_17' title="bbox 321 1592 1977 1667">
     <span class='ocr_line' id='line_1_18' title="bbox 321 1592 1977 1667; baseline -0.004 -15"><span class='ocrx_word' id='word_1_98' title='bbox 321 1599 582 1653; x_wconf 75' lang='lat' dir='ltr'>veterum</span> <span class='ocrx_word' id='word_1_99' title='bbox 612 1594 870 1667; x_wconf 78' lang='lat' dir='ltr'>rhythmi</span> <span class='ocrx_word' id='word_1_100' title='bbox 893 1609 1246 1667; x_wconf 86' lang='lat' dir='ltr'>processere.</span> <span class='ocrx_word' id='word_1_101' title='bbox 1280 1592 1564 1648; x_wconf 88' lang='lat' dir='ltr'>Eumdem</span> <span class='ocrx_word' id='word_1_102' title='bbox 1596 1608 1728 1648; x_wconf 88' lang='lat' dir='ltr'>vero</span> <span class='ocrx_word' id='word_1_103' title='bbox 1755 1607 1977 1647; x_wconf 90' lang='lat' dir='ltr'>morem</span> 
     </span>
    </p>
   </div>
   <div class='ocr_carea' id='block_1_18' title="bbox 320 1675 1977 1754">
    <p class='ocr_par' dir='ltr' id='par_1_18' title="bbox 320 1675 1977 1754">
     <span class='ocr_line' id='line_1_19' title="bbox 320 1675 1977 1754; baseline -0.003 -14"><span class='ocrx_word' id='word_1_104' title='bbox 320 1683 615 1741; x_wconf 83' lang='lat' dir='ltr'>retinuere</span> <span class='ocrx_word' id='word_1_105' title='bbox 671 1681 984 1739; x_wconf 88' lang='lat' dir='ltr'>Christiani</span> <span class='ocrx_word' id='word_1_106' title='bbox 1031 1675 1354 1739; x_wconf 82' lang='lat' dir='ltr'>barbaricis</span> <span class='ocrx_word' id='word_1_107' title='bbox 1410 1680 1796 1754; x_wconf 87' lang='lat' dir='ltr'>temporibus,</span> <span class='ocrx_word' id='word_1_108' title='bbox 1842 1697 1977 1736; x_wconf 89' lang='lat' dir='ltr'>cum</span> 
     </span>
    </p>
   </div>
   <div class='ocr_carea' id='block_1_19' title="bbox 321 1769 1975 1846">
    <p class='ocr_par' dir='ltr' id='par_1_19' title="bbox 321 1769 1975 1846">
     <span class='ocr_line' id='line_1_20' title="bbox 321 1769 1975 1846; baseline -0.003 -17"><span class='ocrx_word' id='word_1_109' title='bbox 321 1772 576 1846; x_wconf 91' lang='lat' dir='ltr'>hymnos</span> <span class='ocrx_word' id='word_1_110' title='bbox 613 1770 1094 1845; x_wconf 77' lang='lat' dir='ltr'>componebant;</span> <span class='ocrx_word' id='word_1_111' title='bbox 1129 1770 1283 1843; x_wconf 91' lang='lat' dir='ltr'>quod</span> <span class='ocrx_word' id='word_1_112' title='bbox 1333 1770 1508 1826; x_wconf 90' lang='lat' dir='ltr'>etiam</span> <span class='ocrx_word' id='word_1_113' title='bbox 1540 1787 1571 1825; x_wconf 91' lang='lat' dir='ltr'>e</span> <span class='ocrx_word' id='word_1_114' title='bbox 1601 1769 1975 1825; x_wconf 79' lang='lat' dir='ltr'>Becliorensi-</span> 
     </span>
    </p>
   </div>
   <div class='ocr_carea' id='block_1_20' title="bbox 318 1857 1970 1935">
    <p class='ocr_par' dir='ltr' id='par_1_20' title="bbox 318 1857 1970 1935">
     <span class='ocr_line' id='line_1_21' title="bbox 318 1857 1970 1935; baseline -0.004 -16"><span class='ocrx_word' id='word_1_115' title='bbox 318 1863 432 1919; x_wconf 79' lang='lat' dir='ltr'>bus</span> <span class='ocrx_word' id='word_1_116' title='bbox 464 1878 653 1935; x_wconf 89' lang='lat' dir='ltr'>nuper</span> <span class='ocrx_word' id='word_1_117' title='bbox 680 1859 1019 1916; x_wconf 88' lang='lat' dir='ltr'>memoratis</span> <span class='ocrx_word' id='word_1_118' title='bbox 1050 1858 1315 1932; x_wconf 88' lang='lat' dir='ltr'>liquebit.</span> <span class='ocrx_word' id='word_1_119' title='bbox 1349 1857 1610 1931; x_wconf 82' lang='lat' dir='ltr'>Exempli</span> <span class='ocrx_word' id='word_1_120' title='bbox 1652 1857 1839 1931; x_wconf 86' lang='lat' dir='ltr'>gratia</span> <span class='ocrx_word' id='word_1_121' title='bbox 1864 1857 1970 1913; x_wconf 87' lang='lat' dir='ltr'>hos</span> 
     </span>
    </p>
   </div>
   <div class='ocr_carea' id='block_1_21' title="bbox 319 1945 1969 2019">
    <p class='ocr_par' dir='ltr' id='par_1_21' title="bbox 319 1945 1969 2019">
     <span class='ocr_line' id='line_1_22' title="bbox 319 1945 1969 2019; baseline -0.004 -12"><span class='ocrx_word' id='word_1_122' title='bbox 319 1953 551 2007; x_wconf 87' lang='lat' dir='ltr'>tantum</span> <span class='ocrx_word' id='word_1_123' title='bbox 572 1964 989 2019; x_wconf 90' lang='lat' dir='ltr'>commemoro,</span> <span class='ocrx_word' id='word_1_124' title='bbox 1021 1963 1207 2003; x_wconf 90' lang='lat' dir='ltr'>unum</span> <span class='ocrx_word' id='word_1_125' title='bbox 1236 1963 1470 2003; x_wconf 88' lang='lat' dir='ltr'>versum</span> <span class='ocrx_word' id='word_1_126' title='bbox 1510 1946 1570 2002; x_wconf 91' lang='lat' dir='ltr'>in</span> <span class='ocrx_word' id='word_1_127' title='bbox 1602 1946 1751 2004; x_wconf 91' lang='lat' dir='ltr'>duos</span> <span class='ocrx_word' id='word_1_128' title='bbox 1789 1945 1969 2003; x_wconf 89' lang='lat' dir='ltr'>versi-</span> 
     </span>
    </p>
   </div>
   <div class='ocr_carea' id='block_1_22' title="bbox 319 2037 822 2096">
    <p class='ocr_par' dir='ltr' id='par_1_22' title="bbox 319 2037 822 2096">
     <span class='ocr_line' id='line_1_23' title="bbox 319 2037 822 2096; baseline -0.002 -2"><span class='ocrx_word' id='word_1_129' title='bbox 319 2038 482 2096; x_wconf 88' lang='lat' dir='ltr'>culos</span> <span class='ocrx_word' id='word_1_130' title='bbox 512 2037 779 2095; x_wconf 84' lang='lat' dir='ltr'>dividens</span> <span class='ocrx_word' id='word_1_131' title='bbox 808 2053 822 2093; x_wconf 88' lang='lat'><strong>:</strong></span> 
     </span>
    </p>
   </div>
   <div class='ocr_carea' id='block_1_23' title="bbox 674 2125 1332 2199">
    <p class='ocr_par' dir='ltr' id='par_1_23' title="bbox 674 2125 1332 2199">
     <span class='ocr_line' id='line_1_24' title="bbox 674 2125 1332 2199; baseline -0.006 -15"><span class='ocrx_word' id='word_1_132' title='bbox 674 2128 738 2184; x_wconf 90' lang='lat' dir='ltr'>In</span> <span class='ocrx_word' id='word_1_133' title='bbox 760 2125 1040 2199; x_wconf 76' lang='lat' dir='ltr'>prophetis</span> <span class='ocrx_word' id='word_1_134' title='bbox 1066 2126 1332 2181; x_wconf 85' lang='lat' dir='ltr'>inveniris</span> 
     </span>
    </p>
   </div>
   <div class='ocr_carea' id='block_1_24' title="bbox 671 2213 1306 2274">
    <p class='ocr_par' dir='ltr' id='par_1_24' title="bbox 671 2213 1306 2274">
     <span class='ocr_line' id='line_1_25' title="bbox 671 2213 1306 2274; baseline -0.009 0"><span class='ocrx_word' id='word_1_135' title='bbox 671 2217 864 2274; x_wconf 87' lang='lat' dir='ltr'>Nostro</span> <span class='ocrx_word' id='word_1_136' title='bbox 893 2218 1058 2270; x_wconf 85' lang='lat' dir='ltr'>natus</span> <span class='ocrx_word' id='word_1_137' title='bbox 1085 2213 1306 2272; x_wconf 61' lang='lat' dir='ltr'>saeculo.</span> 
     </span>
    </p>
   </div>
   <div class='ocr_carea' id='block_1_25' title="bbox 677 2303 1284 2375">
    <p class='ocr_par' dir='ltr' id='par_1_25' title="bbox 677 2303 1284 2375">
     <span class='ocr_line' id='line_1_26' title="bbox 677 2303 1284 2375; baseline -0.003 -15"><span class='ocrx_word' id='word_1_138' title='bbox 677 2305 815 2361; x_wconf 81' lang='lat' dir='ltr'>Ante</span> <span class='ocrx_word' id='word_1_139' title='bbox 842 2303 1004 2360; x_wconf 58' lang='lat' dir='ltr'>secta</span> <span class='ocrx_word' id='word_1_140' title='bbox 1032 2310 1092 2358; x_wconf 83' lang='lat' dir='ltr'>tu</span> <span class='ocrx_word' id='word_1_141' title='bbox 1120 2303 1284 2375; x_wconf 78' lang='lat' dir='ltr'>fuisti</span> 
     </span>
    </p>
   </div>
   <div class='ocr_carea' id='block_1_26' title="bbox 674 2392 1426 2466">
    <p class='ocr_par' dir='ltr' id='par_1_26' title="bbox 674 2392 1426 2466">
     <span class='ocr_line' id='line_1_27' title="bbox 674 2392 1426 2466; baseline -0.004 -17"><span class='ocrx_word' id='word_1_142' title='bbox 674 2394 870 2449; x_wconf 82' lang='lat' dir='ltr'>Factor</span> <span class='ocrx_word' id='word_1_143' title='bbox 892 2392 1069 2466; x_wconf 81' lang='lat' dir='ltr'>primi</span> <span class='ocrx_word' id='word_1_144' title='bbox 1094 2392 1303 2461; x_wconf 78' lang='lat' dir='ltr'>saeculi,</span> <span class='ocrx_word' id='word_1_145' title='bbox 1337 2393 1426 2447; x_wconf 90' lang='lat' dir='ltr'>etc</span> 
     </span>
    </p>
   </div>
   <div class='ocr_carea' id='block_1_27' title="bbox 664 2481 1423 2555">
    <p class='ocr_par' dir='ltr' id='par_1_27' title="bbox 664 2481 1423 2555">
     <span class='ocr_line' id='line_1_28' title="bbox 664 2481 1423 2555; baseline -0.003 -17"><span class='ocrx_word' id='word_1_146' title='bbox 664 2481 798 2538; x_wconf 85' lang='lat' dir='ltr'>Cum</span> <span class='ocrx_word' id='word_1_147' title='bbox 818 2482 975 2554; x_wconf 84' lang='lat' dir='ltr'>jubet</span> <span class='ocrx_word' id='word_1_148' title='bbox 989 2497 1187 2555; x_wconf 86' lang='lat' dir='ltr'>parvos</span> <span class='ocrx_word' id='word_1_149' title='bbox 1214 2482 1423 2551; x_wconf 86' lang='lat' dir='ltr'>necari,</span> 
     </span>
    </p>
   </div>
   <div class='ocr_carea' id='block_1_28' title="bbox 675 2572 1363 2643">
    <p class='ocr_par' dir='ltr' id='par_1_28' title="bbox 675 2572 1363 2643">
     <span class='ocr_line' id='line_1_29' title="bbox 675 2572 1363 2643; baseline -0.001 -17"><span class='ocrx_word' id='word_1_150' title='bbox 675 2572 853 2626; x_wconf 87' lang='lat' dir='ltr'>Turba</span> <span class='ocrx_word' id='word_1_151' title='bbox 878 2572 1008 2643; x_wconf 82' lang='lat' dir='ltr'>fecit</span> <span class='ocrx_word' id='word_1_152' title='bbox 1034 2578 1363 2643; x_wconf 80' lang='lat' dir='ltr'>martyrum.</span> 
     </span>
    </p>
   </div>
   <div class='ocr_carea' id='block_1_29' title="bbox 588 2657 1462 2731">
    <p class='ocr_par' dir='ltr' id='par_1_29' title="bbox 588 2657 1462 2731">
     <span class='ocr_line' id='line_1_30' title="bbox 588 2657 1462 2731; baseline -0.003 -15"><span class='ocrx_word' id='word_1_153' title='bbox 588 2695 593 2698; x_wconf 98' lang='lat'><strong><em>-</em></strong></span> <span class='ocrx_word' id='word_1_154' title='bbox 676 2661 870 2716; x_wconf 81' lang='lat' dir='ltr'>Fertur</span> <span class='ocrx_word' id='word_1_155' title='bbox 898 2660 1089 2731; x_wconf 79' lang='lat' dir='ltr'>infans</span> <span class='ocrx_word' id='word_1_156' title='bbox 1117 2657 1462 2725; x_wconf 82' lang='lat' dir='ltr'>acculcndus,</span> 
     </span>
    </p>
   </div>
   <div class='ocr_carea' id='block_1_30' title="bbox 673 2747 1332 2819">
    <p class='ocr_par' dir='ltr' id='par_1_30' title="bbox 673 2747 1332 2819">
     <span class='ocr_line' id='line_1_31' title="bbox 673 2747 1332 2819; baseline -0.005 -16"><span class='ocrx_word' id='word_1_157' title='bbox 673 2748 790 2803; x_wconf 83' lang='lat' dir='ltr'>Nili</span> <span class='ocrx_word' id='word_1_158' title='bbox 816 2750 1027 2819; x_wconf 79' lang='lat' dir='ltr'>ﬂumen</span> <span class='ocrx_word' id='word_1_159' title='bbox 1054 2763 1156 2818; x_wconf 85' lang='lat' dir='ltr'>quo</span> <span class='ocrx_word' id='word_1_160' title='bbox 1186 2747 1332 2817; x_wconf 86' lang='lat' dir='ltr'>ﬂuit.</span> 
     </span>
    </p>
   </div>
   <div class='ocr_carea' id='block_1_31' title="bbox 316 2833 1971 2909">
    <p class='ocr_par' dir='ltr' id='par_1_31' title="bbox 316 2833 1971 2909">
     <span class='ocr_line' id='line_1_32' title="bbox 316 2833 1971 2909; baseline -0.001 -17"><span class='ocrx_word' id='word_1_161' title='bbox 316 2834 564 2893; x_wconf 85' lang='lat' dir='ltr'>Allatius</span> <span class='ocrx_word' id='word_1_162' title='bbox 597 2851 834 2909; x_wconf 89' lang='lat' dir='ltr'>quoque</span> <span class='ocrx_word' id='word_1_163' title='bbox 872 2833 1268 2908; x_wconf 64' lang='lat' dir='ltr'>praelaudatus</span> <span class='ocrx_word' id='word_1_164' title='bbox 1314 2833 1726 2890; x_wconf 86' lang='lat' dir='ltr'>animadvertit</span> <span class='ocrx_word' id='word_1_165' title='bbox 1756 2835 1815 2890; x_wconf 92' lang='lat' dir='ltr'>in</span> <span class='ocrx_word' id='word_1_166' title='bbox 1846 2852 1971 2891; x_wconf 85' lang='lat' dir='ltr'>ver-</span> 
     </span>
    </p>
   </div>
   <div class='ocr_carea' id='block_1_32' title="bbox 319 2923 1968 2997">
    <p class='ocr_par' dir='ltr' id='par_1_32' title="bbox 319 2923 1968 2997">
     <span class='ocr_line' id='line_1_33' title="bbox 319 2923 1968 2997; baseline -0.002 -14"><span class='ocrx_word' id='word_1_167' title='bbox 319 2925 487 2983; x_wconf 87' lang='lat' dir='ltr'>sibus</span> <span class='ocrx_word' id='word_1_168' title='bbox 517 2924 851 2982; x_wconf 66' lang='lat' dir='ltr'>Graecorum</span> <span class='ocrx_word' id='word_1_169' title='bbox 876 2924 1141 2997; x_wconf 81' lang='lat' dir='ltr'>policitis,</span> <span class='ocrx_word' id='word_1_170' title='bbox 1171 2925 1235 2979; x_wconf 90' lang='lat' dir='ltr'>in</span> <span class='ocrx_word' id='word_1_171' title='bbox 1262 2923 1479 2996; x_wconf 85' lang='lat' dir='ltr'>quibus,</span> <span class='ocrx_word' id='word_1_172' title='bbox 1513 2927 1578 2978; x_wconf 91' lang='lat' dir='ltr'>ut</span> <span class='ocrx_word' id='word_1_173' title='bbox 1607 2923 1968 2997; x_wconf 88' lang='lat' dir='ltr'>ipsescribit,</span> 
     </span>
    </p>
   </div>
   <div class='ocr_carea' id='block_1_33' title="bbox 317 3011 1976 3088">
    <p class='ocr_par' dir='ltr' id='par_1_33' title="bbox 317 3011 1976 3088">
     <span class='ocr_line' id='line_1_34' title="bbox 317 3011 1976 3088; baseline -0.001 -17"><span class='ocrx_word' id='word_1_174' title='bbox 317 3013 570 3088; x_wconf 80' lang='lat' dir='ltr'>syllabas</span> <span class='ocrx_word' id='word_1_175' title='bbox 627 3012 939 3085; x_wconf 78' lang='lat' dir='ltr'>quindecim</span> <span class='ocrx_word' id='word_1_176' title='bbox 990 3029 1277 3085; x_wconf 82' lang='lat' dir='ltr'>nunquam</span> <span class='ocrx_word' id='word_1_177' title='bbox 1334 3011 1639 3081; x_wconf 71' lang='lat' dir='ltr'>excedunt;</span> <span class='ocrx_word' id='word_1_178' title='bbox 1671 3015 1721 3069; x_wconf 82' lang='lat' dir='ltr'>et</span> <span class='ocrx_word' id='word_1_179' title='bbox 1771 3015 1823 3069; x_wconf 82' lang='lat' dir='ltr'>si</span> <span class='ocrx_word' id='word_1_180' title='bbox 1850 3028 1976 3085; x_wconf 69' lang='lat' dir='ltr'>qua:</span> 
     </span>
    </p>
   </div>
   <div class='ocr_carea' id='block_1_34' title="bbox 319 3102 1976 3177">
    <p class='ocr_par' dir='ltr' id='par_1_34' title="bbox 319 3102 1976 3177">
     <span class='ocr_line' id='line_1_35' title="bbox 319 3102 1976 3177; baseline -0.002 -17"><span class='ocrx_word' id='word_1_181' title='bbox 319 3105 471 3160; x_wconf 83' lang='lat' dir='ltr'>ultra</span> <span class='ocrx_word' id='word_1_182' title='bbox 498 3102 772 3173; x_wconf 77' lang='lat' dir='ltr'>videntur,</span> <span class='ocrx_word' id='word_1_183' title='bbox 801 3119 891 3161; x_wconf 85' lang='lat' dir='ltr'>eas</span> <span class='ocrx_word' id='word_1_184' title='bbox 939 3118 1044 3177; x_wconf 87' lang='lat' dir='ltr'>per</span> <span class='ocrx_word' id='word_1_185' title='bbox 1088 3103 1411 3175; x_wconf 66' lang='lat' dir='ltr'>aphzresin,</span> <span class='ocrx_word' id='word_1_186' title='bbox 1469 3105 1584 3159; x_wconf 83' lang='lat' dir='ltr'>sive</span> <span class='ocrx_word' id='word_1_187' title='bbox 1611 3103 1976 3175; x_wconf 64' lang='lat' dir='ltr'>synalarphen</span> 
     </span>
    </p>
   </div>
   <div class='ocr_carea' id='block_1_35' title="bbox 318 3175 2046 3265">
    <p class='ocr_par' dir='ltr' id='par_1_35' title="bbox 318 3175 2046 3265">
     <span class='ocr_line' id='line_1_36' title="bbox 318 3175 2046 3265; baseline -0.004 -15"><span class='ocrx_word' id='word_1_188' title='bbox 318 3193 604 3250; x_wconf 82' lang='lat' dir='ltr'>decurtant</span> <span class='ocrx_word' id='word_1_189' title='bbox 631 3196 683 3249; x_wconf 80' lang='lat' dir='ltr'>et</span> <span class='ocrx_word' id='word_1_190' title='bbox 710 3175 1022 3249; x_wconf 80' lang='lat' dir='ltr'>absumunt.</span> <span class='ocrx_word' id='word_1_191' title='bbox 1067 3192 1343 3265; x_wconf 85' lang='lat' dir='ltr'>Ejusdem</span> <span class='ocrx_word' id='word_1_192' title='bbox 1392 3198 1586 3248; x_wconf 83' lang='lat' dir='ltr'>autem</span> <span class='ocrx_word' id='word_1_193' title='bbox 1630 3192 1800 3248; x_wconf 90' lang='lat' dir='ltr'>metri</span> <span class='ocrx_word' id='word_1_194' title='bbox 1833 3195 1974 3248; x_wconf 90' lang='lat' dir='ltr'>sunt</span> <span class='ocrx_word' id='word_1_195' title='bbox 2003 3175 2046 3243; x_wconf 86' lang='lat' dir='ltr'>C</span> 
     </span>
    </p>
   </div>
   <div class='ocr_carea' id='block_1_36' title="bbox 317 3279 1973 3355">
    <p class='ocr_par' dir='ltr' id='par_1_36' title="bbox 317 3279 1973 3355">
     <span class='ocr_line' id='line_1_37' title="bbox 317 3279 1973 3355; baseline -0.001 -16"><span class='ocrx_word' id='word_1_196' title='bbox 317 3283 583 3339; x_wconf 75' lang='lat' dir='ltr'>Planctus</span> <span class='ocrx_word' id='word_1_197' title='bbox 611 3281 954 3355; x_wconf 80' lang='lat' dir='ltr'>rhythmicus</span> <span class='ocrx_word' id='word_1_198' title='bbox 1008 3296 1187 3354; x_wconf 88' lang='lat' dir='ltr'>super</span> <span class='ocrx_word' id='word_1_199' title='bbox 1216 3284 1400 3337; x_wconf 88' lang='lat' dir='ltr'>morte</span> <span class='ocrx_word' id='word_1_200' title='bbox 1448 3279 1809 3337; x_wconf 87' lang='lat' dir='ltr'>Constantini</span> <span class='ocrx_word' id='word_1_201' title='bbox 1845 3298 1973 3337; x_wconf 88' lang='lat' dir='ltr'>mo-</span> 
     </span>
    </p>
   </div>
   <div class='ocr_carea' id='block_1_37' title="bbox 321 3370 1972 3443">
    <p class='ocr_par' dir='ltr' id='par_1_37' title="bbox 321 3370 1972 3443">
     <span class='ocr_line' id='line_1_38' title="bbox 321 3370 1972 3443; baseline -0.003 -13"><span class='ocrx_word' id='word_1_202' title='bbox 321 3371 494 3430; x_wconf 85' lang='lat' dir='ltr'>nachi</span> <span class='ocrx_word' id='word_1_203' title='bbox 528 3370 905 3428; x_wconf 81' lang='lat' dir='ltr'>Luxoviensis</span> <span class='ocrx_word' id='word_1_204' title='bbox 951 3387 987 3427; x_wconf 92' lang='lat' dir='ltr'>a</span> <span class='ocrx_word' id='word_1_205' title='bbox 1025 3370 1242 3427; x_wconf 86' lang='lat' dir='ltr'>Gudino</span> <span class='ocrx_word' id='word_1_206' title='bbox 1278 3371 1540 3427; x_wconf 78' lang='lat' dir='ltr'>monacho</span> <span class='ocrx_word' id='word_1_207' title='bbox 1589 3370 1972 3443; x_wconf 87' lang='lat' dir='ltr'>compositus,</span> 
     </span>
    </p>
   </div>
   <div class='ocr_carea' id='block_1_38' title="bbox 319 3448 1972 3531">
    <p class='ocr_par' dir='ltr' id='par_1_38' title="bbox 319 3448 1972 3531">
     <span class='ocr_line' id='line_1_39' title="bbox 319 3448 1972 3531; baseline -0.002 -15"><span class='ocrx_word' id='word_1_208' title='bbox 319 3463 377 3516; x_wconf 87' lang='lat' dir='ltr'>et</span> <span class='ocrx_word' id='word_1_209' title='bbox 404 3458 693 3515; x_wconf 80' lang='lat' dir='ltr'>Adelmani</span> <span class='ocrx_word' id='word_1_210' title='bbox 744 3448 1065 3515; x_wconf 79' lang='lat' dir='ltr'>Scholastici</span> <span class='ocrx_word' id='word_1_211' title='bbox 1109 3457 1376 3531; x_wconf 78' lang='lat' dir='ltr'>Rhythmi</span> <span class='ocrx_word' id='word_1_212' title='bbox 1429 3458 1761 3530; x_wconf 82' lang='lat' dir='ltr'>alphabetici</span> <span class='ocrx_word' id='word_1_213' title='bbox 1790 3459 1861 3514; x_wconf 92' lang='lat' dir='ltr'>de</span> <span class='ocrx_word' id='word_1_214' title='bbox 1888 3458 1972 3513; x_wconf 86' lang='lat' dir='ltr'>vi-</span> 
     </span>
    </p>
   </div>
   <div class='ocr_carea' id='block_1_39' title="bbox 318 3546 1974 3619">
    <p class='ocr_par' dir='ltr' id='par_1_39' title="bbox 318 3546 1974 3619">
     <span class='ocr_line' id='line_1_40' title="bbox 318 3546 1974 3619; baseline -0.001 -14"><span class='ocrx_word' id='word_1_215' title='bbox 318 3548 401 3605; x_wconf 89' lang='lat' dir='ltr'>ris</span> <span class='ocrx_word' id='word_1_216' title='bbox 431 3547 762 3606; x_wconf 86' lang='lat' dir='ltr'>illustribus</span> <span class='ocrx_word' id='word_1_217' title='bbox 794 3547 886 3602; x_wconf 91' lang='lat' dir='ltr'>sui</span> <span class='ocrx_word' id='word_1_218' title='bbox 917 3546 1219 3619; x_wconf 90' lang='lat' dir='ltr'>temporis,</span> <span class='ocrx_word' id='word_1_219' title='bbox 1241 3563 1390 3619; x_wconf 92' lang='lat' dir='ltr'>quos</span> <span class='ocrx_word' id='word_1_220' title='bbox 1421 3546 1634 3603; x_wconf 70' lang='lat' dir='ltr'>saeculo</span> <span class='ocrx_word' id='word_1_221' title='bbox 1662 3564 1974 3618; x_wconf 75' lang='lat' dir='ltr'>xxcompo-</span> 
     </span>
    </p>
   </div>
   <div class='ocr_carea' id='block_1_40' title="bbox 316 3633 1975 3695">
    <p class='ocr_par' dir='ltr' id='par_1_40' title="bbox 316 3633 1975 3695">
     <span class='ocr_line' id='line_1_41' title="bbox 316 3633 1975 3695; baseline -0.002 -1"><span class='ocrx_word' id='word_1_222' title='bbox 316 3635 460 3695; x_wconf 88' lang='lat' dir='ltr'>sitos</span> <span class='ocrx_word' id='word_1_223' title='bbox 488 3633 865 3694; x_wconf 86' lang='lat' dir='ltr'>Mabillonius</span> <span class='ocrx_word' id='word_1_224' title='bbox 908 3633 975 3690; x_wconf 89' lang='lat' dir='ltr'>V.</span> <span class='ocrx_word' id='word_1_225' title='bbox 1010 3633 1083 3690; x_wconf 92' lang='lat' dir='ltr'>cl.</span> <span class='ocrx_word' id='word_1_226' title='bbox 1128 3634 1501 3692; x_wconf 57' lang='lat' dir='ltr'>inter‘vetera</span> <span class='ocrx_word' id='word_1_227' title='bbox 1547 3635 1821 3692; x_wconf 89' lang='lat' dir='ltr'>Analecta</span> <span class='ocrx_word' id='word_1_228' title='bbox 1849 3635 1975 3691; x_wconf 88' lang='lat' dir='ltr'>edi-</span> 
     </span>
    </p>
   </div>
   <div class='ocr_carea' id='block_1_41' title="bbox 314 3722 1977 3797">
    <p class='ocr_par' dir='ltr' id='par_1_41' title="bbox 314 3722 1977 3797">
     <span class='ocr_line' id='line_1_42' title="bbox 314 3722 1977 3797; baseline -0.002 -15"><span class='ocrx_word' id='word_1_229' title='bbox 314 3725 419 3782; x_wconf 90' lang='lat' dir='ltr'>dit.</span> <span class='ocrx_word' id='word_1_230' title='bbox 450 3724 596 3780; x_wconf 82' lang='lat' dir='ltr'>Vide</span> <span class='ocrx_word' id='word_1_231' title='bbox 623 3723 840 3796; x_wconf 91' lang='lat' dir='ltr'>pariter</span> <span class='ocrx_word' id='word_1_232' title='bbox 867 3723 1021 3779; x_wconf 88' lang='lat' dir='ltr'>inter</span> <span class='ocrx_word' id='word_1_233' title='bbox 1049 3722 1244 3794; x_wconf 88' lang='lat' dir='ltr'>Opera</span> <span class='ocrx_word' id='word_1_234' title='bbox 1271 3723 1459 3780; x_wconf 86' lang='lat' dir='ltr'>sancti</span> <span class='ocrx_word' id='word_1_235' title='bbox 1490 3722 1745 3779; x_wconf 89' lang='lat' dir='ltr'>Fulberti</span> <span class='ocrx_word' id='word_1_236' title='bbox 1777 3723 1977 3797; x_wconf 84' lang='lat' dir='ltr'>rhyth-</span> 
     </span>
    </p>
   </div>
   <div class='ocr_carea' id='block_1_42' title="bbox 315 3811 1975 3883">
    <p class='ocr_par' dir='ltr' id='par_1_42' title="bbox 315 3811 1975 3883">
     <span class='ocr_line' id='line_1_43' title="bbox 315 3811 1975 3883; baseline -0.001 -12"><span class='ocrx_word' id='word_1_237' title='bbox 315 3831 467 3883; x_wconf 91' lang='lat' dir='ltr'>mos,</span> <span class='ocrx_word' id='word_1_238' title='bbox 491 3811 758 3869; x_wconf 86' lang='lat' dir='ltr'>versibus</span> <span class='ocrx_word' id='word_1_239' title='bbox 789 3811 1044 3868; x_wconf 91' lang='lat' dir='ltr'>minime</span> <span class='ocrx_word' id='word_1_240' title='bbox 1074 3812 1368 3869; x_wconf 84' lang='lat' dir='ltr'>distinctis</span> <span class='ocrx_word' id='word_1_241' title='bbox 1389 3812 1601 3869; x_wconf 91' lang='lat' dir='ltr'>editos.</span> <span class='ocrx_word' id='word_1_242' title='bbox 1625 3811 1848 3869; x_wconf 87' lang='lat' dir='ltr'>Floruit</span> <span class='ocrx_word' id='word_1_243' title='bbox 1879 3813 1975 3870; x_wconf 91' lang='lat' dir='ltr'>ille</span> 
     </span>
    </p>
   </div>
   <div class='ocr_carea' id='block_1_43' title="bbox 319 3899 1971 3976">
    <p class='ocr_par' dir='ltr' id='par_1_43' title="bbox 319 3899 1971 3976">
     <span class='ocr_line' id='line_1_44' title="bbox 319 3899 1971 3976; baseline 0 -19"><span class='ocrx_word' id='word_1_244' title='bbox 319 3917 554 3976; x_wconf 89' lang='lat' dir='ltr'>quoque</span> <span class='ocrx_word' id='word_1_245' title='bbox 582 3899 795 3973; x_wconf 50' lang='lat' dir='ltr'>sgeulo</span> <span class='ocrx_word' id='word_1_246' title='bbox 825 3917 902 3956; x_wconf 83' lang='lat' dir='ltr'>x1.</span> <span class='ocrx_word' id='word_1_247' title='bbox 962 3899 1224 3958; x_wconf 88' lang='lat' dir='ltr'>Similem</span> <span class='ocrx_word' id='word_1_248' title='bbox 1258 3902 1433 3958; x_wconf 89' lang='lat' dir='ltr'>etiam</span> <span class='ocrx_word' id='word_1_249' title='bbox 1458 3900 1799 3975; x_wconf 89' lang='lat' dir='ltr'>rhythmum</span> <span class='ocrx_word' id='word_1_250' title='bbox 1825 3902 1971 3957; x_wconf 87' lang='lat' dir='ltr'>Lan-</span> 
     </span>
    </p>
   </div>
   <div class='ocr_carea' id='block_1_44' title="bbox 318 3987 1973 4064">
    <p class='ocr_par' dir='ltr' id='par_1_44' title="bbox 318 3987 1973 4064">
     <span class='ocr_line' id='line_1_45' title="bbox 318 3987 1973 4064; baseline -0.002 -16"><span class='ocrx_word' id='word_1_251' title='bbox 318 3989 580 4064; x_wconf 89' lang='lat' dir='ltr'>dulphus</span> <span class='ocrx_word' id='word_1_252' title='bbox 608 3987 802 4046; x_wconf 89' lang='lat' dir='ltr'>senior</span> <span class='ocrx_word' id='word_1_253' title='bbox 821 3988 1136 4047; x_wconf 90' lang='lat' dir='ltr'>historicus</span> <span class='ocrx_word' id='word_1_254' title='bbox 1152 3989 1602 4047; x_wconf 89' lang='lat' dir='ltr'>Mediolanensis</span> <span class='ocrx_word' id='word_1_255' title='bbox 1635 3988 1919 4061; x_wconf 81' lang='lat' dir='ltr'>exhibuit,</span> <span class='ocrx_word' id='word_1_256' title='bbox 1940 4008 1973 4046; x_wconf 87' lang='lat' dir='ltr'>a</span> 
     </span>
    </p>
   </div>
   <div class='ocr_carea' id='block_1_45' title="bbox 320 4077 1972 4153">
    <p class='ocr_par' dir='ltr' id='par_1_45' title="bbox 320 4077 1972 4153">
     <span class='ocr_line' id='line_1_46' title="bbox 320 4077 1972 4153; baseline 0.001 -17"><span class='ocrx_word' id='word_1_257' title='bbox 320 4096 415 4136; x_wconf 92' lang='lat' dir='ltr'>me</span> <span class='ocrx_word' id='word_1_258' title='bbox 444 4078 780 4153; x_wconf 87' lang='lat' dir='ltr'>evulgatum</span> <span class='ocrx_word' id='word_1_259' title='bbox 811 4080 970 4135; x_wconf 88' lang='lat' dir='ltr'>tomo</span> <span class='ocrx_word' id='word_1_260' title='bbox 1003 4079 1076 4136; x_wconf 88' lang='lat' dir='ltr'>IV</span> <span class='ocrx_word' id='word_1_261' title='bbox 1106 4079 1237 4136; x_wconf 87' lang='lat' dir='ltr'>Rer.</span> <span class='ocrx_word' id='word_1_262' title='bbox 1269 4078 1518 4135; x_wconf 87' lang='lat' dir='ltr'>Italicar.</span> <span class='ocrx_word' id='word_1_263' title='bbox 1554 4077 1698 4134; x_wconf 89' lang='lat' dir='ltr'>Mihi</span> <span class='ocrx_word' id='word_1_264' title='bbox 1741 4080 1812 4135; x_wconf 92' lang='lat' dir='ltr'>de</span> <span class='ocrx_word' id='word_1_265' title='bbox 1843 4079 1972 4152; x_wconf 92' lang='lat' dir='ltr'>ipso</span> 
     </span>
    </p>
   </div>
   <div class='ocr_carea' id='block_1_46' title="bbox 314 4166 1971 4239">
    <p class='ocr_par' dir='ltr' id='par_1_46' title="bbox 314 4166 1971 4239">
     <span class='ocr_line' id='line_1_47' title="bbox 314 4166 1971 4239; baseline 0.001 -14"><span class='ocrx_word' id='word_1_266' title='bbox 314 4167 471 4225; x_wconf 90' lang='lat' dir='ltr'>infra</span> <span class='ocrx_word' id='word_1_267' title='bbox 498 4183 691 4225; x_wconf 88' lang='lat' dir='ltr'>sermo</span> <span class='ocrx_word' id='word_1_268' title='bbox 722 4172 1000 4225; x_wconf 87' lang='lat' dir='ltr'>recurret.</span> <span class='ocrx_word' id='word_1_269' title='bbox 1055 4167 1322 4225; x_wconf 81' lang='lat' dir='ltr'>Alterum</span> <span class='ocrx_word' id='word_1_270' title='bbox 1372 4182 1607 4239; x_wconf 91' lang='lat' dir='ltr'>quoque</span> <span class='ocrx_word' id='word_1_271' title='bbox 1654 4166 1784 4224; x_wconf 90' lang='lat' dir='ltr'>vide</span> <span class='ocrx_word' id='word_1_272' title='bbox 1814 4185 1849 4224; x_wconf 92' lang='lat' dir='ltr'>a</span> <span class='ocrx_word' id='word_1_273' title='bbox 1878 4185 1971 4226; x_wconf 91' lang='lat' dir='ltr'>me</span> 
     </span>
    </p>
   </div>
   <div class='ocr_carea' id='block_1_47' title="bbox 314 4254 1971 4332">
    <p class='ocr_par' dir='ltr' id='par_1_47' title="bbox 314 4254 1971 4332">
     <span class='ocr_line' id='line_1_48' title="bbox 314 4254 1971 4332; baseline 0 -18"><span class='ocrx_word' id='word_1_274' title='bbox 314 4255 532 4332; x_wconf 90' lang='lat' dir='ltr'>publici</span> <span class='ocrx_word' id='word_1_275' title='bbox 555 4257 712 4331; x_wconf 85' lang='lat' dir='ltr'>juris</span> <span class='ocrx_word' id='word_1_276' title='bbox 745 4257 964 4314; x_wconf 87' lang='lat' dir='ltr'>factum</span> <span class='ocrx_word' id='word_1_277' title='bbox 998 4257 1055 4312; x_wconf 91' lang='lat' dir='ltr'>in</span> <span class='ocrx_word' id='word_1_278' title='bbox 1090 4257 1206 4314; x_wconf 80' lang='lat' dir='ltr'>line</span> <span class='ocrx_word' id='word_1_279' title='bbox 1227 4254 1652 4328; x_wconf 88' lang='lat' dir='ltr'>Paralipomen.</span> <span class='ocrx_word' id='word_1_280' title='bbox 1682 4257 1971 4332; x_wconf 83' lang='lat' dir='ltr'>Anonymi</span> 
     </span>
    </p>
   </div>
   <div class='ocr_carea' id='block_1_48' title="bbox 314 4344 1967 4420">
    <p class='ocr_par' dir='ltr' id='par_1_48' title="bbox 314 4344 1967 4420">
     <span class='ocr_line' id='line_1_49' title="bbox 314 4344 1967 4420; baseline 0 -16"><span class='ocrx_word' id='word_1_281' title='bbox 314 4345 690 4416; x_wconf 89' lang='lat' dir='ltr'>Salernitani,</span> <span class='ocrx_word' id='word_1_282' title='bbox 748 4350 899 4420; x_wconf 87' lang='lat' dir='ltr'>part.</span> <span class='ocrx_word' id='word_1_283' title='bbox 927 4361 971 4403; x_wconf 81' lang='grc' dir='ltr'>ιι</span> <span class='ocrx_word' id='word_1_284' title='bbox 1000 4344 1145 4401; x_wconf 89' lang='lat' dir='ltr'>tomi</span> <span class='ocrx_word' id='word_1_285' title='bbox 1178 4346 1226 4401; x_wconf 88' lang='lat' dir='ltr'><strong>II</strong></span> <span class='ocrx_word' id='word_1_286' title='bbox 1282 4345 1415 4401; x_wconf 83' lang='lat' dir='ltr'>Rer.</span> <span class='ocrx_word' id='word_1_287' title='bbox 1468 4345 1824 4403; x_wconf 78' lang='lat' dir='ltr'>Italicarum.</span> <span class='ocrx_word' id='word_1_288' title='bbox 1857 4348 1967 4404; x_wconf 87' lang='lat' dir='ltr'>Sed</span> 
     </span>
    </p>
   </div>
   <div class='ocr_carea' id='block_1_49' title="bbox 314 4432 1967 4511">
    <p class='ocr_par' dir='ltr' id='par_1_49' title="bbox 314 4432 1967 4511">
     <span class='ocr_line' id='line_1_50' title="bbox 314 4432 1967 4511; baseline 0 -18"><span class='ocrx_word' id='word_1_289' title='bbox 314 4453 494 4511; x_wconf 87' lang='lat' dir='ltr'>supra</span> <span class='ocrx_word' id='word_1_290' title='bbox 518 4438 758 4492; x_wconf 65' lang='lat' dir='ltr'>caeteros</span> <span class='ocrx_word' id='word_1_291' title='bbox 788 4434 1095 4508; x_wconf 74' lang='lat' dir='ltr'>rhythmos</span> <span class='ocrx_word' id='word_1_292' title='bbox 1124 4432 1166 4489; x_wconf 93' lang='lat' dir='ltr'>ii</span> <span class='ocrx_word' id='word_1_293' title='bbox 1197 4434 1462 4492; x_wconf 86' lang='lat' dir='ltr'>fortassis</span> <span class='ocrx_word' id='word_1_294' title='bbox 1493 4436 1843 4505; x_wconf 80' lang='lat' dir='ltr'>aestimandi,</span> <span class='ocrx_word' id='word_1_295' title='bbox 1876 4441 1967 4493; x_wconf 87' lang='lat' dir='ltr'>ut-</span> 
     </span>
    </p>
   </div>
   <div class='ocr_carea' id='block_1_50' title="bbox 2092 522 3771 599">
    <p class='ocr_par' dir='ltr' id='par_1_50' title="bbox 2092 522 3771 599">
     <span class='ocr_line' id='line_1_51' title="bbox 2092 522 3771 599; baseline -0.001 -17"><span class='ocrx_word' id='word_1_296' title='bbox 2092 524 2326 599; x_wconf 91' lang='lat' dir='ltr'>reperit,</span> <span class='ocrx_word' id='word_1_297' title='bbox 2359 525 2472 582; x_wconf 87' lang='lat' dir='ltr'>nisi</span> <span class='ocrx_word' id='word_1_298' title='bbox 2504 527 2916 598; x_wconf 84' lang='lat' dir='ltr'>argumentum</span> <span class='ocrx_word' id='word_1_299' title='bbox 2947 523 3047 580; x_wconf 70' lang='lat' dir='ltr'>irte</span> <span class='ocrx_word' id='word_1_300' title='bbox 3068 526 3245 597; x_wconf 87' lang='lat' dir='ltr'>atque</span> <span class='ocrx_word' id='word_1_301' title='bbox 3274 535 3562 581; x_wconf 64' lang='lat' dir='ltr'>oculum.</span> <span class='ocrx_word' id='word_1_302' title='bbox 3592 522 3771 591; x_wconf 82' lang='lat' dir='ltr'>Quid</span> 
     </span>
    </p>
   </div>
   <div class='ocr_carea' id='block_1_51' title="bbox 2089 611 3766 686">
    <p class='ocr_par' dir='ltr' id='par_1_51' title="bbox 2089 611 3766 686">
     <span class='ocr_line' id='line_1_52' title="bbox 2089 611 3766 686; baseline 0 -16"><span class='ocrx_word' id='word_1_303' title='bbox 2089 616 2276 670; x_wconf 90' lang='lat' dir='ltr'>amico</span> <span class='ocrx_word' id='word_1_304' title='bbox 2307 614 2428 670; x_wconf 90' lang='lat' dir='ltr'>viro</span> <span class='ocrx_word' id='word_1_305' title='bbox 2458 613 2551 670; x_wconf 89' lang='lat' dir='ltr'>hic</span> <span class='ocrx_word' id='word_1_306' title='bbox 2583 614 2825 669; x_wconf 90' lang='lat' dir='ltr'>minime</span> <span class='ocrx_word' id='word_1_307' title='bbox 2841 613 3153 686; x_wconf 91' lang='lat' dir='ltr'>probatum</span> <span class='ocrx_word' id='word_1_308' title='bbox 3178 612 3380 680; x_wconf 87' lang='lat' dir='ltr'>fuerit,</span> <span class='ocrx_word' id='word_1_309' title='bbox 3400 611 3633 686; x_wconf 86' lang='lat' dir='ltr'>:quidve</span> <span class='ocrx_word' id='word_1_310' title='bbox 3648 612 3766 670; x_wconf 71' lang='lat' dir='ltr'>ille</span> 
     </span>
    </p>
   </div>
   <div class='ocr_carea' id='block_1_52' title="bbox 2089 701 3767 777">
    <p class='ocr_par' dir='ltr' id='par_1_52' title="bbox 2089 701 3767 777">
     <span class='ocr_line' id='line_1_53' title="bbox 2089 701 3767 777; baseline -0.002 -16"><span class='ocrx_word' id='word_1_311' title='bbox 2089 704 2391 777; x_wconf 85' lang='lat' dir='ltr'>scripserit</span> <span class='ocrx_word' id='word_1_312' title='bbox 2420 704 2478 758; x_wconf 89' lang='lat' dir='ltr'>in</span> <span class='ocrx_word' id='word_1_313' title='bbox 2515 702 2948 771; x_wconf 89' lang='lat' dir='ltr'>Dissertatione,</span> <span class='ocrx_word' id='word_1_314' title='bbox 2981 718 3161 775; x_wconf 90' lang='lat' dir='ltr'>quam</span> <span class='ocrx_word' id='word_1_315' title='bbox 3190 702 3261 758; x_wconf 90' lang='lat' dir='ltr'>de</span> <span class='ocrx_word' id='word_1_316' title='bbox 3289 701 3503 759; x_wconf 89' lang='lat' dir='ltr'>versib.</span> <span class='ocrx_word' id='word_1_317' title='bbox 3537 701 3767 775; x_wconf 80' lang='lat' dir='ltr'>rhyth-</span> 
     </span>
    </p>
   </div>
   <div class='ocr_carea' id='block_1_53' title="bbox 2090 789 3371 855">
    <p class='ocr_par' dir='ltr' id='par_1_53' title="bbox 2090 789 3371 855">
     <span class='ocr_line' id='line_1_54' title="bbox 2090 789 3371 855; baseline -0.003 -7"><span class='ocrx_word' id='word_1_318' title='bbox 2090 792 2259 848; x_wconf 91' lang='lat' dir='ltr'>micis</span> <span class='ocrx_word' id='word_1_319' title='bbox 2289 809 2442 847; x_wconf 87' lang='lat' dir='ltr'>anno</span> <span class='ocrx_word' id='word_1_320' title='bbox 2479 792 2614 846; x_wconf 81' lang='lat'><strong>1727</strong></span> <span class='ocrx_word' id='word_1_321' title='bbox 2642 789 2853 855; x_wconf 88' lang='lat' dir='ltr'>edidit,</span> <span class='ocrx_word' id='word_1_322' title='bbox 2884 789 3069 846; x_wconf 87' lang='lat' dir='ltr'>amice</span> <span class='ocrx_word' id='word_1_323' title='bbox 3100 790 3371 847; x_wconf 86' lang='lat' dir='ltr'>referam.</span> 
     </span>
    </p>
   </div>
   <div class='ocr_carea' id='block_1_54' title="bbox 2161 878 3767 952">
    <p class='ocr_par' dir='ltr' id='par_1_54' title="bbox 2161 878 3767 952">
     <span class='ocr_line' id='line_1_55' title="bbox 2161 878 3767 952; baseline 0 -16"><span class='ocrx_word' id='word_1_324' title='bbox 2161 881 2400 937; x_wconf 88' lang='lat' dir='ltr'>Moleste</span> <span class='ocrx_word' id='word_1_325' title='bbox 2422 881 2532 937; x_wconf 82' lang='lat' dir='ltr'>fert</span> <span class='ocrx_word' id='word_1_326' title='bbox 2552 879 2649 935; x_wconf 88' lang='lat' dir='ltr'>ille</span> <span class='ocrx_word' id='word_1_327' title='bbox 2661 879 2852 952; x_wconf 89' lang='lat' dir='ltr'>primo</span> <span class='ocrx_word' id='word_1_328' title='bbox 2882 878 3175 950; x_wconf 84' lang='lat' dir='ltr'>ejusmodi</span> <span class='ocrx_word' id='word_1_329' title='bbox 3194 878 3502 952; x_wconf 86' lang='lat' dir='ltr'>rhythmos</span> <span class='ocrx_word' id='word_1_330' title='bbox 3522 896 3558 936; x_wconf 90' lang='lat' dir='ltr'>a</span> <span class='ocrx_word' id='word_1_331' title='bbox 3572 879 3767 937; x_wconf 78' lang='lat' dir='ltr'>nobis</span> 
     </span>
    </p>
   </div>
   <div class='ocr_carea' id='block_1_55' title="bbox 2087 967 3765 1042">
    <p class='ocr_par' dir='ltr' id='par_1_55' title="bbox 2087 967 3765 1042">
     <span class='ocr_line' id='line_1_56' title="bbox 2087 967 3765 1042; baseline -0.001 -17"><span class='ocrx_word' id='word_1_332' title='bbox 2087 969 2271 1026; x_wconf 88' lang='lat' dir='ltr'>fuisse</span> <span class='ocrx_word' id='word_1_333' title='bbox 2285 969 2425 1042; x_wconf 90' lang='lat' dir='ltr'>prod</span> <span class='ocrx_word' id='word_1_334' title='bbox 2436 971 2619 1035; x_wconf 89' lang='lat' dir='ltr'>uctos,</span> <span class='ocrx_word' id='word_1_335' title='bbox 2635 967 2838 1041; x_wconf 89' lang='lat' dir='ltr'>quales</span> <span class='ocrx_word' id='word_1_336' title='bbox 2855 967 2916 1024; x_wconf 91' lang='lat' dir='ltr'>in</span> <span class='ocrx_word' id='word_1_337' title='bbox 2931 985 3077 1025; x_wconf 90' lang='lat' dir='ltr'>mss.</span> <span class='ocrx_word' id='word_1_338' title='bbox 3105 967 3409 1025; x_wconf 88' lang='lat' dir='ltr'>codicibus</span> <span class='ocrx_word' id='word_1_339' title='bbox 3419 968 3765 1042; x_wconf 88' lang='lat' dir='ltr'>deprehen-</span> 
     </span>
    </p>
   </div>
   <div class='ocr_carea' id='block_1_56' title="bbox 2088 1056 3759 1127">
    <p class='ocr_par' dir='ltr' id='par_1_56' title="bbox 2088 1056 3759 1127">
     <span class='ocr_line' id='line_1_57' title="bbox 2088 1056 3759 1127; baseline -0.002 -12"><span class='ocrx_word' id='word_1_340' title='bbox 2088 1059 2305 1127; x_wconf 90' lang='lat' dir='ltr'>dimus,</span> <span class='ocrx_word' id='word_1_341' title='bbox 2335 1058 2443 1115; x_wconf 92' lang='lat' dir='ltr'>hoc</span> <span class='ocrx_word' id='word_1_342' title='bbox 2469 1061 2560 1113; x_wconf 89' lang='lat' dir='ltr'>est</span> <span class='ocrx_word' id='word_1_343' title='bbox 2579 1057 2878 1114; x_wconf 90' lang='lat' dir='ltr'>erroribus</span> <span class='ocrx_word' id='word_1_344' title='bbox 2916 1060 3225 1113; x_wconf 88' lang='lat' dir='ltr'>scatentes.</span> <span class='ocrx_word' id='word_1_345' title='bbox 3262 1056 3481 1115; x_wconf 90' lang='lat' dir='ltr'>Deinde</span> <span class='ocrx_word' id='word_1_346' title='bbox 3509 1074 3618 1114; x_wconf 89' lang='lat' dir='ltr'>nos</span> <span class='ocrx_word' id='word_1_347' title='bbox 3652 1074 3759 1113; x_wconf 80' lang='lat' dir='ltr'>ar-</span> 
     </span>
    </p>
   </div>
   <div class='ocr_carea' id='block_1_57' title="bbox 2089 1145 3764 1221">
    <p class='ocr_par' dir='ltr' id='par_1_57' title="bbox 2089 1145 3764 1221">
     <span class='ocr_line' id='line_1_58' title="bbox 2089 1145 3764 1221; baseline 0.001 -18"><span class='ocrx_word' id='word_1_348' title='bbox 2089 1148 2216 1221; x_wconf 88' lang='lat' dir='ltr'>guit</span> <span class='ocrx_word' id='word_1_349' title='bbox 2243 1147 2400 1219; x_wconf 91' lang='lat' dir='ltr'>quod</span> <span class='ocrx_word' id='word_1_350' title='bbox 2431 1163 2548 1202; x_wconf 91' lang='lat' dir='ltr'>non</span> <span class='ocrx_word' id='word_1_351' title='bbox 2578 1146 2848 1203; x_wconf 89' lang='lat' dir='ltr'>versibus</span> <span class='ocrx_word' id='word_1_352' title='bbox 2897 1146 3213 1212; x_wconf 87' lang='lat' dir='ltr'>distinctis,</span> <span class='ocrx_word' id='word_1_353' title='bbox 3264 1146 3371 1202; x_wconf 91' lang='lat' dir='ltr'>sed</span> <span class='ocrx_word' id='word_1_354' title='bbox 3402 1145 3764 1204; x_wconf 76' lang='lat' dir='ltr'>continuata</span> 
     </span>
    </p>
   </div>
   <div class='ocr_carea' id='block_1_58' title="bbox 2089 1235 3763 1309">
    <p class='ocr_par' dir='ltr' id='par_1_58' title="bbox 2089 1235 3763 1309">
     <span class='ocr_line' id='line_1_59' title="bbox 2089 1235 3763 1309; baseline 0 -16"><span class='ocrx_word' id='word_1_355' title='bbox 2089 1236 2349 1294; x_wconf 81' lang='lat' dir='ltr'>oratione</span> <span class='ocrx_word' id='word_1_356' title='bbox 2380 1237 2451 1291; x_wconf 87' lang='lat' dir='ltr'>ad</span> <span class='ocrx_word' id='word_1_357' title='bbox 2485 1236 2672 1291; x_wconf 87' lang='lat' dir='ltr'>instar</span> <span class='ocrx_word' id='word_1_358' title='bbox 2702 1252 2910 1308; x_wconf 81' lang='lat' dir='ltr'>prosae,</span> <span class='ocrx_word' id='word_1_359' title='bbox 2935 1239 3161 1291; x_wconf 87' lang='lat' dir='ltr'>servato</span> <span class='ocrx_word' id='word_1_360' title='bbox 3175 1235 3461 1291; x_wconf 78' lang='lat' dir='ltr'>duntaxat</span> <span class='ocrx_word' id='word_1_361' title='bbox 3481 1235 3763 1309; x_wconf 84' lang='lat' dir='ltr'>stropha-</span> 
     </span>
    </p>
   </div>
   <div class='ocr_carea' id='block_1_59' title="bbox 2090 1322 3762 1397">
    <p class='ocr_par' dir='ltr' id='par_1_59' title="bbox 2090 1322 3762 1397">
     <span class='ocr_line' id='line_1_60' title="bbox 2090 1322 3762 1397; baseline 0 -16"><span class='ocrx_word' id='word_1_362' title='bbox 2090 1342 2220 1381; x_wconf 92' lang='lat' dir='ltr'>rum</span> <span class='ocrx_word' id='word_1_363' title='bbox 2252 1326 2455 1381; x_wconf 91' lang='lat' dir='ltr'>ordine</span> <span class='ocrx_word' id='word_1_364' title='bbox 2488 1329 2806 1396; x_wconf 89' lang='lat' dir='ltr'>utrumque</span> <span class='ocrx_word' id='word_1_365' title='bbox 2841 1324 3183 1397; x_wconf 84' lang='lat' dir='ltr'>rhythmum</span> <span class='ocrx_word' id='word_1_366' title='bbox 3220 1322 3381 1396; x_wconf 88' lang='lat' dir='ltr'>prelo</span> <span class='ocrx_word' id='word_1_367' title='bbox 3427 1324 3762 1396; x_wconf 83' lang='lat' dir='ltr'>subjeceri-</span> 
     </span>
    </p>
   </div>
   <div class='ocr_carea' id='block_1_60' title="bbox 2091 1410 3764 1486">
    <p class='ocr_par' dir='ltr' id='par_1_60' title="bbox 2091 1410 3764 1486">
     <span class='ocr_line' id='line_1_61' title="bbox 2091 1410 3764 1486; baseline 0.001 -16"><span class='ocrx_word' id='word_1_368' title='bbox 2091 1415 2314 1470; x_wconf 88' lang='lat' dir='ltr'>mus:Si</span> <span class='ocrx_word' id='word_1_369' title='bbox 2322 1415 2456 1486; x_wconf 72' lang='grc' dir='ltr'>[αἰεί</span> <span class='ocrx_word' id='word_1_370' title='bbox 2467 1415 2809 1469; x_wconf 75' lang='lat' dir='ltr'>monumenti</span> <span class='ocrx_word' id='word_1_371' title='bbox 2813 1411 3038 1481; x_wconf 89' lang='lat' dir='ltr'>,scribit</span> <span class='ocrx_word' id='word_1_372' title='bbox 3050 1410 3285 1481; x_wconf 86' lang='lat' dir='ltr'>ille,non</span> <span class='ocrx_word' id='word_1_373' title='bbox 3298 1428 3477 1470; x_wconf 87' lang='lat' dir='ltr'>vanno</span> <span class='ocrx_word' id='word_1_374' title='bbox 3486 1415 3764 1486; x_wconf 66' lang='grc' dir='ltr'>πασιφαιί</span> 
     </span>
    </p>
   </div>
   <div class='ocr_carea' id='block_1_61' title="bbox 2087 1499 3758 1573">
    <p class='ocr_par' dir='ltr' id='par_1_61' title="bbox 2087 1499 3758 1573">
     <span class='ocr_line' id='line_1_62' title="bbox 2087 1499 3758 1573; baseline 0 -14"><span class='ocrx_word' id='word_1_375' title='bbox 2087 1520 2237 1560; x_wconf 86' lang='lat' dir='ltr'>come</span> <span class='ocrx_word' id='word_1_376' title='bbox 2263 1504 2311 1559; x_wconf 81' lang='lat' dir='ltr'>le</span> <span class='ocrx_word' id='word_1_377' title='bbox 2340 1503 2642 1571; x_wconf 67' lang='lat' dir='ltr'>iscrizioni,</span> <span class='ocrx_word' id='word_1_378' title='bbox 2684 1518 2714 1558; x_wconf 94' lang='lat' dir='ltr'>o</span> <span class='ocrx_word' id='word_1_379' title='bbox 2759 1517 2906 1557; x_wconf 90' lang='lat' dir='ltr'>come</span> <span class='ocrx_word' id='word_1_380' title='bbox 2934 1503 2958 1557; x_wconf 91' lang='lat' dir='ltr'>i</span> <span class='ocrx_word' id='word_1_381' title='bbox 2985 1499 3167 1559; x_wconf 78' lang='lat' dir='ltr'>vecchi</span> <span class='ocrx_word' id='word_1_382' title='bbox 3212 1503 3527 1573; x_wconf 75' lang='lat' dir='ltr'>strumenti,</span> <span class='ocrx_word' id='word_1_383' title='bbox 3579 1518 3758 1559; x_wconf 71' lang='lat' dir='ltr'>senm</span> 
     </span>
    </p>
   </div>
   <div class='ocr_carea' id='block_1_62' title="bbox 2087 1591 3753 1664">
    <p class='ocr_par' dir='ltr' id='par_1_62' title="bbox 2087 1591 3753 1664">
     <span class='ocr_line' id='line_1_63' title="bbox 2087 1591 3753 1664; baseline -0.001 -15"><span class='ocrx_word' id='word_1_384' title='bbox 2087 1598 2271 1650; x_wconf 85' lang='lat' dir='ltr'>mutor</span> <span class='ocrx_word' id='word_1_385' title='bbox 2300 1594 2511 1663; x_wconf 81' lang='lat' dir='ltr'>lettera,</span> <span class='ocrx_word' id='word_1_386' title='bbox 2545 1592 2766 1648; x_wconf 83' lang='lat' dir='ltr'>essendo</span> <span class='ocrx_word' id='word_1_387' title='bbox 2793 1592 2890 1647; x_wconf 87' lang='lat' dir='ltr'>che</span> <span class='ocrx_word' id='word_1_388' title='bbox 2914 1592 3056 1647; x_wconf 84' lang='lat' dir='ltr'>altro</span> <span class='ocrx_word' id='word_1_389' title='bbox 3084 1594 3113 1646; x_wconf 71' lang='grc' dir='ltr'><em>ἐ</em></span> <span class='ocrx_word' id='word_1_390' title='bbox 3143 1592 3238 1646; x_wconf 87' lang='lat' dir='ltr'>un’</span> <span class='ocrx_word' id='word_1_391' title='bbox 3269 1592 3544 1664; x_wconf 77' lang='lat' dir='ltr'>originale</span> <span class='ocrx_word' id='word_1_392' title='bbox 3576 1591 3753 1649; x_wconf 83' lang='lat' dir='ltr'>d’an-</span> 
     </span>
    </p>
   </div>
   <div class='ocr_carea' id='block_1_63' title="bbox 2089 1681 3757 1753">
    <p class='ocr_par' dir='ltr' id='par_1_63' title="bbox 2089 1681 3757 1753">
     <span class='ocr_line' id='line_1_64' title="bbox 2089 1681 3757 1753; baseline -0.001 -14"><span class='ocrx_word' id='word_1_393' title='bbox 2089 1685 2194 1739; x_wconf 73' lang='lat' dir='ltr'>lica</span> <span class='ocrx_word' id='word_1_394' title='bbox 2222 1685 2430 1746; x_wconf 80' lang='lat' dir='ltr'>notaio,</span> <span class='ocrx_word' id='word_1_395' title='bbox 2462 1682 2593 1738; x_wconf 86' lang='lat' dir='ltr'>dove</span> <span class='ocrx_word' id='word_1_396' title='bbox 2616 1682 2717 1753; x_wconf 69' lang='lat' dir='ltr'>piii</span> <span class='ocrx_word' id='word_1_397' title='bbox 2749 1697 2865 1737; x_wconf 86' lang='lat' dir='ltr'>case</span> <span class='ocrx_word' id='word_1_398' title='bbox 2891 1682 3201 1753; x_wconf 86' lang='lat' dir='ltr'>insegnano</span> <span class='ocrx_word' id='word_1_399' title='bbox 3232 1681 3405 1737; x_wconf 83' lang='lat' dir='ltr'>anche</span> <span class='ocrx_word' id='word_1_400' title='bbox 3430 1681 3513 1752; x_wconf 86' lang='lat' dir='ltr'>gli</span> <span class='ocrx_word' id='word_1_401' title='bbox 3542 1681 3757 1744; x_wconf 79' lang='lat' dir='ltr'>errori;</span> 
     </span>
    </p>
   </div>
   <div class='ocr_carea' id='block_1_64' title="bbox 2087 1768 3759 1840">
    <p class='ocr_par' dir='ltr' id='par_1_64' title="bbox 2087 1768 3759 1840">
     <span class='ocr_line' id='line_1_65' title="bbox 2087 1768 3759 1840; baseline -0.002 -11"><span class='ocrx_word' id='word_1_402' title='bbox 2087 1772 2152 1829; x_wconf 84' lang='lat' dir='ltr'>ed</span> <span class='ocrx_word' id='word_1_403' title='bbox 2175 1774 2317 1827; x_wconf 78' lang='lat' dir='ltr'>auro</span> <span class='ocrx_word' id='word_1_404' title='bbox 2346 1774 2374 1826; x_wconf 69' lang='grc' dir='ltr'><strong><em>ὁ</em></strong></span> <span class='ocrx_word' id='word_1_405' title='bbox 2401 1770 2493 1826; x_wconf 83' lang='lat' dir='ltr'>un’</span> <span class='ocrx_word' id='word_1_406' title='bbox 2550 1772 2764 1836; x_wconf 80' lang='lat' dir='ltr'>istoria,</span> <span class='ocrx_word' id='word_1_407' title='bbox 2814 1785 2844 1826; x_wconf 91' lang='grc' dir='ltr'><strong><em>ο</em></strong></span> <span class='ocrx_word' id='word_1_408' title='bbox 2878 1770 3306 1840; x_wconf 81' lang='lat' dir='ltr'>companimento</span> <span class='ocrx_word' id='word_1_409' title='bbox 3342 1768 3759 1827; x_wconf 76' lang='lat' dir='ltr'>tramandatoci</span> 
     </span>
    </p>
   </div>
   <div class='ocr_carea' id='block_1_65' title="bbox 2083 1856 3751 1932">
    <p class='ocr_par' dir='ltr' id='par_1_65' title="bbox 2083 1856 3751 1932">
     <span class='ocr_line' id='line_1_66' title="bbox 2083 1856 3751 1932; baseline -0.002 -16"><span class='ocrx_word' id='word_1_410' title='bbox 2083 1860 2169 1916; x_wconf 84' lang='lat' dir='ltr'>da’</span> <span class='ocrx_word' id='word_1_411' title='bbox 2200 1862 2415 1932; x_wconf 77' lang='lat' dir='ltr'>cepisti,</span> <span class='ocrx_word' id='word_1_412' title='bbox 2448 1860 2471 1913; x_wconf 89' lang='lat' dir='ltr'>i</span> <span class='ocrx_word' id='word_1_413' title='bbox 2517 1858 2672 1930; x_wconf 85' lang='lat' dir='ltr'>quali</span> <span class='ocrx_word' id='word_1_414' title='bbox 2717 1858 2868 1913; x_wconf 83' lang='lat' dir='ltr'>dalla</span> <span class='ocrx_word' id='word_1_415' title='bbox 2914 1861 3111 1925; x_wconf 79' lang='lat' dir='ltr'>mente,</span> <span class='ocrx_word' id='word_1_416' title='bbox 3142 1872 3173 1914; x_wconf 87' lang='lat' dir='ltr'>e</span> <span class='ocrx_word' id='word_1_417' title='bbox 3200 1856 3344 1913; x_wconf 75' lang='lat' dir='ltr'>datio</span> <span class='ocrx_word' id='word_1_418' title='bbox 3370 1858 3556 1915; x_wconf 76' lang='lat' dir='ltr'>scritto</span> <span class='ocrx_word' id='word_1_419' title='bbox 3604 1857 3751 1913; x_wconf 68' lang='grc' dir='ltr'>ἄδει’</span> 
     </span>
    </p>
   </div>
   <div class='ocr_carea' id='block_1_66' title="bbox 2081 1947 3755 2016">
    <p class='ocr_par' dir='ltr' id='par_1_66' title="bbox 2081 1947 3755 2016">
     <span class='ocr_line' id='line_1_67' title="bbox 2081 1947 3755 2016; baseline -0.002 -9"><span class='ocrx_word' id='word_1_420' title='bbox 2081 1954 2274 2007; x_wconf 85' lang='lat' dir='ltr'>autore</span> <span class='ocrx_word' id='word_1_421' title='bbox 2303 1949 2539 2005; x_wconf 86' lang='lat' dir='ltr'>abbiano</span> <span class='ocrx_word' id='word_1_422' title='bbox 2593 1947 2804 2003; x_wconf 82' lang='lat' dir='ltr'>deviata</span> <span class='ocrx_word' id='word_1_423' title='bbox 2850 1948 3252 2003; x_wconf 87' lang='lat' dir='ltr'>scioccamente.</span> <span class='ocrx_word' id='word_1_424' title='bbox 3299 1947 3363 2001; x_wconf 82' lang='lat' dir='ltr'>In</span> <span class='ocrx_word' id='word_1_425' title='bbox 3406 1953 3589 2016; x_wconf 83' lang='lat' dir='ltr'>questo</span> <span class='ocrx_word' id='word_1_426' title='bbox 3618 1962 3755 2003; x_wconf 74' lang='lat' dir='ltr'>casa</span> 
     </span>
    </p>
   </div>
   <div class='ocr_carea' id='block_1_67' title="bbox 2079 2035 3753 2112">
    <p class='ocr_par' dir='ltr' id='par_1_67' title="bbox 2079 2035 3753 2112">
     <span class='ocr_line' id='line_1_68' title="bbox 2079 2035 3753 2112; baseline -0.002 -17"><span class='ocrx_word' id='word_1_427' title='bbox 2079 2041 2189 2112; x_wconf 84' lang='lat' dir='ltr'>egli</span> <span class='ocrx_word' id='word_1_428' title='bbox 2216 2042 2244 2094; x_wconf 65' lang='grc' dir='ltr'>(ἒ</span> <span class='ocrx_word' id='word_1_429' title='bbox 2273 2039 2578 2094; x_wconf 81' lang='lat' dir='ltr'>necessario</span> <span class='ocrx_word' id='word_1_430' title='bbox 2608 2053 2744 2092; x_wconf 85' lang='lat' dir='ltr'>usar</span> <span class='ocrx_word' id='word_1_431' title='bbox 2772 2038 3002 2092; x_wconf 82' lang='lat' dir='ltr'>lucerna</span> <span class='ocrx_word' id='word_1_432' title='bbox 3048 2036 3273 2101; x_wconf 69' lang='lat' dir='ltr'>critica,</span> <span class='ocrx_word' id='word_1_433' title='bbox 3298 2050 3329 2091; x_wconf 90' lang='lat' dir='ltr'>e</span> <span class='ocrx_word' id='word_1_434' title='bbox 3355 2050 3639 2092; x_wconf 78' lang='lat' dir='ltr'>conosaere</span> <span class='ocrx_word' id='word_1_435' title='bbox 3681 2035 3753 2091; x_wconf 75' lang='lat' dir='ltr'>ad</span> 
     </span>
    </p>
   </div>
   <div class='ocr_carea' id='block_1_68' title="bbox 2082 2124 3748 2198">
    <p class='ocr_par' dir='ltr' id='par_1_68' title="bbox 2082 2124 3748 2198">
     <span class='ocr_line' id='line_1_69' title="bbox 2082 2124 3748 2198; baseline -0.003 -13"><span class='ocrx_word' id='word_1_436' title='bbox 2082 2127 2394 2194; x_wconf 85' lang='lat' dir='ltr'>emendare,</span> <span class='ocrx_word' id='word_1_437' title='bbox 2453 2142 2551 2182; x_wconf 79' lang='lat' dir='ltr'>ove</span> <span class='ocrx_word' id='word_1_438' title='bbox 2604 2126 2845 2198; x_wconf 83' lang='lat' dir='ltr'>passiam</span> <span class='ocrx_word' id='word_1_439' title='bbox 2880 2125 3027 2195; x_wconf 70' lang='lat' dir='ltr'>farto</span> <span class='ocrx_word' id='word_1_440' title='bbox 3071 2139 3172 2180; x_wconf 88' lang='lat' dir='ltr'>con</span> <span class='ocrx_word' id='word_1_441' title='bbox 3226 2124 3529 2180; x_wconf 70' lang='lat' dir='ltr'>sicurezza.</span> <span class='ocrx_word' id='word_1_442' title='bbox 3561 2124 3748 2180; x_wconf 81' lang='lat' dir='ltr'>.Tum</span> 
     </span>
    </p>
   </div>
   <div class='ocr_carea' id='block_1_69' title="bbox 2086 2212 3747 2289">
    <p class='ocr_par' dir='ltr' id='par_1_69' title="bbox 2086 2212 3747 2289">
     <span class='ocr_line' id='line_1_70' title="bbox 2086 2212 3747 2289; baseline -0.002 -18"><span class='ocrx_word' id='word_1_443' title='bbox 2086 2215 2431 2289; x_wconf 88' lang='lat' dir='ltr'>rhythmum</span> <span class='ocrx_word' id='word_1_444' title='bbox 2463 2232 2497 2270; x_wconf 89' lang='lat' dir='ltr'>a</span> <span class='ocrx_word' id='word_1_445' title='bbox 2527 2212 2863 2270; x_wconf 89' lang='lat' dir='ltr'>Mabillonio</span> <span class='ocrx_word' id='word_1_446' title='bbox 2889 2213 3115 2269; x_wconf 91' lang='lat' dir='ltr'>editum</span> <span class='ocrx_word' id='word_1_447' title='bbox 3145 2229 3354 2269; x_wconf 90' lang='lat' dir='ltr'>rursus</span> <span class='ocrx_word' id='word_1_448' title='bbox 3383 2212 3509 2285; x_wconf 84' lang='lat' dir='ltr'>ipse</span> <span class='ocrx_word' id='word_1_449' title='bbox 3539 2212 3747 2282; x_wconf 80' lang='lat' dir='ltr'>exerit,</span> 
     </span>
    </p>
   </div>
   <div class='ocr_carea' id='block_1_70' title="bbox 2086 2303 3744 2377">
    <p class='ocr_par' dir='ltr' id='par_1_70' title="bbox 2086 2303 3744 2377">
     <span class='ocr_line' id='line_1_71' title="bbox 2086 2303 3744 2377; baseline -0.002 -15"><span class='ocrx_word' id='word_1_450' title='bbox 2086 2304 2353 2377; x_wconf 89' lang='lat' dir='ltr'>singulos</span> <span class='ocrx_word' id='word_1_451' title='bbox 2383 2320 2590 2360; x_wconf 87' lang='lat' dir='ltr'>versus</span> <span class='ocrx_word' id='word_1_452' title='bbox 2621 2303 2993 2375; x_wconf 86' lang='lat' dir='ltr'>distinguens</span> <span class='ocrx_word' id='word_1_453' title='bbox 3018 2319 3032 2369; x_wconf 92' lang='lat'><strong>;</strong></span> <span class='ocrx_word' id='word_1_454' title='bbox 3063 2306 3122 2357; x_wconf 92' lang='lat' dir='ltr'>et</span> <span class='ocrx_word' id='word_1_455' title='bbox 3156 2317 3407 2370; x_wconf 88' lang='lat' dir='ltr'>errores,</span> <span class='ocrx_word' id='word_1_456' title='bbox 3439 2316 3744 2374; x_wconf 86' lang='lat' dir='ltr'>quoscun-</span> 
     </span>
    </p>
   </div>
   <div class='ocr_carea' id='block_1_71' title="bbox 2086 2389 3747 2467">
    <p class='ocr_par' dir='ltr' id='par_1_71' title="bbox 2086 2389 3747 2467">
     <span class='ocr_line' id='line_1_72' title="bbox 2086 2389 3747 2467; baseline -0.002 -17"><span class='ocrx_word' id='word_1_457' title='bbox 2086 2411 2200 2467; x_wconf 89' lang='lat' dir='ltr'>que</span> <span class='ocrx_word' id='word_1_458' title='bbox 2229 2397 2422 2466; x_wconf 90' lang='lat' dir='ltr'>potest</span> <span class='ocrx_word' id='word_1_459' title='bbox 2452 2391 2714 2448; x_wconf 88' lang='lat' dir='ltr'>adhibita</span> <span class='ocrx_word' id='word_1_460' title='bbox 2729 2389 3136 2448; x_wconf 87' lang='lat' dir='ltr'>emendatione</span> <span class='ocrx_word' id='word_1_461' title='bbox 3151 2389 3323 2446; x_wconf 89' lang='lat' dir='ltr'>tollit.</span> <span class='ocrx_word' id='word_1_462' title='bbox 3350 2390 3617 2446; x_wconf 71' lang='lat' dir='ltr'>Criticani</span> <span class='ocrx_word' id='word_1_463' title='bbox 3633 2389 3747 2446; x_wconf 80' lang='lat' dir='ltr'>viri</span> 
     </span>
    </p>
   </div>
   <div class='ocr_carea' id='block_1_72' title="bbox 2084 2479 3751 2553">
    <p class='ocr_par' dir='ltr' id='par_1_72' title="bbox 2084 2479 3751 2553">
     <span class='ocr_line' id='line_1_73' title="bbox 2084 2479 3751 2553; baseline -0.001 -16"><span class='ocrx_word' id='word_1_464' title='bbox 2084 2481 2410 2538; x_wconf 90' lang='lat' dir='ltr'>doctissimi</span> <span class='ocrx_word' id='word_1_465' title='bbox 2468 2481 2749 2537; x_wconf 82' lang='lat' dir='ltr'>lucernam</span> <span class='ocrx_word' id='word_1_466' title='bbox 2802 2479 2996 2536; x_wconf 89' lang='lat' dir='ltr'>hercle</span> <span class='ocrx_word' id='word_1_467' title='bbox 3025 2495 3132 2553; x_wconf 85' lang='lat' dir='ltr'>ego</span> <span class='ocrx_word' id='word_1_468' title='bbox 3162 2482 3221 2535; x_wconf 90' lang='lat' dir='ltr'>et</span> <span class='ocrx_word' id='word_1_469' title='bbox 3271 2479 3454 2552; x_wconf 91' lang='lat' dir='ltr'>probo</span> <span class='ocrx_word' id='word_1_470' title='bbox 3500 2482 3560 2535; x_wconf 89' lang='lat' dir='ltr'>et</span> <span class='ocrx_word' id='word_1_471' title='bbox 3587 2484 3751 2536; x_wconf 83' lang='lat' dir='ltr'>com-</span> 
     </span>
    </p>
   </div>
   <div class='ocr_carea' id='block_1_73' title="bbox 2085 2567 3748 2643">
    <p class='ocr_par' dir='ltr' id='par_1_73' title="bbox 2085 2567 3748 2643">
     <span class='ocr_line' id='line_1_74' title="bbox 2085 2567 3748 2643; baseline -0.001 -16"><span class='ocrx_word' id='word_1_472' title='bbox 2085 2571 2319 2641; x_wconf 91' lang='lat' dir='ltr'>mendo,</span> <span class='ocrx_word' id='word_1_473' title='bbox 2352 2571 2509 2643; x_wconf 91' lang='lat' dir='ltr'>quod</span> <span class='ocrx_word' id='word_1_474' title='bbox 2568 2574 2658 2625; x_wconf 91' lang='lat' dir='ltr'>est</span> <span class='ocrx_word' id='word_1_475' title='bbox 2714 2568 2787 2624; x_wconf 91' lang='lat' dir='ltr'>ad</span> <span class='ocrx_word' id='word_1_476' title='bbox 2830 2568 3205 2641; x_wconf 84' lang='lat' dir='ltr'>castigandae</span> <span class='ocrx_word' id='word_1_477' title='bbox 3262 2567 3748 2640; x_wconf 67' lang='lat' dir='ltr'>defmcandosque</span> 
     </span>
    </p>
   </div>
   <div class='ocr_carea' id='block_1_74' title="bbox 2084 2656 3742 2731">
    <p class='ocr_par' dir='ltr' id='par_1_74' title="bbox 2084 2656 3742 2731">
     <span class='ocr_line' id='line_1_75' title="bbox 2084 2656 3742 2731; baseline -0.002 -15"><span class='ocrx_word' id='word_1_478' title='bbox 2084 2660 2320 2717; x_wconf 89' lang='lat' dir='ltr'>eosdem</span> <span class='ocrx_word' id='word_1_479' title='bbox 2351 2658 2695 2731; x_wconf 90' lang='lat' dir='ltr'>rhythmos:</span> <span class='ocrx_word' id='word_1_480' title='bbox 2729 2658 2832 2714; x_wconf 90' lang='lat' dir='ltr'>sed</span> <span class='ocrx_word' id='word_1_481' title='bbox 2865 2673 3037 2714; x_wconf 92' lang='lat' dir='ltr'>nemo</span> <span class='ocrx_word' id='word_1_482' title='bbox 3072 2656 3340 2713; x_wconf 83' lang='lat' dir='ltr'>fortassis</span> <span class='ocrx_word' id='word_1_483' title='bbox 3370 2656 3483 2712; x_wconf 89' lang='lat' dir='ltr'>erit</span> <span class='ocrx_word' id='word_1_484' title='bbox 3509 2656 3614 2727; x_wconf 90' lang='lat' dir='ltr'>qui</span> <span class='ocrx_word' id='word_1_485' title='bbox 3634 2656 3742 2714; x_wconf 90' lang='lat' dir='ltr'>ho-</span> 
     </span>
    </p>
   </div>
   <div class='ocr_carea' id='block_1_75' title="bbox 2084 2744 3743 2820">
    <p class='ocr_par' dir='ltr' id='par_1_75' title="bbox 2084 2744 3743 2820">
     <span class='ocr_line' id='line_1_76' title="bbox 2084 2744 3743 2820; baseline -0.001 -16"><span class='ocrx_word' id='word_1_486' title='bbox 2084 2748 2231 2805; x_wconf 89' lang='lat' dir='ltr'>mini</span> <span class='ocrx_word' id='word_1_487' title='bbox 2262 2747 2502 2820; x_wconf 89' lang='lat' dir='ltr'>plaudat</span> <span class='ocrx_word' id='word_1_488' title='bbox 2555 2745 2901 2820; x_wconf 88' lang='lat' dir='ltr'>insurgenti,</span> <span class='ocrx_word' id='word_1_489' title='bbox 2936 2762 3053 2801; x_wconf 92' lang='lat' dir='ltr'>non</span> <span class='ocrx_word' id='word_1_490' title='bbox 3110 2745 3325 2814; x_wconf 91' lang='lat' dir='ltr'>dicam,</span> <span class='ocrx_word' id='word_1_491' title='bbox 3373 2744 3435 2802; x_wconf 89' lang='lat' dir='ltr'>in</span> <span class='ocrx_word' id='word_1_492' title='bbox 3484 2745 3743 2817; x_wconf 86' lang='lat' dir='ltr'>me(hoc</span> 
     </span>
    </p>
   </div>
   <div class='ocr_carea' id='block_1_76' title="bbox 2083 2833 3742 2907">
    <p class='ocr_par' dir='ltr' id='par_1_76' title="bbox 2083 2833 3742 2907">
     <span class='ocr_line' id='line_1_77' title="bbox 2083 2833 3742 2907; baseline -0.001 -14"><span class='ocrx_word' id='word_1_493' title='bbox 2083 2836 2241 2893; x_wconf 90' lang='lat' dir='ltr'>enim</span> <span class='ocrx_word' id='word_1_494' title='bbox 2274 2835 2421 2893; x_wconf 86' lang='lat' dir='ltr'>nihil</span> <span class='ocrx_word' id='word_1_495' title='bbox 2452 2836 2647 2907; x_wconf 90' lang='lat' dir='ltr'>refert)</span> <span class='ocrx_word' id='word_1_496' title='bbox 2675 2837 2775 2892; x_wconf 89' lang='lat' dir='ltr'>sed</span> <span class='ocrx_word' id='word_1_497' title='bbox 2806 2836 2866 2891; x_wconf 93' lang='lat' dir='ltr'>in</span> <span class='ocrx_word' id='word_1_498' title='bbox 2889 2833 3315 2904; x_wconf 91' lang='lat' dir='ltr'>Mabillonium,</span> <span class='ocrx_word' id='word_1_499' title='bbox 3346 2837 3469 2891; x_wconf 88' lang='lat' dir='ltr'>tam</span> <span class='ocrx_word' id='word_1_500' title='bbox 3499 2834 3646 2891; x_wconf 80' lang='lat' dir='ltr'>bene</span> <span class='ocrx_word' id='word_1_501' title='bbox 3668 2835 3742 2891; x_wconf 90' lang='lat' dir='ltr'>de</span> 
     </span>
    </p>
   </div>
   <div class='ocr_carea' id='block_1_77' title="bbox 2082 2922 3743 2998">
    <p class='ocr_par' dir='ltr' id='par_1_77' title="bbox 2082 2922 3743 2998">
     <span class='ocr_line' id='line_1_78' title="bbox 2082 2922 3743 2998; baseline -0.001 -16"><span class='ocrx_word' id='word_1_502' title='bbox 2082 2926 2294 2982; x_wconf 90' lang='lat' dir='ltr'>litteris</span> <span class='ocrx_word' id='word_1_503' title='bbox 2307 2929 2363 2981; x_wconf 85' lang='lat' dir='ltr'>et</span> <span class='ocrx_word' id='word_1_504' title='bbox 2384 2926 2454 2980; x_wconf 91' lang='lat' dir='ltr'>de</span> <span class='ocrx_word' id='word_1_505' title='bbox 2484 2923 3078 2998; x_wconf 87' lang='lat' dir='ltr'>republicalitteraria</span> <span class='ocrx_word' id='word_1_506' title='bbox 3094 2922 3392 2991; x_wconf 89' lang='lat' dir='ltr'>meritum,</span> <span class='ocrx_word' id='word_1_507' title='bbox 3416 2940 3485 2980; x_wconf 89' lang='lat' dir='ltr'>ac</span> <span class='ocrx_word' id='word_1_508' title='bbox 3505 2938 3743 2981; x_wconf 89' lang='lat' dir='ltr'>summa</span> 
     </span>
    </p>
   </div>
   <div class='ocr_carea' id='block_1_78' title="bbox 2082 3001 3739 3086">
    <p class='ocr_par' dir='ltr' id='par_1_78' title="bbox 2082 3001 3739 3086">
     <span class='ocr_line' id='line_1_79' title="bbox 2082 3001 3739 3086; baseline -0.002 -15"><span class='ocrx_word' id='word_1_509' title='bbox 2082 3015 2454 3071; x_wconf 88' lang='lat' dir='ltr'>veneratione</span> <span class='ocrx_word' id='word_1_510' title='bbox 2483 3014 2634 3086; x_wconf 90' lang='lat' dir='ltr'>apud</span> <span class='ocrx_word' id='word_1_511' title='bbox 2665 3001 3148 3085; x_wconf 74' lang='lat' dir='ltr'>omnesdignum.</span> <span class='ocrx_word' id='word_1_512' title='bbox 3168 3012 3314 3067; x_wconf 90' lang='lat' dir='ltr'>Cum</span> <span class='ocrx_word' id='word_1_513' title='bbox 3347 3028 3419 3068; x_wconf 80' lang='lat' dir='ltr'>ex</span> <span class='ocrx_word' id='word_1_514' title='bbox 3446 3028 3567 3068; x_wconf 89' lang='lat' dir='ltr'>uno</span> <span class='ocrx_word' id='word_1_515' title='bbox 3588 3011 3739 3068; x_wconf 85' lang='lat' dir='ltr'>anti-</span> 
     </span>
    </p>
   </div>
   <div class='ocr_carea' id='block_1_79' title="bbox 2084 3100 3741 3177">
    <p class='ocr_par' dir='ltr' id='par_1_79' title="bbox 2084 3100 3741 3177">
     <span class='ocr_line' id='line_1_80' title="bbox 2084 3100 3741 3177; baseline -0.002 -18"><span class='ocrx_word' id='word_1_516' title='bbox 2084 3104 2370 3177; x_wconf 89' lang='lat' dir='ltr'>quissimo</span> <span class='ocrx_word' id='word_1_517' title='bbox 2402 3102 2757 3175; x_wconf 90' lang='lat' dir='ltr'>ms.aliquod</span> <span class='ocrx_word' id='word_1_518' title='bbox 2769 3105 3029 3157; x_wconf 89' lang='lat' dir='ltr'>veterum</span> <span class='ocrx_word' id='word_1_519' title='bbox 3045 3104 3497 3158; x_wconf 88' lang='lat' dir='ltr'>monumentum</span> <span class='ocrx_word' id='word_1_520' title='bbox 3524 3100 3741 3158; x_wconf 82' lang='lat' dir='ltr'>descri-</span> 
     </span>
    </p>
   </div>
   <div class='ocr_carea' id='block_1_80' title="bbox 2086 3190 3740 3265">
    <p class='ocr_par' dir='ltr' id='par_1_80' title="bbox 2086 3190 3740 3265">
     <span class='ocr_line' id='line_1_81' title="bbox 2086 3190 3740 3265; baseline -0.002 -15"><span class='ocrx_word' id='word_1_521' title='bbox 2086 3194 2246 3250; x_wconf 88' lang='lat' dir='ltr'>bitur</span> <span class='ocrx_word' id='word_1_522' title='bbox 2274 3198 2330 3250; x_wconf 90' lang='lat' dir='ltr'>et</span> <span class='ocrx_word' id='word_1_523' title='bbox 2359 3191 2684 3265; x_wconf 89' lang='lat' dir='ltr'>evulgatur,</span> <span class='ocrx_word' id='word_1_524' title='bbox 2701 3191 2810 3247; x_wconf 91' lang='lat' dir='ltr'>rite</span> <span class='ocrx_word' id='word_1_525' title='bbox 2832 3206 3065 3263; x_wconf 89' lang='lat' dir='ltr'>semper</span> <span class='ocrx_word' id='word_1_526' title='bbox 3076 3206 3318 3247; x_wconf 89' lang='lat' dir='ltr'>munere</span> <span class='ocrx_word' id='word_1_527' title='bbox 3340 3207 3448 3248; x_wconf 92' lang='lat' dir='ltr'>suo</span> <span class='ocrx_word' id='word_1_528' title='bbox 3470 3190 3740 3264; x_wconf 84' lang='lat' dir='ltr'>fungitur</span> 
     </span>
    </p>
   </div>
   <div class='ocr_carea' id='block_1_81' title="bbox 2087 3279 3741 3354">
    <p class='ocr_par' dir='ltr' id='par_1_81' title="bbox 2087 3279 3741 3354">
     <span class='ocr_line' id='line_1_82' title="bbox 2087 3279 3741 3354; baseline -0.002 -15"><span class='ocrx_word' id='word_1_529' title='bbox 2087 3283 2294 3350; x_wconf 89' lang='lat' dir='ltr'>editor,</span> <span class='ocrx_word' id='word_1_530' title='bbox 2328 3283 2376 3338; x_wconf 92' lang='lat' dir='ltr'>si</span> <span class='ocrx_word' id='word_1_531' title='bbox 2409 3280 2695 3354; x_wconf 87' lang='lat' dir='ltr'>quidquid</span> <span class='ocrx_word' id='word_1_532' title='bbox 2712 3281 2893 3336; x_wconf 81' lang='lat' dir='ltr'>codex</span> <span class='ocrx_word' id='word_1_533' title='bbox 2908 3297 3020 3335; x_wconf 90' lang='lat' dir='ltr'>ms.</span> <span class='ocrx_word' id='word_1_534' title='bbox 3054 3279 3253 3348; x_wconf 90' lang='lat' dir='ltr'>habet,</span> <span class='ocrx_word' id='word_1_535' title='bbox 3281 3279 3532 3336; x_wconf 79' lang='lat' dir='ltr'>ﬁdeliter</span> <span class='ocrx_word' id='word_1_536' title='bbox 3549 3279 3741 3353; x_wconf 80' lang='lat' dir='ltr'>expri-</span> 
     </span>
    </p>
   </div>
   <div class='ocr_carea' id='block_1_82' title="bbox 2086 3367 3738 3443">
    <p class='ocr_par' dir='ltr' id='par_1_82' title="bbox 2086 3367 3738 3443">
     <span class='ocr_line' id='line_1_83' title="bbox 2086 3367 3738 3443; baseline -0.002 -15"><span class='ocrx_word' id='word_1_537' title='bbox 2086 3373 2215 3439; x_wconf 89' lang='lat' dir='ltr'>mit,</span> <span class='ocrx_word' id='word_1_538' title='bbox 2251 3370 2504 3443; x_wconf 86' lang='lat' dir='ltr'>exceptis</span> <span class='ocrx_word' id='word_1_539' title='bbox 2536 3369 2923 3426; x_wconf 88' lang='lat' dir='ltr'>crassioribus</span> <span class='ocrx_word' id='word_1_540' title='bbox 2977 3368 3329 3441; x_wconf 90' lang='lat' dir='ltr'>quibusdam</span> <span class='ocrx_word' id='word_1_541' title='bbox 3363 3367 3738 3440; x_wconf 87' lang='lat' dir='ltr'>sphalmatis,</span> 
     </span>
    </p>
   </div>
   <div class='ocr_carea' id='block_1_83' title="bbox 2086 3457 3740 3534">
    <p class='ocr_par' dir='ltr' id='par_1_83' title="bbox 2086 3457 3740 3534">
     <span class='ocr_line' id='line_1_84' title="bbox 2086 3457 3740 3534; baseline -0.001 -18"><span class='ocrx_word' id='word_1_542' title='bbox 2086 3478 2214 3534; x_wconf 71' lang='lat' dir='ltr'>quae</span> <span class='ocrx_word' id='word_1_543' title='bbox 2247 3460 2328 3517; x_wconf 89' lang='lat' dir='ltr'>uti</span> <span class='ocrx_word' id='word_1_544' title='bbox 2362 3460 2421 3516; x_wconf 92' lang='lat' dir='ltr'>in</span> <span class='ocrx_word' id='word_1_545' title='bbox 2451 3459 2715 3515; x_wconf 91' lang='lat' dir='ltr'>omnium</span> <span class='ocrx_word' id='word_1_546' title='bbox 2760 3457 2958 3515; x_wconf 90' lang='lat' dir='ltr'>oculos</span> <span class='ocrx_word' id='word_1_547' title='bbox 3015 3458 3347 3519; x_wconf 86' lang='lat' dir='ltr'>incurrunt.</span> <span class='ocrx_word' id='word_1_548' title='bbox 3379 3457 3462 3514; x_wconf 90' lang='lat' dir='ltr'>ita</span> <span class='ocrx_word' id='word_1_549' title='bbox 3504 3457 3740 3515; x_wconf 86' lang='lat' dir='ltr'>veniam</span> 
     </span>
    </p>
   </div>
   <div class='ocr_carea' id='block_1_84' title="bbox 2086 3546 3737 3619">
    <p class='ocr_par' dir='ltr' id='par_1_84' title="bbox 2086 3546 3737 3619">
     <span class='ocr_line' id='line_1_85' title="bbox 2086 3546 3737 3619; baseline -0.001 -13"><span class='ocrx_word' id='word_1_550' title='bbox 2086 3551 2228 3606; x_wconf 89' lang='lat' dir='ltr'>dant</span> <span class='ocrx_word' id='word_1_551' title='bbox 2257 3550 2471 3618; x_wconf 90' lang='lat' dir='ltr'>cuncti,</span> <span class='ocrx_word' id='word_1_552' title='bbox 2502 3553 2586 3616; x_wconf 90' lang='lat' dir='ltr'>ut,</span> <span class='ocrx_word' id='word_1_553' title='bbox 2607 3564 2679 3604; x_wconf 92' lang='lat' dir='ltr'>ne</span> <span class='ocrx_word' id='word_1_554' title='bbox 2707 3547 2931 3604; x_wconf 89' lang='lat' dir='ltr'>monito</span> <span class='ocrx_word' id='word_1_555' title='bbox 2962 3546 3446 3619; x_wconf 86' lang='lat' dir='ltr'>quidemlectore,</span> <span class='ocrx_word' id='word_1_556' title='bbox 3465 3546 3737 3605; x_wconf 85' lang='lat' dir='ltr'>auferan-</span> 
     </span>
    </p>
   </div>
   <div class='ocr_carea' id='block_1_85' title="bbox 2083 3634 3737 3711">
    <p class='ocr_par' dir='ltr' id='par_1_85' title="bbox 2083 3634 3737 3711">
     <span class='ocr_line' id='line_1_86' title="bbox 2083 3634 3737 3711; baseline -0.002 -16"><span class='ocrx_word' id='word_1_557' title='bbox 2083 3644 2198 3695; x_wconf 90' lang='lat' dir='ltr'>tur.</span> <span class='ocrx_word' id='word_1_558' title='bbox 2232 3640 2545 3711; x_wconf 89' lang='lat' dir='ltr'>Nunquam</span> <span class='ocrx_word' id='word_1_559' title='bbox 2560 3637 2834 3693; x_wconf 90' lang='lat' dir='ltr'>lectorem</span> <span class='ocrx_word' id='word_1_560' title='bbox 2865 3636 3179 3704; x_wconf 87' lang='lat' dir='ltr'>fallo,dum</span> <span class='ocrx_word' id='word_1_561' title='bbox 3211 3651 3318 3708; x_wconf 87' lang='lat' dir='ltr'>ego</span> <span class='ocrx_word' id='word_1_562' title='bbox 3349 3652 3464 3692; x_wconf 91' lang='lat' dir='ltr'>non</span> <span class='ocrx_word' id='word_1_563' title='bbox 3492 3634 3737 3692; x_wconf 88' lang='lat' dir='ltr'>fallarin</span> 
     </span>
    </p>
   </div>
   <div class='ocr_carea' id='block_1_86' title="bbox 2082 3722 3737 3799">
    <p class='ocr_par' dir='ltr' id='par_1_86' title="bbox 2082 3722 3737 3799">
     <span class='ocr_line' id='line_1_87' title="bbox 2082 3722 3737 3799; baseline -0.001 -16"><span class='ocrx_word' id='word_1_564' title='bbox 2082 3727 2466 3799; x_wconf 88' lang='lat' dir='ltr'>intelligenda</span> <span class='ocrx_word' id='word_1_565' title='bbox 2484 3730 2752 3796; x_wconf 89' lang='lat' dir='ltr'>recteque</span> <span class='ocrx_word' id='word_1_566' title='bbox 2769 3725 3065 3781; x_wconf 90' lang='lat' dir='ltr'>reddenda</span> <span class='ocrx_word' id='word_1_567' title='bbox 3085 3724 3313 3797; x_wconf 89' lang='lat' dir='ltr'>antiqui</span> <span class='ocrx_word' id='word_1_568' title='bbox 3327 3722 3488 3780; x_wconf 90' lang='lat' dir='ltr'>illius</span> <span class='ocrx_word' id='word_1_569' title='bbox 3517 3724 3737 3781; x_wconf 87' lang='lat' dir='ltr'>codicis</span> 
     </span>
    </p>
   </div>
   <div class='ocr_carea' id='block_1_87' title="bbox 2084 3812 3735 3890">
    <p class='ocr_par' dir='ltr' id='par_1_87' title="bbox 2084 3812 3735 3890">
     <span class='ocr_line' id='line_1_88' title="bbox 2084 3812 3735 3890; baseline -0.001 -17"><span class='ocrx_word' id='word_1_570' title='bbox 2084 3816 2394 3890; x_wconf 88' lang='lat' dir='ltr'>scriptura.</span> <span class='ocrx_word' id='word_1_571' title='bbox 2428 3815 2648 3871; x_wconf 90' lang='lat' dir='ltr'>Deinde</span> <span class='ocrx_word' id='word_1_572' title='bbox 2676 3830 2809 3870; x_wconf 92' lang='lat' dir='ltr'>vero</span> <span class='ocrx_word' id='word_1_573' title='bbox 2856 3812 3109 3870; x_wconf 91' lang='lat' dir='ltr'>liberum</span> <span class='ocrx_word' id='word_1_574' title='bbox 3165 3813 3498 3886; x_wconf 88' lang='lat' dir='ltr'>cuicunque</span> <span class='ocrx_word' id='word_1_575' title='bbox 3534 3812 3735 3871; x_wconf 82' lang='lat' dir='ltr'>critico</span> 
     </span>
    </p>
   </div>
   <div class='ocr_carea' id='block_1_88' title="bbox 2081 3901 3734 3975">
    <p class='ocr_par' dir='ltr' id='par_1_88' title="bbox 2081 3901 3734 3975">
     <span class='ocr_line' id='line_1_89' title="bbox 2081 3901 3734 3975; baseline -0.001 -14"><span class='ocrx_word' id='word_1_576' title='bbox 2081 3904 2284 3962; x_wconf 91' lang='lat' dir='ltr'>lectori</span> <span class='ocrx_word' id='word_1_577' title='bbox 2314 3908 2422 3970; x_wconf 87' lang='lat' dir='ltr'>est,</span> <span class='ocrx_word' id='word_1_578' title='bbox 2453 3903 2697 3959; x_wconf 87' lang='lat' dir='ltr'>innuere</span> <span class='ocrx_word' id='word_1_579' title='bbox 2726 3901 2997 3959; x_wconf 89' lang='lat' dir='ltr'>meliores</span> <span class='ocrx_word' id='word_1_580' title='bbox 3024 3902 3302 3959; x_wconf 89' lang='lat' dir='ltr'>lectiones</span> <span class='ocrx_word' id='word_1_581' title='bbox 3322 3902 3617 3975; x_wconf 86' lang='lat' dir='ltr'>castigare</span> <span class='ocrx_word' id='word_1_582' title='bbox 3636 3902 3734 3959; x_wconf 90' lang='lat' dir='ltr'>de-</span> 
     </span>
    </p>
   </div>
   <div class='ocr_carea' id='block_1_89' title="bbox 2082 3990 3733 4067">
    <p class='ocr_par' dir='ltr' id='par_1_89' title="bbox 2082 3990 3733 4067">
     <span class='ocr_line' id='line_1_90' title="bbox 2082 3990 3733 4067; baseline -0.002 -17"><span class='ocrx_word' id='word_1_583' title='bbox 2082 3997 2339 4067; x_wconf 87' lang='lat' dir='ltr'>pravata,</span> <span class='ocrx_word' id='word_1_584' title='bbox 2372 3991 2646 4063; x_wconf 90' lang='lat' dir='ltr'>supplere</span> <span class='ocrx_word' id='word_1_585' title='bbox 2702 4007 2830 4062; x_wconf 65' lang='lat' dir='ltr'>quae</span> <span class='ocrx_word' id='word_1_586' title='bbox 2861 3991 3095 4047; x_wconf 88' lang='lat' dir='ltr'>desunt.</span> <span class='ocrx_word' id='word_1_587' title='bbox 3152 3990 3275 4047; x_wconf 91' lang='lat' dir='ltr'>Imo</span> <span class='ocrx_word' id='word_1_588' title='bbox 3333 3998 3506 4047; x_wconf 84' lang='lat' dir='ltr'>secus</span> <span class='ocrx_word' id='word_1_589' title='bbox 3562 4004 3733 4064; x_wconf 82' lang='lat' dir='ltr'>agere</span> 
     </span>
    </p>
   </div>
   <div class='ocr_carea' id='block_1_90' title="bbox 2080 4079 3736 4156">
    <p class='ocr_par' dir='ltr' id='par_1_90' title="bbox 2080 4079 3736 4156">
     <span class='ocr_line' id='line_1_91' title="bbox 2080 4079 3736 4156; baseline -0.002 -18"><span class='ocrx_word' id='word_1_590' title='bbox 2080 4081 2473 4156; x_wconf 90' lang='lat' dir='ltr'>periculosum</span> <span class='ocrx_word' id='word_1_591' title='bbox 2504 4080 2791 4148; x_wconf 88' lang='lat' dir='ltr'>videatur,</span> <span class='ocrx_word' id='word_1_592' title='bbox 2824 4083 2882 4136; x_wconf 89' lang='lat' dir='ltr'>et</span> <span class='ocrx_word' id='word_1_593' title='bbox 2902 4079 3337 4152; x_wconf 65' lang='lat' dir='ltr'>praecipuecum</span> <span class='ocrx_word' id='word_1_594' title='bbox 3369 4080 3441 4135; x_wconf 92' lang='lat' dir='ltr'>de</span> <span class='ocrx_word' id='word_1_595' title='bbox 3461 4080 3736 4137; x_wconf 86' lang='lat' dir='ltr'>carmini-</span> 
     </span>
    </p>
   </div>
   <div class='ocr_carea' id='block_1_91' title="bbox 2079 4165 3729 4241">
    <p class='ocr_par' dir='ltr' id='par_1_91' title="bbox 2079 4165 3729 4241">
     <span class='ocr_line' id='line_1_92' title="bbox 2079 4165 3729 4241; baseline -0.001 -14"><span class='ocrx_word' id='word_1_596' title='bbox 2079 4171 2191 4227; x_wconf 92' lang='lat' dir='ltr'>bus</span> <span class='ocrx_word' id='word_1_597' title='bbox 2210 4174 2472 4227; x_wconf 90' lang='lat' dir='ltr'>veterum</span> <span class='ocrx_word' id='word_1_598' title='bbox 2502 4169 2718 4241; x_wconf 88' lang='lat' dir='ltr'>agitur,</span> <span class='ocrx_word' id='word_1_599' title='bbox 2748 4184 2999 4240; x_wconf 91' lang='lat' dir='ltr'>quorum</span> <span class='ocrx_word' id='word_1_600' title='bbox 3031 4167 3254 4226; x_wconf 87' lang='lat' dir='ltr'>similes</span> <span class='ocrx_word' id='word_1_601' title='bbox 3285 4165 3544 4240; x_wconf 82' lang='lat' dir='ltr'>rhythmi</span> <span class='ocrx_word' id='word_1_602' title='bbox 3568 4173 3729 4225; x_wconf 85' lang='lat' dir='ltr'>sunt:</span> 
     </span>
    </p>
   </div>
   <div class='ocr_carea' id='block_1_92' title="bbox 2078 4256 3733 4328">
    <p class='ocr_par' dir='ltr' id='par_1_92' title="bbox 2078 4256 3733 4328">
     <span class='ocr_line' id='line_1_93' title="bbox 2078 4256 3733 4328; baseline -0.002 -12"><span class='ocrx_word' id='word_1_603' title='bbox 2078 4259 2393 4317; x_wconf 85' lang='lat' dir='ltr'>delicatum</span> <span class='ocrx_word' id='word_1_604' title='bbox 2406 4258 2562 4315; x_wconf 89' lang='lat' dir='ltr'>enim</span> <span class='ocrx_word' id='word_1_605' title='bbox 2578 4257 2888 4314; x_wconf 81' lang='lat' dir='ltr'>artiﬁcium</span> <span class='ocrx_word' id='word_1_606' title='bbox 2902 4256 3137 4313; x_wconf 90' lang='lat' dir='ltr'>illorum</span> <span class='ocrx_word' id='word_1_607' title='bbox 3154 4260 3458 4328; x_wconf 86' lang='lat' dir='ltr'>est,neque</span> <span class='ocrx_word' id='word_1_608' title='bbox 3478 4256 3733 4314; x_wconf 89' lang='lat' dir='ltr'>nimium</span> 
     </span>
    </p>
   </div>
   <div class='ocr_carea' id='block_1_93' title="bbox 2077 4344 3731 4422">
    <p class='ocr_par' dir='ltr' id='par_1_93' title="bbox 2077 4344 3731 4422">
     <span class='ocr_line' id='line_1_94' title="bbox 2077 4344 3731 4422; baseline -0.002 -17"><span class='ocrx_word' id='word_1_609' title='bbox 2077 4350 2137 4405; x_wconf 92' lang='lat' dir='ltr'>in</span> <span class='ocrx_word' id='word_1_610' title='bbox 2172 4350 2245 4405; x_wconf 88' lang='lat' dir='ltr'>iis</span> <span class='ocrx_word' id='word_1_611' title='bbox 2276 4347 2636 4422; x_wconf 88' lang='lat' dir='ltr'>castigandis</span> <span class='ocrx_word' id='word_1_612' title='bbox 2668 4347 3030 4414; x_wconf 90' lang='lat' dir='ltr'>audendum,</span> <span class='ocrx_word' id='word_1_613' title='bbox 3062 4346 3176 4403; x_wconf 92' lang='lat' dir='ltr'>nisi</span> <span class='ocrx_word' id='word_1_614' title='bbox 3208 4346 3280 4403; x_wconf 91' lang='lat' dir='ltr'>de</span> <span class='ocrx_word' id='word_1_615' title='bbox 3307 4344 3541 4402; x_wconf 89' lang='lat' dir='ltr'>medela</span> <span class='ocrx_word' id='word_1_616' title='bbox 3562 4345 3731 4403; x_wconf 85' lang='lat' dir='ltr'>adhi-</span> 
     </span>
    </p>
   </div>
   <div class='ocr_carea' id='block_1_94' title="bbox 2077 4433 3733 4506">
    <p class='ocr_par' dir='ltr' id='par_1_94' title="bbox 2077 4433 3733 4506">
     <span class='ocr_line' id='line_1_95' title="bbox 2077 4433 3733 4506; baseline -0.003 -11"><span class='ocrx_word' id='word_1_617' title='bbox 2077 4439 2199 4495; x_wconf 91' lang='lat' dir='ltr'>bita</span> <span class='ocrx_word' id='word_1_618' title='bbox 2226 4437 2407 4495; x_wconf 92' lang='lat' dir='ltr'>lector</span> <span class='ocrx_word' id='word_1_619' title='bbox 2438 4441 2764 4506; x_wconf 90' lang='lat' dir='ltr'>moneatur,</span> <span class='ocrx_word' id='word_1_620' title='bbox 2798 4435 2890 4492; x_wconf 91' lang='lat' dir='ltr'>cui</span> <span class='ocrx_word' id='word_1_621' title='bbox 2923 4434 3228 4492; x_wconf 87' lang='lat' dir='ltr'>meditanti</span> <span class='ocrx_word' id='word_1_622' title='bbox 3246 4434 3497 4493; x_wconf 76' lang='lat' dir='ltr'>forsitan</span> <span class='ocrx_word' id='word_1_623' title='bbox 3523 4433 3733 4491; x_wconf 85' lang='lat' dir='ltr'>melior</span> 
     </span>
    </p>
   </div>
   <div class='ocr_carea' id='block_1_95' title="bbox 315 4522 3730 4610">
    <p class='ocr_par' dir='ltr' id='par_1_95' title="bbox 315 4522 3730 4610">
     <span class='ocr_line' id='line_1_96' title="bbox 315 4522 3730 4610; baseline -0.001 -27"><span class='ocrx_word' id='word_1_624' title='bbox 315 4529 451 4600; x_wconf 87' lang='lat' dir='ltr'>pote</span> <span class='ocrx_word' id='word_1_625' title='bbox 482 4522 902 4597; x_wconf 89' lang='lat' dir='ltr'>antiquissimi,</span> <span class='ocrx_word' id='word_1_626' title='bbox 955 4527 1130 4596; x_wconf 89' lang='lat' dir='ltr'>atque</span> <span class='ocrx_word' id='word_1_627' title='bbox 1178 4524 1251 4580; x_wconf 90' lang='lat' dir='ltr'>ad</span> <span class='ocrx_word' id='word_1_628' title='bbox 1309 4523 1616 4581; x_wconf 88' lang='lat' dir='ltr'>historiam</span> <span class='ocrx_word' id='word_1_629' title='bbox 1664 4524 1965 4598; x_wconf 89' lang='lat' dir='ltr'>perutiles,</span> <span class='ocrx_word' id='word_1_630' title='bbox 1997 4543 2045 4610; x_wconf 74' lang='grc' dir='ltr'>ι)</span> <span class='ocrx_word' id='word_1_631' title='bbox 2076 4526 2136 4583; x_wconf 92' lang='lat' dir='ltr'>in</span> <span class='ocrx_word' id='word_1_632' title='bbox 2163 4531 2420 4584; x_wconf 88' lang='lat' dir='ltr'>mentem</span> <span class='ocrx_word' id='word_1_633' title='bbox 2451 4525 2647 4582; x_wconf 88' lang='lat' dir='ltr'>venire</span> <span class='ocrx_word' id='word_1_634' title='bbox 2676 4525 2880 4597; x_wconf 87' lang='lat' dir='ltr'>possit.</span> <span class='ocrx_word' id='word_1_635' title='bbox 2912 4524 2970 4579; x_wconf 89' lang='lat' dir='ltr'>Si</span> <span class='ocrx_word' id='word_1_636' title='bbox 3002 4523 3165 4581; x_wconf 91' lang='lat' dir='ltr'>locus</span> <span class='ocrx_word' id='word_1_637' title='bbox 3190 4523 3430 4580; x_wconf 90' lang='lat' dir='ltr'>futurus</span> <span class='ocrx_word' id='word_1_638' title='bbox 3458 4526 3620 4581; x_wconf 85' lang='lat' dir='ltr'>esset</span> <span class='ocrx_word' id='word_1_639' title='bbox 3641 4540 3730 4581; x_wconf 88' lang='lat' dir='ltr'>re-</span> 
     </span>
    </p>
   </div>
   <div class='ocr_carea' id='block_1_96' title="bbox 314 4611 3726 4690">
    <p class='ocr_par' dir='ltr' id='par_1_96' title="bbox 314 4611 3726 4690">
     <span class='ocr_line' id='line_1_97' title="bbox 314 4611 3726 4690; baseline 0 -20"><span class='ocrx_word' id='word_1_640' title='bbox 314 4630 564 4689; x_wconf 90' lang='lat' dir='ltr'>quorum</span> <span class='ocrx_word' id='word_1_641' title='bbox 584 4612 863 4687; x_wconf 86' lang='lat' dir='ltr'>primum,</span> <span class='ocrx_word' id='word_1_642' title='bbox 884 4611 1124 4668; x_wconf 70' lang='lat' dir='ltr'>Veronae</span> <span class='ocrx_word' id='word_1_643' title='bbox 1150 4613 1416 4670; x_wconf 87' lang='lat' dir='ltr'>eucomia</span> <span class='ocrx_word' id='word_1_644' title='bbox 1446 4612 1965 4687; x_wconf 78' lang='lat' dir='ltr'>complexum,suis</span> <span class='ocrx_word' id='word_1_645' title='bbox 2073 4615 2225 4690; x_wconf 73' lang='lat' dir='ltr'>gulae</span> <span class='ocrx_word' id='word_1_646' title='bbox 2252 4632 2431 4689; x_wconf 90' lang='lat' dir='ltr'>quam</span> <span class='ocrx_word' id='word_1_647' title='bbox 2444 4632 2601 4671; x_wconf 89' lang='lat' dir='ltr'>nunc</span> <span class='ocrx_word' id='word_1_648' title='bbox 2620 4614 2879 4687; x_wconf 90' lang='lat' dir='ltr'>primum</span> <span class='ocrx_word' id='word_1_649' title='bbox 2902 4612 3173 4687; x_wconf 87' lang='lat' dir='ltr'>procudit</span> <span class='ocrx_word' id='word_1_650' title='bbox 3185 4611 3413 4670; x_wconf 88' lang='lat' dir='ltr'>amicus</span> <span class='ocrx_word' id='word_1_651' title='bbox 3436 4611 3726 4681; x_wconf 80' lang='lat' dir='ltr'>Maﬁ&#39;eius,</span> 
     </span>
    </p>
   </div>
   <div class='ocr_carea' id='block_1_97' title="bbox 310 4700 1962 4774">
    <p class='ocr_par' dir='ltr' id='par_1_97' title="bbox 310 4700 1962 4774">
     <span class='ocr_line' id='line_1_98' title="bbox 310 4700 1962 4774; baseline -0.001 -13"><span class='ocrx_word' id='word_1_652' title='bbox 310 4702 610 4762; x_wconf 84' lang='lat' dir='ltr'>Analectis</span> <span class='ocrx_word' id='word_1_653' title='bbox 640 4700 1023 4759; x_wconf 89' lang='lat' dir='ltr'>Mabillonius</span> <span class='ocrx_word' id='word_1_654' title='bbox 1070 4700 1224 4759; x_wconf 89' lang='lat' dir='ltr'>idem</span> <span class='ocrx_word' id='word_1_655' title='bbox 1267 4702 1553 4774; x_wconf 84' lang='lat' dir='ltr'>adjunxit.</span> <span class='ocrx_word' id='word_1_656' title='bbox 1610 4701 1869 4759; x_wconf 87' lang='lat' dir='ltr'>Alterum</span> <span class='ocrx_word' id='word_1_657' title='bbox 1904 4702 1962 4759; x_wconf 90' lang='lat' dir='ltr'>in</span> 
     </span>
    </p>
   </div>
   <div class='ocr_carea' id='block_1_98' title="bbox 310 4790 1960 4864">
    <p class='ocr_par' dir='ltr' id='par_1_98' title="bbox 310 4790 1960 4864">
     <span class='ocr_line' id='line_1_99' title="bbox 310 4790 1960 4864; baseline -0.001 -13"><span class='ocrx_word' id='word_1_658' title='bbox 310 4791 625 4851; x_wconf 88' lang='lat' dir='ltr'>Mediolani</span> <span class='ocrx_word' id='word_1_659' title='bbox 654 4791 889 4849; x_wconf 87' lang='lat' dir='ltr'>laudem</span> <span class='ocrx_word' id='word_1_660' title='bbox 938 4790 1288 4848; x_wconf 88' lang='lat' dir='ltr'>fabricatum</span> <span class='ocrx_word' id='word_1_661' title='bbox 1319 4791 1475 4848; x_wconf 88' lang='lat' dir='ltr'>edidi</span> <span class='ocrx_word' id='word_1_662' title='bbox 1531 4806 1636 4864; x_wconf 87' lang='lat' dir='ltr'>ego</span> <span class='ocrx_word' id='word_1_663' title='bbox 1667 4791 1728 4847; x_wconf 91' lang='lat' dir='ltr'>in</span> <span class='ocrx_word' id='word_1_664' title='bbox 1756 4792 1960 4849; x_wconf 90' lang='lat' dir='ltr'>eadem</span> 
     </span>
    </p>
   </div>
   <div class='ocr_carea' id='block_1_99' title="bbox 312 4878 1960 4956">
    <p class='ocr_par' dir='ltr' id='par_1_99' title="bbox 312 4878 1960 4956">
     <span class='ocr_line' id='line_1_100' title="bbox 312 4878 1960 4956; baseline -0.002 -17"><span class='ocrx_word' id='word_1_665' title='bbox 312 4886 466 4956; x_wconf 86' lang='lat' dir='ltr'>part.</span> <span class='ocrx_word' id='word_1_666' title='bbox 501 4881 711 4939; x_wconf 86' lang='lat' dir='ltr'>utomi</span> <span class='ocrx_word' id='word_1_667' title='bbox 742 4881 790 4937; x_wconf 93' lang='lat' dir='ltr'>II</span> <span class='ocrx_word' id='word_1_668' title='bbox 830 4881 961 4937; x_wconf 82' lang='lat' dir='ltr'>Rer.</span> <span class='ocrx_word' id='word_1_669' title='bbox 1019 4879 1270 4937; x_wconf 87' lang='lat' dir='ltr'>Italicar.</span> <span class='ocrx_word' id='word_1_670' title='bbox 1330 4880 1587 4953; x_wconf 89' lang='lat' dir='ltr'>Uterque</span> <span class='ocrx_word' id='word_1_671' title='bbox 1640 4878 1960 4937; x_wconf 88' lang='lat' dir='ltr'>Veronensi</span> 
     </span>
    </p>
   </div>
   <div class='ocr_carea' id='block_1_100' title="bbox 310 4968 1962 5044">
    <p class='ocr_par' dir='ltr' id='par_1_100' title="bbox 310 4968 1962 5044">
     <span class='ocr_line' id='line_1_101' title="bbox 310 4968 1962 5044; baseline -0.001 -16"><span class='ocrx_word' id='word_1_672' title='bbox 310 4969 738 5044; x_wconf 75' lang='lat' dir='ltr'>rbythmopmio</span> <span class='ocrx_word' id='word_1_673' title='bbox 759 4969 1015 5027; x_wconf 87' lang='lat' dir='ltr'>natalem</span> <span class='ocrx_word' id='word_1_674' title='bbox 1033 4986 1207 5027; x_wconf 88' lang='lat' dir='ltr'>suum</span> <span class='ocrx_word' id='word_1_675' title='bbox 1222 4970 1413 5039; x_wconf 91' lang='lat' dir='ltr'>debet,</span> <span class='ocrx_word' id='word_1_676' title='bbox 1438 4973 1540 5025; x_wconf 89' lang='lat' dir='ltr'>aut</span> <span class='ocrx_word' id='word_1_677' title='bbox 1568 4968 1777 5025; x_wconf 91' lang='lat' dir='ltr'>saltem</span> <span class='ocrx_word' id='word_1_678' title='bbox 1790 4969 1962 5026; x_wconf 81' lang='lat' dir='ltr'>debet</span> 
     </span>
    </p>
   </div>
   <div class='ocr_carea' id='block_1_101' title="bbox 309 5058 1959 5130">
    <p class='ocr_par' dir='ltr' id='par_1_101' title="bbox 309 5058 1959 5130">
     <span class='ocr_line' id='line_1_102' title="bbox 309 5058 1959 5130; baseline -0.002 -12"><span class='ocrx_word' id='word_1_679' title='bbox 309 5059 516 5128; x_wconf 74' lang='lat' dir='ltr'>vitam,</span> <span class='ocrx_word' id='word_1_680' title='bbox 549 5073 667 5130; x_wconf 89' lang='lat' dir='ltr'>qua</span> <span class='ocrx_word' id='word_1_681' title='bbox 696 5074 851 5114; x_wconf 90' lang='lat' dir='ltr'>nunc</span> <span class='ocrx_word' id='word_1_682' title='bbox 881 5059 1122 5130; x_wconf 88' lang='lat' dir='ltr'>fruitur,</span> <span class='ocrx_word' id='word_1_683' title='bbox 1156 5075 1290 5116; x_wconf 90' lang='lat' dir='ltr'>cum</span> <span class='ocrx_word' id='word_1_684' title='bbox 1339 5074 1408 5114; x_wconf 84' lang='lat' dir='ltr'>ex</span> <span class='ocrx_word' id='word_1_685' title='bbox 1434 5058 1735 5115; x_wconf 84' lang='lat' dir='ltr'>codicibus</span> <span class='ocrx_word' id='word_1_686' title='bbox 1778 5058 1959 5115; x_wconf 86' lang='lat' dir='ltr'>Vero-</span> 
     </span>
    </p>
   </div>
   <div class='ocr_carea' id='block_1_102' title="bbox 309 5144 1959 5220">
    <p class='ocr_par' dir='ltr' id='par_1_102' title="bbox 309 5144 1959 5220">
     <span class='ocr_line' id='line_1_103' title="bbox 309 5144 1959 5220; baseline -0.002 -15"><span class='ocrx_word' id='word_1_687' title='bbox 309 5144 596 5205; x_wconf 86' lang='lat' dir='ltr'>nensibus</span> <span class='ocrx_word' id='word_1_688' title='bbox 627 5147 800 5203; x_wconf 90' lang='lat' dir='ltr'>ambo</span> <span class='ocrx_word' id='word_1_689' title='bbox 830 5147 1159 5220; x_wconf 90' lang='lat' dir='ltr'>deprompti</span> <span class='ocrx_word' id='word_1_690' title='bbox 1205 5163 1347 5203; x_wconf 90' lang='lat' dir='ltr'>cura</span> <span class='ocrx_word' id='word_1_691' title='bbox 1392 5147 1629 5203; x_wconf 73' lang='lat' dir='ltr'>tandem</span> <span class='ocrx_word' id='word_1_692' title='bbox 1672 5154 1872 5203; x_wconf 83' lang='lat' dir='ltr'>nostra</span> <span class='ocrx_word' id='word_1_693' title='bbox 1902 5146 1959 5202; x_wconf 89' lang='lat' dir='ltr'>in</span> 
     </span>
    </p>
   </div>
   <div class='ocr_carea' id='block_1_103' title="bbox 308 5234 1959 5308">
    <p class='ocr_par' dir='ltr' id='par_1_103' title="bbox 308 5234 1959 5308">
     <span class='ocr_line' id='line_1_104' title="bbox 308 5234 1959 5308; baseline -0.002 -14"><span class='ocrx_word' id='word_1_694' title='bbox 308 5237 500 5294; x_wconf 90' lang='lat' dir='ltr'>lucem</span> <span class='ocrx_word' id='word_1_695' title='bbox 520 5234 886 5293; x_wconf 86' lang='lat' dir='ltr'>emerserint.</span> <span class='ocrx_word' id='word_1_696' title='bbox 907 5235 976 5291; x_wconf 90' lang='lat' dir='ltr'>Et</span> <span class='ocrx_word' id='word_1_697' title='bbox 996 5252 1137 5293; x_wconf 86' lang='lat' dir='ltr'>sane</span> <span class='ocrx_word' id='word_1_698' title='bbox 1165 5235 1275 5293; x_wconf 92' lang='lat' dir='ltr'>hoc</span> <span class='ocrx_word' id='word_1_699' title='bbox 1305 5235 1594 5308; x_wconf 68' lang='lat' dir='ltr'>praecipue</span> <span class='ocrx_word' id='word_1_700' title='bbox 1621 5235 1815 5302; x_wconf 87' lang='lat' dir='ltr'>titulo,</span> <span class='ocrx_word' id='word_1_701' title='bbox 1838 5238 1959 5291; x_wconf 88' lang='lat' dir='ltr'>tam</span> 
     </span>
    </p>
   </div>
   <div class='ocr_carea' id='block_1_104' title="bbox 311 5322 1959 5398">
    <p class='ocr_par' dir='ltr' id='par_1_104' title="bbox 311 5322 1959 5398">
     <span class='ocr_line' id='line_1_105' title="bbox 311 5322 1959 5398; baseline -0.002 -13"><span class='ocrx_word' id='word_1_702' title='bbox 311 5324 649 5385; x_wconf 88' lang='lat' dir='ltr'>Mabillonio</span> <span class='ocrx_word' id='word_1_703' title='bbox 664 5338 843 5397; x_wconf 86' lang='lat' dir='ltr'>quam</span> <span class='ocrx_word' id='word_1_704' title='bbox 866 5323 1012 5379; x_wconf 90' lang='lat' dir='ltr'>mihi</span> <span class='ocrx_word' id='word_1_705' title='bbox 1029 5341 1164 5398; x_wconf 90' lang='lat' dir='ltr'>spes</span> <span class='ocrx_word' id='word_1_706' title='bbox 1180 5324 1381 5381; x_wconf 85' lang='lat' dir='ltr'>futura</span> <span class='ocrx_word' id='word_1_707' title='bbox 1406 5328 1550 5392; x_wconf 90' lang='lat' dir='ltr'>erat,</span> <span class='ocrx_word' id='word_1_708' title='bbox 1582 5340 1690 5380; x_wconf 92' lang='lat' dir='ltr'>nos</span> <span class='ocrx_word' id='word_1_709' title='bbox 1708 5322 1959 5396; x_wconf 90' lang='lat' dir='ltr'>gratiam</span> 
     </span>
    </p>
   </div>
   <div class='ocr_carea' id='block_1_105' title="bbox 304 5408 1959 5483">
    <p class='ocr_par' dir='ltr' id='par_1_105' title="bbox 304 5408 1959 5483">
     <span class='ocr_line' id='line_1_106' title="bbox 304 5408 1959 5483; baseline -0.002 -12"><span class='ocrx_word' id='word_1_710' title='bbox 304 5413 560 5471; x_wconf 89' lang='lat' dir='ltr'>inituros</span> <span class='ocrx_word' id='word_1_711' title='bbox 591 5408 1404 5469; x_wconf 87' lang='lat' dir='ltr'>clarissimivirimarchionis</span> <span class='ocrx_word' id='word_1_712' title='bbox 1434 5410 1725 5483; x_wconf 90' lang='lat' dir='ltr'>Scipionis</span> <span class='ocrx_word' id='word_1_713' title='bbox 1747 5410 1959 5469; x_wconf 68' lang='lat' dir='ltr'>Malleii</span> 
     </span>
    </p>
   </div>
   <div class='ocr_carea' id='block_1_106' title="bbox 307 5497 1957 5574">
    <p class='ocr_par' dir='ltr' id='par_1_106' title="bbox 307 5497 1957 5574">
     <span class='ocr_line' id='line_1_107' title="bbox 307 5497 1957 5574; baseline -0.001 -15"><span class='ocrx_word' id='word_1_714' title='bbox 307 5501 574 5569; x_wconf 87' lang='lat' dir='ltr'>Veronis,</span> <span class='ocrx_word' id='word_1_715' title='bbox 624 5497 726 5573; x_wconf 91' lang='lat' dir='ltr'>qui</span> <span class='ocrx_word' id='word_1_716' title='bbox 759 5500 887 5554; x_wconf 88' lang='lat' dir='ltr'>tum</span> <span class='ocrx_word' id='word_1_717' title='bbox 943 5502 1190 5574; x_wconf 85' lang='lat' dir='ltr'>patriam</span> <span class='ocrx_word' id='word_1_718' title='bbox 1246 5516 1437 5566; x_wconf 89' lang='lat' dir='ltr'>suam,</span> <span class='ocrx_word' id='word_1_719' title='bbox 1468 5502 1596 5555; x_wconf 91' lang='lat' dir='ltr'>tum</span> <span class='ocrx_word' id='word_1_720' title='bbox 1657 5499 1957 5571; x_wconf 89' lang='lat' dir='ltr'>antiquam</span> 
     </span>
    </p>
   </div>
   <div class='ocr_carea' id='block_1_107' title="bbox 309 5584 1956 5662">
    <p class='ocr_par' dir='ltr' id='par_1_107' title="bbox 309 5584 1956 5662">
     <span class='ocr_line' id='line_1_108' title="bbox 309 5584 1956 5662; baseline 0.001 -13"><span class='ocrx_word' id='word_1_721' title='bbox 309 5588 699 5653; x_wconf 82' lang='lat' dir='ltr'>eruditionem</span> <span class='ocrx_word' id='word_1_722' title='bbox 749 5599 985 5648; x_wconf 85' lang='lat' dir='ltr'>summa</span> <span class='ocrx_word' id='word_1_723' title='bbox 1029 5604 1166 5647; x_wconf 89' lang='lat' dir='ltr'>cum</span> <span class='ocrx_word' id='word_1_724' title='bbox 1197 5588 1371 5647; x_wconf 89' lang='lat' dir='ltr'>laude</span> <span class='ocrx_word' id='word_1_725' title='bbox 1416 5584 1713 5648; x_wconf 86' lang='lat' dir='ltr'>illustrare</span> <span class='ocrx_word' id='word_1_726' title='bbox 1748 5591 1956 5662; x_wconf 86' lang='lat' dir='ltr'>pergit.</span> 
     </span>
    </p>
   </div>
   <div class='ocr_carea' id='block_1_108' title="bbox 2075 4700 3726 4777">
    <p class='ocr_par' dir='ltr' id='par_1_108' title="bbox 2075 4700 3726 4777">
     <span class='ocr_line' id='line_1_109' title="bbox 2075 4700 3726 4777; baseline -0.003 -15"><span class='ocrx_word' id='word_1_727' title='bbox 2075 4705 2323 4763; x_wconf 91' lang='lat' dir='ltr'>miseros</span> <span class='ocrx_word' id='word_1_728' title='bbox 2345 4706 2474 4776; x_wconf 89' lang='lat' dir='ltr'>jam</span> <span class='ocrx_word' id='word_1_729' title='bbox 2507 4702 2801 4777; x_wconf 89' lang='lat' dir='ltr'>appellare</span> <span class='ocrx_word' id='word_1_730' title='bbox 2831 4702 3033 4759; x_wconf 90' lang='lat' dir='ltr'>liceret</span> <span class='ocrx_word' id='word_1_731' title='bbox 3054 4700 3292 4775; x_wconf 88' lang='lat' dir='ltr'>quosvis</span> <span class='ocrx_word' id='word_1_732' title='bbox 3320 4701 3608 4771; x_wconf 71' lang='lat' dir='ltr'>eruditos,</span> <span class='ocrx_word' id='word_1_733' title='bbox 3627 4703 3726 4775; x_wconf 87' lang='lat' dir='ltr'>qui</span> 
     </span>
    </p>
   </div>
   <div class='ocr_carea' id='block_1_109' title="bbox 2073 4789 3725 4863">
    <p class='ocr_par' dir='ltr' id='par_1_109' title="bbox 2073 4789 3725 4863">
     <span class='ocr_line' id='line_1_110' title="bbox 2073 4789 3725 4863; baseline -0.001 -13"><span class='ocrx_word' id='word_1_734' title='bbox 2073 4797 2456 4850; x_wconf 89' lang='lat' dir='ltr'>monumenta</span> <span class='ocrx_word' id='word_1_735' title='bbox 2478 4795 2743 4848; x_wconf 77' lang='lat' dir='ltr'>veterum</span> <span class='ocrx_word' id='word_1_736' title='bbox 2774 4791 3053 4860; x_wconf 86' lang='lat' dir='ltr'>tenebris,</span> <span class='ocrx_word' id='word_1_737' title='bbox 3098 4793 3297 4848; x_wconf 91' lang='lat' dir='ltr'>nostro</span> <span class='ocrx_word' id='word_1_738' title='bbox 3343 4789 3725 4863; x_wconf 88' lang='lat' dir='ltr'>potissimum</span> 
     </span>
    </p>
   </div>
   <div class='ocr_carea' id='block_1_110' title="bbox 2070 4878 3723 4955">
    <p class='ocr_par' dir='ltr' id='par_1_110' title="bbox 2070 4878 3723 4955">
     <span class='ocr_line' id='line_1_111' title="bbox 2070 4878 3723 4955; baseline -0.002 -15"><span class='ocrx_word' id='word_1_739' title='bbox 2070 4882 2304 4951; x_wconf 75' lang='lat' dir='ltr'>saeculo,</span> <span class='ocrx_word' id='word_1_740' title='bbox 2320 4881 2685 4955; x_wconf 90' lang='lat' dir='ltr'>eripuerunt,</span> <span class='ocrx_word' id='word_1_741' title='bbox 2703 4896 2894 4953; x_wconf 89' lang='lat' dir='ltr'>neque</span> <span class='ocrx_word' id='word_1_742' title='bbox 2910 4880 3207 4937; x_wconf 88' lang='lat' dir='ltr'>lucernam</span> <span class='ocrx_word' id='word_1_743' title='bbox 3224 4878 3489 4936; x_wconf 87' lang='lat' dir='ltr'>criticam</span> <span class='ocrx_word' id='word_1_744' title='bbox 3516 4879 3586 4935; x_wconf 84' lang='lat' dir='ltr'>ad</span> <span class='ocrx_word' id='word_1_745' title='bbox 3603 4879 3723 4937; x_wconf 90' lang='lat' dir='ltr'>sin-</span> 
     </span>
    </p>
   </div>
   <div class='ocr_carea' id='block_1_111' title="bbox 2069 4966 3725 5046">
    <p class='ocr_par' dir='ltr' id='par_1_111' title="bbox 2069 4966 3725 5046">
     <span class='ocr_line' id='line_1_112' title="bbox 2069 4966 3725 5046; baseline -0.002 -19"><span class='ocrx_word' id='word_1_746' title='bbox 2069 4971 2209 5046; x_wconf 87' lang='lat' dir='ltr'>gula</span> <span class='ocrx_word' id='word_1_747' title='bbox 2238 4971 2649 5027; x_wconf 89' lang='lat' dir='ltr'>accenderunt.</span> <span class='ocrx_word' id='word_1_748' title='bbox 2680 4970 2869 5041; x_wconf 88' lang='lat' dir='ltr'>Atque</span> <span class='ocrx_word' id='word_1_749' title='bbox 2886 4985 3018 5025; x_wconf 89' lang='lat' dir='ltr'>mea</span> <span class='ocrx_word' id='word_1_750' title='bbox 3039 4968 3100 5024; x_wconf 90' lang='lat' dir='ltr'>in</span> <span class='ocrx_word' id='word_1_751' title='bbox 3131 4966 3341 5041; x_wconf 90' lang='lat' dir='ltr'>primis</span> <span class='ocrx_word' id='word_1_752' title='bbox 3364 4966 3725 5039; x_wconf 82' lang='lat' dir='ltr'>deplorando</span> 
     </span>
    </p>
   </div>
   <div class='ocr_carea' id='block_1_112' title="bbox 2070 5054 3722 5130">
    <p class='ocr_par' dir='ltr' id='par_1_112' title="bbox 2070 5054 3722 5130">
     <span class='ocr_line' id='line_1_113' title="bbox 2070 5054 3722 5130; baseline -0.002 -14"><span class='ocrx_word' id='word_1_753' title='bbox 2070 5061 2305 5117; x_wconf 87' lang='lat' dir='ltr'>fortuna</span> <span class='ocrx_word' id='word_1_754' title='bbox 2332 5058 2501 5125; x_wconf 89' lang='lat' dir='ltr'>foret,</span> <span class='ocrx_word' id='word_1_755' title='bbox 2517 5058 2617 5130; x_wconf 92' lang='lat' dir='ltr'>qui</span> <span class='ocrx_word' id='word_1_756' title='bbox 2646 5058 2706 5113; x_wconf 88' lang='lat' dir='ltr'>in</span> <span class='ocrx_word' id='word_1_757' title='bbox 2724 5058 2939 5113; x_wconf 86' lang='lat' dir='ltr'>Rerum</span> <span class='ocrx_word' id='word_1_758' title='bbox 2958 5056 3296 5113; x_wconf 87' lang='lat' dir='ltr'>Italicarum</span> <span class='ocrx_word' id='word_1_759' title='bbox 3311 5054 3722 5113; x_wconf 83' lang='lat' dir='ltr'>Collectionem</span> 
     </span>
    </p>
   </div>
   <div class='ocr_carea' id='block_1_113' title="bbox 2068 5144 3722 5217">
    <p class='ocr_par' dir='ltr' id='par_1_113' title="bbox 2068 5144 3722 5217">
     <span class='ocr_line' id='line_1_114' title="bbox 2068 5144 3722 5217; baseline -0.002 -12"><span class='ocrx_word' id='word_1_760' title='bbox 2068 5152 2153 5205; x_wconf 88' lang='lat' dir='ltr'>tot</span> <span class='ocrx_word' id='word_1_761' title='bbox 2182 5146 2459 5203; x_wconf 87' lang='lat' dir='ltr'>historias</span> <span class='ocrx_word' id='word_1_762' title='bbox 2490 5146 2663 5201; x_wconf 85' lang='lat' dir='ltr'>intuli</span> <span class='ocrx_word' id='word_1_763' title='bbox 2695 5162 2996 5216; x_wconf 88' lang='lat' dir='ltr'>nunquam</span> <span class='ocrx_word' id='word_1_764' title='bbox 3030 5149 3202 5203; x_wconf 89' lang='lat' dir='ltr'>antea</span> <span class='ocrx_word' id='word_1_765' title='bbox 3228 5144 3460 5213; x_wconf 58' lang='lat' dir='ltr'>-editas,</span> <span class='ocrx_word' id='word_1_766' title='bbox 3504 5156 3722 5217; x_wconf 82' lang='lat' dir='ltr'>easque</span> 
     </span>
    </p>
   </div>
   <div class='ocr_carea' id='block_1_114' title="bbox 2068 5232 3715 5311">
    <p class='ocr_par' dir='ltr' id='par_1_114' title="bbox 2068 5232 3715 5311">
     <span class='ocr_line' id='line_1_115' title="bbox 2068 5232 3715 5311; baseline -0.002 -18"><span class='ocrx_word' id='word_1_767' title='bbox 2068 5235 2202 5293; x_wconf 88' lang='lat' dir='ltr'>dedi</span> <span class='ocrx_word' id='word_1_768' title='bbox 2232 5234 2435 5307; x_wconf 87' lang='lat' dir='ltr'>quales</span> <span class='ocrx_word' id='word_1_769' title='bbox 2460 5250 2492 5289; x_wconf 92' lang='lat' dir='ltr'>e</span> <span class='ocrx_word' id='word_1_770' title='bbox 2522 5250 2666 5289; x_wconf 89' lang='lat' dir='ltr'>mss.</span> <span class='ocrx_word' id='word_1_771' title='bbox 2699 5232 2915 5311; x_wconf 83' lang='lat' dir='ltr'>accepi,</span> <span class='ocrx_word' id='word_1_772' title='bbox 2953 5233 3112 5291; x_wconf 88' lang='lat' dir='ltr'>vitiis</span> <span class='ocrx_word' id='word_1_773' title='bbox 3156 5232 3429 5290; x_wconf 87' lang='lat' dir='ltr'>videlicet</span> <span class='ocrx_word' id='word_1_774' title='bbox 3452 5236 3715 5290; x_wconf 86' lang='lat' dir='ltr'>veterum</span> 
     </span>
    </p>
   </div>
   <div class='ocr_carea' id='block_1_115' title="bbox 2068 5321 3719 5393">
    <p class='ocr_par' dir='ltr' id='par_1_115' title="bbox 2068 5321 3719 5393">
     <span class='ocr_line' id='line_1_116' title="bbox 2068 5321 3719 5393; baseline -0.003 -10"><span class='ocrx_word' id='word_1_775' title='bbox 2068 5323 2444 5383; x_wconf 88' lang='lat' dir='ltr'>librariorum</span> <span class='ocrx_word' id='word_1_776' title='bbox 2474 5337 2625 5393; x_wconf 86' lang='lat' dir='ltr'>saepe</span> <span class='ocrx_word' id='word_1_777' title='bbox 2635 5321 2901 5380; x_wconf 85' lang='lat' dir='ltr'>foedatae.</span> <span class='ocrx_word' id='word_1_778' title='bbox 2917 5323 3029 5380; x_wconf 88' lang='lat' dir='ltr'>Sed</span> <span class='ocrx_word' id='word_1_779' title='bbox 3046 5321 3205 5379; x_wconf 88' lang='lat' dir='ltr'>aliud</span> <span class='ocrx_word' id='word_1_780' title='bbox 3229 5326 3386 5380; x_wconf 81' lang='lat' dir='ltr'>certe</span> <span class='ocrx_word' id='word_1_781' title='bbox 3404 5322 3621 5379; x_wconf 86' lang='lat' dir='ltr'>eruditi</span> <span class='ocrx_word' id='word_1_782' title='bbox 3633 5338 3719 5379; x_wconf 83' lang='lat' dir='ltr'>or—</span> 
     </span>
    </p>
   </div>
   <div class='ocr_carea' id='block_1_116' title="bbox 2064 5408 3715 5483">
    <p class='ocr_par' dir='ltr' id='par_1_116' title="bbox 2064 5408 3715 5483">
     <span class='ocr_line' id='line_1_117' title="bbox 2064 5408 3715 5483; baseline -0.004 -11"><span class='ocrx_word' id='word_1_783' title='bbox 2064 5414 2159 5472; x_wconf 86' lang='lat' dir='ltr'>bis</span> <span class='ocrx_word' id='word_1_784' title='bbox 2181 5409 2477 5483; x_wconf 89' lang='lat' dir='ltr'>judicium</span> <span class='ocrx_word' id='word_1_785' title='bbox 2507 5408 3161 5481; x_wconf 82' lang='lat' dir='ltr'>erit.Mabillonio,mihi</span> <span class='ocrx_word' id='word_1_786' title='bbox 3183 5410 3529 5483; x_wconf 64' lang='lat' dir='ltr'>ceterisque</span> <span class='ocrx_word' id='word_1_787' title='bbox 3542 5420 3715 5479; x_wconf 71' lang='lat' dir='ltr'>aneo-</span> 
     </span>
    </p>
   </div>
   <div class='ocr_carea' id='block_1_117' title="bbox 2068 5496 3712 5574">
    <p class='ocr_par' dir='ltr' id='par_1_117' title="bbox 2068 5496 3712 5574">
     <span class='ocr_line' id='line_1_118' title="bbox 2068 5496 3712 5574; baseline -0.003 -14"><span class='ocrx_word' id='word_1_788' title='bbox 2068 5505 2339 5560; x_wconf 87' lang='lat' dir='ltr'>dotorum</span> <span class='ocrx_word' id='word_1_789' title='bbox 2352 5496 2676 5554; x_wconf 89' lang='lat' dir='ltr'>editoribus</span> <span class='ocrx_word' id='word_1_790' title='bbox 2692 5516 2879 5557; x_wconf 90' lang='lat' dir='ltr'>unum</span> <span class='ocrx_word' id='word_1_791' title='bbox 2894 5500 3241 5574; x_wconf 87' lang='lat' dir='ltr'>plerumque</span> <span class='ocrx_word' id='word_1_792' title='bbox 3253 5498 3575 5556; x_wconf 86' lang='lat' dir='ltr'>consilium</span> <span class='ocrx_word' id='word_1_793' title='bbox 3586 5498 3712 5567; x_wconf 81' lang='lat' dir='ltr'>fuit,</span> 
     </span>
    </p>
   </div>
   <div class='ocr_carea' id='block_1_118' title="bbox 2069 5588 3713 5661">
    <p class='ocr_par' dir='ltr' id='par_1_118' title="bbox 2069 5588 3713 5661">
     <span class='ocr_line' id='line_1_119' title="bbox 2069 5588 3713 5661; baseline -0.002 -12"><span class='ocrx_word' id='word_1_794' title='bbox 2069 5607 2138 5650; x_wconf 89' lang='lat' dir='ltr'>ac</span> <span class='ocrx_word' id='word_1_795' title='bbox 2166 5589 2432 5646; x_wconf 87' lang='lat' dir='ltr'>futurum</span> <span class='ocrx_word' id='word_1_796' title='bbox 2464 5589 2575 5658; x_wconf 88' lang='lat' dir='ltr'>est,</span> <span class='ocrx_word' id='word_1_797' title='bbox 2595 5589 2882 5661; x_wconf 91' lang='lat' dir='ltr'>nempein</span> <span class='ocrx_word' id='word_1_798' title='bbox 2911 5588 3301 5648; x_wconf 85' lang='lat' dir='ltr'>litteratorum</span> <span class='ocrx_word' id='word_1_799' title='bbox 3335 5588 3713 5649; x_wconf 82' lang='lat' dir='ltr'>commodum</span> 
     </span>
    </p>
   </div>
  </div>
