  <div class='ocr_page' id='page_1' title='image "/cluster/home/n/w/nwhite01/storage/ocr_20150623/151/uva.x000829795/407.png"; bbox 0 0 3896 6216; ppageno 0'>
   <div class='ocr_carea' id='block_1_1' title="bbox 315 359 431 422">
    <p class='ocr_par' dir='ltr' id='par_1_1' title="bbox 315 359 431 422">
     <span class='ocr_line' id='line_1_1' title="bbox 315 359 431 422; baseline 0 -3"><span class='ocrx_word' id='word_1_1' title='bbox 315 359 431 422; x_wconf 89' lang='lat'><strong>767</strong></span> 
     </span>
    </p>
   </div>
   <div class='ocr_carea' id='block_1_2' title="bbox 1065 351 2988 420">
    <p class='ocr_par' dir='ltr' id='par_1_2' title="bbox 1065 351 2988 420">
     <span class='ocr_line' id='line_1_2' title="bbox 1065 351 2988 420; baseline 0.001 -4"><span class='ocrx_word' id='word_1_2' title='bbox 1065 351 1254 416; x_wconf 69' lang='lat' dir='ltr'>SEC.</span> <span class='ocrx_word' id='word_1_3' title='bbox 1302 351 1384 415; x_wconf 86' lang='lat' dir='ltr'>XI</span> <span class='ocrx_word' id='word_1_4' title='bbox 1426 351 1656 416; x_wconf 88' lang='lat' dir='ltr'>AUCT.</span> <span class='ocrx_word' id='word_1_5' title='bbox 1702 353 2020 417; x_wconf 79' lang='lat' dir='ltr'>INCERTI</span> <span class='ocrx_word' id='word_1_6' title='bbox 2061 352 2251 418; x_wconf 82' lang='lat' dir='ltr'>ANNI</span> <span class='ocrx_word' id='word_1_7' title='bbox 2295 356 2397 418; x_wconf 88' lang='lat' dir='ltr'><strong>ET</strong></span> <span class='ocrx_word' id='word_1_8' title='bbox 2440 355 2738 420; x_wconf 80' lang='lat' dir='ltr'>SCRIPT.</span> <span class='ocrx_word' id='word_1_9' title='bbox 2766 363 2988 417; x_wconf 74' lang='lat' dir='ltr'><strong>’AAsle.</strong></span> 
     </span>
    </p>
   </div>
   <div class='ocr_carea' id='block_1_3' title="bbox 3602 361 3744 426">
    <p class='ocr_par' dir='ltr' id='par_1_3' title="bbox 3602 361 3744 426">
     <span class='ocr_line' id='line_1_3' title="bbox 3602 361 3744 426; baseline 0.028 -4"><span class='ocrx_word' id='word_1_10' title='bbox 3602 361 3744 426; x_wconf 83' lang='lat'><strong>768</strong></span> 
     </span>
    </p>
   </div>
   <div class='ocr_carea' id='block_1_4' title="bbox 311 485 3742 568">
    <p class='ocr_par' dir='ltr' id='par_1_4' title="bbox 311 485 3742 568">
     <span class='ocr_line' id='line_1_4' title="bbox 311 485 3742 568; baseline 0.001 -18"><span class='ocrx_word' id='word_1_11' title='bbox 311 490 596 568; x_wconf 80' lang='lat' dir='ltr'>Vopiscus</span> <span class='ocrx_word' id='word_1_12' title='bbox 625 488 803 549; x_wconf 89' lang='lat' dir='ltr'>etiam</span> <span class='ocrx_word' id='word_1_13' title='bbox 833 486 894 547; x_wconf 91' lang='lat' dir='ltr'>in</span> <span class='ocrx_word' id='word_1_14' title='bbox 923 485 1236 545; x_wconf 82' lang='lat' dir='ltr'>Aureliano</span> <span class='ocrx_word' id='word_1_15' title='bbox 1261 485 1578 544; x_wconf 81' lang='lat' dir='ltr'>militarem</span> <span class='ocrx_word' id='word_1_16' title='bbox 1611 485 1952 558; x_wconf 86' lang='lat' dir='ltr'>rhythmum</span> <span class='ocrx_word' id='word_1_17' title='bbox 1979 489 2036 558; x_wconf 79' lang='grc' dir='ltr'><strong>Α</strong></span> <span class='ocrx_word' id='word_1_18' title='bbox 2136 489 2327 548; x_wconf 89' lang='lat' dir='ltr'>Unum</span> <span class='ocrx_word' id='word_1_19' title='bbox 2359 491 2766 547; x_wconf 81' lang='lat' dir='ltr'>tantummodo</span> <span class='ocrx_word' id='word_1_20' title='bbox 2814 491 3110 564; x_wconf 80' lang='lat' dir='ltr'>adjiciam,</span> <span class='ocrx_word' id='word_1_21' title='bbox 3172 506 3386 566; x_wconf 90' lang='lat' dir='ltr'>nempe</span> <span class='ocrx_word' id='word_1_22' title='bbox 3443 493 3574 568; x_wconf 84' lang='lat' dir='ltr'>cogi</span> <span class='ocrx_word' id='word_1_23' title='bbox 3614 509 3742 554; x_wconf 84' lang='lat' dir='ltr'>nos</span> 
     </span>
    </p>
   </div>
   <div class='ocr_carea' id='block_1_5' title="bbox 311 579 1343 654">
    <p class='ocr_par' dir='ltr' id='par_1_5' title="bbox 311 579 1343 654">
     <span class='ocr_line' id='line_1_5' title="bbox 311 579 1343 654; baseline -0.008 -14"><span class='ocrx_word' id='word_1_24' title='bbox 311 585 506 654; x_wconf 82' lang='lat' dir='ltr'>refert,</span> <span class='ocrx_word' id='word_1_25' title='bbox 537 581 699 640; x_wconf 88' lang='lat' dir='ltr'>hisce</span> <span class='ocrx_word' id='word_1_26' title='bbox 728 579 921 638; x_wconf 82' lang='lat' dir='ltr'>verbis</span> <span class='ocrx_word' id='word_1_27' title='bbox 950 581 1293 651; x_wconf 90' lang='lat' dir='ltr'>conceptum</span> <span class='ocrx_word' id='word_1_28' title='bbox 1329 593 1343 632; x_wconf 90' lang='lat'><strong>:</strong></span> 
     </span>
    </p>
   </div>
   <div class='ocr_carea' id='block_1_6' title="bbox 310 712 1690 785">
    <p class='ocr_par' dir='ltr' id='par_1_6' title="bbox 310 712 1690 785">
     <span class='ocr_line' id='line_1_6' title="bbox 310 712 1690 785; baseline -0.009 -9"><span class='ocrx_word' id='word_1_29' title='bbox 310 720 476 785; x_wconf 77' lang='lat' dir='ltr'>Mille,</span> <span class='ocrx_word' id='word_1_30' title='bbox 506 717 681 785; x_wconf 87' lang='lat' dir='ltr'>mille,</span> <span class='ocrx_word' id='word_1_31' title='bbox 711 716 868 770; x_wconf 89' lang='lat' dir='ltr'>mille</span> <span class='ocrx_word' id='word_1_32' title='bbox 894 715 1071 781; x_wconf 87' lang='lat' dir='ltr'>mille,</span> <span class='ocrx_word' id='word_1_33' title='bbox 1102 713 1256 768; x_wconf 86' lang='lat' dir='ltr'>mille</span> <span class='ocrx_word' id='word_1_34' title='bbox 1284 712 1690 767; x_wconf 85' lang='lat' dir='ltr'>decollavimus.</span> 
     </span>
    </p>
   </div>
   <div class='ocr_carea' id='block_1_7' title="bbox 312 801 1674 870">
    <p class='ocr_par' dir='ltr' id='par_1_7' title="bbox 312 801 1674 870">
     <span class='ocr_line' id='line_1_7' title="bbox 312 801 1674 870; baseline -0.009 -4"><span class='ocrx_word' id='word_1_35' title='bbox 312 811 457 866; x_wconf 81' lang='lat' dir='ltr'>Unus</span> <span class='ocrx_word' id='word_1_36' title='bbox 485 807 642 864; x_wconf 87' lang='lat' dir='ltr'>homo</span> <span class='ocrx_word' id='word_1_37' title='bbox 674 805 851 870; x_wconf 85' lang='lat' dir='ltr'>mille,</span> <span class='ocrx_word' id='word_1_38' title='bbox 881 804 1054 869; x_wconf 87' lang='lat' dir='ltr'>mille,</span> <span class='ocrx_word' id='word_1_39' title='bbox 1086 803 1242 858; x_wconf 89' lang='lat' dir='ltr'>mille</span> <span class='ocrx_word' id='word_1_40' title='bbox 1270 801 1674 856; x_wconf 82' lang='lat' dir='ltr'>decollavimus.</span> 
     </span>
    </p>
   </div>
   <div class='ocr_carea' id='block_1_8' title="bbox 307 889 1618 963">
    <p class='ocr_par' dir='ltr' id='par_1_8' title="bbox 307 889 1618 963">
     <span class='ocr_line' id='line_1_8' title="bbox 307 889 1618 963; baseline -0.008 -10"><span class='ocrx_word' id='word_1_41' title='bbox 307 898 474 963; x_wconf 78' lang='lat' dir='ltr'>Mille,</span> <span class='ocrx_word' id='word_1_42' title='bbox 505 897 680 962; x_wconf 86' lang='lat' dir='ltr'>mille,</span> <span class='ocrx_word' id='word_1_43' title='bbox 713 895 870 948; x_wconf 88' lang='lat' dir='ltr'>mille</span> <span class='ocrx_word' id='word_1_44' title='bbox 900 894 1066 957; x_wconf 76' lang='lat' dir='ltr'>vivat,</span> <span class='ocrx_word' id='word_1_45' title='bbox 1098 893 1196 962; x_wconf 87' lang='lat' dir='ltr'>qui</span> <span class='ocrx_word' id='word_1_46' title='bbox 1225 890 1374 944; x_wconf 82' lang='lat' dir='ltr'>mille</span> <span class='ocrx_word' id='word_1_47' title='bbox 1402 889 1618 943; x_wconf 70' lang='lat' dir='ltr'>occidit.</span> 
     </span>
    </p>
   </div>
   <div class='ocr_carea' id='block_1_9' title="bbox 313 975 1960 1052">
    <p class='ocr_par' dir='ltr' id='par_1_9' title="bbox 313 975 1960 1052">
     <span class='ocr_line' id='line_1_9' title="bbox 313 975 1960 1052; baseline -0.009 -8"><span class='ocrx_word' id='word_1_48' title='bbox 313 989 542 1044; x_wconf 85' lang='lat' dir='ltr'>Tantum</span> <span class='ocrx_word' id='word_1_49' title='bbox 571 986 689 1041; x_wconf 86' lang='lat' dir='ltr'>vini</span> <span class='ocrx_word' id='word_1_50' title='bbox 716 983 872 1038; x_wconf 80' lang='lat' dir='ltr'>habet</span> <span class='ocrx_word' id='word_1_51' title='bbox 896 981 957 1052; x_wconf 82' lang='lat' dir='ltr'>[f.</span> <span class='ocrx_word' id='word_1_52' title='bbox 993 981 1148 1050; x_wconf 78' lang='lat' dir='ltr'>bibit]</span> <span class='ocrx_word' id='word_1_53' title='bbox 1174 985 1629 1050; x_wconf 86' lang='lat' dir='ltr'>nemo,quantum</span> <span class='ocrx_word' id='word_1_54' title='bbox 1656 975 1803 1049; x_wconf 81' lang='lat' dir='ltr'>fudit</span> <span class='ocrx_word' id='word_1_55' title='bbox 1830 993 1960 1031; x_wconf 87' lang='lat' dir='ltr'>san-</span> 
     </span>
    </p>
   </div>
   <div class='ocr_carea' id='block_1_10' title="bbox 1653 1068 1884 1137">
    <p class='ocr_par' dir='ltr' id='par_1_10' title="bbox 1653 1068 1884 1137">
     <span class='ocr_line' id='line_1_10' title="bbox 1653 1068 1884 1137; baseline 0.004 -16"><span class='ocrx_word' id='word_1_56' title='bbox 1653 1069 1705 1137; x_wconf 85' lang='lat' dir='ltr'>[g</span> <span class='ocrx_word' id='word_1_57' title='bbox 1715 1068 1808 1122; x_wconf 87' lang='lat' dir='ltr'>uin</span> <span class='ocrx_word' id='word_1_58' title='bbox 1819 1069 1884 1122; x_wconf 84' lang='lat' dir='ltr'>is.</span> 
     </span>
    </p>
   </div>
   <div class='ocr_carea' id='block_1_11' title="bbox 305 1199 1961 1274">
    <p class='ocr_par' dir='ltr' id='par_1_11' title="bbox 305 1199 1961 1274">
     <span class='ocr_line' id='line_1_11' title="bbox 305 1199 1961 1274; baseline -0.007 -8"><span class='ocrx_word' id='word_1_59' title='bbox 305 1211 390 1266; x_wconf 89' lang='lat' dir='ltr'>Ita</span> <span class='ocrx_word' id='word_1_60' title='bbox 414 1205 753 1265; x_wconf 90' lang='lat' dir='ltr'>scribendos</span> <span class='ocrx_word' id='word_1_61' title='bbox 785 1221 882 1260; x_wconf 90' lang='lat' dir='ltr'>eos</span> <span class='ocrx_word' id='word_1_62' title='bbox 911 1219 1116 1258; x_wconf 89' lang='lat' dir='ltr'>versus</span> <span class='ocrx_word' id='word_1_63' title='bbox 1147 1205 1346 1274; x_wconf 90' lang='lat' dir='ltr'>puto,e</span> <span class='ocrx_word' id='word_1_64' title='bbox 1378 1201 1595 1273; x_wconf 83' lang='lat' dir='ltr'>quibus</span> <span class='ocrx_word' id='word_1_65' title='bbox 1627 1201 1855 1266; x_wconf 86' lang='lat' dir='ltr'>tertius,</span> <span class='ocrx_word' id='word_1_66' title='bbox 1876 1199 1961 1256; x_wconf 85' lang='lat' dir='ltr'>uti</span> 
     </span>
    </p>
   </div>
   <div class='ocr_carea' id='block_1_12' title="bbox 301 1290 1964 1364">
    <p class='ocr_par' dir='ltr' id='par_1_12' title="bbox 301 1290 1964 1364">
     <span class='ocr_line' id='line_1_12' title="bbox 301 1290 1964 1364; baseline -0.008 -10"><span class='ocrx_word' id='word_1_67' title='bbox 301 1298 549 1361; x_wconf 87' lang='lat' dir='ltr'>videtur,</span> <span class='ocrx_word' id='word_1_68' title='bbox 597 1297 801 1351; x_wconf 88' lang='lat' dir='ltr'>contra</span> <span class='ocrx_word' id='word_1_69' title='bbox 848 1291 1006 1364; x_wconf 91' lang='lat' dir='ltr'>leges</span> <span class='ocrx_word' id='word_1_70' title='bbox 1054 1290 1349 1347; x_wconf 82' lang='lat' dir='ltr'>clauditur</span> <span class='ocrx_word' id='word_1_71' title='bbox 1394 1291 1568 1346; x_wconf 90' lang='lat' dir='ltr'>verbo</span> <span class='ocrx_word' id='word_1_72' title='bbox 1628 1290 1838 1345; x_wconf 76' lang='lat' dir='ltr'>occulit.</span> <span class='ocrx_word' id='word_1_73' title='bbox 1893 1290 1964 1344; x_wconf 78' lang='lat' dir='ltr'>At</span> 
     </span>
    </p>
   </div>
   <div class='ocr_carea' id='block_1_13' title="bbox 301 1379 1964 1455">
    <p class='ocr_par' dir='ltr' id='par_1_13' title="bbox 301 1379 1964 1455">
     <span class='ocr_line' id='line_1_13' title="bbox 301 1379 1964 1455; baseline -0.007 -11"><span class='ocrx_word' id='word_1_74' title='bbox 301 1383 622 1444; x_wconf 80' lang='lat' dir='ltr'>hexametri</span> <span class='ocrx_word' id='word_1_75' title='bbox 654 1399 886 1455; x_wconf 91' lang='lat' dir='ltr'>quoque</span> <span class='ocrx_word' id='word_1_76' title='bbox 910 1381 1203 1436; x_wconf 81' lang='lat' dir='ltr'>interdum</span> <span class='ocrx_word' id='word_1_77' title='bbox 1235 1397 1350 1436; x_wconf 91' lang='lat' dir='ltr'>non</span> <span class='ocrx_word' id='word_1_78' title='bbox 1378 1379 1635 1452; x_wconf 81' lang='lat' dir='ltr'>dactylo,</span> <span class='ocrx_word' id='word_1_79' title='bbox 1662 1379 1762 1435; x_wconf 91' lang='lat' dir='ltr'>sed</span> <span class='ocrx_word' id='word_1_80' title='bbox 1794 1395 1964 1450; x_wconf 88' lang='lat' dir='ltr'>spon-</span> 
     </span>
    </p>
   </div>
   <div class='ocr_carea' id='block_1_14' title="bbox 301 1469 1559 1542">
    <p class='ocr_par' dir='ltr' id='par_1_14' title="bbox 301 1469 1559 1542">
     <span class='ocr_line' id='line_1_14' title="bbox 301 1469 1559 1542; baseline -0.009 -10"><span class='ocrx_word' id='word_1_81' title='bbox 301 1477 423 1532; x_wconf 66' lang='lat' dir='ltr'>dico</span> <span class='ocrx_word' id='word_1_82' title='bbox 453 1473 815 1530; x_wconf 89' lang='lat' dir='ltr'>clauduntur</span> <span class='ocrx_word' id='word_1_83' title='bbox 845 1470 999 1542; x_wconf 90' lang='lat' dir='ltr'>apud</span> <span class='ocrx_word' id='word_1_84' title='bbox 1033 1469 1303 1525; x_wconf 86' lang='lat' dir='ltr'>meliores</span> <span class='ocrx_word' id='word_1_85' title='bbox 1338 1474 1559 1540; x_wconf 85' lang='lat' dir='ltr'>poetas.</span> 
     </span>
    </p>
   </div>
   <div class='ocr_carea' id='block_1_15' title="bbox 370 1558 1966 1632">
    <p class='ocr_par' dir='ltr' id='par_1_15' title="bbox 370 1558 1966 1632">
     <span class='ocr_line' id='line_1_15' title="bbox 370 1558 1966 1632; baseline -0.004 -11"><span class='ocrx_word' id='word_1_86' title='bbox 370 1565 530 1630; x_wconf 89' lang='lat' dir='ltr'>Quod</span> <span class='ocrx_word' id='word_1_87' title='bbox 553 1566 642 1620; x_wconf 88' lang='lat' dir='ltr'>est</span> <span class='ocrx_word' id='word_1_88' title='bbox 667 1561 740 1618; x_wconf 88' lang='lat' dir='ltr'>ad</span> <span class='ocrx_word' id='word_1_89' title='bbox 773 1560 1116 1632; x_wconf 83' lang='lat' dir='ltr'>rhythmum</span> <span class='ocrx_word' id='word_1_90' title='bbox 1164 1560 1240 1614; x_wconf 90' lang='lat' dir='ltr'>De</span> <span class='ocrx_word' id='word_1_91' title='bbox 1282 1558 1538 1614; x_wconf 77' lang='lat' dir='ltr'>laudibus</span> <span class='ocrx_word' id='word_1_92' title='bbox 1591 1558 1890 1614; x_wconf 83' lang='lat' dir='ltr'>Mediolani</span> <span class='ocrx_word' id='word_1_93' title='bbox 1931 1575 1966 1614; x_wconf 90' lang='lat' dir='ltr'>a</span> 
     </span>
    </p>
   </div>
   <div class='ocr_carea' id='block_1_16' title="bbox 299 1646 1963 1719">
    <p class='ocr_par' dir='ltr' id='par_1_16' title="bbox 299 1646 1963 1719">
     <span class='ocr_line' id='line_1_16' title="bbox 299 1646 1963 1719; baseline -0.007 -7"><span class='ocrx_word' id='word_1_94' title='bbox 299 1671 396 1712; x_wconf 87' lang='lat' dir='ltr'>me</span> <span class='ocrx_word' id='word_1_95' title='bbox 419 1653 666 1717; x_wconf 89' lang='lat' dir='ltr'>editum,</span> <span class='ocrx_word' id='word_1_96' title='bbox 699 1648 1082 1705; x_wconf 88' lang='lat' dir='ltr'>doctissimus</span> <span class='ocrx_word' id='word_1_97' title='bbox 1135 1664 1342 1704; x_wconf 83' lang='lat' dir='ltr'>censor</span> <span class='ocrx_word' id='word_1_98' title='bbox 1389 1646 1768 1719; x_wconf 84' lang='lat' dir='ltr'>conqueritur</span> <span class='ocrx_word' id='word_1_99' title='bbox 1807 1647 1963 1718; x_wconf 89' lang='lat' dir='ltr'>quod</span> 
     </span>
    </p>
   </div>
   <div class='ocr_carea' id='block_1_17' title="bbox 299 1736 1962 1817">
    <p class='ocr_par' dir='ltr' id='par_1_17' title="bbox 299 1736 1962 1817">
     <span class='ocr_line' id='line_1_17' title="bbox 299 1736 1962 1817; baseline -0.005 -17"><span class='ocrx_word' id='word_1_100' title='bbox 299 1759 476 1817; x_wconf 88' lang='lat' dir='ltr'>prave</span> <span class='ocrx_word' id='word_1_101' title='bbox 504 1739 838 1812; x_wconf 89' lang='lat' dir='ltr'>descriptus</span> <span class='ocrx_word' id='word_1_102' title='bbox 871 1738 1052 1794; x_wconf 87' lang='lat' dir='ltr'>fuerit</span> <span class='ocrx_word' id='word_1_103' title='bbox 1082 1753 1150 1792; x_wconf 86' lang='lat' dir='ltr'>ex</span> <span class='ocrx_word' id='word_1_104' title='bbox 1180 1741 1512 1809; x_wconf 87' lang='lat' dir='ltr'>pervetusto</span> <span class='ocrx_word' id='word_1_105' title='bbox 1559 1736 1755 1793; x_wconf 88' lang='lat' dir='ltr'>codice</span> <span class='ocrx_word' id='word_1_106' title='bbox 1786 1737 1962 1791; x_wconf 89' lang='lat' dir='ltr'>Vero-</span> 
     </span>
    </p>
   </div>
   <div class='ocr_carea' id='block_1_18' title="bbox 2069 579 3743 655">
    <p class='ocr_par' dir='ltr' id='par_1_18' title="bbox 2069 579 3743 655">
     <span class='ocr_line' id='line_1_18' title="bbox 2069 579 3743 655; baseline 0.005 -21"><span class='ocrx_word' id='word_1_107' title='bbox 2069 580 2300 635; x_wconf 87' lang='lat' dir='ltr'>credere</span> <span class='ocrx_word' id='word_1_108' title='bbox 2313 580 2568 636; x_wconf 89' lang='lat' dir='ltr'>amicum</span> <span class='ocrx_word' id='word_1_109' title='bbox 2583 579 2879 637; x_wconf 71' lang='lat' dir='ltr'>Malfeium</span> <span class='ocrx_word' id='word_1_110' title='bbox 2895 579 3114 654; x_wconf 85' lang='lat' dir='ltr'>ingenti</span> <span class='ocrx_word' id='word_1_111' title='bbox 3127 581 3431 655; x_wconf 82' lang='lat' dir='ltr'>prurigine</span> <span class='ocrx_word' id='word_1_112' title='bbox 3451 585 3743 643; x_wconf 80' lang='lat' dir='ltr'>censorias</span> 
     </span>
    </p>
   </div>
   <div class='ocr_carea' id='block_1_19' title="bbox 2068 668 3741 746">
    <p class='ocr_par' dir='ltr' id='par_1_19' title="bbox 2068 668 3741 746">
     <span class='ocr_line' id='line_1_19' title="bbox 2068 668 3741 746; baseline 0.007 -25"><span class='ocrx_word' id='word_1_113' title='bbox 2068 668 2239 740; x_wconf 70' lang='lat' dir='ltr'>virgae</span> <span class='ocrx_word' id='word_1_114' title='bbox 2271 669 2775 738; x_wconf 57' lang='lat' dir='ltr'>adhibendaepum</span> <span class='ocrx_word' id='word_1_115' title='bbox 2798 671 2918 726; x_wconf 68' lang='lat' dir='ltr'>haec</span> <span class='ocrx_word' id='word_1_116' title='bbox 2939 670 3495 746; x_wconf 87' lang='lat' dir='ltr'>scripsit,agitatum</span> <span class='ocrx_word' id='word_1_117' title='bbox 3518 674 3741 732; x_wconf 82' lang='lat' dir='ltr'>fuisse.</span> 
     </span>
    </p>
   </div>
   <div class='ocr_carea' id='block_1_20' title="bbox 2069 757 3747 836">
    <p class='ocr_par' dir='ltr' id='par_1_20' title="bbox 2069 757 3747 836">
     <span class='ocr_line' id='line_1_20' title="bbox 2069 757 3747 836; baseline 0.006 -24"><span class='ocrx_word' id='word_1_118' title='bbox 2069 757 2265 828; x_wconf 82' lang='lat' dir='ltr'>Neque</span> <span class='ocrx_word' id='word_1_119' title='bbox 2295 758 2451 814; x_wconf 88' lang='lat' dir='ltr'>enim</span> <span class='ocrx_word' id='word_1_120' title='bbox 2483 759 2644 814; x_wconf 90' lang='lat' dir='ltr'>hisce</span> <span class='ocrx_word' id='word_1_121' title='bbox 2675 763 3072 828; x_wconf 89' lang='lat' dir='ltr'>contentus,et</span> <span class='ocrx_word' id='word_1_122' title='bbox 3103 765 3265 818; x_wconf 75' lang='lat' dir='ltr'>extra</span> <span class='ocrx_word' id='word_1_123' title='bbox 3295 762 3573 820; x_wconf 80' lang='lat' dir='ltr'>semitam</span> <span class='ocrx_word' id='word_1_124' title='bbox 3603 782 3747 836; x_wconf 89' lang='lat' dir='ltr'>pro-</span> 
     </span>
    </p>
   </div>
   <div class='ocr_carea' id='block_1_21' title="bbox 2070 847 3744 918">
    <p class='ocr_par' dir='ltr' id='par_1_21' title="bbox 2070 847 3744 918">
     <span class='ocr_line' id='line_1_21' title="bbox 2070 847 3744 918; baseline 0.007 -19"><span class='ocrx_word' id='word_1_125' title='bbox 2070 847 2513 918; x_wconf 87' lang='lat' dir='ltr'>reptus,invasit</span> <span class='ocrx_word' id='word_1_126' title='bbox 2528 849 2702 902; x_wconf 89' lang='lat' dir='ltr'>etiam</span> <span class='ocrx_word' id='word_1_127' title='bbox 2720 847 3037 904; x_wconf 81' lang='lat' dir='ltr'>frustulum</span> <span class='ocrx_word' id='word_1_128' title='bbox 3059 849 3201 906; x_wconf 78' lang='lat' dir='ltr'>Vitae</span> <span class='ocrx_word' id='word_1_129' title='bbox 3226 851 3410 906; x_wconf 85' lang='lat' dir='ltr'>sancti</span> <span class='ocrx_word' id='word_1_130' title='bbox 3434 852 3744 910; x_wconf 84' lang='lat' dir='ltr'>Geminia-</span> 
     </span>
    </p>
   </div>
   <div class='ocr_carea' id='block_1_22' title="bbox 2071 935 3746 1010">
    <p class='ocr_par' dir='ltr' id='par_1_22' title="bbox 2071 935 3746 1010">
     <span class='ocr_line' id='line_1_22' title="bbox 2071 935 3746 1010; baseline 0.006 -21"><span class='ocrx_word' id='word_1_131' title='bbox 2071 935 2129 989; x_wconf 89' lang='lat' dir='ltr'>ni</span> <span class='ocrx_word' id='word_1_132' title='bbox 2152 935 2405 1008; x_wconf 85' lang='lat' dir='ltr'>episcopi</span> <span class='ocrx_word' id='word_1_133' title='bbox 2430 936 2982 1010; x_wconf 88' lang='lat' dir='ltr'>Mutinensis,quam</span> <span class='ocrx_word' id='word_1_134' title='bbox 3006 954 3073 994; x_wconf 82' lang='lat' dir='ltr'>ex</span> <span class='ocrx_word' id='word_1_135' title='bbox 3093 938 3274 995; x_wconf 88' lang='lat' dir='ltr'>altero</span> <span class='ocrx_word' id='word_1_136' title='bbox 3293 939 3622 998; x_wconf 89' lang='lat' dir='ltr'>Veronensi</span> <span class='ocrx_word' id='word_1_137' title='bbox 3643 959 3746 999; x_wconf 85' lang='lat' dir='ltr'>co-</span> 
     </span>
    </p>
   </div>
   <div class='ocr_carea' id='block_1_23' title="bbox 2071 1024 3736 1100">
    <p class='ocr_par' dir='ltr' id='par_1_23' title="bbox 2071 1024 3736 1100">
     <span class='ocr_line' id='line_1_23' title="bbox 2071 1024 3736 1100; baseline 0.004 -21"><span class='ocrx_word' id='word_1_138' title='bbox 2071 1024 2196 1080; x_wconf 86' lang='lat' dir='ltr'>dice</span> <span class='ocrx_word' id='word_1_139' title='bbox 2212 1029 2540 1098; x_wconf 82' lang='lat' dir='ltr'>excerptam</span> <span class='ocrx_word' id='word_1_140' title='bbox 2564 1027 2778 1098; x_wconf 86' lang='lat' dir='ltr'>protuli</span> <span class='ocrx_word' id='word_1_141' title='bbox 2803 1027 2861 1082; x_wconf 91' lang='lat' dir='ltr'>in</span> <span class='ocrx_word' id='word_1_142' title='bbox 2885 1029 3088 1084; x_wconf 89' lang='lat' dir='ltr'>eadem</span> <span class='ocrx_word' id='word_1_143' title='bbox 3116 1033 3278 1100; x_wconf 91' lang='lat' dir='ltr'>parte</span> <span class='ocrx_word' id='word_1_144' title='bbox 3303 1045 3343 1085; x_wconf 81' lang='grc' dir='ltr'>ιι</span> <span class='ocrx_word' id='word_1_145' title='bbox 3361 1030 3572 1087; x_wconf 90' lang='lat' dir='ltr'>tomiII</span> <span class='ocrx_word' id='word_1_146' title='bbox 3593 1031 3736 1087; x_wconf 85' lang='lat' dir='ltr'>Rer.</span> 
     </span>
    </p>
   </div>
   <div class='ocr_carea' id='block_1_24' title="bbox 2072 1114 3740 1186">
    <p class='ocr_par' dir='ltr' id='par_1_24' title="bbox 2072 1114 3740 1186">
     <span class='ocr_line' id='line_1_24' title="bbox 2072 1114 3740 1186; baseline 0.004 -17"><span class='ocrx_word' id='word_1_147' title='bbox 2072 1114 2564 1186; x_wconf 86' lang='lat' dir='ltr'>Italicarum,ejus</span> <span class='ocrx_word' id='word_1_148' title='bbox 2597 1120 2892 1172; x_wconf 83' lang='lat' dir='ltr'>auctorem</span> <span class='ocrx_word' id='word_1_149' title='bbox 2925 1116 3494 1184; x_wconf 81' lang='lat' dir='ltr'>arbitratus,circiter</span> <span class='ocrx_word' id='word_1_150' title='bbox 3513 1137 3740 1175; x_wconf 83' lang='lat' dir='ltr'>annum</span> 
     </span>
    </p>
   </div>
   <div class='ocr_carea' id='block_1_25' title="bbox 2073 1201 3736 1277">
    <p class='ocr_par' dir='ltr' id='par_1_25' title="bbox 2073 1201 3736 1277">
     <span class='ocr_line' id='line_1_25' title="bbox 2073 1201 3736 1277; baseline 0.004 -20"><span class='ocrx_word' id='word_1_151' title='bbox 2073 1202 2278 1257; x_wconf 76' lang='lat' dir='ltr'>Christi</span> <span class='ocrx_word' id='word_1_152' title='bbox 2305 1202 2410 1255; x_wconf 83' lang='lat'>910</span> <span class='ocrx_word' id='word_1_153' title='bbox 2442 1201 2723 1259; x_wconf 87' lang='lat' dir='ltr'>ﬂoruisse.</span> <span class='ocrx_word' id='word_1_154' title='bbox 2763 1203 2903 1260; x_wconf 91' lang='lat' dir='ltr'>Mihi</span> <span class='ocrx_word' id='word_1_155' title='bbox 2936 1206 3190 1277; x_wconf 84' lang='lat' dir='ltr'>profecto</span> <span class='ocrx_word' id='word_1_156' title='bbox 3222 1206 3270 1260; x_wconf 91' lang='lat' dir='ltr'>si</span> <span class='ocrx_word' id='word_1_157' title='bbox 3303 1207 3508 1262; x_wconf 89' lang='lat' dir='ltr'>eadem</span> <span class='ocrx_word' id='word_1_158' title='bbox 3541 1207 3736 1264; x_wconf 89' lang='lat' dir='ltr'>libido</span> 
     </span>
    </p>
   </div>
   <div class='ocr_carea' id='block_1_26' title="bbox 2074 1290 3734 1366">
    <p class='ocr_par' dir='ltr' id='par_1_26' title="bbox 2074 1290 3734 1366">
     <span class='ocr_line' id='line_1_26' title="bbox 2074 1290 3734 1366; baseline 0.005 -22"><span class='ocrx_word' id='word_1_159' title='bbox 2074 1290 2542 1363; x_wconf 90' lang='lat' dir='ltr'>insideret,sique</span> <span class='ocrx_word' id='word_1_160' title='bbox 2575 1309 2680 1364; x_wconf 89' lang='lat' dir='ltr'>par</span> <span class='ocrx_word' id='word_1_161' title='bbox 2709 1293 2832 1365; x_wconf 89' lang='lat' dir='ltr'>pari</span> <span class='ocrx_word' id='word_1_162' title='bbox 2867 1295 3107 1350; x_wconf 88' lang='lat' dir='ltr'>reddere</span> <span class='ocrx_word' id='word_1_163' title='bbox 3138 1295 3375 1352; x_wconf 87' lang='lat' dir='ltr'>animus</span> <span class='ocrx_word' id='word_1_164' title='bbox 3407 1296 3576 1366; x_wconf 85' lang='lat' dir='ltr'>foret,</span> <span class='ocrx_word' id='word_1_165' title='bbox 3607 1313 3734 1353; x_wconf 86' lang='lat' dir='ltr'>non</span> 
     </span>
    </p>
   </div>
   <div class='ocr_carea' id='block_1_27' title="bbox 2073 1380 3730 1458">
    <p class='ocr_par' dir='ltr' id='par_1_27' title="bbox 2073 1380 3730 1458">
     <span class='ocr_line' id='line_1_27' title="bbox 2073 1380 3730 1458; baseline 0.004 -24"><span class='ocrx_word' id='word_1_166' title='bbox 2073 1381 2362 1450; x_wconf 81' lang='lat' dir='ltr'>deessent,</span> <span class='ocrx_word' id='word_1_167' title='bbox 2396 1397 2520 1452; x_wconf 78' lang='lat' dir='ltr'>quae</span> <span class='ocrx_word' id='word_1_168' title='bbox 2552 1380 2610 1434; x_wconf 92' lang='lat' dir='ltr'>in</span> <span class='ocrx_word' id='word_1_169' title='bbox 2643 1383 2901 1438; x_wconf 88' lang='lat' dir='ltr'>censoris</span> <span class='ocrx_word' id='word_1_170' title='bbox 2933 1382 3259 1438; x_wconf 87' lang='lat' dir='ltr'>doctissimi</span> <span class='ocrx_word' id='word_1_171' title='bbox 3291 1383 3460 1440; x_wconf 88' lang='lat' dir='ltr'>libris</span> <span class='ocrx_word' id='word_1_172' title='bbox 3483 1385 3730 1458; x_wconf 63' lang='lat' dir='ltr'>mquiori</span> 
     </span>
    </p>
   </div>
   <div class='ocr_carea' id='block_1_28' title="bbox 2073 1469 3731 1546">
    <p class='ocr_par' dir='ltr' id='par_1_28' title="bbox 2073 1469 3731 1546">
     <span class='ocr_line' id='line_1_28' title="bbox 2073 1469 3731 1546; baseline 0.004 -22"><span class='ocrx_word' id='word_1_173' title='bbox 2073 1486 2329 1526; x_wconf 67' lang='lat' dir='ltr'>censura:</span> <span class='ocrx_word' id='word_1_174' title='bbox 2363 1473 2644 1542; x_wconf 84' lang='lat' dir='ltr'>paterent.</span> <span class='ocrx_word' id='word_1_175' title='bbox 2677 1469 2892 1526; x_wconf 88' lang='lat' dir='ltr'>Verum</span> <span class='ocrx_word' id='word_1_176' title='bbox 2943 1471 3214 1528; x_wconf 64' lang='lat' dir='ltr'>amicitiae</span> <span class='ocrx_word' id='word_1_177' title='bbox 3271 1472 3431 1546; x_wconf 85' lang='lat' dir='ltr'>leges</span> <span class='ocrx_word' id='word_1_178' title='bbox 3479 1474 3731 1531; x_wconf 87' lang='lat' dir='ltr'>minime</span> 
     </span>
    </p>
   </div>
   <div class='ocr_carea' id='block_1_29' title="bbox 2073 1558 3730 1636">
    <p class='ocr_par' dir='ltr' id='par_1_29' title="bbox 2073 1558 3730 1636">
     <span class='ocr_line' id='line_1_29' title="bbox 2073 1558 3730 1636; baseline 0.004 -22"><span class='ocrx_word' id='word_1_179' title='bbox 2073 1559 2310 1627; x_wconf 86' lang='lat' dir='ltr'>oblitus,</span> <span class='ocrx_word' id='word_1_180' title='bbox 2346 1558 2545 1632; x_wconf 81' lang='lat' dir='ltr'>clypeo</span> <span class='ocrx_word' id='word_1_181' title='bbox 2575 1563 2826 1629; x_wconf 89' lang='lat' dir='ltr'>tantum,</span> <span class='ocrx_word' id='word_1_182' title='bbox 2860 1577 2973 1616; x_wconf 91' lang='lat' dir='ltr'>non</span> <span class='ocrx_word' id='word_1_183' title='bbox 3005 1576 3141 1616; x_wconf 89' lang='lat' dir='ltr'>ense</span> <span class='ocrx_word' id='word_1_184' title='bbox 3173 1561 3267 1616; x_wconf 89' lang='lat' dir='ltr'>hic</span> <span class='ocrx_word' id='word_1_185' title='bbox 3298 1561 3559 1620; x_wconf 83' lang='lat' dir='ltr'>utar.Ille</span> <span class='ocrx_word' id='word_1_186' title='bbox 3586 1579 3730 1636; x_wconf 87' lang='lat' dir='ltr'>ergo</span> 
     </span>
    </p>
   </div>
   <div class='ocr_carea' id='block_1_30' title="bbox 2074 1648 3733 1722">
    <p class='ocr_par' dir='ltr' id='par_1_30' title="bbox 2074 1648 3733 1722">
     <span class='ocr_line' id='line_1_30' title="bbox 2074 1648 3733 1722; baseline 0.004 -20"><span class='ocrx_word' id='word_1_187' title='bbox 2074 1648 2279 1704; x_wconf 87' lang='lat' dir='ltr'>scribit</span> <span class='ocrx_word' id='word_1_188' title='bbox 2309 1648 2699 1721; x_wconf 81' lang='lat' dir='ltr'>fragmentum</span> <span class='ocrx_word' id='word_1_189' title='bbox 2733 1666 2918 1722; x_wconf 91' lang='lat' dir='ltr'>nuper</span> <span class='ocrx_word' id='word_1_190' title='bbox 2950 1655 3340 1708; x_wconf 88' lang='lat' dir='ltr'>memoratum</span> <span class='ocrx_word' id='word_1_191' title='bbox 3360 1651 3503 1709; x_wconf 71' lang='lat' dir='ltr'>Vitae</span> <span class='ocrx_word' id='word_1_192' title='bbox 3535 1652 3733 1710; x_wconf 83' lang='lat' dir='ltr'>sancti</span> 
     </span>
    </p>
   </div>
   <div class='ocr_carea' id='block_1_31' title="bbox 2074 1737 3734 1810">
    <p class='ocr_par' dir='ltr' id='par_1_31' title="bbox 2074 1737 3734 1810">
     <span class='ocr_line' id='line_1_31' title="bbox 2074 1737 3734 1810; baseline 0.004 -18"><span class='ocrx_word' id='word_1_193' title='bbox 2074 1737 2401 1792; x_wconf 90' lang='lat' dir='ltr'>Geminiani</span> <span class='ocrx_word' id='word_1_194' title='bbox 2432 1739 2811 1810; x_wconf 88' lang='lat' dir='ltr'>desumptum</span> <span class='ocrx_word' id='word_1_195' title='bbox 2843 1737 3024 1796; x_wconf 86' lang='lat' dir='ltr'>fuisse</span> <span class='ocrx_word' id='word_1_196' title='bbox 3053 1755 3084 1795; x_wconf 89' lang='lat' dir='ltr'>e</span> <span class='ocrx_word' id='word_1_197' title='bbox 3115 1741 3452 1798; x_wconf 83' lang='lat' dir='ltr'>Lectionario</span> <span class='ocrx_word' id='word_1_198' title='bbox 3498 1743 3734 1798; x_wconf 73' lang='lat' dir='ltr'>circiter</span> 
     </span>
    </p>
   </div>
   <div class='ocr_carea' id='block_1_32' title="bbox 298 1825 3733 1928">
    <p class='ocr_par' dir='ltr' id='par_1_32' title="bbox 298 1825 3733 1928">
     <span class='ocr_line' id='line_1_32' title="bbox 298 1825 3733 1928; baseline -0 -39"><span class='ocrx_word' id='word_1_199' title='bbox 298 1831 467 1890; x_wconf 88' lang='lat' dir='ltr'>nensi</span> <span class='ocrx_word' id='word_1_200' title='bbox 496 1849 509 1887; x_wconf 92' lang='lat'><strong>:</strong></span> <span class='ocrx_word' id='word_1_201' title='bbox 543 1829 764 1902; x_wconf 89' lang='lat' dir='ltr'>quibus</span> <span class='ocrx_word' id='word_1_202' title='bbox 783 1827 986 1884; x_wconf 87' lang='lat' dir='ltr'>verbis</span> <span class='ocrx_word' id='word_1_203' title='bbox 1017 1827 1190 1884; x_wconf 86' lang='lat' dir='ltr'>tacite</span> <span class='ocrx_word' id='word_1_204' title='bbox 1222 1825 1577 1898; x_wconf 87' lang='lat' dir='ltr'>imperitiam</span> <span class='ocrx_word' id='word_1_205' title='bbox 1599 1825 1850 1898; x_wconf 89' lang='lat' dir='ltr'>objiccre</span> <span class='ocrx_word' id='word_1_206' title='bbox 1879 1825 1963 1880; x_wconf 78' lang='lat' dir='ltr'>vi&#39;</span> <span class='ocrx_word' id='word_1_207' title='bbox 1989 1861 2038 1928; x_wconf 82' lang='lat' dir='ltr'><strong>B</strong></span> <span class='ocrx_word' id='word_1_208' title='bbox 2070 1827 2338 1884; x_wconf 64' lang='lat' dir='ltr'>saeculum</span> <span class='ocrx_word' id='word_1_209' title='bbox 2365 1844 2461 1882; x_wconf 80' lang='lat' dir='ltr'>xiv</span> <span class='ocrx_word' id='word_1_210' title='bbox 2489 1829 2706 1899; x_wconf 86' lang='lat' dir='ltr'>scripto.</span> <span class='ocrx_word' id='word_1_211' title='bbox 2741 1827 2813 1883; x_wconf 88' lang='lat' dir='ltr'>Ut</span> <span class='ocrx_word' id='word_1_212' title='bbox 2840 1826 3003 1884; x_wconf 89' lang='lat' dir='ltr'>lubet</span> <span class='ocrx_word' id='word_1_213' title='bbox 3035 1843 3048 1882; x_wconf 90' lang='lat'><strong>:</strong></span> <span class='ocrx_word' id='word_1_214' title='bbox 3084 1829 3328 1886; x_wconf 88' lang='lat' dir='ltr'>rariores</span> <span class='ocrx_word' id='word_1_215' title='bbox 3347 1829 3522 1886; x_wconf 87' lang='lat' dir='ltr'>etiam</span> <span class='ocrx_word' id='word_1_216' title='bbox 3553 1847 3733 1904; x_wconf 87' lang='lat' dir='ltr'>gem-</span> 
     </span>
    </p>
   </div>
   <div class='ocr_carea' id='block_1_33' title="bbox 295 1914 1958 1998">
    <p class='ocr_par' dir='ltr' id='par_1_33' title="bbox 295 1914 1958 1998">
     <span class='ocr_line' id='line_1_33' title="bbox 295 1914 1958 1998; baseline -0.006 -19"><span class='ocrx_word' id='word_1_217' title='bbox 295 1923 466 1979; x_wconf 87' lang='lat' dir='ltr'>detur</span> <span class='ocrx_word' id='word_1_218' title='bbox 490 1917 833 1976; x_wconf 90' lang='lat' dir='ltr'>doctissimo</span> <span class='ocrx_word' id='word_1_219' title='bbox 886 1917 1009 1973; x_wconf 89' lang='lat' dir='ltr'>viro</span> <span class='ocrx_word' id='word_1_220' title='bbox 1065 1915 1481 1972; x_wconf 72' lang='lat' dir='ltr'>Bartholomzco</span> <span class='ocrx_word' id='word_1_221' title='bbox 1525 1914 1958 1998; x_wconf 57' lang='lat' dir='ltr'>Campagnolae,</span> 
     </span>
    </p>
   </div>
   <div class='ocr_carea' id='block_1_34' title="bbox 295 2003 1961 2084">
    <p class='ocr_par' dir='ltr' id='par_1_34' title="bbox 295 2003 1961 2084">
     <span class='ocr_line' id='line_1_34' title="bbox 295 2003 1961 2084; baseline -0.004 -16"><span class='ocrx_word' id='word_1_222' title='bbox 295 2009 534 2084; x_wconf 87' lang='lat' dir='ltr'>capituli</span> <span class='ocrx_word' id='word_1_223' title='bbox 566 2005 982 2065; x_wconf 87' lang='lat' dir='ltr'>canonicorum</span> <span class='ocrx_word' id='word_1_224' title='bbox 1014 2005 1444 2062; x_wconf 83' lang='lat' dir='ltr'>Veronensium</span> <span class='ocrx_word' id='word_1_225' title='bbox 1491 2003 1860 2070; x_wconf 89' lang='lat' dir='ltr'>cancellario,</span> <span class='ocrx_word' id='word_1_226' title='bbox 1905 2012 1961 2062; x_wconf 90' lang='lat' dir='ltr'>et</span> 
     </span>
    </p>
   </div>
   <div class='ocr_carea' id='block_1_35' title="bbox 295 2093 1956 2168">
    <p class='ocr_par' dir='ltr' id='par_1_35' title="bbox 295 2093 1956 2168">
     <span class='ocr_line' id='line_1_35' title="bbox 295 2093 1956 2168; baseline -0.006 -11"><span class='ocrx_word' id='word_1_227' title='bbox 295 2116 453 2157; x_wconf 81' lang='lat' dir='ltr'>nunc</span> <span class='ocrx_word' id='word_1_228' title='bbox 484 2099 544 2154; x_wconf 91' lang='lat' dir='ltr'>in</span> <span class='ocrx_word' id='word_1_229' title='bbox 570 2097 774 2155; x_wconf 89' lang='lat' dir='ltr'>eadem</span> <span class='ocrx_word' id='word_1_230' title='bbox 805 2095 952 2152; x_wconf 88' lang='lat' dir='ltr'>urbe</span> <span class='ocrx_word' id='word_1_231' title='bbox 981 2095 1486 2168; x_wconf 80' lang='lat' dir='ltr'>archipresbytero</span> <span class='ocrx_word' id='word_1_232' title='bbox 1535 2093 1790 2150; x_wconf 66' lang='lat' dir='ltr'>ecclesiae</span> <span class='ocrx_word' id='word_1_233' title='bbox 1821 2109 1956 2148; x_wconf 87' lang='lat' dir='ltr'>san-</span> 
     </span>
    </p>
   </div>
   <div class='ocr_carea' id='block_1_36' title="bbox 295 2182 1954 2258">
    <p class='ocr_par' dir='ltr' id='par_1_36' title="bbox 295 2182 1954 2258">
     <span class='ocr_line' id='line_1_36' title="bbox 295 2182 1954 2258; baseline -0.006 -11"><span class='ocrx_word' id='word_1_234' title='bbox 295 2193 398 2247; x_wconf 66' lang='lat' dir='ltr'>cta</span> <span class='ocrx_word' id='word_1_235' title='bbox 428 2187 729 2254; x_wconf 52' lang='lat' dir='ltr'>Caeciliam</span> <span class='ocrx_word' id='word_1_236' title='bbox 758 2202 875 2258; x_wconf 92' lang='lat' dir='ltr'>quo</span> <span class='ocrx_word' id='word_1_237' title='bbox 906 2183 1258 2258; x_wconf 83' lang='lat' dir='ltr'>Opusculum</span> <span class='ocrx_word' id='word_1_238' title='bbox 1294 2183 1655 2255; x_wconf 88' lang='lat' dir='ltr'>descriptum</span> <span class='ocrx_word' id='word_1_239' title='bbox 1688 2187 1861 2253; x_wconf 88' lang='lat' dir='ltr'>atque</span> <span class='ocrx_word' id='word_1_240' title='bbox 1883 2182 1954 2237; x_wconf 90' lang='lat' dir='ltr'>ad</span> 
     </span>
    </p>
   </div>
   <div class='ocr_carea' id='block_1_37' title="bbox 293 2271 1956 2345">
    <p class='ocr_par' dir='ltr' id='par_1_37' title="bbox 293 2271 1956 2345">
     <span class='ocr_line' id='line_1_37' title="bbox 293 2271 1956 2345; baseline -0.007 -11"><span class='ocrx_word' id='word_1_241' title='bbox 293 2293 387 2334; x_wconf 89' lang='lat' dir='ltr'>me</span> <span class='ocrx_word' id='word_1_242' title='bbox 417 2278 668 2333; x_wconf 84' lang='lat' dir='ltr'>missum</span> <span class='ocrx_word' id='word_1_243' title='bbox 701 2273 830 2330; x_wconf 84' lang='lat' dir='ltr'>fuit.</span> <span class='ocrx_word' id='word_1_244' title='bbox 862 2274 976 2330; x_wconf 90' lang='lat' dir='ltr'>Sed</span> <span class='ocrx_word' id='word_1_245' title='bbox 1005 2272 1220 2328; x_wconf 89' lang='lat' dir='ltr'>mirum</span> <span class='ocrx_word' id='word_1_246' title='bbox 1254 2274 1408 2345; x_wconf 89' lang='lat' dir='ltr'>quod</span> <span class='ocrx_word' id='word_1_247' title='bbox 1441 2271 1545 2340; x_wconf 89' lang='lat' dir='ltr'>vir,</span> <span class='ocrx_word' id='word_1_248' title='bbox 1579 2272 1803 2342; x_wconf 85' lang='lat' dir='ltr'>alioqui</span> <span class='ocrx_word' id='word_1_249' title='bbox 1830 2288 1956 2343; x_wconf 89' lang='lat' dir='ltr'>per-</span> 
     </span>
    </p>
   </div>
   <div class='ocr_carea' id='block_1_38' title="bbox 288 2362 1953 2440">
    <p class='ocr_par' dir='ltr' id='par_1_38' title="bbox 288 2362 1953 2440">
     <span class='ocr_line' id='line_1_38' title="bbox 288 2362 1953 2440; baseline -0.005 -16"><span class='ocrx_word' id='word_1_250' title='bbox 288 2366 696 2440; x_wconf 87' lang='lat' dir='ltr'>spiacissimus</span> <span class='ocrx_word' id='word_1_251' title='bbox 727 2379 843 2420; x_wconf 88' lang='lat' dir='ltr'>non</span> <span class='ocrx_word' id='word_1_252' title='bbox 877 2367 1011 2419; x_wconf 87' lang='lat' dir='ltr'>ante</span> <span class='ocrx_word' id='word_1_253' title='bbox 1042 2379 1242 2418; x_wconf 89' lang='lat' dir='ltr'>secum</span> <span class='ocrx_word' id='word_1_254' title='bbox 1286 2362 1641 2434; x_wconf 89' lang='lat' dir='ltr'>reputaverit</span> <span class='ocrx_word' id='word_1_255' title='bbox 1703 2378 1777 2416; x_wconf 92' lang='lat' dir='ltr'>an</span> <span class='ocrx_word' id='word_1_256' title='bbox 1815 2377 1953 2433; x_wconf 77' lang='lat' dir='ltr'>prce-</span> 
     </span>
    </p>
   </div>
   <div class='ocr_carea' id='block_1_39' title="bbox 291 2451 1950 2528">
    <p class='ocr_par' dir='ltr' id='par_1_39' title="bbox 291 2451 1950 2528">
     <span class='ocr_line' id='line_1_39' title="bbox 291 2451 1950 2528; baseline -0.005 -16"><span class='ocrx_word' id='word_1_257' title='bbox 291 2455 486 2528; x_wconf 90' lang='lat' dir='ltr'>cipitis</span> <span class='ocrx_word' id='word_1_258' title='bbox 525 2453 748 2526; x_wconf 90' lang='lat' dir='ltr'>judicis</span> <span class='ocrx_word' id='word_1_259' title='bbox 815 2455 1013 2508; x_wconf 87' lang='lat' dir='ltr'>notam</span> <span class='ocrx_word' id='word_1_260' title='bbox 1073 2451 1371 2507; x_wconf 89' lang='lat' dir='ltr'>incurrere</span> <span class='ocrx_word' id='word_1_261' title='bbox 1432 2453 1650 2522; x_wconf 88' lang='lat' dir='ltr'>posset,</span> <span class='ocrx_word' id='word_1_262' title='bbox 1714 2451 1950 2522; x_wconf 89' lang='lat' dir='ltr'>quando</span> 
     </span>
    </p>
   </div>
   <div class='ocr_carea' id='block_1_40' title="bbox 290 2539 1948 2613">
    <p class='ocr_par' dir='ltr' id='par_1_40' title="bbox 290 2539 1948 2613">
     <span class='ocr_line' id='line_1_40' title="bbox 290 2539 1948 2613; baseline -0.005 -12"><span class='ocrx_word' id='word_1_263' title='bbox 290 2545 486 2602; x_wconf 91' lang='lat' dir='ltr'>codice</span> <span class='ocrx_word' id='word_1_264' title='bbox 516 2543 883 2601; x_wconf 89' lang='lat' dir='ltr'>ms.minime</span> <span class='ocrx_word' id='word_1_265' title='bbox 913 2542 1175 2613; x_wconf 89' lang='lat' dir='ltr'>inspecto</span> <span class='ocrx_word' id='word_1_266' title='bbox 1216 2540 1327 2597; x_wconf 90' lang='lat' dir='ltr'>sibi</span> <span class='ocrx_word' id='word_1_267' title='bbox 1347 2541 1417 2596; x_wconf 90' lang='lat' dir='ltr'>de</span> <span class='ocrx_word' id='word_1_268' title='bbox 1436 2539 1713 2611; x_wconf 87' lang='lat' dir='ltr'>reignota</span> <span class='ocrx_word' id='word_1_269' title='bbox 1761 2540 1948 2595; x_wconf 83' lang='lat' dir='ltr'>feren-</span> 
     </span>
    </p>
   </div>
   <div class='ocr_carea' id='block_1_41' title="bbox 290 2626 1950 2704">
    <p class='ocr_par' dir='ltr' id='par_1_41' title="bbox 290 2626 1950 2704">
     <span class='ocr_line' id='line_1_41' title="bbox 290 2626 1950 2704; baseline -0.006 -13"><span class='ocrx_word' id='word_1_270' title='bbox 290 2635 431 2690; x_wconf 90' lang='lat' dir='ltr'>dum</span> <span class='ocrx_word' id='word_1_271' title='bbox 463 2637 589 2690; x_wconf 88' lang='lat' dir='ltr'>erat</span> <span class='ocrx_word' id='word_1_272' title='bbox 611 2629 1114 2704; x_wconf 88' lang='lat' dir='ltr'>judicium.Atqui</span> <span class='ocrx_word' id='word_1_273' title='bbox 1144 2628 1441 2685; x_wconf 88' lang='lat' dir='ltr'>erroribus</span> <span class='ocrx_word' id='word_1_274' title='bbox 1466 2627 1728 2683; x_wconf 88' lang='lat' dir='ltr'>abundat</span> <span class='ocrx_word' id='word_1_275' title='bbox 1752 2626 1950 2699; x_wconf 87' lang='lat' dir='ltr'>rhyth-</span> 
     </span>
    </p>
   </div>
   <div class='ocr_carea' id='block_1_42' title="bbox 289 2717 1949 2790">
    <p class='ocr_par' dir='ltr' id='par_1_42' title="bbox 289 2717 1949 2790">
     <span class='ocr_line' id='line_1_42' title="bbox 289 2717 1949 2790; baseline -0.006 -10"><span class='ocrx_word' id='word_1_276' title='bbox 289 2739 444 2780; x_wconf 88' lang='lat' dir='ltr'>mus.</span> <span class='ocrx_word' id='word_1_277' title='bbox 481 2723 604 2778; x_wconf 88' lang='lat' dir='ltr'>Non</span> <span class='ocrx_word' id='word_1_278' title='bbox 637 2722 864 2778; x_wconf 87' lang='lat' dir='ltr'>abnuo:</span> <span class='ocrx_word' id='word_1_279' title='bbox 889 2720 988 2776; x_wconf 90' lang='lat' dir='ltr'>sed</span> <span class='ocrx_word' id='word_1_280' title='bbox 1023 2719 1163 2790; x_wconf 90' lang='lat' dir='ltr'>quid</span> <span class='ocrx_word' id='word_1_281' title='bbox 1193 2717 1329 2772; x_wconf 90' lang='lat' dir='ltr'>inde</span> <span class='ocrx_word' id='word_1_282' title='bbox 1357 2717 1508 2788; x_wconf 89' lang='lat' dir='ltr'>apud</span> <span class='ocrx_word' id='word_1_283' title='bbox 1540 2720 1776 2771; x_wconf 89' lang='lat' dir='ltr'>cautum</span> <span class='ocrx_word' id='word_1_284' title='bbox 1791 2717 1949 2787; x_wconf 86' lang='lat' dir='ltr'>judi-</span> 
     </span>
    </p>
   </div>
   <div class='ocr_carea' id='block_1_43' title="bbox 287 2804 1944 2881">
    <p class='ocr_par' dir='ltr' id='par_1_43' title="bbox 287 2804 1944 2881">
     <span class='ocr_line' id='line_1_43' title="bbox 287 2804 1944 2881; baseline -0.004 -13"><span class='ocrx_word' id='word_1_285' title='bbox 287 2829 414 2868; x_wconf 87' lang='lat' dir='ltr'>com</span> <span class='ocrx_word' id='word_1_286' title='bbox 447 2808 866 2881; x_wconf 81' lang='lat' dir='ltr'>consequitur?</span> <span class='ocrx_word' id='word_1_287' title='bbox 895 2808 1019 2863; x_wconf 91' lang='lat' dir='ltr'>Non</span> <span class='ocrx_word' id='word_1_288' title='bbox 1044 2805 1273 2861; x_wconf 89' lang='lat' dir='ltr'>minora</span> <span class='ocrx_word' id='word_1_289' title='bbox 1290 2805 1431 2860; x_wconf 89' lang='lat' dir='ltr'>vitia</span> <span class='ocrx_word' id='word_1_290' title='bbox 1452 2805 1510 2860; x_wconf 90' lang='lat' dir='ltr'>in</span> <span class='ocrx_word' id='word_1_291' title='bbox 1530 2804 1944 2861; x_wconf 88' lang='lat' dir='ltr'>Mabilloniano</span> 
     </span>
    </p>
   </div>
   <div class='ocr_carea' id='block_1_44' title="bbox 288 2893 1943 2973">
    <p class='ocr_par' dir='ltr' id='par_1_44' title="bbox 288 2893 1943 2973">
     <span class='ocr_line' id='line_1_44' title="bbox 288 2893 1943 2973; baseline -0.004 -16"><span class='ocrx_word' id='word_1_292' title='bbox 288 2899 563 2973; x_wconf 85' lang='lat' dir='ltr'>rhythmo</span> <span class='ocrx_word' id='word_1_293' title='bbox 595 2901 933 2963; x_wconf 90' lang='lat' dir='ltr'>occurrunt,</span> <span class='ocrx_word' id='word_1_294' title='bbox 971 2893 1488 2967; x_wconf 87' lang='lat' dir='ltr'>incomparabilem</span> <span class='ocrx_word' id='word_1_295' title='bbox 1511 2899 1704 2950; x_wconf 90' lang='lat' dir='ltr'>tamen</span> <span class='ocrx_word' id='word_1_296' title='bbox 1753 2896 1943 2951; x_wconf 90' lang='lat' dir='ltr'>virum</span> 
     </span>
    </p>
   </div>
   <div class='ocr_carea' id='block_1_45' title="bbox 287 2983 1937 3058">
    <p class='ocr_par' dir='ltr' id='par_1_45' title="bbox 287 2983 1937 3058">
     <span class='ocr_line' id='line_1_45' title="bbox 287 2983 1937 3058; baseline -0.003 -12"><span class='ocrx_word' id='word_1_297' title='bbox 287 2993 442 3047; x_wconf 88' lang='lat' dir='ltr'>certe</span> <span class='ocrx_word' id='word_1_298' title='bbox 473 3003 646 3044; x_wconf 88' lang='lat' dir='ltr'>nemo</span> <span class='ocrx_word' id='word_1_299' title='bbox 679 2983 1131 3058; x_wconf 67' lang='lat' dir='ltr'>neget,antiquaa</span> <span class='ocrx_word' id='word_1_300' title='bbox 1155 2983 1455 3056; x_wconf 80' lang='lat' dir='ltr'>scripturae</span> <span class='ocrx_word' id='word_1_301' title='bbox 1491 2983 1937 3056; x_wconf 85' lang='lat' dir='ltr'>peritissimum.</span> 
     </span>
    </p>
   </div>
   <div class='ocr_carea' id='block_1_46' title="bbox 285 3074 1939 3150">
    <p class='ocr_par' dir='ltr' id='par_1_46' title="bbox 285 3074 1939 3150">
     <span class='ocr_line' id='line_1_46' title="bbox 285 3074 1939 3150; baseline -0.003 -15"><span class='ocrx_word' id='word_1_302' title='bbox 285 3080 380 3148; x_wconf 88' lang='lat' dir='ltr'>At,</span> <span class='ocrx_word' id='word_1_303' title='bbox 413 3075 628 3150; x_wconf 89' lang='lat' dir='ltr'>regerit</span> <span class='ocrx_word' id='word_1_304' title='bbox 656 3074 942 3142; x_wconf 76' lang='lat' dir='ltr'>Mati&#39;eius,</span> <span class='ocrx_word' id='word_1_305' title='bbox 970 3074 1429 3146; x_wconf 65' lang='lat' dir='ltr'>permissimorum</span> <span class='ocrx_word' id='word_1_306' title='bbox 1457 3090 1604 3128; x_wconf 87' lang='lat' dir='ltr'>nunc</span> <span class='ocrx_word' id='word_1_307' title='bbox 1623 3081 1700 3129; x_wconf 87' lang='lat' dir='ltr'>est</span> <span class='ocrx_word' id='word_1_308' title='bbox 1731 3075 1939 3130; x_wconf 86' lang='lat' dir='ltr'>intelli-</span> 
     </span>
    </p>
   </div>
   <div class='ocr_carea' id='block_1_47' title="bbox 285 3161 1942 3238">
    <p class='ocr_par' dir='ltr' id='par_1_47' title="bbox 285 3161 1942 3238">
     <span class='ocr_line' id='line_1_47' title="bbox 285 3161 1942 3238; baseline -0.004 -14"><span class='ocrx_word' id='word_1_309' title='bbox 285 3183 413 3238; x_wconf 82' lang='lat' dir='ltr'>gere</span> <span class='ocrx_word' id='word_1_310' title='bbox 440 3171 687 3223; x_wconf 82' lang='lat' dir='ltr'>veterum</span> <span class='ocrx_word' id='word_1_311' title='bbox 717 3167 1072 3232; x_wconf 75' lang='lat' dir='ltr'>characteres,</span> <span class='ocrx_word' id='word_1_312' title='bbox 1107 3179 1254 3235; x_wconf 89' lang='lat' dir='ltr'>quos</span> <span class='ocrx_word' id='word_1_313' title='bbox 1275 3161 1372 3218; x_wconf 91' lang='lat' dir='ltr'>ille</span> <span class='ocrx_word' id='word_1_314' title='bbox 1400 3165 1580 3218; x_wconf 84' lang='lat' dir='ltr'>antica</span> <span class='ocrx_word' id='word_1_315' title='bbox 1605 3165 1812 3218; x_wconf 87' lang='lat' dir='ltr'>corsivo</span> <span class='ocrx_word' id='word_1_316' title='bbox 1841 3180 1942 3235; x_wconf 90' lang='lat' dir='ltr'>ap-</span> 
     </span>
    </p>
   </div>
   <div class='ocr_carea' id='block_1_48' title="bbox 287 3234 2011 3331">
    <p class='ocr_par' dir='ltr' id='par_1_48' title="bbox 287 3234 2011 3331">
     <span class='ocr_line' id='line_1_48' title="bbox 287 3234 2011 3331; baseline -0.006 -19"><span class='ocrx_word' id='word_1_317' title='bbox 287 3234 484 3331; x_wconf 78' lang='lat' dir='ltr'>pellat.</span> <span class='ocrx_word' id='word_1_318' title='bbox 519 3255 632 3312; x_wconf 90' lang='lat' dir='ltr'>Sed</span> <span class='ocrx_word' id='word_1_319' title='bbox 661 3253 802 3326; x_wconf 89' lang='lat' dir='ltr'>quid</span> <span class='ocrx_word' id='word_1_320' title='bbox 847 3253 898 3308; x_wconf 89' lang='lat' dir='ltr'>si</span> <span class='ocrx_word' id='word_1_321' title='bbox 949 3252 1102 3308; x_wconf 90' lang='lat' dir='ltr'>inter</span> <span class='ocrx_word' id='word_1_322' title='bbox 1125 3234 1313 3308; x_wconf 78' lang='lat' dir='ltr'>hosce</span> <span class='ocrx_word' id='word_1_323' title='bbox 1355 3251 1746 3324; x_wconf 88' lang='lat' dir='ltr'>paucissimos</span> <span class='ocrx_word' id='word_1_324' title='bbox 1776 3234 1940 3308; x_wconf 86' lang='lat' dir='ltr'>locus</span> <span class='ocrx_word' id='word_1_325' title='bbox 1968 3234 2011 3302; x_wconf 84' lang='lat' dir='ltr'><strong><em>C</em></strong></span> 
     </span>
    </p>
   </div>
   <div class='ocr_carea' id='block_1_49' title="bbox 285 3340 1940 3418">
    <p class='ocr_par' dir='ltr' id='par_1_49' title="bbox 285 3340 1940 3418">
     <span class='ocr_line' id='line_1_49' title="bbox 285 3340 1940 3418; baseline -0.004 -15"><span class='ocrx_word' id='word_1_326' title='bbox 285 3343 694 3418; x_wconf 84' lang='lat' dir='ltr'>Campagnolae</span> <span class='ocrx_word' id='word_1_327' title='bbox 721 3342 834 3416; x_wconf 90' lang='lat' dir='ltr'>ipsi</span> <span class='ocrx_word' id='word_1_328' title='bbox 871 3342 1176 3416; x_wconf 88' lang='lat' dir='ltr'>negandus</span> <span class='ocrx_word' id='word_1_329' title='bbox 1208 3358 1323 3398; x_wconf 90' lang='lat' dir='ltr'>non</span> <span class='ocrx_word' id='word_1_330' title='bbox 1355 3341 1544 3398; x_wconf 84' lang='lat' dir='ltr'>esset?</span> <span class='ocrx_word' id='word_1_331' title='bbox 1557 3340 1827 3398; x_wconf 89' lang='lat' dir='ltr'>Liberum</span> <span class='ocrx_word' id='word_1_332' title='bbox 1851 3346 1940 3397; x_wconf 88' lang='lat' dir='ltr'>est</span> 
     </span>
    </p>
   </div>
   <div class='ocr_carea' id='block_1_50' title="bbox 287 3430 1939 3508">
    <p class='ocr_par' dir='ltr' id='par_1_50' title="bbox 287 3430 1939 3508">
     <span class='ocr_line' id='line_1_50' title="bbox 287 3430 1939 3508; baseline -0.004 -16"><span class='ocrx_word' id='word_1_333' title='bbox 287 3451 464 3504; x_wconf 91' lang='lat' dir='ltr'>nunc,</span> <span class='ocrx_word' id='word_1_334' title='bbox 498 3439 565 3490; x_wconf 91' lang='lat' dir='ltr'>ut</span> <span class='ocrx_word' id='word_1_335' title='bbox 595 3437 758 3508; x_wconf 90' lang='lat' dir='ltr'>puto,</span> <span class='ocrx_word' id='word_1_336' title='bbox 791 3432 1018 3489; x_wconf 81' lang='lat' dir='ltr'>Mail&#39;eio</span> <span class='ocrx_word' id='word_1_337' title='bbox 1050 3431 1162 3504; x_wconf 89' lang='lat' dir='ltr'>ipsi</span> <span class='ocrx_word' id='word_1_338' title='bbox 1193 3431 1373 3504; x_wconf 90' lang='lat' dir='ltr'>(quod</span> <span class='ocrx_word' id='word_1_339' title='bbox 1405 3430 1544 3487; x_wconf 91' lang='lat' dir='ltr'>olim</span> <span class='ocrx_word' id='word_1_340' title='bbox 1587 3447 1702 3487; x_wconf 92' lang='lat' dir='ltr'>non</span> <span class='ocrx_word' id='word_1_341' title='bbox 1755 3430 1939 3504; x_wconf 90' lang='lat' dir='ltr'>licuit)</span> 
     </span>
    </p>
   </div>
   <div class='ocr_carea' id='block_1_51' title="bbox 287 3519 1940 3592">
    <p class='ocr_par' dir='ltr' id='par_1_51' title="bbox 287 3519 1940 3592">
     <span class='ocr_line' id='line_1_51' title="bbox 287 3519 1940 3592; baseline -0.004 -11"><span class='ocrx_word' id='word_1_342' title='bbox 287 3525 398 3582; x_wconf 87' lang='lat' dir='ltr'>sub</span> <span class='ocrx_word' id='word_1_343' title='bbox 445 3523 644 3581; x_wconf 92' lang='lat' dir='ltr'>oculos</span> <span class='ocrx_word' id='word_1_344' title='bbox 690 3523 906 3578; x_wconf 86' lang='lat' dir='ltr'>habere</span> <span class='ocrx_word' id='word_1_345' title='bbox 958 3520 1232 3576; x_wconf 91' lang='lat' dir='ltr'>eumdem</span> <span class='ocrx_word' id='word_1_346' title='bbox 1281 3519 1560 3590; x_wconf 84' lang='lat' dir='ltr'>codicem,</span> <span class='ocrx_word' id='word_1_347' title='bbox 1612 3535 1729 3592; x_wconf 90' lang='lat' dir='ltr'>qua</span> <span class='ocrx_word' id='word_1_348' title='bbox 1775 3523 1940 3591; x_wconf 89' lang='lat' dir='ltr'>parte</span> 
     </span>
    </p>
   </div>
   <div class='ocr_carea' id='block_1_52' title="bbox 285 3607 1940 3688">
    <p class='ocr_par' dir='ltr' id='par_1_52' title="bbox 285 3607 1940 3688">
     <span class='ocr_line' id='line_1_52' title="bbox 285 3607 1940 3688; baseline -0.005 -17"><span class='ocrx_word' id='word_1_349' title='bbox 285 3613 628 3688; x_wconf 88' lang='lat' dir='ltr'>rhythmum</span> <span class='ocrx_word' id='word_1_350' title='bbox 650 3629 684 3668; x_wconf 88' lang='lat' dir='ltr'>a</span> <span class='ocrx_word' id='word_1_351' title='bbox 705 3627 798 3668; x_wconf 87' lang='lat' dir='ltr'>me</span> <span class='ocrx_word' id='word_1_352' title='bbox 829 3609 1053 3666; x_wconf 89' lang='lat' dir='ltr'>editum</span> <span class='ocrx_word' id='word_1_353' title='bbox 1084 3607 1666 3680; x_wconf 89' lang='lat' dir='ltr'>complectitur.Tum</span> <span class='ocrx_word' id='word_1_354' title='bbox 1689 3607 1940 3680; x_wconf 88' lang='lat' dir='ltr'>pruden-</span> 
     </span>
    </p>
   </div>
   <div class='ocr_carea' id='block_1_53' title="bbox 286 3696 1935 3788">
    <p class='ocr_par' dir='ltr' id='par_1_53' title="bbox 286 3696 1935 3788">
     <span class='ocr_line' id='line_1_53' title="bbox 286 3696 1935 3788; baseline -0.005 -28"><span class='ocrx_word' id='word_1_355' title='bbox 286 3698 1099 3788; x_wconf 75' lang='lat' dir='ltr'>tiusjudicabittribuendane</span> <span class='ocrx_word' id='word_1_356' title='bbox 1110 3696 1657 3768; x_wconf 88' lang='lat' dir='ltr'>sintantiquissimo</span> <span class='ocrx_word' id='word_1_357' title='bbox 1676 3696 1935 3764; x_wconf 90' lang='lat' dir='ltr'>librario,</span> 
     </span>
    </p>
   </div>
   <div class='ocr_carea' id='block_1_54' title="bbox 286 3785 1938 3860">
    <p class='ocr_par' dir='ltr' id='par_1_54' title="bbox 286 3785 1938 3860">
     <span class='ocr_line' id='line_1_54' title="bbox 286 3785 1938 3860; baseline -0.004 -12"><span class='ocrx_word' id='word_1_358' title='bbox 286 3809 359 3848; x_wconf 89' lang='lat' dir='ltr'>ne</span> <span class='ocrx_word' id='word_1_359' title='bbox 389 3791 583 3847; x_wconf 87' lang='lat' dir='ltr'>dicam</span> <span class='ocrx_word' id='word_1_360' title='bbox 614 3785 1108 3860; x_wconf 32' lang='lat' dir='ltr'>rhythmi—ipsius</span> <span class='ocrx_word' id='word_1_361' title='bbox 1156 3785 1397 3854; x_wconf 86' lang='lat' dir='ltr'>auctori,</span> <span class='ocrx_word' id='word_1_362' title='bbox 1431 3803 1504 3841; x_wconf 91' lang='lat' dir='ltr'>an</span> <span class='ocrx_word' id='word_1_363' title='bbox 1555 3785 1938 3842; x_wconf 84' lang='lat' dir='ltr'>solertissime</span> 
     </span>
    </p>
   </div>
   <div class='ocr_carea' id='block_1_55' title="bbox 283 3874 1940 3952">
    <p class='ocr_par' dir='ltr' id='par_1_55' title="bbox 283 3874 1940 3952">
     <span class='ocr_line' id='line_1_55' title="bbox 283 3874 1940 3952; baseline -0.004 -16"><span class='ocrx_word' id='word_1_364' title='bbox 283 3877 846 3952; x_wconf 71' lang='lat' dir='ltr'>Campagnolze,quaa</span> <span class='ocrx_word' id='word_1_365' title='bbox 869 3878 972 3931; x_wconf 89' lang='lat' dir='ltr'>aut</span> <span class='ocrx_word' id='word_1_366' title='bbox 990 3878 1392 3948; x_wconf 89' lang='lat' dir='ltr'>oorrupta,aut</span> <span class='ocrx_word' id='word_1_367' title='bbox 1412 3875 1662 3931; x_wconf 86' lang='lat' dir='ltr'>obscura</span> <span class='ocrx_word' id='word_1_368' title='bbox 1681 3875 1740 3929; x_wconf 91' lang='lat' dir='ltr'>in</span> <span class='ocrx_word' id='word_1_369' title='bbox 1763 3874 1940 3930; x_wconf 87' lang='lat' dir='ltr'>hocce</span> 
     </span>
    </p>
   </div>
   <div class='ocr_carea' id='block_1_56' title="bbox 285 3963 1938 4043">
    <p class='ocr_par' dir='ltr' id='par_1_56' title="bbox 285 3963 1938 4043">
     <span class='ocr_line' id='line_1_56' title="bbox 285 3963 1938 4043; baseline -0.003 -19"><span class='ocrx_word' id='word_1_370' title='bbox 285 3967 560 4042; x_wconf 89' lang='lat' dir='ltr'>rhythmo</span> <span class='ocrx_word' id='word_1_371' title='bbox 591 3965 783 4021; x_wconf 86' lang='lat' dir='ltr'>adhuc</span> <span class='ocrx_word' id='word_1_372' title='bbox 808 3964 1428 4043; x_wconf 83' lang='lat' dir='ltr'>deprehenduntur.Et</span> <span class='ocrx_word' id='word_1_373' title='bbox 1457 3980 1562 4035; x_wconf 87' lang='lat' dir='ltr'>ego</span> <span class='ocrx_word' id='word_1_374' title='bbox 1594 3963 1938 4035; x_wconf 78' lang='lat' dir='ltr'>rhythmum</span> 
     </span>
    </p>
   </div>
   <div class='ocr_carea' id='block_1_57' title="bbox 285 4052 1938 4126">
    <p class='ocr_par' dir='ltr' id='par_1_57' title="bbox 285 4052 1938 4126">
     <span class='ocr_line' id='line_1_57' title="bbox 285 4052 1938 4126; baseline -0.002 -12"><span class='ocrx_word' id='word_1_375' title='bbox 285 4057 561 4114; x_wconf 87' lang='lat' dir='ltr'>eumdem</span> <span class='ocrx_word' id='word_1_376' title='bbox 573 4053 940 4112; x_wconf 85' lang='lat' dir='ltr'>exactissime</span> <span class='ocrx_word' id='word_1_377' title='bbox 952 4052 1756 4124; x_wconf 88' lang='lat' dir='ltr'>describendum,iisdemque</span> <span class='ocrx_word' id='word_1_378' title='bbox 1768 4052 1938 4126; x_wconf 89' lang='lat' dir='ltr'>plane</span> 
     </span>
    </p>
   </div>
   <div class='ocr_carea' id='block_1_58' title="bbox 285 4141 1934 4214">
    <p class='ocr_par' dir='ltr' id='par_1_58' title="bbox 285 4141 1934 4214">
     <span class='ocr_line' id='line_1_58' title="bbox 285 4141 1934 4214; baseline -0.004 -10"><span class='ocrx_word' id='word_1_379' title='bbox 285 4145 688 4204; x_wconf 85' lang='lat' dir='ltr'>cbaracterum</span> <span class='ocrx_word' id='word_1_380' title='bbox 720 4144 925 4200; x_wconf 86' lang='lat' dir='ltr'>formis</span> <span class='ocrx_word' id='word_1_381' title='bbox 954 4161 1023 4200; x_wconf 88' lang='lat' dir='ltr'>ex</span> <span class='ocrx_word' id='word_1_382' title='bbox 1067 4160 1180 4198; x_wconf 92' lang='lat' dir='ltr'>ms.</span> <span class='ocrx_word' id='word_1_383' title='bbox 1214 4141 1658 4214; x_wconf 84' lang='lat' dir='ltr'>exprimendum</span> <span class='ocrx_word' id='word_1_384' title='bbox 1717 4143 1934 4210; x_wconf 89' lang='lat' dir='ltr'>curavi,</span> 
     </span>
    </p>
   </div>
   <div class='ocr_carea' id='block_1_59' title="bbox 285 4229 1939 4306">
    <p class='ocr_par' dir='ltr' id='par_1_59' title="bbox 285 4229 1939 4306">
     <span class='ocr_line' id='line_1_59' title="bbox 285 4229 1939 4306; baseline -0.003 -15"><span class='ocrx_word' id='word_1_385' title='bbox 285 4235 368 4291; x_wconf 87' lang='lat' dir='ltr'>ita</span> <span class='ocrx_word' id='word_1_386' title='bbox 396 4236 462 4289; x_wconf 91' lang='lat' dir='ltr'>ut</span> <span class='ocrx_word' id='word_1_387' title='bbox 491 4231 742 4306; x_wconf 88' lang='lat' dir='ltr'>propriis</span> <span class='ocrx_word' id='word_1_388' title='bbox 771 4231 946 4288; x_wconf 85' lang='lat' dir='ltr'>veluti</span> <span class='ocrx_word' id='word_1_389' title='bbox 969 4232 1156 4288; x_wconf 90' lang='lat' dir='ltr'>oculis</span> <span class='ocrx_word' id='word_1_390' title='bbox 1177 4229 1437 4286; x_wconf 88' lang='lat' dir='ltr'>codicem</span> <span class='ocrx_word' id='word_1_391' title='bbox 1461 4229 1656 4301; x_wconf 92' lang='lat' dir='ltr'>ipsum</span> <span class='ocrx_word' id='word_1_392' title='bbox 1679 4230 1939 4304; x_wconf 79' lang='lat' dir='ltr'>inspexe-</span> 
     </span>
    </p>
   </div>
   <div class='ocr_carea' id='block_1_60' title="bbox 283 4319 1937 4394">
    <p class='ocr_par' dir='ltr' id='par_1_60' title="bbox 283 4319 1937 4394">
     <span class='ocr_line' id='line_1_60' title="bbox 283 4319 1937 4394; baseline -0.002 -14"><span class='ocrx_word' id='word_1_393' title='bbox 283 4323 398 4380; x_wconf 87' lang='lat' dir='ltr'>rim</span> <span class='ocrx_word' id='word_1_394' title='bbox 431 4339 444 4378; x_wconf 90' lang='lat'>:</span> <span class='ocrx_word' id='word_1_395' title='bbox 477 4338 544 4380; x_wconf 88' lang='lat' dir='ltr'>ac</span> <span class='ocrx_word' id='word_1_396' title='bbox 573 4337 752 4378; x_wconf 86' lang='lat' dir='ltr'>manu</span> <span class='ocrx_word' id='word_1_397' title='bbox 785 4323 948 4394; x_wconf 88' lang='lat' dir='ltr'>tetigi</span> <span class='ocrx_word' id='word_1_398' title='bbox 984 4319 1130 4376; x_wconf 91' lang='lat' dir='ltr'>nihil</span> <span class='ocrx_word' id='word_1_399' title='bbox 1161 4319 1234 4375; x_wconf 90' lang='lat' dir='ltr'>ab</span> <span class='ocrx_word' id='word_1_400' title='bbox 1267 4319 1530 4389; x_wconf 84' lang='lat' dir='ltr'>ejusdem</span> <span class='ocrx_word' id='word_1_401' title='bbox 1578 4319 1794 4375; x_wconf 82' lang='lat' dir='ltr'>codicis</span> <span class='ocrx_word' id='word_1_402' title='bbox 1827 4320 1937 4377; x_wconf 83' lang='lat' dir='ltr'>ﬁde</span> 
     </span>
    </p>
   </div>
   <div class='ocr_carea' id='block_1_61' title="bbox 283 4408 1939 4484">
    <p class='ocr_par' dir='ltr' id='par_1_61' title="bbox 283 4408 1939 4484">
     <span class='ocr_line' id='line_1_61' title="bbox 283 4408 1939 4484; baseline -0.002 -15"><span class='ocrx_word' id='word_1_403' title='bbox 283 4413 648 4484; x_wconf 88' lang='lat' dir='ltr'>discrepasse</span> <span class='ocrx_word' id='word_1_404' title='bbox 678 4409 1014 4482; x_wconf 82' lang='lat' dir='ltr'>exemplum</span> <span class='ocrx_word' id='word_1_405' title='bbox 1044 4408 1185 4465; x_wconf 92' lang='lat' dir='ltr'>olim</span> <span class='ocrx_word' id='word_1_406' title='bbox 1208 4409 1280 4464; x_wconf 89' lang='lat' dir='ltr'>ad</span> <span class='ocrx_word' id='word_1_407' title='bbox 1299 4425 1391 4464; x_wconf 89' lang='lat' dir='ltr'>me</span> <span class='ocrx_word' id='word_1_408' title='bbox 1409 4408 1660 4465; x_wconf 86' lang='lat' dir='ltr'>missum</span> <span class='ocrx_word' id='word_1_409' title='bbox 1680 4411 1752 4465; x_wconf 89' lang='lat' dir='ltr'>ab</span> <span class='ocrx_word' id='word_1_410' title='bbox 1775 4428 1939 4466; x_wconf 91' lang='lat' dir='ltr'>accu-</span> 
     </span>
    </p>
   </div>
   <div class='ocr_carea' id='block_1_62' title="bbox 285 4497 1938 4574">
    <p class='ocr_par' dir='ltr' id='par_1_62' title="bbox 285 4497 1938 4574">
     <span class='ocr_line' id='line_1_62' title="bbox 285 4497 1938 4574; baseline -0.001 -17"><span class='ocrx_word' id='word_1_411' title='bbox 285 4500 582 4560; x_wconf 84' lang='lat' dir='ltr'>ratissime</span> <span class='ocrx_word' id='word_1_412' title='bbox 613 4501 742 4574; x_wconf 91' lang='lat' dir='ltr'>ipso</span> <span class='ocrx_word' id='word_1_413' title='bbox 775 4497 1500 4571; x_wconf 83' lang='lat' dir='ltr'>Campagnola.0uidquid</span> <span class='ocrx_word' id='word_1_414' title='bbox 1533 4499 1591 4556; x_wconf 91' lang='lat' dir='ltr'>in</span> <span class='ocrx_word' id='word_1_415' title='bbox 1623 4500 1874 4556; x_wconf 90' lang='lat' dir='ltr'>editione</span> <span class='ocrx_word' id='word_1_416' title='bbox 1905 4518 1938 4556; x_wconf 87' lang='lat' dir='ltr'>a</span> 
     </span>
    </p>
   </div>
   <div class='ocr_carea' id='block_1_63' title="bbox 285 4587 2016 4678">
    <p class='ocr_par' dir='ltr' id='par_1_63' title="bbox 285 4587 2016 4678">
     <span class='ocr_line' id='line_1_63' title="bbox 285 4587 2016 4678; baseline -0.001 -30"><span class='ocrx_word' id='word_1_417' title='bbox 285 4608 378 4648; x_wconf 91' lang='lat' dir='ltr'>me</span> <span class='ocrx_word' id='word_1_418' title='bbox 388 4591 543 4649; x_wconf 87' lang='lat' dir='ltr'>facta</span> <span class='ocrx_word' id='word_1_419' title='bbox 557 4589 807 4678; x_wconf 86' lang='lat' dir='ltr'>dissidet</span> <span class='ocrx_word' id='word_1_420' title='bbox 820 4605 854 4644; x_wconf 92' lang='lat' dir='ltr'>a</span> <span class='ocrx_word' id='word_1_421' title='bbox 865 4587 1470 4678; x_wconf 85' lang='lat' dir='ltr'>codice,immutatum</span> <span class='ocrx_word' id='word_1_422' title='bbox 1491 4589 1938 4647; x_wconf 88' lang='lat' dir='ltr'>emendatumve</span> <span class='ocrx_word' id='word_1_423' title='bbox 1967 4612 2016 4678; x_wconf 69' lang='grc' dir='ltr'><strong>Ι)</strong></span> 
     </span>
    </p>
   </div>
   <div class='ocr_carea' id='block_1_64' title="bbox 285 4676 1935 4751">
    <p class='ocr_par' dir='ltr' id='par_1_64' title="bbox 285 4676 1935 4751">
     <span class='ocr_line' id='line_1_64' title="bbox 285 4676 1935 4751; baseline -0.002 -12"><span class='ocrx_word' id='word_1_424' title='bbox 285 4699 320 4738; x_wconf 81' lang='lat' dir='ltr'>a</span> <span class='ocrx_word' id='word_1_425' title='bbox 347 4698 440 4738; x_wconf 88' lang='lat' dir='ltr'>me</span> <span class='ocrx_word' id='word_1_426' title='bbox 469 4696 587 4737; x_wconf 92' lang='lat' dir='ltr'>uno</span> <span class='ocrx_word' id='word_1_427' title='bbox 619 4678 751 4735; x_wconf 79' lang='lat' dir='ltr'>fuit.</span> <span class='ocrx_word' id='word_1_428' title='bbox 779 4676 1122 4750; x_wconf 89' lang='lat' dir='ltr'>Indulgetur</span> <span class='ocrx_word' id='word_1_429' title='bbox 1150 4677 1306 4733; x_wconf 92' lang='lat' dir='ltr'>enim</span> <span class='ocrx_word' id='word_1_430' title='bbox 1337 4678 1418 4750; x_wconf 90' lang='lat' dir='ltr'>(id</span> <span class='ocrx_word' id='word_1_431' title='bbox 1451 4682 1848 4751; x_wconf 89' lang='lat' dir='ltr'>repeto,atque</span> <span class='ocrx_word' id='word_1_432' title='bbox 1877 4680 1935 4736; x_wconf 93' lang='lat' dir='ltr'>id</span> 
     </span>
    </p>
   </div>
   <div class='ocr_carea' id='block_1_65' title="bbox 283 4765 1939 4842">
    <p class='ocr_par' dir='ltr' id='par_1_65' title="bbox 283 4765 1939 4842">
     <span class='ocr_line' id='line_1_65' title="bbox 283 4765 1939 4842; baseline -0.001 -16"><span class='ocrx_word' id='word_1_433' title='bbox 283 4769 460 4826; x_wconf 88' lang='lat' dir='ltr'>etiam</span> <span class='ocrx_word' id='word_1_434' title='bbox 493 4767 756 4842; x_wconf 75' lang='lat' dir='ltr'>praecipit</span> <span class='ocrx_word' id='word_1_435' title='bbox 786 4765 1153 4824; x_wconf 82' lang='lat' dir='ltr'>clarissimus</span> <span class='ocrx_word' id='word_1_436' title='bbox 1185 4767 1829 4840; x_wconf 78' lang='lat' dir='ltr'>Mali‘eius)describenti</span> <span class='ocrx_word' id='word_1_437' title='bbox 1850 4786 1939 4824; x_wconf 87' lang='lat' dir='ltr'>ve-</span> 
     </span>
    </p>
   </div>
   <div class='ocr_carea' id='block_1_66' title="bbox 282 4855 1939 4930">
    <p class='ocr_par' dir='ltr' id='par_1_66' title="bbox 282 4855 1939 4930">
     <span class='ocr_line' id='line_1_66' title="bbox 282 4855 1939 4930; baseline -0.002 -16"><span class='ocrx_word' id='word_1_438' title='bbox 282 4863 474 4915; x_wconf 89' lang='lat' dir='ltr'>terum</span> <span class='ocrx_word' id='word_1_439' title='bbox 509 4860 894 4915; x_wconf 90' lang='lat' dir='ltr'>monumenta</span> <span class='ocrx_word' id='word_1_440' title='bbox 925 4872 955 4911; x_wconf 91' lang='lat' dir='ltr'>e</span> <span class='ocrx_word' id='word_1_441' title='bbox 987 4855 1287 4913; x_wconf 89' lang='lat' dir='ltr'>codicibus</span> <span class='ocrx_word' id='word_1_442' title='bbox 1326 4859 1600 4929; x_wconf 91' lang='lat' dir='ltr'>(quorum</span> <span class='ocrx_word' id='word_1_443' title='bbox 1651 4857 1822 4930; x_wconf 89' lang='lat' dir='ltr'>pauci</span> <span class='ocrx_word' id='word_1_444' title='bbox 1867 4856 1939 4911; x_wconf 91' lang='lat' dir='ltr'>li-</span> 
     </span>
    </p>
   </div>
   <div class='ocr_carea' id='block_1_67' title="bbox 281 4945 1938 5020">
    <p class='ocr_par' dir='ltr' id='par_1_67' title="bbox 281 4945 1938 5020">
     <span class='ocr_line' id='line_1_67' title="bbox 281 4945 1938 5020; baseline 0 -16"><span class='ocrx_word' id='word_1_445' title='bbox 281 4947 611 5004; x_wconf 88' lang='lat' dir='ltr'>brariorum</span> <span class='ocrx_word' id='word_1_446' title='bbox 645 4947 942 5003; x_wconf 90' lang='lat' dir='ltr'>erroribus</span> <span class='ocrx_word' id='word_1_447' title='bbox 993 4948 1212 5020; x_wconf 87' lang='lat' dir='ltr'>carent)</span> <span class='ocrx_word' id='word_1_448' title='bbox 1245 4946 1503 5020; x_wconf 88' lang='lat' dir='ltr'>patentia</span> <span class='ocrx_word' id='word_1_449' title='bbox 1554 4945 1689 5003; x_wconf 90' lang='lat' dir='ltr'>inde</span> <span class='ocrx_word' id='word_1_450' title='bbox 1737 4945 1938 5004; x_wconf 88' lang='lat' dir='ltr'>tollere</span> 
     </span>
    </p>
   </div>
   <div class='ocr_carea' id='block_1_68' title="bbox 283 5035 1939 5110">
    <p class='ocr_par' dir='ltr' id='par_1_68' title="bbox 283 5035 1939 5110">
     <span class='ocr_line' id='line_1_68' title="bbox 283 5035 1939 5110; baseline 0 -17"><span class='ocrx_word' id='word_1_451' title='bbox 283 5037 518 5104; x_wconf 89' lang='lat' dir='ltr'>menda,</span> <span class='ocrx_word' id='word_1_452' title='bbox 551 5051 620 5092; x_wconf 86' lang='lat' dir='ltr'>ea</span> <span class='ocrx_word' id='word_1_453' title='bbox 648 5041 844 5092; x_wconf 87' lang='lat' dir='ltr'>tamen</span> <span class='ocrx_word' id='word_1_454' title='bbox 877 5039 1130 5106; x_wconf 85' lang='lat' dir='ltr'>tantum,</span> <span class='ocrx_word' id='word_1_455' title='bbox 1164 5053 1291 5108; x_wconf 70' lang='lat' dir='ltr'>quae</span> <span class='ocrx_word' id='word_1_456' title='bbox 1323 5039 1477 5092; x_wconf 90' lang='lat' dir='ltr'>recte</span> <span class='ocrx_word' id='word_1_457' title='bbox 1507 5035 1791 5108; x_wconf 87' lang='lat' dir='ltr'>conjicere</span> <span class='ocrx_word' id='word_1_458' title='bbox 1811 5054 1939 5110; x_wconf 85' lang='lat' dir='ltr'>pos-</span> 
     </span>
    </p>
   </div>
   <div class='ocr_carea' id='block_1_69' title="bbox 283 5125 1935 5196">
    <p class='ocr_par' dir='ltr' id='par_1_69' title="bbox 283 5125 1935 5196">
     <span class='ocr_line' id='line_1_69' title="bbox 283 5125 1935 5196; baseline -0.001 -12"><span class='ocrx_word' id='word_1_459' title='bbox 283 5142 494 5184; x_wconf 87' lang='lat' dir='ltr'>sumus</span> <span class='ocrx_word' id='word_1_460' title='bbox 523 5142 592 5182; x_wconf 81' lang='lat' dir='ltr'>ex</span> <span class='ocrx_word' id='word_1_461' title='bbox 620 5125 1073 5182; x_wconf 86' lang='lat' dir='ltr'>amanuensium</span> <span class='ocrx_word' id='word_1_462' title='bbox 1103 5125 1416 5182; x_wconf 67' lang='lat' dir='ltr'>oscitantis</span> <span class='ocrx_word' id='word_1_463' title='bbox 1446 5127 1935 5196; x_wconf 83' lang='lat' dir='ltr'>processisse.Re-</span> 
     </span>
    </p>
   </div>
   <div class='ocr_carea' id='block_1_70' title="bbox 281 5212 1936 5290">
    <p class='ocr_par' dir='ltr' id='par_1_70' title="bbox 281 5212 1936 5290">
     <span class='ocr_line' id='line_1_70' title="bbox 281 5212 1936 5290; baseline -0.002 -19"><span class='ocrx_word' id='word_1_464' title='bbox 281 5215 512 5288; x_wconf 89' lang='lat' dir='ltr'>liquum</span> <span class='ocrx_word' id='word_1_465' title='bbox 538 5230 644 5290; x_wconf 87' lang='lat' dir='ltr'>ego</span> <span class='ocrx_word' id='word_1_466' title='bbox 659 5213 1142 5286; x_wconf 87' lang='lat' dir='ltr'>dimisi,ingentis</span> <span class='ocrx_word' id='word_1_467' title='bbox 1163 5213 1356 5285; x_wconf 84' lang='lat' dir='ltr'>operis</span> <span class='ocrx_word' id='word_1_468' title='bbox 1379 5212 1530 5269; x_wconf 90' lang='lat' dir='ltr'>mole</span> <span class='ocrx_word' id='word_1_469' title='bbox 1547 5215 1618 5269; x_wconf 86' lang='lat' dir='ltr'>ad</span> <span class='ocrx_word' id='word_1_470' title='bbox 1641 5214 1756 5270; x_wconf 88' lang='lat' dir='ltr'>alia</span> <span class='ocrx_word' id='word_1_471' title='bbox 1776 5214 1936 5270; x_wconf 89' lang='lat' dir='ltr'>solli-</span> 
     </span>
    </p>
   </div>
   <div class='ocr_carea' id='block_1_71' title="bbox 284 5302 1937 5376">
    <p class='ocr_par' dir='ltr' id='par_1_71' title="bbox 284 5302 1937 5376">
     <span class='ocr_line' id='line_1_71' title="bbox 284 5302 1937 5376; baseline -0.001 -16"><span class='ocrx_word' id='word_1_472' title='bbox 284 5303 497 5361; x_wconf 87' lang='lat' dir='ltr'>citatus</span> <span class='ocrx_word' id='word_1_473' title='bbox 527 5307 704 5376; x_wconf 87' lang='lat' dir='ltr'>atque</span> <span class='ocrx_word' id='word_1_474' title='bbox 739 5303 1020 5358; x_wconf 90' lang='lat' dir='ltr'>intentus.</span> <span class='ocrx_word' id='word_1_475' title='bbox 1053 5302 1250 5375; x_wconf 87' lang='lat' dir='ltr'>Neque</span> <span class='ocrx_word' id='word_1_476' title='bbox 1280 5318 1414 5358; x_wconf 89' lang='lat' dir='ltr'>vero</span> <span class='ocrx_word' id='word_1_477' title='bbox 1456 5302 1680 5373; x_wconf 84' lang='lat' dir='ltr'>majora</span> <span class='ocrx_word' id='word_1_478' title='bbox 1724 5303 1937 5359; x_wconf 88' lang='lat' dir='ltr'>audere</span> 
     </span>
    </p>
   </div>
   <div class='ocr_carea' id='block_1_72' title="bbox 285 5387 1934 5466">
    <p class='ocr_par' dir='ltr' id='par_1_72' title="bbox 285 5387 1934 5466">
     <span class='ocr_line' id='line_1_72' title="bbox 285 5387 1934 5466; baseline -0.001 -18"><span class='ocrx_word' id='word_1_479' title='bbox 285 5393 372 5450; x_wconf 85' lang='lat' dir='ltr'>fas</span> <span class='ocrx_word' id='word_1_480' title='bbox 403 5396 705 5466; x_wconf 88' lang='lat' dir='ltr'>putassem</span> <span class='ocrx_word' id='word_1_481' title='bbox 729 5387 934 5446; x_wconf 89' lang='lat' dir='ltr'>insciis</span> <span class='ocrx_word' id='word_1_482' title='bbox 953 5388 1457 5447; x_wconf 86' lang='lat' dir='ltr'>lectoribus.Nunc</span> <span class='ocrx_word' id='word_1_483' title='bbox 1473 5391 1650 5445; x_wconf 88' lang='lat' dir='ltr'>etiam</span> <span class='ocrx_word' id='word_1_484' title='bbox 1668 5389 1934 5447; x_wconf 85' lang='lat' dir='ltr'>animad-</span> 
     </span>
    </p>
   </div>
   <div class='ocr_carea' id='block_1_73' title="bbox 281 5477 1934 5553">
    <p class='ocr_par' dir='ltr' id='par_1_73' title="bbox 281 5477 1934 5553">
     <span class='ocr_line' id='line_1_73' title="bbox 281 5477 1934 5553; baseline -0.002 -14"><span class='ocrx_word' id='word_1_485' title='bbox 281 5486 442 5539; x_wconf 90' lang='lat' dir='ltr'>verto</span> <span class='ocrx_word' id='word_1_486' title='bbox 463 5481 611 5538; x_wconf 89' lang='lat' dir='ltr'>nihil</span> <span class='ocrx_word' id='word_1_487' title='bbox 637 5495 786 5553; x_wconf 92' lang='lat' dir='ltr'>opus</span> <span class='ocrx_word' id='word_1_488' title='bbox 809 5477 992 5534; x_wconf 88' lang='lat' dir='ltr'>fuisse</span> <span class='ocrx_word' id='word_1_489' title='bbox 1013 5480 1266 5536; x_wconf 87' lang='lat' dir='ltr'>scribere</span> <span class='ocrx_word' id='word_1_490' title='bbox 1289 5483 1498 5551; x_wconf 72' lang='lat' dir='ltr'>quazstu</span> <span class='ocrx_word' id='word_1_491' title='bbox 1516 5494 1619 5550; x_wconf 91' lang='lat' dir='ltr'>pro</span> <span class='ocrx_word' id='word_1_492' title='bbox 1640 5488 1934 5552; x_wconf 62' lang='lat' dir='ltr'>quwstum;</span> 
     </span>
    </p>
   </div>
   <div class='ocr_carea' id='block_1_74' title="bbox 283 5567 1934 5636">
    <p class='ocr_par' dir='ltr' id='par_1_74' title="bbox 283 5567 1934 5636">
     <span class='ocr_line' id='line_1_74' title="bbox 283 5567 1934 5636; baseline 0 -8"><span class='ocrx_word' id='word_1_493' title='bbox 283 5572 385 5628; x_wconf 90' lang='lat' dir='ltr'>sed</span> <span class='ocrx_word' id='word_1_494' title='bbox 417 5569 571 5627; x_wconf 90' lang='lat' dir='ltr'>ultra</span> <span class='ocrx_word' id='word_1_495' title='bbox 595 5585 710 5624; x_wconf 93' lang='lat' dir='ltr'>non</span> <span class='ocrx_word' id='word_1_496' title='bbox 743 5567 1168 5636; x_wconf 86' lang='lat' dir='ltr'>vacat,levibus</span> <span class='ocrx_word' id='word_1_497' title='bbox 1199 5569 1360 5627; x_wconf 89' lang='lat' dir='ltr'>hisce</span> <span class='ocrx_word' id='word_1_498' title='bbox 1391 5569 1799 5627; x_wconf 87' lang='lat' dir='ltr'>controversiis</span> <span class='ocrx_word' id='word_1_499' title='bbox 1829 5587 1934 5628; x_wconf 90' lang='lat' dir='ltr'>seu</span> 
     </span>
    </p>
   </div>
   <div class='ocr_carea' id='block_1_75' title="bbox 282 5657 764 5720">
    <p class='ocr_par' dir='ltr' id='par_1_75' title="bbox 282 5657 764 5720">
     <span class='ocr_line' id='line_1_75' title="bbox 282 5657 764 5720; baseline -0.004 -1"><span class='ocrx_word' id='word_1_500' title='bbox 282 5659 444 5720; x_wconf 88' lang='lat' dir='ltr'>tricis</span> <span class='ocrx_word' id='word_1_501' title='bbox 475 5657 764 5718; x_wconf 84' lang='lat' dir='ltr'>insistere.</span> 
     </span>
    </p>
   </div>
   <div class='ocr_carea' id='block_1_76' title="bbox 2071 1916 3726 1990">
    <p class='ocr_par' dir='ltr' id='par_1_76' title="bbox 2071 1916 3726 1990">
     <span class='ocr_line' id='line_1_76' title="bbox 2071 1916 3726 1990; baseline 0.004 -20"><span class='ocrx_word' id='word_1_502' title='bbox 2071 1932 2198 1970; x_wconf 88' lang='lat' dir='ltr'>mas</span> <span class='ocrx_word' id='word_1_503' title='bbox 2229 1916 2523 1972; x_wconf 89' lang='lat' dir='ltr'>interdum</span> <span class='ocrx_word' id='word_1_504' title='bbox 2557 1922 2861 1972; x_wconf 88' lang='lat' dir='ltr'>servarunt</span> <span class='ocrx_word' id='word_1_505' title='bbox 2890 1916 3059 1974; x_wconf 90' lang='lat' dir='ltr'>nobis</span> <span class='ocrx_word' id='word_1_506' title='bbox 3089 1917 3284 1974; x_wconf 72' lang='lat' dir='ltr'>saeculi</span> <span class='ocrx_word' id='word_1_507' title='bbox 3314 1919 3436 1990; x_wconf 82' lang='lat' dir='ltr'>ejus</span> <span class='ocrx_word' id='word_1_508' title='bbox 3461 1919 3726 1988; x_wconf 88' lang='lat' dir='ltr'>codices,</span> 
     </span>
    </p>
   </div>
   <div class='ocr_carea' id='block_1_77' title="bbox 2065 2005 3724 2080">
    <p class='ocr_par' dir='ltr' id='par_1_77' title="bbox 2065 2005 3724 2080">
     <span class='ocr_line' id='line_1_77' title="bbox 2065 2005 3724 2080; baseline 0.002 -20"><span class='ocrx_word' id='word_1_509' title='bbox 2065 2005 2332 2061; x_wconf 85' lang='lat' dir='ltr'>videlicet</span> <span class='ocrx_word' id='word_1_510' title='bbox 2362 2009 2418 2061; x_wconf 84' lang='lat' dir='ltr'>et</span> <span class='ocrx_word' id='word_1_511' title='bbox 2449 2005 2562 2078; x_wconf 88' lang='lat' dir='ltr'>ipsi</span> <span class='ocrx_word' id='word_1_512' title='bbox 2591 2007 2662 2061; x_wconf 88' lang='lat' dir='ltr'>ab</span> <span class='ocrx_word' id='word_1_513' title='bbox 2694 2006 3129 2080; x_wconf 88' lang='lat' dir='ltr'>antiquioribus</span> <span class='ocrx_word' id='word_1_514' title='bbox 3159 2007 3457 2080; x_wconf 86' lang='lat' dir='ltr'>descripti.</span> <span class='ocrx_word' id='word_1_515' title='bbox 3489 2009 3673 2064; x_wconf 86' lang='lat' dir='ltr'>Addit</span> <span class='ocrx_word' id='word_1_516' title='bbox 3709 2025 3724 2064; x_wconf 89' lang='lat'><strong>:</strong></span> 
     </span>
    </p>
   </div>
   <div class='ocr_carea' id='block_1_78' title="bbox 2064 2097 3726 2168">
    <p class='ocr_par' dir='ltr' id='par_1_78' title="bbox 2064 2097 3726 2168">
     <span class='ocr_line' id='line_1_78' title="bbox 2064 2097 3726 2168; baseline 0.002 -18"><span class='ocrx_word' id='word_1_517' title='bbox 2064 2097 2204 2152; x_wconf 89' lang='lat' dir='ltr'>Poco</span> <span class='ocrx_word' id='word_1_518' title='bbox 2233 2103 2388 2152; x_wconf 88' lang='lat' dir='ltr'>conto</span> <span class='ocrx_word' id='word_1_519' title='bbox 2415 2098 2466 2150; x_wconf 87' lang='lat' dir='ltr'>si</span> <span class='ocrx_word' id='word_1_520' title='bbox 2487 2113 2596 2168; x_wconf 80' lang='grc' dir='ltr'>ριιο</span> <span class='ocrx_word' id='word_1_521' title='bbox 2624 2098 2804 2167; x_wconf 80' lang='lat' dir='ltr'>farno,</span> <span class='ocrx_word' id='word_1_522' title='bbox 2844 2104 3056 2152; x_wconf 88' lang='lat' dir='ltr'>mentre</span> <span class='ocrx_word' id='word_1_523' title='bbox 3101 2097 3530 2168; x_wconf 53' lang='lat' dir='ltr'>interpolamioni</span> <span class='ocrx_word' id='word_1_524' title='bbox 3554 2098 3726 2154; x_wconf 83' lang='lat' dir='ltr'>molto</span> 
     </span>
    </p>
   </div>
   <div class='ocr_carea' id='block_1_79' title="bbox 2065 2185 3726 2243">
    <p class='ocr_par' dir='ltr' id='par_1_79' title="bbox 2065 2185 3726 2243">
     <span class='ocr_line' id='line_1_79' title="bbox 2065 2185 3726 2243; baseline 0.002 -4"><span class='ocrx_word' id='word_1_525' title='bbox 2065 2186 2233 2240; x_wconf 86' lang='lat' dir='ltr'>incttc</span> <span class='ocrx_word' id='word_1_526' title='bbox 2262 2186 2442 2240; x_wconf 81' lang='lat' dir='ltr'>hanno</span> <span class='ocrx_word' id='word_1_527' title='bbox 2467 2185 2517 2239; x_wconf 89' lang='lat' dir='ltr'>le</span> <span class='ocrx_word' id='word_1_528' title='bbox 2543 2185 2656 2240; x_wconf 85' lang='lat' dir='ltr'>Vite</span> <span class='ocrx_word' id='word_1_529' title='bbox 2687 2187 2746 2239; x_wconf 86' lang='lat' dir='ltr'>in</span> <span class='ocrx_word' id='word_1_530' title='bbox 2776 2186 2853 2240; x_wconf 90' lang='lat' dir='ltr'>tal</span> <span class='ocrx_word' id='word_1_531' title='bbox 2882 2187 3254 2242; x_wconf 73' lang='lat' dir='ltr'>chionarioze</span> <span class='ocrx_word' id='word_1_532' title='bbox 3283 2188 3398 2242; x_wconf 90' lang='lat' dir='ltr'>cosi</span> <span class='ocrx_word' id='word_1_533' title='bbox 3427 2195 3515 2242; x_wconf 81' lang='grc' dir='ltr'><em>ινα</em></span> <span class='ocrx_word' id='word_1_534' title='bbox 3535 2185 3726 2243; x_wconf 88' lang='lat' dir='ltr'>l’altre</span> 
     </span>
    </p>
   </div>
   <div class='ocr_carea' id='block_1_80' title="bbox 2062 2274 3724 2346">
    <p class='ocr_par' dir='ltr' id='par_1_80' title="bbox 2062 2274 3724 2346">
     <span class='ocr_line' id='line_1_80' title="bbox 2062 2274 3724 2346; baseline 0.002 -18"><span class='ocrx_word' id='word_1_535' title='bbox 2062 2275 2246 2346; x_wconf 86' lang='lat' dir='ltr'>quella</span> <span class='ocrx_word' id='word_1_536' title='bbox 2275 2274 2336 2329; x_wconf 88' lang='lat' dir='ltr'>di</span> <span class='ocrx_word' id='word_1_537' title='bbox 2362 2291 2464 2329; x_wconf 86' lang='lat' dir='ltr'>san</span> <span class='ocrx_word' id='word_1_538' title='bbox 2493 2275 2892 2341; x_wconf 84' lang='lat' dir='ltr'>Zenone.Quod</span> <span class='ocrx_word' id='word_1_539' title='bbox 2915 2274 2975 2330; x_wconf 91' lang='lat' dir='ltr'>in</span> <span class='ocrx_word' id='word_1_540' title='bbox 3005 2274 3138 2330; x_wconf 82' lang='lat' dir='ltr'>Vita</span> <span class='ocrx_word' id='word_1_541' title='bbox 3162 2275 3351 2332; x_wconf 89' lang='lat' dir='ltr'>sancti</span> <span class='ocrx_word' id='word_1_542' title='bbox 3373 2275 3622 2332; x_wconf 89' lang='lat' dir='ltr'>Zenonis</span> <span class='ocrx_word' id='word_1_543' title='bbox 3640 2275 3724 2332; x_wconf 89' lang='lat' dir='ltr'>in-</span> 
     </span>
    </p>
   </div>
   <div class='ocr_carea' id='block_1_81' title="bbox 2062 2363 3723 2438">
    <p class='ocr_par' dir='ltr' id='par_1_81' title="bbox 2062 2363 3723 2438">
     <span class='ocr_line' id='line_1_81' title="bbox 2062 2363 3723 2438; baseline 0.002 -22"><span class='ocrx_word' id='word_1_544' title='bbox 2062 2363 2475 2434; x_wconf 88' lang='lat' dir='ltr'>terpolationes</span> <span class='ocrx_word' id='word_1_545' title='bbox 2503 2368 2832 2430; x_wconf 91' lang='lat' dir='ltr'>occurrant,</span> <span class='ocrx_word' id='word_1_546' title='bbox 2865 2363 3150 2420; x_wconf 90' lang='lat' dir='ltr'>deducere</span> <span class='ocrx_word' id='word_1_547' title='bbox 3178 2363 3611 2438; x_wconf 87' lang='lat' dir='ltr'>velle,reliquas</span> <span class='ocrx_word' id='word_1_548' title='bbox 3655 2381 3723 2420; x_wconf 89' lang='lat' dir='ltr'>e-</span> 
     </span>
    </p>
   </div>
   <div class='ocr_carea' id='block_1_82' title="bbox 2059 2451 3722 2525">
    <p class='ocr_par' dir='ltr' id='par_1_82' title="bbox 2059 2451 3722 2525">
     <span class='ocr_line' id='line_1_82' title="bbox 2059 2451 3722 2525; baseline 0.002 -18"><span class='ocrx_word' id='word_1_549' title='bbox 2059 2451 2201 2507; x_wconf 86' lang='lat' dir='ltr'>tiam</span> <span class='ocrx_word' id='word_1_550' title='bbox 2213 2451 2374 2507; x_wconf 89' lang='lat' dir='ltr'>Vitas</span> <span class='ocrx_word' id='word_1_551' title='bbox 2391 2452 2606 2508; x_wconf 91' lang='lat' dir='ltr'>codicis</span> <span class='ocrx_word' id='word_1_552' title='bbox 2619 2451 2776 2508; x_wconf 90' lang='lat' dir='ltr'>illius</span> <span class='ocrx_word' id='word_1_553' title='bbox 2790 2453 3339 2525; x_wconf 83' lang='lat' dir='ltr'>interpolationibus</span> <span class='ocrx_word' id='word_1_554' title='bbox 3351 2457 3722 2522; x_wconf 89' lang='lat' dir='ltr'>scatere,non</span> 
     </span>
    </p>
   </div>
   <div class='ocr_carea' id='block_1_83' title="bbox 2059 2541 3719 2615">
    <p class='ocr_par' dir='ltr' id='par_1_83' title="bbox 2059 2541 3719 2615">
     <span class='ocr_line' id='line_1_83' title="bbox 2059 2541 3719 2615; baseline 0.002 -20"><span class='ocrx_word' id='word_1_555' title='bbox 2059 2541 2410 2614; x_wconf 87' lang='lat' dir='ltr'>probabunt,</span> <span class='ocrx_word' id='word_1_556' title='bbox 2439 2546 2506 2596; x_wconf 89' lang='lat' dir='ltr'>ut</span> <span class='ocrx_word' id='word_1_557' title='bbox 2555 2541 2955 2614; x_wconf 89' lang='lat' dir='ltr'>puto,eruditi.</span> <span class='ocrx_word' id='word_1_558' title='bbox 2989 2543 3150 2609; x_wconf 89' lang='lat' dir='ltr'>Quod</span> <span class='ocrx_word' id='word_1_559' title='bbox 3193 2543 3326 2615; x_wconf 90' lang='lat' dir='ltr'>plus</span> <span class='ocrx_word' id='word_1_560' title='bbox 3351 2546 3462 2612; x_wconf 90' lang='lat' dir='ltr'>est,</span> <span class='ocrx_word' id='word_1_561' title='bbox 3489 2542 3719 2600; x_wconf 88' lang='lat' dir='ltr'>nullam</span> 
     </span>
    </p>
   </div>
   <div class='ocr_carea' id='block_1_84' title="bbox 2057 2630 3718 2704">
    <p class='ocr_par' dir='ltr' id='par_1_84' title="bbox 2057 2630 3718 2704">
     <span class='ocr_line' id='line_1_84' title="bbox 2057 2630 3718 2704; baseline 0.002 -20"><span class='ocrx_word' id='word_1_562' title='bbox 2057 2630 2115 2685; x_wconf 93' lang='lat' dir='ltr'>in</span> <span class='ocrx_word' id='word_1_563' title='bbox 2147 2630 2506 2702; x_wconf 74' lang='lat' dir='ltr'>praelaudata</span> <span class='ocrx_word' id='word_1_564' title='bbox 2536 2631 2593 2687; x_wconf 92' lang='lat' dir='ltr'>S.</span> <span class='ocrx_word' id='word_1_565' title='bbox 2641 2630 2971 2687; x_wconf 87' lang='lat' dir='ltr'>Geminiani</span> <span class='ocrx_word' id='word_1_566' title='bbox 3022 2631 3154 2686; x_wconf 88' lang='lat' dir='ltr'>Vita</span> <span class='ocrx_word' id='word_1_567' title='bbox 3205 2630 3718 2704; x_wconf 87' lang='lat' dir='ltr'>interpolationem</span> 
     </span>
    </p>
   </div>
   <div class='ocr_carea' id='block_1_85' title="bbox 2056 2719 3718 2794">
    <p class='ocr_par' dir='ltr' id='par_1_85' title="bbox 2056 2719 3718 2794">
     <span class='ocr_line' id='line_1_85' title="bbox 2056 2719 3718 2794; baseline 0.002 -20"><span class='ocrx_word' id='word_1_568' title='bbox 2056 2719 2366 2792; x_wconf 90' lang='lat' dir='ltr'>quisquam</span> <span class='ocrx_word' id='word_1_569' title='bbox 2398 2719 2684 2775; x_wconf 87' lang='lat' dir='ltr'>ostendet.</span> <span class='ocrx_word' id='word_1_570' title='bbox 2719 2719 2833 2774; x_wconf 87' lang='lat' dir='ltr'>Cur</span> <span class='ocrx_word' id='word_1_571' title='bbox 2861 2736 2998 2792; x_wconf 90' lang='lat' dir='ltr'>ergo</span> <span class='ocrx_word' id='word_1_572' title='bbox 3026 2719 3145 2776; x_wconf 78' lang='lat' dir='ltr'>haec</span> <span class='ocrx_word' id='word_1_573' title='bbox 3179 2720 3446 2777; x_wconf 84' lang='lat' dir='ltr'>Maffeius</span> <span class='ocrx_word' id='word_1_574' title='bbox 3467 2722 3496 2776; x_wconf 79' lang='lat' dir='ltr'>‘l</span> <span class='ocrx_word' id='word_1_575' title='bbox 3526 2721 3718 2794; x_wconf 86' lang='lat' dir='ltr'>Pergit</span> 
     </span>
    </p>
   </div>
   <div class='ocr_carea' id='block_1_86' title="bbox 2055 2807 3717 2880">
    <p class='ocr_par' dir='ltr' id='par_1_86' title="bbox 2055 2807 3717 2880">
     <span class='ocr_line' id='line_1_86' title="bbox 2055 2807 3717 2880; baseline 0.003 -18"><span class='ocrx_word' id='word_1_576' title='bbox 2055 2807 2196 2863; x_wconf 90' lang='lat' dir='ltr'>ille:</span> <span class='ocrx_word' id='word_1_577' title='bbox 2242 2809 2458 2864; x_wconf 86' lang='lat' dir='ltr'>L’autor</span> <span class='ocrx_word' id='word_1_578' title='bbox 2486 2809 2629 2864; x_wconf 76' lang='lat' dir='ltr'>delle</span> <span class='ocrx_word' id='word_1_579' title='bbox 2667 2810 2862 2878; x_wconf 87' lang='lat' dir='ltr'>giunta</span> <span class='ocrx_word' id='word_1_580' title='bbox 2907 2812 2967 2880; x_wconf 80' lang='lat' dir='ltr'>fa</span> <span class='ocrx_word' id='word_1_581' title='bbox 3012 2810 3298 2866; x_wconf 56' lang='lat' dir='ltr'>mentione</span> <span class='ocrx_word' id='word_1_582' title='bbox 3352 2809 3479 2866; x_wconf 85' lang='lat' dir='ltr'>dell’</span> <span class='ocrx_word' id='word_1_583' title='bbox 3528 2813 3717 2867; x_wconf 83' lang='lat' dir='ltr'>antica</span> 
     </span>
    </p>
   </div>
   <div class='ocr_carea' id='block_1_87' title="bbox 2049 2897 3714 2969">
    <p class='ocr_par' dir='ltr' id='par_1_87' title="bbox 2049 2897 3714 2969">
     <span class='ocr_line' id='line_1_87' title="bbox 2049 2897 3714 2969; baseline 0.004 -17"><span class='ocrx_word' id='word_1_584' title='bbox 2049 2899 2318 2953; x_wconf 87' lang='lat' dir='ltr'>scorreria</span> <span class='ocrx_word' id='word_1_585' title='bbox 2345 2897 2491 2967; x_wconf 83' lang='lat' dir='ltr'>degli</span> <span class='ocrx_word' id='word_1_586' title='bbox 2523 2899 2791 2969; x_wconf 73' lang='lat' dir='ltr'>Un-gheri;</span> <span class='ocrx_word' id='word_1_587' title='bbox 2822 2915 2912 2952; x_wconf 88' lang='lat' dir='ltr'>ma</span> <span class='ocrx_word' id='word_1_588' title='bbox 2941 2915 3050 2953; x_wconf 86' lang='lat' dir='ltr'>non</span> <span class='ocrx_word' id='word_1_589' title='bbox 3080 2902 3282 2954; x_wconf 88' lang='lat' dir='ltr'>mostra</span> <span class='ocrx_word' id='word_1_590' title='bbox 3312 2915 3458 2956; x_wconf 88' lang='lat' dir='ltr'>esser</span> <span class='ocrx_word' id='word_1_591' title='bbox 3509 2901 3714 2958; x_wconf 75' lang='lat' dir='ltr'>vissuto</span> 
     </span>
    </p>
   </div>
   <div class='ocr_carea' id='block_1_88' title="bbox 2049 2987 3715 3060">
    <p class='ocr_par' dir='ltr' id='par_1_88' title="bbox 2049 2987 3715 3060">
     <span class='ocr_line' id='line_1_88' title="bbox 2049 2987 3715 3060; baseline 0.002 -18"><span class='ocrx_word' id='word_1_592' title='bbox 2049 3003 2082 3043; x_wconf 90' lang='lat' dir='ltr'>a</span> <span class='ocrx_word' id='word_1_593' title='bbox 2113 2996 2286 3059; x_wconf 82' lang='lat' dir='ltr'>tempe</span> <span class='ocrx_word' id='word_1_594' title='bbox 2315 2987 2374 3042; x_wconf 84' lang='lat' dir='ltr'>di</span> <span class='ocrx_word' id='word_1_595' title='bbox 2400 2988 2603 3058; x_wconf 86' lang='lat' dir='ltr'>quella,</span> <span class='ocrx_word' id='word_1_596' title='bbox 2638 2988 2791 3044; x_wconf 85' lang='lat' dir='ltr'>bensi</span> <span class='ocrx_word' id='word_1_597' title='bbox 2819 2987 3059 3043; x_wconf 84' lang='lat' dir='ltr'>d&#39;alcun’</span> <span class='ocrx_word' id='word_1_598' title='bbox 3091 2989 3242 3044; x_wconf 87' lang='lat' dir='ltr'>altra</span> <span class='ocrx_word' id='word_1_599' title='bbox 3287 2989 3427 3046; x_wconf 83' lang='lat' dir='ltr'>delle</span> <span class='ocrx_word' id='word_1_600' title='bbox 3476 2991 3616 3060; x_wconf 81' lang='lat' dir='ltr'>falle</span> <span class='ocrx_word' id='word_1_601' title='bbox 3643 2991 3715 3046; x_wconf 86' lang='lat' dir='ltr'>da</span> 
     </span>
    </p>
   </div>
   <div class='ocr_carea' id='block_1_89' title="bbox 2049 3077 3708 3149">
    <p class='ocr_par' dir='ltr' id='par_1_89' title="bbox 2049 3077 3708 3149">
     <span class='ocr_line' id='line_1_89' title="bbox 2049 3077 3708 3149; baseline 0.004 -19"><span class='ocrx_word' id='word_1_602' title='bbox 2049 3077 2232 3149; x_wconf 88' lang='lat' dir='ltr'>quella</span> <span class='ocrx_word' id='word_1_603' title='bbox 2273 3081 2448 3146; x_wconf 87' lang='lat' dir='ltr'>gente.</span> <span class='ocrx_word' id='word_1_604' title='bbox 2483 3077 2657 3148; x_wconf 86' lang='lat' dir='ltr'>Atqui</span> <span class='ocrx_word' id='word_1_605' title='bbox 2707 3079 2930 3132; x_wconf 87' lang='lat' dir='ltr'>certum</span> <span class='ocrx_word' id='word_1_606' title='bbox 2981 3078 3135 3149; x_wconf 90' lang='lat' dir='ltr'>apud</span> <span class='ocrx_word' id='word_1_607' title='bbox 3189 3094 3395 3134; x_wconf 89' lang='lat' dir='ltr'>omnes</span> <span class='ocrx_word' id='word_1_608' title='bbox 3443 3079 3708 3136; x_wconf 88' lang='lat' dir='ltr'>eruditos</span> 
     </span>
    </p>
   </div>
   <div class='ocr_carea' id='block_1_90' title="bbox 2048 3165 3710 3235">
    <p class='ocr_par' dir='ltr' id='par_1_90' title="bbox 2048 3165 3710 3235">
     <span class='ocr_line' id='line_1_90' title="bbox 2048 3165 3710 3235; baseline 0.002 -14"><span class='ocrx_word' id='word_1_609' title='bbox 2048 3167 2311 3222; x_wconf 87' lang='lat' dir='ltr'>futurum</span> <span class='ocrx_word' id='word_1_610' title='bbox 2343 3169 2450 3234; x_wconf 90' lang='lat' dir='ltr'>est,</span> <span class='ocrx_word' id='word_1_611' title='bbox 2483 3166 2749 3222; x_wconf 91' lang='lat' dir='ltr'>eamdem</span> <span class='ocrx_word' id='word_1_612' title='bbox 2772 3165 3124 3235; x_wconf 88' lang='lat' dir='ltr'>Vitam,una</span> <span class='ocrx_word' id='word_1_613' title='bbox 3155 3183 3291 3225; x_wconf 88' lang='lat' dir='ltr'>cum</span> <span class='ocrx_word' id='word_1_614' title='bbox 3324 3167 3539 3224; x_wconf 87' lang='lat' dir='ltr'>lacinia</span> <span class='ocrx_word' id='word_1_615' title='bbox 3561 3186 3596 3225; x_wconf 88' lang='lat' dir='ltr'>a</span> <span class='ocrx_word' id='word_1_616' title='bbox 3620 3185 3710 3226; x_wconf 90' lang='lat' dir='ltr'>me</span> 
     </span>
    </p>
   </div>
   <div class='ocr_carea' id='block_1_91' title="bbox 2049 3254 3708 3324">
    <p class='ocr_par' dir='ltr' id='par_1_91' title="bbox 2049 3254 3708 3324">
     <span class='ocr_line' id='line_1_91' title="bbox 2049 3254 3708 3324; baseline 0.001 -13"><span class='ocrx_word' id='word_1_617' title='bbox 2049 3255 2223 3324; x_wconf 89' lang='lat' dir='ltr'>edita,</span> <span class='ocrx_word' id='word_1_618' title='bbox 2257 3260 2384 3312; x_wconf 85' lang='lat' dir='ltr'>ante</span> <span class='ocrx_word' id='word_1_619' title='bbox 2411 3254 2653 3310; x_wconf 80' lang='lat' dir='ltr'>medium</span> <span class='ocrx_word' id='word_1_620' title='bbox 2679 3255 2942 3310; x_wconf 69' lang='lat' dir='ltr'>saeculum</span> <span class='ocrx_word' id='word_1_621' title='bbox 2963 3272 2999 3310; x_wconf 87' lang='lat' dir='ltr'><strong>x</strong></span> <span class='ocrx_word' id='word_1_622' title='bbox 3030 3255 3213 3312; x_wconf 83' lang='lat' dir='ltr'>fuisse</span> <span class='ocrx_word' id='word_1_623' title='bbox 3257 3256 3471 3313; x_wconf 89' lang='lat' dir='ltr'>litteris</span> <span class='ocrx_word' id='word_1_624' title='bbox 3515 3257 3708 3314; x_wconf 81' lang='lat' dir='ltr'>consi-</span> 
     </span>
    </p>
   </div>
   <div class='ocr_carea' id='block_1_92' title="bbox 2049 3343 3710 3418">
    <p class='ocr_par' dir='ltr' id='par_1_92' title="bbox 2049 3343 3710 3418">
     <span class='ocr_line' id='line_1_92' title="bbox 2049 3343 3710 3418; baseline 0.002 -19"><span class='ocrx_word' id='word_1_625' title='bbox 2049 3343 2456 3418; x_wconf 89' lang='lat' dir='ltr'>gnatam.Mihi</span> <span class='ocrx_word' id='word_1_626' title='bbox 2479 3343 3388 3416; x_wconf 86' lang='lat' dir='ltr'>persuaseram,additamentum</span> <span class='ocrx_word' id='word_1_627' title='bbox 3410 3344 3559 3402; x_wconf 86' lang='lat' dir='ltr'>illud</span> <span class='ocrx_word' id='word_1_628' title='bbox 3585 3347 3710 3403; x_wconf 87' lang='lat' dir='ltr'>luce</span> 
     </span>
    </p>
   </div>
   <div class='ocr_carea' id='block_1_93' title="bbox 2049 3433 3705 3506">
    <p class='ocr_par' dir='ltr' id='par_1_93' title="bbox 2049 3433 3705 3506">
     <span class='ocr_line' id='line_1_93' title="bbox 2049 3433 3705 3506; baseline 0.001 -16"><span class='ocrx_word' id='word_1_629' title='bbox 2049 3434 2356 3506; x_wconf 90' lang='lat' dir='ltr'>hucusque</span> <span class='ocrx_word' id='word_1_630' title='bbox 2386 3434 2665 3504; x_wconf 89' lang='lat' dir='ltr'>caruisse,</span> <span class='ocrx_word' id='word_1_631' title='bbox 2703 3434 2858 3505; x_wconf 91' lang='lat' dir='ltr'>quod</span> <span class='ocrx_word' id='word_1_632' title='bbox 2891 3433 2950 3488; x_wconf 91' lang='lat' dir='ltr'>in</span> <span class='ocrx_word' id='word_1_633' title='bbox 2980 3433 3114 3490; x_wconf 90' lang='lat' dir='ltr'>Vita</span> <span class='ocrx_word' id='word_1_634' title='bbox 3144 3451 3177 3490; x_wconf 90' lang='lat' dir='ltr'>a</span> <span class='ocrx_word' id='word_1_635' title='bbox 3208 3433 3280 3489; x_wconf 94' lang='lat' dir='ltr'>c1.</span> <span class='ocrx_word' id='word_1_636' title='bbox 3317 3435 3378 3490; x_wconf 92' lang='lat' dir='ltr'>P.</span> <span class='ocrx_word' id='word_1_637' title='bbox 3428 3434 3705 3492; x_wconf 88' lang='lat' dir='ltr'>Bollando</span> 
     </span>
    </p>
   </div>
   <div class='ocr_carea' id='block_1_94' title="bbox 2047 3521 3702 3595">
    <p class='ocr_par' dir='ltr' id='par_1_94' title="bbox 2047 3521 3702 3595">
     <span class='ocr_line' id='line_1_94' title="bbox 2047 3521 3702 3595; baseline 0.001 -17"><span class='ocrx_word' id='word_1_638' title='bbox 2047 3523 2204 3579; x_wconf 86' lang='lat' dir='ltr'>edita</span> <span class='ocrx_word' id='word_1_639' title='bbox 2233 3524 2305 3578; x_wconf 91' lang='lat' dir='ltr'>ad</span> <span class='ocrx_word' id='word_1_640' title='bbox 2336 3522 2490 3579; x_wconf 89' lang='lat' dir='ltr'>diem</span> <span class='ocrx_word' id='word_1_641' title='bbox 2520 3540 2651 3577; x_wconf 63' lang='grc' dir='ltr'>χχχι</span> <span class='ocrx_word' id='word_1_642' title='bbox 2681 3521 2949 3579; x_wconf 88' lang='lat' dir='ltr'>Januarii</span> <span class='ocrx_word' id='word_1_643' title='bbox 2982 3523 3176 3595; x_wconf 88' lang='lat' dir='ltr'>ipsum</span> <span class='ocrx_word' id='word_1_644' title='bbox 3209 3521 3527 3580; x_wconf 88' lang='lat' dir='ltr'>desiderari</span> <span class='ocrx_word' id='word_1_645' title='bbox 3579 3523 3702 3580; x_wconf 79' lang='lat' dir='ltr'>ani-</span> 
     </span>
    </p>
   </div>
   <div class='ocr_carea' id='block_1_95' title="bbox 2049 3611 3698 3684">
    <p class='ocr_par' dir='ltr' id='par_1_95' title="bbox 2049 3611 3698 3684">
     <span class='ocr_line' id='line_1_95' title="bbox 2049 3611 3698 3684; baseline 0.001 -16"><span class='ocrx_word' id='word_1_646' title='bbox 2049 3613 2515 3668; x_wconf 89' lang='lat' dir='ltr'>madvertissem.</span> <span class='ocrx_word' id='word_1_647' title='bbox 2540 3612 2650 3667; x_wconf 90' lang='lat' dir='ltr'>Sed</span> <span class='ocrx_word' id='word_1_648' title='bbox 2684 3611 2804 3668; x_wconf 58' lang='lat' dir='ltr'>hac</span> <span class='ocrx_word' id='word_1_649' title='bbox 2828 3611 3277 3681; x_wconf 88' lang='lat' dir='ltr'>scribens,nunc</span> <span class='ocrx_word' id='word_1_650' title='bbox 3307 3612 3698 3684; x_wconf 89' lang='lat' dir='ltr'>deprehendo,</span> 
     </span>
    </p>
   </div>
   <div class='ocr_carea' id='block_1_96' title="bbox 2048 3699 3698 3758">
    <p class='ocr_par' dir='ltr' id='par_1_96' title="bbox 2048 3699 3698 3758">
     <span class='ocr_line' id='line_1_96' title="bbox 2048 3699 3698 3758; baseline 0.001 -1"><span class='ocrx_word' id='word_1_651' title='bbox 2048 3702 2118 3757; x_wconf 89' lang='lat' dir='ltr'>ab</span> <span class='ocrx_word' id='word_1_652' title='bbox 2151 3702 2354 3757; x_wconf 92' lang='lat' dir='ltr'>eodem</span> <span class='ocrx_word' id='word_1_653' title='bbox 2381 3699 2659 3757; x_wconf 89' lang='lat' dir='ltr'>Bollando</span> <span class='ocrx_word' id='word_1_654' title='bbox 2692 3700 2752 3756; x_wconf 91' lang='lat' dir='ltr'>in</span> <span class='ocrx_word' id='word_1_655' title='bbox 2784 3699 2938 3756; x_wconf 90' lang='lat' dir='ltr'>calce</span> <span class='ocrx_word' id='word_1_656' title='bbox 2977 3702 3120 3756; x_wconf 90' lang='lat' dir='ltr'>tomi</span> <span class='ocrx_word' id='word_1_657' title='bbox 3173 3699 3231 3756; x_wconf 91' lang='lat' dir='ltr'>in</span> <span class='ocrx_word' id='word_1_658' title='bbox 3279 3701 3582 3758; x_wconf 86' lang='lat' dir='ltr'>Addendis</span> <span class='ocrx_word' id='word_1_659' title='bbox 3631 3703 3698 3758; x_wconf 88' lang='lat' dir='ltr'>ad</span> 
     </span>
    </p>
   </div>
   <div class='ocr_carea' id='block_1_97' title="bbox 2046 3789 3698 3862">
    <p class='ocr_par' dir='ltr' id='par_1_97' title="bbox 2046 3789 3698 3862">
     <span class='ocr_line' id='line_1_97' title="bbox 2046 3789 3698 3862; baseline 0.002 -16"><span class='ocrx_word' id='word_1_660' title='bbox 2046 3807 2175 3846; x_wconf 90' lang='lat' dir='ltr'>eam</span> <span class='ocrx_word' id='word_1_661' title='bbox 2206 3790 2360 3846; x_wconf 89' lang='lat' dir='ltr'>diem</span> <span class='ocrx_word' id='word_1_662' title='bbox 2391 3807 2458 3846; x_wconf 72' lang='lat' dir='ltr'>ex</span> <span class='ocrx_word' id='word_1_663' title='bbox 2486 3791 2666 3846; x_wconf 80' lang='lat' dir='ltr'>codice</span> <span class='ocrx_word' id='word_1_664' title='bbox 2686 3807 2789 3844; x_wconf 86' lang='lat' dir='ltr'>ms.</span> <span class='ocrx_word' id='word_1_665' title='bbox 2807 3789 3100 3845; x_wconf 84' lang='lat' dir='ltr'>Bodeccnsi</span> <span class='ocrx_word' id='word_1_666' title='bbox 3123 3790 3521 3862; x_wconf 83' lang='lat' dir='ltr'>fragmentum</span> <span class='ocrx_word' id='word_1_667' title='bbox 3543 3790 3698 3850; x_wconf 85' lang='lat' dir='ltr'>idem</span> 
     </span>
    </p>
   </div>
   <div class='ocr_carea' id='block_1_98' title="bbox 2049 3878 3701 3951">
    <p class='ocr_par' dir='ltr' id='par_1_98' title="bbox 2049 3878 3701 3951">
     <span class='ocr_line' id='line_1_98' title="bbox 2049 3878 3701 3951; baseline 0.001 -17"><span class='ocrx_word' id='word_1_668' title='bbox 2049 3880 2229 3935; x_wconf 79' lang='lat' dir='ltr'>fuisse</span> <span class='ocrx_word' id='word_1_669' title='bbox 2253 3879 2379 3950; x_wconf 89' lang='lat' dir='ltr'>jam</span> <span class='ocrx_word' id='word_1_670' title='bbox 2412 3878 2512 3934; x_wconf 92' lang='lat' dir='ltr'>diu</span> <span class='ocrx_word' id='word_1_671' title='bbox 2535 3879 3277 3951; x_wconf 87' lang='lat' dir='ltr'>productum,quamquam</span> <span class='ocrx_word' id='word_1_672' title='bbox 3291 3895 3357 3935; x_wconf 86' lang='lat' dir='ltr'>ea</span> <span class='ocrx_word' id='word_1_673' title='bbox 3370 3878 3701 3936; x_wconf 78' lang='lat' dir='ltr'>diversitate</span> 
     </span>
    </p>
   </div>
   <div class='ocr_carea' id='block_1_99' title="bbox 2047 3967 3701 4040">
    <p class='ocr_par' dir='ltr' id='par_1_99' title="bbox 2047 3967 3701 4040">
     <span class='ocr_line' id='line_1_99' title="bbox 2047 3967 3701 4040; baseline 0 -16"><span class='ocrx_word' id='word_1_674' title='bbox 2047 3973 2112 4024; x_wconf 92' lang='lat' dir='ltr'>ut</span> <span class='ocrx_word' id='word_1_675' title='bbox 2141 3983 2234 4023; x_wconf 91' lang='lat' dir='ltr'>me</span> <span class='ocrx_word' id='word_1_676' title='bbox 2260 3968 2601 4040; x_wconf 90' lang='lat' dir='ltr'>neutiquam</span> <span class='ocrx_word' id='word_1_677' title='bbox 2624 3967 2901 4039; x_wconf 82' lang='lat' dir='ltr'>pceniteat</span> <span class='ocrx_word' id='word_1_678' title='bbox 2922 3967 3065 4023; x_wconf 90' lang='lat' dir='ltr'>illud</span> <span class='ocrx_word' id='word_1_679' title='bbox 3091 3968 3288 4040; x_wconf 88' lang='lat' dir='ltr'>ipsum</span> <span class='ocrx_word' id='word_1_680' title='bbox 3311 3984 3522 4024; x_wconf 86' lang='lat' dir='ltr'>rursus</span> <span class='ocrx_word' id='word_1_681' title='bbox 3545 3968 3701 4025; x_wconf 85' lang='lat' dir='ltr'>evul-</span> 
     </span>
    </p>
   </div>
   <div class='ocr_carea' id='block_1_100' title="bbox 2047 4055 3702 4130">
    <p class='ocr_par' dir='ltr' id='par_1_100' title="bbox 2047 4055 3702 4130">
     <span class='ocr_line' id='line_1_100' title="bbox 2047 4055 3702 4130; baseline 0.001 -18"><span class='ocrx_word' id='word_1_682' title='bbox 2047 4056 2375 4130; x_wconf 85' lang='lat' dir='ltr'>gasse.Jam</span> <span class='ocrx_word' id='word_1_683' title='bbox 2406 4073 2542 4128; x_wconf 87' lang='lat' dir='ltr'>ergo</span> <span class='ocrx_word' id='word_1_684' title='bbox 2575 4055 2860 4112; x_wconf 87' lang='lat' dir='ltr'>habemus</span> <span class='ocrx_word' id='word_1_685' title='bbox 2883 4073 3000 4112; x_wconf 90' lang='lat' dir='ltr'>non</span> <span class='ocrx_word' id='word_1_686' title='bbox 3034 4057 3136 4111; x_wconf 91' lang='lat' dir='ltr'>uni</span> <span class='ocrx_word' id='word_1_687' title='bbox 3169 4055 3354 4113; x_wconf 90' lang='lat' dir='ltr'>codici</span> <span class='ocrx_word' id='word_1_688' title='bbox 3378 4057 3702 4114; x_wconf 87' lang='lat' dir='ltr'>Veronensi</span> 
     </span>
    </p>
   </div>
   <div class='ocr_carea' id='block_1_101' title="bbox 2046 4144 3701 4218">
    <p class='ocr_par' dir='ltr' id='par_1_101' title="bbox 2046 4144 3701 4218">
     <span class='ocr_line' id='line_1_101' title="bbox 2046 4144 3701 4218; baseline 0.002 -18"><span class='ocrx_word' id='word_1_689' title='bbox 2046 4146 2441 4218; x_wconf 87' lang='lat' dir='ltr'>fragmentum</span> <span class='ocrx_word' id='word_1_690' title='bbox 2473 4144 2617 4200; x_wconf 89' lang='lat' dir='ltr'>illud</span> <span class='ocrx_word' id='word_1_691' title='bbox 2650 4149 2955 4218; x_wconf 84' lang='lat' dir='ltr'>acceptum</span> <span class='ocrx_word' id='word_1_692' title='bbox 3003 4162 3131 4201; x_wconf 90' lang='lat' dir='ltr'>esse</span> <span class='ocrx_word' id='word_1_693' title='bbox 3188 4145 3584 4202; x_wconf 89' lang='lat' dir='ltr'>referendum.</span> <span class='ocrx_word' id='word_1_694' title='bbox 3618 4147 3701 4204; x_wconf 88' lang='lat' dir='ltr'>Ibi</span> 
     </span>
    </p>
   </div>
   <div class='ocr_carea' id='block_1_102' title="bbox 2045 4234 3702 4307">
    <p class='ocr_par' dir='ltr' id='par_1_102' title="bbox 2045 4234 3702 4307">
     <span class='ocr_line' id='line_1_102' title="bbox 2045 4234 3702 4307; baseline 0.001 -17"><span class='ocrx_word' id='word_1_695' title='bbox 2045 4251 2178 4291; x_wconf 91' lang='lat' dir='ltr'>vero</span> <span class='ocrx_word' id='word_1_696' title='bbox 2209 4234 2496 4307; x_wconf 88' lang='lat' dir='ltr'>scriptum</span> <span class='ocrx_word' id='word_1_697' title='bbox 2527 4238 2616 4290; x_wconf 90' lang='lat' dir='ltr'>est</span> <span class='ocrx_word' id='word_1_698' title='bbox 2651 4250 2662 4290; x_wconf 89' lang='lat'>:</span> <span class='ocrx_word' id='word_1_699' title='bbox 2691 4235 2794 4292; x_wconf 86' lang='lat' dir='ltr'>Sed</span> <span class='ocrx_word' id='word_1_700' title='bbox 2817 4237 2946 4307; x_wconf 88' lang='lat' dir='ltr'>quia</span> <span class='ocrx_word' id='word_1_701' title='bbox 2975 4237 3118 4290; x_wconf 89' lang='lat' dir='ltr'>tanti</span> <span class='ocrx_word' id='word_1_702' title='bbox 3163 4236 3348 4290; x_wconf 78' lang='lat' dir='ltr'>Patris</span> <span class='ocrx_word' id='word_1_703' title='bbox 3393 4235 3588 4291; x_wconf 84' lang='lat' dir='ltr'>damni</span> <span class='ocrx_word' id='word_1_704' title='bbox 3613 4236 3702 4292; x_wconf 84' lang='lat' dir='ltr'>Ge-</span> 
     </span>
    </p>
   </div>
   <div class='ocr_carea' id='block_1_103' title="bbox 2043 4325 3700 4396">
    <p class='ocr_par' dir='ltr' id='par_1_103' title="bbox 2043 4325 3700 4396">
     <span class='ocr_line' id='line_1_103' title="bbox 2043 4325 3700 4396; baseline 0.001 -16"><span class='ocrx_word' id='word_1_705' title='bbox 2043 4325 2306 4393; x_wconf 85' lang='lat' dir='ltr'>miniani,</span> <span class='ocrx_word' id='word_1_706' title='bbox 2335 4328 2498 4395; x_wconf 81' lang='lat' dir='ltr'>prout</span> <span class='ocrx_word' id='word_1_707' title='bbox 2536 4325 2842 4396; x_wconf 83' lang='lat' dir='ltr'>potuimus,</span> <span class='ocrx_word' id='word_1_708' title='bbox 2897 4326 3070 4381; x_wconf 79' lang='lat' dir='ltr'>Vitam</span> <span class='ocrx_word' id='word_1_709' title='bbox 3117 4325 3259 4396; x_wconf 84' lang='lat' dir='ltr'>style</span> <span class='ocrx_word' id='word_1_710' title='bbox 3311 4326 3700 4395; x_wconf 82' lang='lat' dir='ltr'>transegimus,</span> 
     </span>
    </p>
   </div>
   <div class='ocr_carea' id='block_1_104' title="bbox 2047 4413 3694 4488">
    <p class='ocr_par' dir='ltr' id='par_1_104' title="bbox 2047 4413 3694 4488">
     <span class='ocr_line' id='line_1_104' title="bbox 2047 4413 3694 4488; baseline 0.002 -20"><span class='ocrx_word' id='word_1_711' title='bbox 2047 4415 2174 4470; x_wconf 83' lang='lat' dir='ltr'>libet</span> <span class='ocrx_word' id='word_1_712' title='bbox 2211 4429 2420 4486; x_wconf 89' lang='lat' dir='ltr'>quoque</span> <span class='ocrx_word' id='word_1_713' title='bbox 2445 4414 2508 4468; x_wconf 80' lang='lat' dir='ltr'>de</span> <span class='ocrx_word' id='word_1_714' title='bbox 2536 4415 2646 4469; x_wconf 83' lang='lat' dir='ltr'>situ</span> <span class='ocrx_word' id='word_1_715' title='bbox 2694 4415 2846 4469; x_wconf 84' lang='lat' dir='ltr'>urbis</span> <span class='ocrx_word' id='word_1_716' title='bbox 2892 4415 2952 4469; x_wconf 89' lang='lat' dir='ltr'>in</span> <span class='ocrx_word' id='word_1_717' title='bbox 3000 4429 3108 4486; x_wconf 89' lang='lat' dir='ltr'>qua</span> <span class='ocrx_word' id='word_1_718' title='bbox 3155 4413 3352 4468; x_wconf 83' lang='lat' dir='ltr'>resedit</span> <span class='ocrx_word' id='word_1_719' title='bbox 3399 4415 3694 4488; x_wconf 81' lang='lat' dir='ltr'>cpiscopus,</span> 
     </span>
    </p>
   </div>
   <div class='ocr_carea' id='block_1_105' title="bbox 2045 4501 3700 4574">
    <p class='ocr_par' dir='ltr' id='par_1_105' title="bbox 2045 4501 3700 4574">
     <span class='ocr_line' id='line_1_105' title="bbox 2045 4501 3700 4574; baseline 0.002 -16"><span class='ocrx_word' id='word_1_720' title='bbox 2045 4503 2260 4574; x_wconf 85' lang='lat' dir='ltr'>aliquid</span> <span class='ocrx_word' id='word_1_721' title='bbox 2289 4505 2573 4559; x_wconf 84' lang='lat' dir='ltr'>enucleare</span> <span class='ocrx_word' id='word_1_722' title='bbox 2607 4505 2868 4558; x_wconf 73' lang='lat' dir='ltr'>veracius.</span> <span class='ocrx_word' id='word_1_723' title='bbox 2904 4501 3102 4558; x_wconf 87' lang='lat' dir='ltr'>Palam</span> <span class='ocrx_word' id='word_1_724' title='bbox 3133 4502 3252 4557; x_wconf 83' lang='lat' dir='ltr'>haec</span> <span class='ocrx_word' id='word_1_725' title='bbox 3283 4503 3540 4574; x_wconf 92' lang='lat' dir='ltr'>produnt</span> <span class='ocrx_word' id='word_1_726' title='bbox 3589 4520 3700 4561; x_wconf 87' lang='lat' dir='ltr'>non</span> 
     </span>
    </p>
   </div>
   <div class='ocr_carea' id='block_1_106' title="bbox 2047 4591 3700 4664">
    <p class='ocr_par' dir='ltr' id='par_1_106' title="bbox 2047 4591 3700 4664">
     <span class='ocr_line' id='line_1_106' title="bbox 2047 4591 3700 4664; baseline 0.001 -15"><span class='ocrx_word' id='word_1_727' title='bbox 2047 4593 2118 4649; x_wconf 89' lang='lat' dir='ltr'>ab</span> <span class='ocrx_word' id='word_1_728' title='bbox 2152 4591 2343 4648; x_wconf 89' lang='lat' dir='ltr'>aliena</span> <span class='ocrx_word' id='word_1_729' title='bbox 2374 4609 2573 4658; x_wconf 89' lang='lat' dir='ltr'>manu,</span> <span class='ocrx_word' id='word_1_730' title='bbox 2608 4592 2709 4648; x_wconf 90' lang='lat' dir='ltr'>sed</span> <span class='ocrx_word' id='word_1_731' title='bbox 2742 4592 2813 4647; x_wconf 89' lang='lat' dir='ltr'>ab</span> <span class='ocrx_word' id='word_1_732' title='bbox 2845 4591 2972 4664; x_wconf 90' lang='lat' dir='ltr'>ipso</span> <span class='ocrx_word' id='word_1_733' title='bbox 3003 4595 3239 4648; x_wconf 88' lang='lat' dir='ltr'>auctore</span> <span class='ocrx_word' id='word_1_734' title='bbox 3277 4591 3420 4647; x_wconf 72' lang='lat' dir='ltr'>Vitae</span> <span class='ocrx_word' id='word_1_735' title='bbox 3475 4592 3700 4664; x_wconf 84' lang='lat' dir='ltr'>adjecta</span> 
     </span>
    </p>
   </div>
   <div class='ocr_carea' id='block_1_107' title="bbox 2049 4679 3696 4754">
    <p class='ocr_par' dir='ltr' id='par_1_107' title="bbox 2049 4679 3696 4754">
     <span class='ocr_line' id='line_1_107' title="bbox 2049 4679 3696 4754; baseline 0.002 -18"><span class='ocrx_word' id='word_1_736' title='bbox 2049 4681 2250 4754; x_wconf 87' lang='lat' dir='ltr'>fuisse,</span> <span class='ocrx_word' id='word_1_737' title='bbox 2287 4698 2411 4754; x_wconf 65' lang='lat' dir='ltr'>qua:</span> <span class='ocrx_word' id='word_1_738' title='bbox 2453 4681 2524 4736; x_wconf 84' lang='lat' dir='ltr'>ad</span> <span class='ocrx_word' id='word_1_739' title='bbox 2557 4679 2737 4736; x_wconf 91' lang='lat' dir='ltr'>situm</span> <span class='ocrx_word' id='word_1_740' title='bbox 2771 4679 3120 4738; x_wconf 89' lang='lat' dir='ltr'>Mutinensis</span> <span class='ocrx_word' id='word_1_741' title='bbox 3169 4680 3334 4736; x_wconf 91' lang='lat' dir='ltr'>urbis</span> <span class='ocrx_word' id='word_1_742' title='bbox 3383 4680 3696 4753; x_wconf 86' lang='lat' dir='ltr'>pertinent.</span> 
     </span>
    </p>
   </div>
   <div class='ocr_carea' id='block_1_108' title="bbox 2049 4759 3701 4842">
    <p class='ocr_par' dir='ltr' id='par_1_108' title="bbox 2049 4759 3701 4842">
     <span class='ocr_line' id='line_1_108' title="bbox 2049 4759 3701 4842; baseline 0.001 -17"><span class='ocrx_word' id='word_1_743' title='bbox 2049 4759 2313 4838; x_wconf 82' lang='lat' dir='ltr'>Quonam</span> <span class='ocrx_word' id='word_1_744' title='bbox 2344 4775 2540 4826; x_wconf 87' lang='lat' dir='ltr'>autem</span> <span class='ocrx_word' id='word_1_745' title='bbox 2573 4773 2836 4842; x_wconf 90' lang='lat' dir='ltr'>tempore</span> <span class='ocrx_word' id='word_1_746' title='bbox 2864 4769 3019 4825; x_wconf 91' lang='lat' dir='ltr'>idem</span> <span class='ocrx_word' id='word_1_747' title='bbox 3051 4774 3254 4826; x_wconf 88' lang='lat' dir='ltr'>auctor</span> <span class='ocrx_word' id='word_1_748' title='bbox 3283 4769 3570 4840; x_wconf 86' lang='lat' dir='ltr'>ﬂoruerit,</span> <span class='ocrx_word' id='word_1_749' title='bbox 3594 4769 3701 4827; x_wconf 88' lang='lat' dir='ltr'>evi-</span> 
     </span>
    </p>
   </div>
   <div class='ocr_carea' id='block_1_109' title="bbox 2048 4855 3698 4930">
    <p class='ocr_par' dir='ltr' id='par_1_109' title="bbox 2048 4855 3698 4930">
     <span class='ocr_line' id='line_1_109' title="bbox 2048 4855 3698 4930; baseline 0.001 -17"><span class='ocrx_word' id='word_1_750' title='bbox 2048 4857 2392 4914; x_wconf 78' lang='lat' dir='ltr'>dentissima</span> <span class='ocrx_word' id='word_1_751' title='bbox 2438 4872 2507 4912; x_wconf 83' lang='lat' dir='ltr'>ex</span> <span class='ocrx_word' id='word_1_752' title='bbox 2554 4855 2684 4912; x_wconf 88' lang='lat' dir='ltr'>aliis</span> <span class='ocrx_word' id='word_1_753' title='bbox 2734 4857 2862 4928; x_wconf 90' lang='lat' dir='ltr'>ejus</span> <span class='ocrx_word' id='word_1_754' title='bbox 2909 4855 3101 4913; x_wconf 86' lang='lat' dir='ltr'>verbis</span> <span class='ocrx_word' id='word_1_755' title='bbox 3132 4857 3446 4930; x_wconf 90' lang='lat' dir='ltr'>colligitur,</span> <span class='ocrx_word' id='word_1_756' title='bbox 3477 4856 3581 4912; x_wconf 91' lang='lat' dir='ltr'>ubi</span> <span class='ocrx_word' id='word_1_757' title='bbox 3631 4857 3698 4914; x_wconf 91' lang='lat' dir='ltr'>de</span> 
     </span>
    </p>
   </div>
   <div class='ocr_carea' id='block_1_110' title="bbox 2046 4946 3698 5017">
    <p class='ocr_par' dir='ltr' id='par_1_110' title="bbox 2046 4946 3698 5017">
     <span class='ocr_line' id='line_1_110' title="bbox 2046 4946 3698 5017; baseline 0.002 -17"><span class='ocrx_word' id='word_1_758' title='bbox 2046 4947 2434 5017; x_wconf 84' lang='lat' dir='ltr'>Hungarorum</span> <span class='ocrx_word' id='word_1_759' title='bbox 2466 4947 2772 5002; x_wconf 76' lang='lat' dir='ltr'>saevissima</span> <span class='ocrx_word' id='word_1_760' title='bbox 2818 4962 2882 5000; x_wconf 88' lang='lat' dir='ltr'>ac</span> <span class='ocrx_word' id='word_1_761' title='bbox 2924 4961 3066 5017; x_wconf 86' lang='lat' dir='ltr'>pene</span> <span class='ocrx_word' id='word_1_762' title='bbox 3113 4946 3366 5003; x_wconf 83' lang='lat' dir='ltr'>omnibus</span> <span class='ocrx_word' id='word_1_763' title='bbox 3411 4946 3698 5003; x_wconf 84' lang='lat' dir='ltr'>metuenda</span> 
     </span>
    </p>
   </div>
   <div class='ocr_carea' id='block_1_111' title="bbox 2045 5033 3695 5108">
    <p class='ocr_par' dir='ltr' id='par_1_111' title="bbox 2045 5033 3695 5108">
     <span class='ocr_line' id='line_1_111' title="bbox 2045 5033 3695 5108; baseline -0.001 -15"><span class='ocrx_word' id='word_1_764' title='bbox 2045 5044 2198 5108; x_wconf 87' lang='lat' dir='ltr'>gente</span> <span class='ocrx_word' id='word_1_765' title='bbox 2230 5035 2280 5090; x_wconf 92' lang='lat' dir='ltr'>is</span> <span class='ocrx_word' id='word_1_766' title='bbox 2310 5033 2587 5106; x_wconf 90' lang='lat' dir='ltr'>loquitur,</span> <span class='ocrx_word' id='word_1_767' title='bbox 2623 5051 2806 5105; x_wconf 86' lang='lat' dir='ltr'>quam,</span> <span class='ocrx_word' id='word_1_768' title='bbox 2846 5034 3061 5106; x_wconf 89' lang='lat' dir='ltr'>inquit,</span> <span class='ocrx_word' id='word_1_769' title='bbox 3109 5036 3171 5090; x_wconf 87' lang='lat' dir='ltr'>in</span> <span class='ocrx_word' id='word_1_770' title='bbox 3217 5035 3420 5091; x_wconf 79' lang='lat' dir='ltr'>nostris</span> <span class='ocrx_word' id='word_1_771' title='bbox 3461 5035 3695 5091; x_wconf 85' lang='lat' dir='ltr'>tribula-</span> 
     </span>
    </p>
   </div>
   <div class='ocr_carea' id='block_1_112' title="bbox 2047 5123 3696 5194">
    <p class='ocr_par' dir='ltr' id='par_1_112' title="bbox 2047 5123 3696 5194">
     <span class='ocr_line' id='line_1_112' title="bbox 2047 5123 3696 5194; baseline 0 -14"><span class='ocrx_word' id='word_1_772' title='bbox 2047 5126 2290 5181; x_wconf 76' lang='lat' dir='ltr'>tionibus</span> <span class='ocrx_word' id='word_1_773' title='bbox 2337 5132 2666 5194; x_wconf 86' lang='lat' dir='ltr'>compertam</span> <span class='ocrx_word' id='word_1_774' title='bbox 2711 5123 2987 5179; x_wconf 85' lang='lat' dir='ltr'>habemus.</span> <span class='ocrx_word' id='word_1_775' title='bbox 3021 5124 3240 5179; x_wconf 90' lang='lat' dir='ltr'>Deinde</span> <span class='ocrx_word' id='word_1_776' title='bbox 3269 5123 3494 5192; x_wconf 87' lang='lat' dir='ltr'>subdit,</span> <span class='ocrx_word' id='word_1_777' title='bbox 3537 5140 3636 5180; x_wconf 88' lang='lat' dir='ltr'>eos</span> <span class='ocrx_word' id='word_1_778' title='bbox 3661 5141 3696 5186; x_wconf 74' lang='grc' dir='ltr'>α</span> 
     </span>
    </p>
   </div>
   <div class='ocr_carea' id='block_1_113' title="bbox 2041 5211 3694 5288">
    <p class='ocr_par' dir='ltr' id='par_1_113' title="bbox 2041 5211 3694 5288">
     <span class='ocr_line' id='line_1_113' title="bbox 2041 5211 3694 5288; baseline -0.001 -19"><span class='ocrx_word' id='word_1_779' title='bbox 2041 5219 2201 5288; x_wconf 84' lang='lat' dir='ltr'>parte</span> <span class='ocrx_word' id='word_1_780' title='bbox 2227 5213 2544 5284; x_wconf 84' lang='lat' dir='ltr'>aquilonari</span> <span class='ocrx_word' id='word_1_781' title='bbox 2585 5212 2805 5266; x_wconf 88' lang='lat' dir='ltr'>Italiam</span> <span class='ocrx_word' id='word_1_782' title='bbox 2852 5213 3146 5283; x_wconf 80' lang='lat' dir='ltr'>ingressos,</span> <span class='ocrx_word' id='word_1_783' title='bbox 3195 5211 3561 5286; x_wconf 78' lang='lat' dir='ltr'>Forojuliensi</span> <span class='ocrx_word' id='word_1_784' title='bbox 3604 5230 3694 5270; x_wconf 77' lang='lat' dir='ltr'>ua-</span> 
     </span>
    </p>
   </div>
   <div class='ocr_carea' id='block_1_114' title="bbox 2043 5302 3696 5376">
    <p class='ocr_par' dir='ltr' id='par_1_114' title="bbox 2043 5302 3696 5376">
     <span class='ocr_line' id='line_1_114' title="bbox 2043 5302 3696 5376; baseline -0.001 -16"><span class='ocrx_word' id='word_1_785' title='bbox 2043 5307 2184 5360; x_wconf 85' lang='lat' dir='ltr'>stata</span> <span class='ocrx_word' id='word_1_786' title='bbox 2231 5302 2500 5368; x_wconf 85' lang='lat' dir='ltr'>marchia,</span> <span class='ocrx_word' id='word_1_787' title='bbox 2556 5303 2820 5358; x_wconf 81' lang='lat' dir='ltr'>Veronam</span> <span class='ocrx_word' id='word_1_788' title='bbox 2865 5318 3036 5374; x_wconf 82' lang='lat' dir='ltr'>usque</span> <span class='ocrx_word' id='word_1_789' title='bbox 3079 5302 3433 5376; x_wconf 79' lang='lat' dir='ltr'>transiliisse,</span> <span class='ocrx_word' id='word_1_790' title='bbox 3482 5311 3536 5359; x_wconf 86' lang='lat' dir='ltr'>et</span> <span class='ocrx_word' id='word_1_791' title='bbox 3576 5303 3696 5360; x_wconf 77' lang='lat' dir='ltr'>uni-</span> 
     </span>
    </p>
   </div>
   <div class='ocr_carea' id='block_1_115' title="bbox 2043 5389 3696 5464">
    <p class='ocr_par' dir='ltr' id='par_1_115' title="bbox 2043 5389 3696 5464">
     <span class='ocr_line' id='line_1_115' title="bbox 2043 5389 3696 5464; baseline 0.001 -16"><span class='ocrx_word' id='word_1_792' title='bbox 2043 5409 2256 5448; x_wconf 87' lang='lat' dir='ltr'>versam</span> <span class='ocrx_word' id='word_1_793' title='bbox 2315 5391 2594 5460; x_wconf 84' lang='lat' dir='ltr'>regionem</span> <span class='ocrx_word' id='word_1_794' title='bbox 2676 5389 3045 5462; x_wconf 82' lang='lat' dir='ltr'>depopulatos,</span> <span class='ocrx_word' id='word_1_795' title='bbox 3113 5396 3314 5449; x_wconf 84' lang='lat' dir='ltr'>cuncta</span> <span class='ocrx_word' id='word_1_796' title='bbox 3375 5391 3696 5464; x_wconf 79' lang='lat' dir='ltr'>ﬁrmissima</span> 
     </span>
    </p>
   </div>
   <div class='ocr_carea' id='block_1_116' title="bbox 2043 5479 3696 5554">
    <p class='ocr_par' dir='ltr' id='par_1_116' title="bbox 2043 5479 3696 5554">
     <span class='ocr_line' id='line_1_116' title="bbox 2043 5479 3696 5554; baseline 0.003 -17"><span class='ocrx_word' id='word_1_797' title='bbox 2043 5482 2268 5538; x_wconf 85' lang='lat' dir='ltr'>urbium</span> <span class='ocrx_word' id='word_1_798' title='bbox 2314 5479 2537 5546; x_wconf 66' lang='lat' dir='ltr'>moenia,</span> <span class='ocrx_word' id='word_1_799' title='bbox 2593 5482 2893 5554; x_wconf 86' lang='lat' dir='ltr'>cunctaque</span> <span class='ocrx_word' id='word_1_800' title='bbox 2934 5487 3177 5553; x_wconf 84' lang='lat' dir='ltr'>murata,</span> <span class='ocrx_word' id='word_1_801' title='bbox 3217 5482 3374 5541; x_wconf 85' lang='lat' dir='ltr'>nullo</span> <span class='ocrx_word' id='word_1_802' title='bbox 3417 5483 3696 5542; x_wconf 74' lang='lat' dir='ltr'>resistente</span> 
     </span>
    </p>
   </div>
   <div class='ocr_carea' id='block_1_117' title="bbox 2045 5565 3697 5645">
    <p class='ocr_par' dir='ltr' id='par_1_117' title="bbox 2045 5565 3697 5645">
     <span class='ocr_line' id='line_1_117' title="bbox 2045 5565 3697 5645; baseline 0.006 -20"><span class='ocrx_word' id='word_1_803' title='bbox 2045 5572 2307 5626; x_wconf 85' lang='lat' dir='ltr'>invasisse</span> <span class='ocrx_word' id='word_1_804' title='bbox 2333 5567 2552 5640; x_wconf 84' lang='lat' dir='ltr'>oppida.</span> <span class='ocrx_word' id='word_1_805' title='bbox 2585 5567 2848 5642; x_wconf 90' lang='lat' dir='ltr'>Denique</span> <span class='ocrx_word' id='word_1_806' title='bbox 2888 5565 3095 5630; x_wconf 82' lang='lat' dir='ltr'>scribit</span> <span class='ocrx_word' id='word_1_807' title='bbox 3142 5585 3158 5630; x_wconf 90' lang='lat'><strong>:</strong></span> <span class='ocrx_word' id='word_1_808' title='bbox 3197 5575 3388 5645; x_wconf 84' lang='lat' dir='ltr'>Itaque</span> <span class='ocrx_word' id='word_1_809' title='bbox 3427 5573 3550 5632; x_wconf 79' lang='lat' dir='ltr'>lues</span> <span class='ocrx_word' id='word_1_810' title='bbox 3599 5572 3697 5635; x_wconf 78' lang='lat' dir='ltr'>illa</span> 
     </span>
    </p>
   </div>
   <div class='ocr_carea' id='block_1_118' title="bbox 2045 5655 3698 5734">
    <p class='ocr_par' dir='ltr' id='par_1_118' title="bbox 2045 5655 3698 5734">
     <span class='ocr_line' id='line_1_118' title="bbox 2045 5655 3698 5734; baseline 0.004 -18"><span class='ocrx_word' id='word_1_811' title='bbox 2045 5660 2233 5734; x_wconf 84' lang='lat' dir='ltr'>(quam</span> <span class='ocrx_word' id='word_1_812' title='bbox 2270 5659 2482 5718; x_wconf 83' lang='lat' dir='ltr'>utinam</span> <span class='ocrx_word' id='word_1_813' title='bbox 2528 5660 2850 5733; x_wconf 76' lang='lat' dir='ltr'>nescimus!)</span> <span class='ocrx_word' id='word_1_814' title='bbox 2897 5676 3010 5721; x_wconf 88' lang='lat' dir='ltr'>non</span> <span class='ocrx_word' id='word_1_815' title='bbox 3053 5655 3174 5724; x_wconf 83' lang='lat' dir='ltr'>dico</span> <span class='ocrx_word' id='word_1_816' title='bbox 3219 5659 3565 5734; x_wconf 69' lang='lat' dir='ltr'>certaminis,</span> <span class='ocrx_word' id='word_1_817' title='bbox 3607 5659 3698 5722; x_wconf 70' lang='lat' dir='ltr'>sed</span> 
     </span>
    </p>
   </div>
  </div>
