3896 6216
181 334 310 403 769

1508 337 1873 402 BHYTHMI
1915 312 2295 404 VETERES.

3479 349 3600 416 ’ΠΟ

178 471 410 528 insoliti
463 472 702 543 funeris,
735 475 868 541 etc.,
901 471 1122 530 tandem
1163 473 1232 528 ad
1283 472 1582 528 Mutinense
1632 473 1842 529 devenit
1871 472 1927 540 Α
1957 471 2290 546 Hungariin
2317 473 2497 532 Italiae
2518 474 2715 533 sinum
2734 475 3050 545 irruerunt,
3073 480 3173 536 sed
3206 481 3545 540 muneribus
3568 501 3602 540 a

179 561 550 634 episcopium,
585 565 694 618 etc.

259 651 443 708 Nemo
505 667 622 708 non
676 651 832 708 videt
861 651 983 708 haec
1035 651 1251 724 scripta
1289 652 1470 709 fuisse
1502 653 1574 709 ab
1605 651 1842 708 homine

174 739 288 812 qui
321 757 436 796 non
469 743 704 797 tantum
728 741 972 809 viderat,
1008 742 1108 798 sed
1139 741 1316 798 etiam
1337 745 1610 816 expertus
1632 741 1840 810 fuerat,

175 835 410 900 quanta
466 829 628 886 rabie
685 829 914 887 Italiam
947 831 1274 899 dilaniaret,
1311 835 1414 887 aut
1443 847 1658 903 paucos
1711 833 1844 886 ante

175 935 374 974 annos
405 917 752 976 dilaniasset
781 920 1059 977 immanis
1092 921 1505 993 IIungarerum
1524 919 1845 992 pepulus,e

175 1007 425 1080 Scythia
453 1007 511 1062 in
565 1008 953 1076 Pannoniam,
985 1027 1162 1082 quam
1195 1009 1306 1065 sibi
1351 1009 1600 1080 subjecit
1651 1013 1841 1074 antea,

175 1097 297 1152 hoc
330 1099 421 1153 est
451 1096 682 1152 circiter
711 1115 936 1154 annum
970 1098 1187 1156 Christi
1217 1098 1323 1152 889
1350 1097 1616 1170 illapsus.
1650 1097 1846 1153 Prima

177 1201 393 1240 eorum
420 1185 731 1258 impressio
757 1186 817 1241 in
851 1186 1102 1254 Italiam,
1133 1190 1279 1243 teste
1309 1187 1641 1243 Hermanne
1696 1186 1841 1241 Cen-

177 1276 374 1330 tracto
395 1278 456 1330 et
475 1275 893 1332 Continuatore
920 1276 1232 1332 Annalium
1259 1275 1662 1344 Fuldensium,
1679 1275 1842 1332 aliis-

177 1379 320 1434 que,
340 1362 623 1437 illiganda
651 1364 882 1420 videtur
909 1382 1061 1420 anno
1091 1365 1212 1422 900.
1238 1365 1546 1421 Annalista
1574 1369 1740 1433 Saxo,
1770 1366 1842 1420 ab

177 1452 440 1508 Eccarde
499 1453 712 1520 editus,
743 1453 1099 1526 Reginonem
1131 1459 1389 1522 secutus,
1422 1459 1525 1509 aut
1553 1455 1842 1524 eamdem,

175 1546 288 1597 aut
307 1541 956 1616 alteramirruptionem
983 1543 1262 1599 describit
1275 1544 1347 1599 ad
1371 1560 1592 1599 annum
1613 1545 1711 1598 901
1750 1543 1844 1598 his

171 1630 378 1688 verbis
412 1649 426 1688 :
459 1633 898 1703 Langobardiam
946 1649 1155 1707 quoque
1193 1635 1446 1703 ingressi,
1483 1632 1718 1688 caulibus
1758 1635 1842 1687 in-

170 1721 381 1776 cendia
440 1723 712 1783 miscent;
770 1737 1000 1794 cumque
1051 1724 1248 1778 incolae
1303 1726 1470 1778 terrea
1535 1722 1847 1791 conglobati

171 1811 437 1866 resistere
463 1815 815 1877 conarentur,
844 1813 1082 1884 plurimi
1111 1813 1350 1882 episcopi
1379 1816 1431 1866 et
1471 1811 1688 1867 comites
1717 1828 1844 1865 cum
1874 1845 1922 1911 B

173 1900 582 1957 innumerabili
601 1902 887 1956 hominum
903 1901 1260 1956 multitudine
1292 1901 1619 1972 sagittarum
1650 1901 1844 1955 ictibus

175 1989 552 2046 trucidantur.
607 1989 954 2046 Liutwardus
1015 1991 1364 2045 l’ercellensis
1421 1991 1702 2060 episcopus
1755 2005 1844 2043 as-

172 2080 418 2150 sumptis
446 2079 720 2136 thesauris
747 2080 988 2150 fugiens,
1024 2079 1221 2134 incidit
1249 2095 1410 2150 super
1469 2093 1576 2144 eos,
1611 2093 1844 2150 moxque

171 2168 536 2237 interﬁcitur.
575 2169 656 2223 En
687 2185 1001 2240 quousque
1029 2184 1184 2224 anno
1215 2167 1314 2223 illo
1347 2171 1448 2221 aut
1491 2165 1840 2238 praecedenti

174 2257 508 2329 penetrarit
528 2256 889 2314 ferocissima
909 2273 1072 2329 gens.
1097 2256 1335 2312 Illorum
1368 2259 1564 2311 autem
1598 2254 1842 2327 irruptio

171 2345 248 2400 in
281 2345 672 2402 Mutinensem
699 2363 930 2420 agrum,
963 2350 1020 2402 et
1049 2346 1298 2404 vastatio
1331 2343 1694 2400 celeberrimi
1726 2344 1846 2398 Ne-

174 2435 494 2492 nantulani
518 2435 858 2493 monasterii
887 2453 986 2508 per
1005 2453 1103 2492 eos
1127 2435 1298 2503 facta,
1325 2434 1383 2490 in
1399 2434 1635 2490 eosdem
1659 2450 1844 2489 annos

177 2523 556 2595 conjicienda
585 2525 833 2592 videtur,
868 2529 935 2580 ut
965 2524 1180 2596 Pagius
1211 2527 1364 2580 recte
1414 2521 1663 2578 monuit.
1691 2522 1841 2577 Tum

181 2613 695 2685 subsequentibus
720 2613 892 2670 annis
923 2629 1070 2669 nova
1101 2613 1174 2668 ab
1203 2612 1278 2668 iis
1320 2609 1563 2666 vulnera
1621 2611 1843 2667 inflicta

173 2701 354 2758 fuere
393 2701 604 2771 Italiae;
641 2720 776 2758 nam
807 2707 940 2776 post
969 2702 1342 2775 proﬂigatum
1376 2700 1840 2757 Christianorum

177 2789 530 2859 exercitum,
579 2806 753 2862 quem
786 2792 845 2847 in
888 2809 986 2847 eos
1017 2791 1406 2864 Berengarius
1439 2791 1484 2859 Ι,
1517 2789 1690 2846 Italiae
1722 2807 1838 2858 rex,

177 2879 537 2944 adduxerat,
568 2895 678 2934 non
702 2888 821 2936 erat
844 2881 934 2951 (ut
956 2881 1350 2952 Liutprandus
1381 2879 1708 2935 Ticinensis
1731 2884 1844 2935 tra-

175 2969 280 3024 dit
309 2965 412 3020 lib.
448 2983 510 3035 Π,
543 2983 669 3039 cap.
702 2970 758 3038 6,
791 2967 1031 3038 Hister.)
1080 2971 1175 3038 qui
1232 2985 1420 3024 eorum
1464 2971 1839 3040 praesentiam,

173 3055 305 3111 nisi
333 3055 722 3110 munitissimis
750 3058 892 3127 forte
941 3058 1354 3128 pra'stolaretur
1391 3059 1450 3111 in
1493 3059 1640 3112 locis.
1674 3059 1842 3114 Teste

179 3143 397 3201 eodem
431 3143 814 3216 Liutprando,
850 3161 964 3216 quo
994 3162 1146 3200 anno
1197 3144 1522 3200 Ludovicus
1551 3143 1624 3200 III
1655 3143 1839 3216 impe-

1951 562 2308 640 Berengariq
2324 564 2679 636 marchione,
2695 570 2903 640 postea
2930 583 3084 642 rege,
3118 568 3329 642 placati
3361 572 3598 630 absces-

1951 668 2100 707 sere.
2115 651 2401 710 Baronius
2419 659 2476 710 et
2499 655 2712 731 Pagius
2733 661 2930 714 aetum
2945 657 3054 714 hoc
3077 675 3228 715 anno
3241 659 3346 716 949
3367 665 3596 733 putant.

1957 740 2068 796 Sed
2124 741 2233 798 hoc
2263 747 2433 800 antea
2491 744 2810 818 contigisse
2835 763 2904 804 ex
2934 747 3288 819 Liutprando
3319 749 3598 806 historice

1954 830 2198 886 fortasse
2232 831 2490 906 colligas.
2523 834 2786 908 Denique
2829 837 3198 893 Frodeardus
3230 837 3290 893 in
3317 837 3600 896 Chronico

1953 919 2024 973 ad
2057 935 2151 974 an.
2183 921 2282 976 951
2322 923 2502 978 tradit
2532 923 2840 998 llungaros
2866 942 2934 981 ea:
2963 927 3129 981 Italia
3160 928 3220 980 in
3250 927 3602 998 Aquitaniam

1954 1007 2136 1064 fuisse
2153 1026 2517 1082 progressos.
2541 1014 2830 1070 Fortassis
2861 1017 2917 1070 et
2947 1031 3099 1070 anno
3121 1016 3226 1071 954
3243 1015 3550 1089 Hungares
3570 1032 3602 1072 θ

1953 1095 2140 1152 Gallia
2169 1098 2460 1171 fugientes
2494 1101 2658 1157 Italia
2694 1102 2872 1170 vidit;
2909 1109 2968 1158 at
3018 1103 3170 1159 ultra
3199 1120 3314 1159 non
3351 1104 3601 1178 legimus

1952 1184 2415 1244 immitissimam
2447 1195 2679 1262 gentem
2703 1191 2986 1263 irrupisse
3009 1193 3066 1247 in
3091 1192 3262 1248 hasce
3280 1193 3545 1266 regiones
3582 1210 3595 1249 :

1953 1290 2082 1330 eam
2117 1276 2332 1349 quippe
2363 1277 2629 1335 bellicosi
2667 1279 3093 1338 Germanorum
3150 1281 3372 1354 populi,
3397 1281 3600 1338 multis

1953 1363 2210 1420 caedibus
2244 1364 2444 1437 illatis,
2479 1384 2605 1422 sese
2651 1368 2804 1424 intra
2853 1368 3068 1426 limites
3111 1387 3252 1426 suos
3301 1370 3600 1427 continere

1953 1454 2191 1508 tandem
2226 1455 2481 1510 edocuit.
2527 1457 2670 1511 Tota
2699 1474 2835 1529 ergo
2866 1459 3138 1530 periodus
3181 1476 3596 1528 aerumnarum,

1954 1558 2100 1612 quas
2123 1541 2195 1597 ab
2227 1543 2514 1615 llungaris
2546 1543 2713 1600 Italia
2745 1547 3046 1614 sustinuit,
3081 1547 3232 1602 inter
3262 1548 3602 1602 annum900

1953 1634 2009 1686 et
2023 1629 2130 1685 950
2161 1647 2358 1687 revera
2381 1632 2773 1689 concluditur.
2794 1637 2936 1692 Cum
2960 1651 3094 1707 ergo
3118 1634 3479 1707 exploratum
3503 1636 3599 1704 sit,

1955 1722 2018 1773 ut
2040 1737 2218 1791 supra
2241 1721 2516 1791 vidimus,
2533 1723 2876 1795 scriptorem
2899 1723 3042 1779 Vitae
3066 1723 3256 1780 sancti
3271 1723 3602 1780 Geminiani

1955 1809 2159 1864 eadem
2191 1808 2322 1882 ipsa
2354 1815 2701 1883 tempestate
2747 1812 3036 1882 floruisse,
3063 1817 3196 1886 peto
3225 1829 3330 1886 ego
3359 1831 3434 1870 an
3466 1830 3602 1870 cen-

1955 1913 2104 1952 surae
2162 1896 2335 1954 alicui
2379 1899 2554 1970 justas
2618 1899 2780 1956 locus
2813 1901 3008 1970 tuerit,
3043 1903 3198 1974 quod
3241 1903 3598 1975 scripserim,

1955 1991 2253 2043 auctorem
2272 1987 2430 2044 illius
2451 2005 2712 2044 cmcrrm
2734 2008 2944 2046 annum
2971 1991 3293 2048 Christi910
3306 1991 3604 2049 ﬂoruisse?

1952 2075 2024 2129 At
2063 2075 2256 2147 inquit
2284 2076 2509 2132 amicus
2539 2079 2804 2135 Mal'l‘eius
2840 2097 2852 2135 :
2883 2097 2994 2136 non
3050 2081 3285 2137 ostendit
3313 2083 3362 2137 is
3390 2085 3602 2150 auctor,

1952 2180 2008 2217 se
2040 2166 2260 2235 vixisse,
2287 2183 2410 2221 cum
2441 2170 2688 2239 Hungari
2727 2187 2872 2225 anno
2901 2170 3008 2224 900
3035 2174 3130 2225 aut
3157 2171 3264 2226 902
3291 2173 3602 2242 impressio-

1954 2269 2077 2307 nem
2113 2255 2170 2307 in
2202 2255 2528 2310 Mutinenses
2556 2261 2748 2326 fecere,
2777 2257 2868 2312 sed
2899 2258 3117 2329 quidem
3163 2261 3406 2330 fervente
3432 2277 3547 2315 una
3573 2276 3603 2316 e

1953 2342 2179 2410 reliquis
2237 2346 2647 2401 incursionibus
2693 2348 2762 2400 ab
2817 2363 2882 2402 ea
2937 2351 3096 2416 gente
3145 2349 3330 2417 factis.
3365 2349 3431 2402 Et
3459 2347 3601 2420 quid

1952 2431 2109 2486 tum?
2123 2433 2323 2488 Nonne
2340 2433 2749 2490 satismihiest
2765 2434 2815 2490 si
2832 2435 2882 2490 is
2917 2435 3058 2490 vixit
3079 2435 3219 2491 dum
3250 2436 3512 2510 Hungari
3541 2436 3601 2492 in

1951 2518 2181 2575 Italiam
2206 2520 2470 2594 palantes
2484 2523 2872 2579 excursabant
2887 2523 2914 2578 ‘l
2933 2523 3044 2579 Sed
3067 2541 3171 2580 cur
3183 2523 3374 2582 vivere
3403 2525 3453 2582 is
3484 2541 3600 2581 non

1951 2608 2125 2664 etiam
2141 2613 2314 2665 antea
2335 2610 2562 2684 potuit?
2585 2611 2950 2683 Conjecturis
2967 2612 3061 2668 hic
3082 2617 3328 2686 uterque
3344 2615 3598 2688 agimus.

1951 2697 2155 2770 Neget,
2182 2697 2300 2766 ille,
2325 2699 2376 2754 si
2407 2700 2560 2770 potis
2590 2705 2680 2756 est
2711 2699 2972 2772 potuisse
3002 2702 3204 2759 florere
3251 2703 3598 2776 scriptorem

1948 2784 2117 2841 illum
2151 2785 2238 2842 vel
2263 2787 2391 2859 ipso
2415 2805 2569 2844 anno
2601 2788 2726 2844 900.
2746 2789 2804 2844 Si
2831 2789 3115 2846 accidisse
3137 2791 3194 2846 id
3217 2792 3427 2864 potuit,
3455 2791 3600 2849 satis

1950 2873 2094 2929 illud
2127 2875 2272 2930 mihi
2305 2880 2414 2944 est,
2435 2893 2542 2933 nec
2571 2880 2660 2933 est
2685 2894 2789 2933 cur
2819 2893 2958 2934 meae
2999 2881 3396 2950 conjecturam
3427 2897 3598 2938 suam

1951 2963 2216 3020 Malfeius
2247 2966 2548 3022 anteferat.
2581 2968 2659 3021 Ac
2699 2965 2988 3038 praecipue
3035 2983 3170 3024 cum
3228 2968 3599 3026 clarissimus

1950 3051 2268 3109 Bollandus
2301 3054 2373 3109 ad
2400 3071 2472 3110 ea
2525 3055 2700 3110 verba
2751 3072 2917 3126 quam
2963 3058 3019 3112 in
3051 3059 3254 3113 nostris
3287 3059 3598 3114 tribulatio-

1948 3142 2113 3197 nibus
2168 3143 2604 3199 crudelissimam
2651 3147 2864 3216 experti
2917 3161 3107 3200 sumus
3138 3146 3243 3216 (ita
3289 3147 3446 3202 enim
3500 3147 3599 3202 ille

185 3237 352 3289 rater
381 3251 414 3288 a
440 3215 791 3306 Berengario
843 3215 1048 3306 captus
1107 3236 1396 3289 temeratae
1457 3233 1588 3287 fidei
1640 3215 1840 3305 poenas
1869 3215 1912 3281 C
1954 3231 2264 3286 Bedecensi
2321 3233 2516 3288 codice
2574 3215 2732 3288 usus,
2775 3249 2910 3288 eum
2952 3232 3119 3288 aliter
3147 3233 3342 3290 locum
3374 3235 3598 3307 recitat)

184 3321 368 3390 dedit,
403 3321 514 3376 hoc
572 3325 680 3390 est,
705 3327 808 3378 aut
839 3339 992 3377 anno
1021 3324 1149 3388 902,
1184 3327 1285 3376 aut
1344 3322 1558 3389 serius,
1593 3327 1658 3377 ut
1701 3322 1839 3378 alibi

184 3410 462 3478 ostendit,
487 3406 885 3482 Hungarorum
903 3413 1084 3466 rabies
1103 3416 1270 3467 totam
1289 3427 1389 3482 per
1419 3412 1638 3466 Italiam
1667 3413 1844 3468 nullis

180 3501 560 3556 resistentibus
589 3499 878 3556 dilatatur.
901 3501 1229 3556 Richardus
1249 3499 1670 3568 Cluniacensis,
1687 3506 1745 3556 et
1776 3517 1844 3557 ex

183 3605 252 3644 eo
269 3587 593 3656 Bonﬁnius,
607 3589 1182 3662 tradunt,H'ungaros
1195 3588 1402 3644 exinde
1417 3590 1534 3646 fere
1551 3593 1845 3662 quotannis

184 3675 510 3750 populandi
531 3693 709 3734 causa
715 3718 736 3746 ,
759 3682 823 3733 ut
838 3678 1121 3750 quidquid
1141 3679 1840 3748 remanserateraderent,

185 3768 458 3837 repetere.
507 3764 735 3822 Italiam
803 3767 1199 3822 censuevisse.
1245 3767 1412 3822 Anno
1467 3767 1682 3824 Christi
1734 3769 1843 3824 905

185 3853 466 3926 Sigonius
491 3853 696 3910 scribit
711 3855 989 3912 barbaros
1001 3856 1239 3912 eosdem
1258 3871 1456 3913 novam
1467 3857 1840 3915 incursionem

184 3941 419 4000 fecisse.
453 3943 603 3999 Tum
655 3961 808 4000 anno
865 3945 964 4000 921
1009 3950 1066 4002 et
1095 3947 1475 4019 subsequenti
1506 3963 1576 4002 ex
1633 3963 1836 4004 eorum

184 4031 402 4106 gladiis
433 4036 492 4088 et
511 4033 744 4106 sagittis
764 4033 932 4090 Italia
961 4037 1248 4109 sanguine
1283 4035 1698 4094 maduit.Anno
1731 4056 1836 4096 au-

177 4124 299 4177 tem
327 4121 437 4176 925
465 4123 608 4178 adeo
637 4121 876 4179 illorum
907 4125 1169 4196 petentia
1198 4141 1263 4180 ac
1311 4125 1504 4182 rabies
1553 4129 1610 4182 et
1639 4132 1830 4198 aucta,

177 4214 246 4267 ut
258 4209 776 4284 praselarissimam
804 4212 966 4285 regni
990 4213 1189 4268 sedem
1209 4211 1476 4270 Ticinum
1499 4216 1574 4272 ad
1591 4217 1834 4274 deditio-

175 4315 314 4356 nem
345 4299 738 4373 compulerint
767 4305 826 4357 et
850 4301 1120 4357 incendio
1152 4301 1613 4375 absumpserint.
1650 4304 1829 4362 Iidem

175 4391 395 4448 an.937
409 4389 838 4458 Alamanniam,
856 4391 1102 4448 Galliam
1125 4396 1182 4448 et
1203 4391 1606 4464 Burgundiam
1635 4411 1832 4466 perva-

171 4480 316 4553 gati,
347 4495 447 4552 per
473 4481 695 4536 Italiam
750 4481 821 4536 ad
868 4498 976 4537 sua
1033 4498 1212 4554 regna
1262 4481 1580 4538 redierunt.
1615 4485 1831 4540 Auctor

1955 3318 2104 3374 hanc
2129 3324 2327 3376 notam
2349 3321 2720 3392 apposuerit:
2757 3323 2884 3378 Haec
2907 3337 3018 3378 esse
3046 3322 3262 3378 videtur
3317 3323 3599 3393 (fungare.

1952 3424 2078 3462 rum
2135 3410 2398 3472 incursio,
2432 3425 2598 3480 quam
2644 3413 2912 3464 memorat
2966 3411 3339 3482 Liutprandus
3395 3413 3594 3470 Hister.

1954 3497 2048 3551 lib.
2082 3514 2142 3564 Il,
2173 3513 2290 3569 cap.
2326 3499 2378 3566 4,
2401 3499 2456 3565 5,
2491 3498 2546 3568 6,
2568 3499 2669 3554 sub
2699 3499 2925 3554 initium
2951 3500 3148 3556 saeculi
3168 3498 3385 3555 decimi.
3401 3501 3596 3572 quue

1953 3585 2142 3658 magis
2175 3586 2234 3641 id
2265 3585 2412 3642 mihi
2441 3585 2610 3642 licuit
2639 3585 2913 3659 scribere,
2955 3587 3432 3660 quandoquidem
3479 3606 3596 3648 non

1951 3675 2023 3730 ad
2056 3691 2278 3730 annum
2307 3675 2414 3730 900
2443 3675 2666 3748 cenjeci
2698 3676 2978 3748 scriptam
3019 3677 3208 3732 sancti
3265 3677 3595 3736 Geminiani

1950 3761 2163 3830 Vitam,
2200 3765 2303 3820 sed
2325 3764 2562 3836 quidem
2594 3765 2665 3820 ad
2689 3781 2899 3822 annum
2917 3766 3062 3834 910;
3094 3781 3269 3838 quem
3317 3769 3597 3838 praeterea

1947 3869 2020 3908 ne
2051 3857 2206 3909 certe
2245 3854 2486 3926 quidem
2536 3853 2879 3928 designavit,
2902 3871 3036 3910 nam
3081 3855 3280 3912 addidi
3309 3871 3590 3929 CIRGITER,

1946 3941 2145 3998 lectori
2177 3959 2243 3998 ea
2271 3943 2510 4023 ratione.
2527 3943 2781 4002 innuens
2813 3943 3002 4001 serius
3019 3943 3195 4001 etiam
3217 3945 3397 4002 statui
3419 3963 3594 4019 posse

1945 4033 2247 4104 scriptoris
2275 4037 2529 4090 aetatem.
2563 4034 2673 4090 Sed
2707 4049 2834 4106 ego,
2867 4033 2918 4090 si
2945 4033 3118 4106 plura
3159 4034 3458 4106 adderem,
3491 4053 3592 4094 ue-

1945 4137 2058 4194 que
2116 4122 2419 4194 temporis,
2453 4139 2647 4195 neque
2704 4121 2908 4180 alienae
2937 4122 3231 4196 patientiae
3262 4140 3358 4180 me
3387 4140 3590 4182 curam

1941 4210 2154 4268 habere
2183 4213 2513 4284 proderent.
2551 4213 2696 4285 Ergo
2729 4213 2918 4269 satius
2935 4216 3022 4270 est
3051 4213 3449 4286 interruptum
3480 4213 3590 4270 iter

1940 4303 2218 4374 repetere.

2011 4390 2086 4446 Ut
2114 4394 2309 4446 autem
2339 4390 2696 4448 luculentius
2725 4394 2922 4464 pateat
2966 4389 3322 4463 imperitiam
3371 4391 3585 4448 veteris

1938 4478 2238 4552 scripturae
2287 4481 2688 4555 Campagnolze
2727 4497 2908 4554 supra
2963 4483 3282 4538 memorato
3341 4478 3585 4537 minime

172 4583 411 4642 quoque
427 4571 520 4626 est
539 4571 738 4642 Lupus
759 4570 1099 4642 Pretospata
1127 4587 1226 4627 eos
1257 4587 1408 4628 anno
1439 4571 1563 4627 920.
1599 4571 1826 4629 Italiam
1857 4585 1906 4650 Β
1939 4569 2326 4640 ebjiciendam
2347 4571 2548 4639 fuisse,
2565 4575 2740 4643 atque
2760 4571 2821 4626 in
2833 4575 3055 4628 veteres
3073 4573 3342 4626 auctores
3364 4567 3583 4627 Latinas

170 4674 434 4725 vexasse,
455 4664 581 4714 tum
603 4675 696 4714 an.
711 4659 836 4728 936,
853 4660 959 4714 940
979 4664 1036 4716 et
1055 4661 1161 4715 947
1177 4659 1234 4714 in
1259 4659 1530 4732 Apuliam
1561 4661 1822 4732 irruisse,

170 4750 433 4821 Capuam
449 4749 774 4820 ebsedisse,
795 4765 862 4806 ac
887 4750 1197 4807 innumera
1228 4749 1299 4806 iis
1318 4749 1655 4822 regionibus
1670 4751 1823 4808 intu-

170 4836 314 4894 lisse
345 4837 520 4894 mala.
555 4839 812 4896 Habetur
843 4839 1022 4896 etiam
1056 4843 1193 4896 nota
1225 4838 1568 4912 marginalia
1621 4840 1678 4895 in
1712 4857 1822 4896 ms.

171 4927 371 4983 codice
399 4926 764 4984 bibliothecae
798 4927 1217 4986 Casanatensis‘
1241 4929 1456 4995 Romae,
1477 4927 1577 4984 ubi
1610 4927 1827 5002 legitur

171 5015 381 5087 Cyelus
403 5015 702 5074 Paschalis
733 5017 992 5090 Dionysii
1015 5017 1238 5090 Exigui,
1274 5017 1434 5073 hisce
1463 5018 1655 5074 verbis
1687 5035 1821 5076 cen-

172 5110 339 5178 cepta
371 5123 385 5162 :
418 5108 528 5162 Hoc
553 5123 701 5163 anno
731 5107 811 5180 (id
843 5113 940 5164 est
959 5126 1112 5164 anno
1145 5107 1357 5163 Christi
1399 5107 1526 5180 922)
1557 5115 1824 5166 venerunt

174 5197 422 5269 Hungari
477 5199 534 5252 in
575 5197 829 5269 Apuliam
887 5202 1080 5269 quarto
1129 5198 1218 5254 die
1245 5200 1422 5254 stante
1475 5201 1679 5255 mensis
1725 5201 1821 5255 Fe-

174 5286 412 5343 bruarii.
434 5286 547 5342 Sed
569 5285 765 5343 clades
781 5287 1070 5357 ejusmodi
1094 5285 1242 5343 nihil
1259 5288 1331 5343 ad
1358 5289 1820 5361 Langobardiam

169 5381 434 5448 spectare
489 5375 782 5442 videntur,
815 5393 948 5432 cum
1007 5394 1123 5433 non
1172 5376 1434 5432 terrestri
1467 5376 1689 5444 itinere,
1720 5379 1820 5436 sed

167 5465 397 5538 navigio
419 5465 686 5522 adhibito
711 5465 849 5521 illuc
866 5465 1124 5538 Hungari
1148 5468 1484 5538 penetrasse
1500 5467 1815 5539 potuerint.

173 5553 310 5614 Post
339 5559 591 5614 mortem
651 5571 886 5630 quoque
942 5553 1206 5628 Hugenis
1235 5553 1412 5611 Italia:
1453 5555 1608 5628 regis
1638 5555 1818 5612 iidem

1934 4657 2146 4732 linguae
2202 4677 2409 4732 parum
2460 4677 2694 4733 gnaros,
2726 4666 2784 4716 et
2821 4660 2881 4716 in
2936 4659 3208 4716 librarios
3261 4657 3582 4716 fcedissime

1935 4748 2309 4820 cespitantes,
2338 4750 2682 4820 rejiciendes
2700 4766 2828 4805 esse
2849 4765 3077 4806 errores
3099 4747 3317 4820 quibus
3338 4747 3582 4821 antiqua

1935 4836 2218 4908 opuscula
2260 4842 2502 4906 scatent,
2520 4839 2688 4909 juvat
2713 4835 2806 4892 hic
2828 4835 3079 4908 adjicere
3101 4833 3350 4892 alterum
3377 4835 3580 4908 rhyth-

1935 4943 2099 4981 mum
2131 4926 2396 4996 ejusdem
2428 4925 2617 4992 metri,
2638 4941 2943 4998 nunquam
2961 4925 3579 5000 anteaeditum,atque

1933 5019 2268 5088 excerptum
2300 5033 2368 5071 ex
2411 5015 2814 5072 vetustissimo
2865 5015 3060 5070 codice
3115 5014 3431 5072 Veronensi
3477 5031 3580 5089 per

1931 5104 2389 5178 Campaguolam
2419 5105 2716 5161 eumdem.
2751 5103 2992 5161 Nullum
3025 5121 3131 5178 ego
3155 5105 3290 5162 inde
3341 5105 3574 5172 vitium,

1932 5210 2272 5268 quanquam
2305 5194 2362 5249 in
2397 5193 2597 5252 oculos
2628 5193 2815 5250 multa
2843 5193 3164 5266 incurrant,
3199 5192 3435 5250 sustuli.
3459 5193 3578 5248 Pri-

1931 5300 2038 5340 mae
2057 5283 2429 5357 stropharum
2443 5283 2645 5340 littera;
2664 5283 3031 5342 acrestichen
3052 5283 3347 5349 exhibent,
3365 5295 3575 5356 nempe

1931 5374 2406 5446 GAIDHADLUS,
2441 5375 2540 5448 qui
2598 5375 2890 5448 parochus
2936 5371 3256 5430 Veronensi
3310 5370 3371 5426 in
3431 5368 3576 5426 urbe

1930 5464 2110 5522 fuisse
2131 5465 2383 5536 videtur,
2416 5470 2591 5538 atque
2621 5465 2810 5538 ipsius
2839 5461 3098 5539 rhythmi
3120 5463 3323 5520 auctor
3353 5476 3369 5519 :

915 5652 1122 5712 Gracia
1149 5649 1374 5710 excelsa
1403 5651 1544 5729 Regi
1575 5654 1897 5714 referamus
1925 5653 2165 5730 pariter,

986 5741 1096 5816 Qui
1125 5757 1235 5800 nos
1259 5741 1321 5801 in
1349 5757 1534 5802 unum
1565 5746 1956 5823 congregavit,
1983 5750 2042 5808 te
2067 5743 2404 5817 laudamus,
2439 5739 2702 5818 Domine,
