3896 6216
298 398 410 466 771

1031 401 1225 467 S/EC.
1268 401 1348 464 XI
1390 401 1622 466 AUCT.
1668 400 1983 464 INCERTI
2025 401 2215 464 ANNI
2259 403 2359 464 ET
2405 403 2704 467 SCRIPT.
2752 414 2976 464 ’AAEEII.

3594 403 3724 469 772
3744 391 3750 395 ’

1115 537 1188 593 Ut
1217 535 1515 610 possimus
1544 533 1798 591 invenire
1830 534 2091 606 requiem
2122 535 2181 590 in
2215 536 2498 594 seculum.

1041 626 1125 682 Ad
1147 625 1264 682 alta
1292 626 1428 682 sede
1450 623 1815 697 postulemus
1846 640 2078 680 summo
2109 625 2207 680 Dei
2231 625 2395 695 Filio,

1115 715 1186 770 Ut
1214 732 1320 771 suo
1351 713 1579 770 mittere
1606 712 1879 785 dignetur
1910 713 2182 786 angelum
2222 715 2596 788 perspicuum

1114 805 1199 859 Ad
1233 802 1686 876 expugnandum
1720 801 2124 875 expellendum
2158 803 2343 860 hostis
2374 805 2849 878 antiquissimus.

1049 892 1288 949 Invidus
1316 890 1413 947 ille
1435 893 1751 964 temptator
1779 890 1958 948 fallax
1987 894 2161 964 atque
2192 892 2457 965 perditus

1120 981 1366 1053 Semper
1395 978 1556 1052 cupit
1575 979 1911 1036 discordare
1934 980 2354 1038 concordantes
2384 982 2687 1040 fratribus.

1116 1068 1190 1124 Ut
1212 1068 1400 1140 possit
1429 1067 1680 1140 gratiam
1706 1067 1916 1124 mereri
1946 1073 2080 1126 ante
2109 1086 2363 1142 nequam
2393 1070 2743 1145 Principem.

1034 1156 1321 1215 Dominus
1342 1161 1521 1229 atque
1550 1156 1831 1225 Salvator,
1864 1159 2021 1229 quod
2055 1176 2230 1215 suum
2256 1160 2503 1217 redemit
2527 1161 2898 1236 sanguinem,

1113 1246 1176 1302 In
1208 1262 1317 1302 sua
1347 1262 1580 1317 semper
1605 1248 1890 1317 potestate
1912 1263 2205 1304 reservare
2237 1248 2487 1318 animas,

1107 1335 1182 1391 Ut
1211 1352 1317 1391 nec
1345 1350 1502 1390 unus
1532 1338 1743 1407 praeter
1769 1351 1905 1392 eum
1936 1338 2285 1408 potestatem
2316 1336 2549 1395 habeat.

1037 1425 1233 1481 Honor
1261 1421 1346 1479 illi
1377 1426 1436 1479 et
1465 1427 1725 1495 potestas
1750 1422 1810 1478 in
1836 1414 2116 1481 aeternum
2146 1432 2469 1497 permanet,

1112 1513 1222 1580 Qui
1255 1529 1363 1568 nos
1392 1512 1689 1568 Pastorem
1718 1529 1897 1585 super
1923 1528 2159 1586 gregem
2189 1531 2392 1571 vocare
2423 1516 2701 1590 dignatus
2731 1519 2841 1586 est,

1108 1602 1182 1658 Ut
1210 1602 1402 1658 salvas
1424 1617 1557 1658 oves
1589 1600 2003 1675 consignemus
2035 1607 2168 1659 ante
2198 1604 2328 1675 ejus
2353 1604 2572 1674 oculos,

1039 1690 1246 1747 Almus
1275 1690 1372 1746 ille
1403 1688 1732 1763 speculator
1761 1691 2033 1747 sacerdos
2064 1692 2122 1747 in
2154 1693 2368 1765 populo
2895 1760 2899 1763 η

1107 1782 1348 1852 Semper
1377 1780 1590 1847 adstat,
1623 1779 1996 1853 superadstat
2025 1798 2203 1853 supra
2232 1798 2488 1855 gregem,
2522 1787 2746 1856 pugnat
2774 1784 2977 1840 contra
3008 1783 3243 1857 impios,

1109 1870 1184 1927 Ut
1215 1886 1323 1926 nec
1349 1886 1465 1925 una
1491 1868 1680 1942 possit
1708 1886 1842 1926 oves
1875 1886 2078 1942 rapere
2109 1871 2180 1927 de
2201 1872 2495 1945 gregibus.

1035 1960 1243 2018 Divina
1271 1957 1514 2031 Templa
1533 1962 1807 2014 coeuntes
1838 1958 2206 2030 suspiremus
2233 1961 2469 2032 pariter,

1105 2048 1460 2124 Populorum
1491 2047 1651 2122 gregi
1682 2048 2055 2105 obsecrantes
2086 2066 2188 2122 pro
2220 2053 2420 2106 nostra
2450 2050 2729 2121 facinora,

1104 2138 1178 2195 Ut
1205 2138 1331 2211 ipse
1360 2136 1493 2209 pius
1524 2136 1832 2193 Miserator
1851 2136 2027 2193 donet
2056 2137 2483 2211 indulgentiam

1037 2227 1244 2284 Libare
1265 2226 1382 2282 Deo
1413 2225 1759 2282 studeamus
1788 2224 2043 2281 hostiam
2074 2242 2177 2298 pro
2202 2227 2501 2297 fratribus,

1104 2317 1176 2373 Ut
1195 2318 1333 2372 ante
1360 2330 1497 2372 eum
1528 2318 1826 2371 mereatur
1846 2318 2076 2387 portare
2106 2316 2461 2389 manipulos,

1100 2407 1287 2476 Atque
1316 2404 1388 2459 de
1415 2402 1705 2459 talentum
1733 2402 1963 2458 lucrum
1995 2404 2411 2477 consignemus
2440 2407 2762 2479 geminum.

1030 2490 1359 2566 Vigilemus
1391 2495 1450 2547 et
1479 2507 1715 2547 oremus
1746 2492 2153 2564 unusquisque
2181 2509 2287 2565 pro
2318 2493 2454 2563 alio,

1101 2582 1173 2637 Ut
1201 2580 1498 2654 possimus
1527 2579 1786 2637 invenire
1816 2581 2078 2652 requiem
2108 2580 2169 2637 in
2200 2582 2486 2650 seculum,

1101 2673 1289 2743 Atque
1319 2669 1499 2726 vitam
1528 2668 1846 2740 possidere,
1881 2686 2059 2742 quam
2089 2671 2251 2728 misit
2274 2671 2582 2729 Dominus.

1030 2760 1276 2817 Summo
1307 2757 1446 2831 Regi
1470 2756 1836 2831 postulemus
1865 2775 1971 2831 pro
2000 2764 2345 2818 cunctorum
2376 2761 2611 2819 scelere.

1101 2849 1171 2905 Et
1192 2848 1264 2904 de
1292 2851 1494 2904 nostra
1520 2862 1852 2904 mereamur
1881 2849 2137 2906 invenire
2166 2851 2398 2907 veniam

1098 2938 1209 2993 Per
1236 2953 1370 2993 eum
1401 2935 1502 3009 qui
1532 2952 1763 3009 semper
1788 2936 1930 2993 vivit
1957 2941 2014 2994 et
2043 2943 2247 3012 regnat
2273 2938 2335 2996 in
2365 2940 2582 2997 secula.

1030 3091 1094 3148 Te
1117 3089 1358 3162 deposco,
1393 3088 1549 3144 dulce
1575 3089 1769 3159 frater,
1798 3091 1896 3162 qui
1931 3091 2085 3146 canis
2118 3090 2264 3146 hunc
2286 3093 2617 3149 versiculum

1103 3181 1167 3237 Ut
1191 3180 1440 3252 requiras
1461 3178 1797 3250 principales
1828 3179 2039 3235 litteras
2062 3195 2164 3252 per
2192 3181 2456 3237 ordinem.

1097 3268 1187 3325 Sic
1210 3269 1420 3325 invenit
1439 3269 1556 3339 ejus
1574 3283 1792 3335 nomen,
1825 3270 1921 3339 qui
1950 3268 2095 3324 hunc
2123 3275 2464 3342 exposuerat.

277 3436 389 3493 Tot
416 3449 643 3491 errores
673 3432 771 3489 hic
802 3430 1067 3488 offendis.
1101 3428 1253 3485 Num
1286 3426 1615 3499 culpandus
1657 3444 1787 3500 ego,
1818 3427 1919 3499 qui
1947 3428 2004 3496 Α
2034 3429 2365 3486 Gruteriani
2386 3429 2598 3486 veteris
2614 3428 2908 3498 editionis,
2927 3428 3012 3485 uti
3044 3432 3101 3486 et
3124 3429 3185 3485 in
3217 3433 3377 3486 tomo
3410 3430 3683 3488 IVItalia

276 3525 398 3581 haec
427 3522 634 3596 evulgo
653 3522 683 3577 ‘l
710 3521 866 3577 Num
922 3514 1337 3590 Campagnola,
1372 3516 1471 3587 qui
1502 3516 1624 3571 hac
1670 3515 1920 3571 fideliter

277 3612 726 3688 descripsit?Ab
748 3608 932 3682 sequis
956 3610 1109 3664 certe
1131 3605 1446 3661 lectoribus
1462 3621 1578 3661 non
1610 3604 1761 3660 hanc
1772 3603 1918 3660 mihi

275 3703 603 3760 mercedem
643 3696 940 3772 polliceor.
971 3698 1165 3767 Atque
1216 3692 1498 3750 hactenus
1555 3693 1917 3749 trochaicum

272 3808 510 3849 versum
528 3789 589 3845 in
620 3784 911 3860 rhythmis
942 3782 1540 3856 servatum,neglecta
1566 3785 1763 3837 tamen
1786 3799 1918 3854 pro-

273 3880 453 3937 sodiae
510 3876 755 3944 ratione,
804 3872 1346 3930 animadvertimus.
1378 3870 1703 3927 Dicendum
1762 3887 1918 3926 nunc

273 3970 458 4026 restat
485 3962 897 4037 rhythmorum
923 3965 1189 4018 auctores
1208 3959 1574 4031 temporibus
1597 3958 1918 4015 barbaricis

272 4057 349 4114 ad
378 4054 629 4111 aliorum
651 4068 883 4125 quoque
908 4055 1193 4108 Versuum
1223 4047 1613 4105 imitationem
1634 4064 1699 4104 se
1720 4051 1920 4103 contu-

271 4145 435 4202 lisse.
464 4144 714 4200 Sanctus
745 4140 1076 4198 Bonifacius
1107 4139 1419 4211 episcopus
1450 4136 1831 4209 Moguntinus
1861 4140 1919 4193 et

271 4237 495 4307 martyr
513 4232 740 4288 circiter
760 4246 980 4287 annum
999 4230 1130 4295 740,
1152 4228 1262 4283 hac
1295 4225 1356 4281 in
1398 4224 1645 4298 epistola
1666 4226 1739 4281 65
1772 4226 1915 4282 scri-

269 4323 445 4380 bebat
476 4338 492 4380 :
529 4323 768 4378 Tertium
797 4334 1041 4384 carmen,
1059 4332 1171 4373 non
1194 4315 1397 4388 pedum
1427 4331 1689 4372 mensura
1728 4316 1917 4370 elucu-

269 4413 506 4480 bratum,
537 4410 629 4468 sed
682 4411 886 4467 octonis
941 4406 1174 4479 syllabis
1224 4407 1287 4460 in
1340 4420 1452 4461 uno
1490 4404 1728 4477 quolibet
1754 4421 1917 4461 versu

266 4502 599 4575 compositis,
626 4515 742 4556 una
779 4496 1072 4568 eademque
1115 4495 1320 4561 littera,
1352 4493 1696 4566 comparibus
1742 4494 1916 4549 linea-

265 4609 393 4649 rum
427 4590 745 4647 tramitibus
775 4594 981 4660 aptata,
1003 4600 1169 4641 cursu
1216 4583 1424 4640 calamo
1474 4586 1769 4656 perorante
1821 4599 1911 4638 ca-

265 4684 528 4739 raxatum
562 4678 644 4753 [id
692 4679 785 4734 est
826 4674 1143 4746 exaratum]
1181 4673 1307 4742 tibi,
1354 4673 1705 4744 sagacissime
1739 4680 1911 4739 sator,

266 4771 639 4827 transmittens
692 4766 892 4823 dicavi.
925 4763 1285 4838 Rhythmum
1318 4780 1353 4819 a
1399 4778 1461 4819 se
1517 4760 1911 4834 compositum

264 4859 425 4917 hisce
445 4858 637 4916 verbis
665 4856 954 4929 designat,
986 4851 1158 4925 cujus
1199 4852 1378 4909 etiam
1407 4849 1741 4924 exemplum
1762 4867 1911 4924 pras-

264 4949 365 5005 bet
388 4950 448 5004 in
479 4944 728 5020 epistola
746 4943 1113 5017 praecedenti,
1165 4942 1265 4999 ubi
1295 4941 1571 5016 leguntur
1599 4940 1656 4995 hi
1681 4957 1906 4997 versus:

478 5054 587 5109 Pro
612 5069 699 5109 me
726 5067 915 5124 quaero
944 5052 1195 5108 oramina

474 5142 710 5198 Precum
730 5159 751 5198 :
778 5140 983 5213 pandet
1002 5139 1310 5212 prmeipua,
1342 5143 1455 5194 etc.

264 5249 378 5309 Sed
398 5248 658 5324 etipsum
671 5248 1076 5306 hexametrum
1095 5244 1305 5301 imitati
1324 5248 1463 5302 sunt
1478 5241 1906 5316 rhythmopmii,

264 5343 429 5411 tanta
455 5344 654 5396 tamen
687 5333 1021 5408 asperitatis
1044 5333 1189 5393 facie
1218 5333 1540 5399 interdum,
1576 5336 1640 5387 ut
1670 5330 1784 5386 nisi
1806 5332 1908 5404 qui

262 5428 568 5504 praevia‘rei
585 5424 918 5499 cognitione
930 5422 1234 5498 rhythmos
1265 5422 1345 5479 ibi
1363 5421 1591 5495 quaerit,
1623 5420 1908 5478 miserum

262 5519 508 5576 indocta:
538 5514 732 5588 gentis
762 5518 1036 5570 conatum
1067 5513 1127 5569 in
1157 5511 1485 5568 amulando
1498 5509 1678 5566 nobili
1700 5513 1904 5579 metro,

262 5606 706 5675 animadvertat,
732 5602 991 5680 rhythmi
1011 5603 1192 5675 hujus
1221 5600 1486 5675 exempla
1516 5599 1566 5657 si
1590 5599 1760 5674 petis,
1777 5600 1907 5657 vide

262 5693 705 5774 inscriptionem
734 5711 815 5755 vn
844 5691 1260 5763 Christianam,
1290 5706 1424 5771 pag.
1457 5690 1593 5751 1061
1618 5689 1906 5773 Thesauri

2027 3519 2156 3575 Sac.
2186 3519 2245 3574 in
2294 3518 2584 3592 episcopis
2612 3517 3079 3574 Vercellensibus
3138 3517 3507 3591 epitaphium
3538 3519 3680 3576 Fla-

2026 3607 2181 3663 viani
2238 3607 2517 3680 episcopi,
2552 3606 2653 3680 qui
2683 3606 2912 3663 circiter
2945 3623 3172 3663 annum
3201 3605 3418 3664 Christi
3448 3608 3557 3663 540
3586 3624 3679 3665 se-

2026 3697 2184 3753 disse
2206 3697 2266 3752 in
2288 3696 2639 3753 Vercellensi
2655 3695 2931 3753 cathedra
2960 3700 3249 3753 censetur.
3272 3696 3491 3753 Verum
3523 3696 3680 3753 anti-

2028 3785 2224 3858 quius,
2238 3788 2297 3840 et
2315 3802 2408 3841 om
2418 3786 2581 3841 nium
2598 3784 3035 3843 lucidissimum
3046 3784 3378 3858 exemplum
3399 3784 3677 3843 informis

2027 3875 2206 3946 hujus
2237 3891 2479 3948 poeseos
2506 3873 2758 3947 aspicias
2786 3873 2959 3931 velim
2993 3875 3054 3931 in
3085 3878 3353 3947 poemate
3393 3873 3679 3932 Commo-

2025 3963 2207 4030 diani,
2225 3963 2390 4019 rudis
2418 3967 2601 4035 poetae
2625 3962 2958 4030 Christiani,
2984 3963 3140 4035 quod
3167 3980 3203 4019 a
3231 3961 3484 4035 Rigaltio
3530 3962 3680 4020 olim

2024 4052 2272 4120 editum,
2292 4051 2354 4106 in
2380 4050 2798 4107 Bibliothecam
2830 4051 3068 4107 Patrum
3116 4056 3260 4107 tom.
3287 4049 3485 4107 XXVII
3534 4052 3681 4109 sub-

2026 4140 2163 4197 inde
2218 4139 2449 4197 illatum
2504 4138 2635 4195 fuit.
2670 4139 2965 4197 Floruisse
3022 4140 3074 4196 is
3135 4139 3394 4196 creditur
3436 4138 3683 4197 ineunte

2024 4228 2236 4286 saeculo
2277 4228 2619 4286 Christianae
2650 4245 2777 4285 aeris
2825 4232 3036 4301 quarto
3071 4246 3083 4285 :
3118 4229 3238 4284 imo
3267 4231 3409 4285 sunt
3438 4228 3542 4301 qui
3600 4229 3676 4285 ad

2023 4317 2299 4375 saaculum
2322 4319 2560 4374 tertium
2590 4317 2719 4389 ejus
2747 4320 2976 4374 aetatem
3001 4317 3371 4374 referendam
3401 4312 3677 4373 arbitrati

2024 4411 2181 4463 sunt.
2231 4406 2357 4463 Non
2412 4406 2545 4462 aliis
2604 4405 2700 4462 ille
2745 4405 3036 4474 versibus,
3094 4408 3482 4463 Instructiones
3530 4422 3674 4463 suas

2022 4495 2380 4552 acrostichas
2405 4495 2743 4568 exsequitur
2771 4511 2952 4567 quam
2973 4494 3463 4563 hexametris,sed
3489 4494 3676 4553 nullis

2023 4585 2194 4642 metri
2247 4584 2477 4658 legibus
2513 4584 2798 4652 servatis;
2833 4584 2989 4656 quod
3020 4600 3346 4656 paucorum
3401 4584 3673 4658 exemplo

2022 4673 2217 4748 palam
2240 4673 2361 4730 fiet.
2381 4673 2467 4730 Ita
2491 4672 2590 4729 ille
2620 4672 3010 4730 Instructione
3036 4690 3111 4729 xv
3142 4691 3156 4730 :

2090 4783 2362 4852 Hercules,
2397 4782 2537 4853 quod
2565 4783 2869 4837 monstrum
2898 4781 3153 4837 Aventini
3178 4782 3380 4837 montis
3409 4781 3579 4849 elisit,

2090 4872 2359 4941 Evandri,
2392 4872 2489 4944 qui
2516 4871 2714 4927 solitus
2737 4877 2858 4927 erat
2881 4878 3133 4927 armenta
3158 4871 3362 4942 furari,
3434 4896 3441 4907 ι

2093 4962 2308 5018 Rustica
2332 4976 2483 5017 mens
2505 4960 2789 5017 hominum
2819 4960 3082 5016 indocilis
3109 4975 3320 5033 quoque
3344 4975 3444 5032 pro
3488 4959 3654 5016 laude

2093 5052 2227 5107 Cum
2247 5052 2454 5123 gratias
2482 5065 2650 5119 agere
2671 5048 2894 5118 vellent,
2928 5049 3140 5106 absenti
3162 5050 3411 5122 Tonanti,
3437 5051 3548 5104 etc.
3644 5111 3649 5114 ἠ

2019 5157 2212 5231 Pergit
2240 5156 2337 5213 ille
2367 5156 2475 5212 hac
2506 5155 2799 5225 methodo,
2831 5155 3048 5229 quippe
3074 5154 3334 5230 vulgaris
3380 5154 3583 5223 homo,
3614 5158 3673 5212 et

2019 5246 2091 5302 ad
2104 5245 2261 5318 vulgi
2279 5248 2514 5317 captum
2527 5243 2794 5299 versibus
2813 5242 2976 5300 hisce
2990 5243 3304 5302 utilissima
3314 5245 3672 5301 documenta

2016 5334 2257 5392 claudit.
2281 5334 2516 5390 Certum
2537 5335 2626 5388 est
2649 5333 2939 5404 ejusmodi
2959 5332 3195 5391 licentia
3206 5334 3417 5392 deinde
3433 5350 3598 5403 usos,
3611 5337 3671 5390 et

2016 5424 2254 5497 quidem
2275 5419 2626 5488 diutissime,
2647 5420 2830 5478 fuisse
2859 5425 3060 5495 poetas
3091 5440 3227 5480 cum
3248 5422 3424 5498 vulgo
3447 5422 3670 5480 facien-

2015 5518 2122 5570 tes.
2153 5513 2339 5583 Atque
2381 5507 2479 5564 hic
2507 5508 2773 5582 exempla
2802 5511 2921 5566 duo
2953 5528 3016 5568 se
3047 5511 3193 5568 mihi
3224 5513 3501 5582 offerunt,
3535 5528 3671 5587 spe-

2015 5599 2313 5660 ctantiaad
2331 5598 2754 5672 Langobardici
2791 5601 2955 5674 regni
2978 5603 3262 5675 tempora.
3288 5601 3555 5659 Alterum
3579 5603 3673 5659 est

2015 5688 2377 5769 epitaphium
2407 5688 2666 5767 positum
2682 5689 2916 5749 circiter
2934 5707 3161 5750 annum
3183 5693 3293 5749 722
3320 5690 3381 5751 in
3411 5690 3673 5750 celebra.
