3896 6216
348 373 467 448 .773
1086 367 1276 429 ΒΕΘ.
1322 366 1398 428 X1
1442 366 1674 428 AUCT.
1723 365 2036 426 INCERTI
2085 365 2274 426 ANNI
2321 364 2418 424 ET
2467 364 2768 426 SCRIPT.
2819 372 3046 420 ’AAESII.
3643 361 3772 424 ’ΠΘ

989 500 1186 563 OCCE
1227 499 1528 562 PVELLE
1571 501 1808 562 JACET
1851 499 2174 560 TVMVLO
2221 498 2522 560 CORPVS
2566 497 3020 571 ELISABETE,

989 591 1196 662 QVOD
1243 591 1512 651 MANET
1555 591 1636 650 IN
1681 589 1990 650 SANC'I‘A
2033 589 2245 649 AVLA
2287 587 2666 649 BETISSTE
2707 587 3117 650 IOHANNIS.

992 679 1508 740 LDEBRANDVS
1553 678 1740 739 EJVS
1789 677 1865 755 (3)
1915 677 2228 749 GENIT-A,
2273 677 2861 748 THEODORAQVE
2905 675 3221 739 MAMMA.

986 768 1109 828 BIS
1153 769 1410 828 ANNOS
1459 767 1694 826 ABVIT
1737 766 1985 840 SENIS,
2030 766 2134 826 ET
2177 767 2572 828 MENSIBVS
2617 765 2878 826 DECEM
2961 828 2963 831 .

988 856 1245 916 DVCTA
1288 855 1697 918 JOHANNES
1744 855 2082 928 VESTRA,
2125 855 2540 926 PAVLEQVE
2583 855 2780 918 JURE
2824 854 2966 916 SVB
3010 854 3252 928 ALMA,
3287 858 3406 915 etc.

348 982 460 1040 Sed
510 999 626 1055 prae
676 978 897 1036 caeteris
925 976 984 1032 id
1033 991 1218 1048 genus
1261 975 1572 1049 rhythmis,
1608 975 1852 1048 dignum
1906 981 1993 1032 est
2021 980 2075 1048 Α
2106 980 2266 1050 puto,
2301 977 2430 1043 fuit,
2445 993 2550 1032 cur
2579 992 2882 1048 nunquam
2915 975 3058 1032 satis
3081 975 3589 1055 commendandus
3617 974 3769 1032 alter

349 1054 526 1145 quod?
560 1069 789 1143 legatur
830 1065 1196 1140 epitaphium
1239 1065 1493 1134 Tbomae,
1548 1065 1648 1138 qui
1693 1065 1944 1146 Honorio
1977 1065 2000 1120 Ι
2109 1069 2325 1122 sanctis
2355 1067 2626 1122 Romanae
2657 1064 2924 1122 Ecclesia:
2946 1064 3262 1122 cardinalis
3282 1054 3572 1121 Henricus
3589 1064 3763 1120 Nori-

346 1177 508 1234 papm
539 1159 766 1215 circiter
796 1172 1018 1212 annum
1049 1155 1154 1210 636
1185 1171 1353 1212 suam
1377 1171 1613 1227 operam
1645 1153 1894 1210 contulit
1924 1155 1995 1209 ad
2107 1154 2230 1210 sius
2261 1158 2709 1212 monumentum
2733 1154 2845 1210 hoc
2858 1154 3100 1210 minime
3117 1153 3760 1233 animadverterit,cum

345 1248 672 1305 tollendum
691 1247 951 1303 schisma
969 1243 1359 1317 Aquileiensis
1381 1243 2000 1299 EcclesiaExhibetur
2105 1244 2166 1298 in
2197 1244 2612 1300 Dissertatione
2645 1245 2716 1300 de
2742 1244 2972 1318 Synodo
3000 1243 3070 1314 ν,
3101 1245 3129 1311 §
3156 1245 3212 1311 6,
3245 1243 3364 1316 egit
3391 1242 3464 1298 de
3494 1245 3762 1314 tempore

344 1337 488 1394 illud
519 1338 592 1394 ab
623 1334 970 1394 immortalis
1024 1333 1281 1391 nominis
1328 1331 1609 1389 cardinali
1659 1332 1905 1388 Baronio
1937 1332 1996 1388 in
2107 1331 2323 1389 sublati
2370 1333 2639 1404 ejusdem
2689 1332 3046 1389 schismatis.
3083 1336 3170 1388 Ita
3214 1349 3277 1388 se
3312 1331 3532 1388 habent
3578 1329 3758 1403 primi

343 1427 662 1500 appendice
694 1427 762 1482 ad
799 1429 941 1480 tom.
971 1423 1074 1479 XII
1101 1421 1317 1478 Annal.
1353 1423 1503 1476 inter
1517 1421 1784 1479 addenda
1803 1422 1994 1502 Axina-
2101 1439 2327 1490 versus,
2359 1423 2430 1478 ad
2463 1422 2933 1479 hexametrorum
2967 1421 3216 1479 formam
3246 1419 3510 1479 confecti.

341 1515 498 1574 libus
529 1513 938 1572 ecclesiasticis
995 1513 1070 1568 ad
1115 1527 1334 1566 annum
1381 1511 1487 1565 638
1531 1527 1656 1582 quae
1702 1527 1899 1579 causa,
1933 1515 1998 1566 ut

981 1647 1165 1719 QVIS
1211 1645 1383 1706 MIHI
1429 1644 1788 1722 TRIBVAT,
1835 1645 1938 1705 VT
1979 1643 2287 1708 FLETVS
2333 1645 2682 1708 CESSENT
2724 1644 3088 1718 IMMENSI,

979 1737 1079 1796 ET
1123 1735 1421 1796 LVCTVS
1465 1734 1744 1793 ANIMZE
1787 1735 1945 1794 DET
1989 1734 2252 1795 LOCVM
2296 1735 2507 1794 VERA

1383 1735 1421 1796 S
1465 1734 1744 1793 ANIMZE
1787 1735 1945 1794 DET
1989 1734 2252 1795 LOCVM
2296 1735 2507 1794 VERA
2549 1735 2860 1796 DICENTI
2908 1752 2921 1793 :

980 1823 1208 1884 LICET
1249 1823 1327 1882 IN
1373 1821 1768 1883 LACRYMIS
1813 1822 2254 1885 SINGVLTVS
2300 1823 2560 1884 VERBA
2603 1821 3061 1897 ERVMPANT,

977 1913 1080 1974 DE
1124 1911 1224 1972 TE
1269 1909 1738 1970 CERTISSIME
1782 1911 1982 1972 TVVS
2027 1911 2480 1972 DISCIPVLVS
2526 1911 2864 1982 LOQVOR.

977 2002 1078 2062 TE
1125 1999 1685 2071 GENEROSITAS,
1732 1999 2111 2061 MINISTER
2154 1999 2488 2072 CHRISTI,
2535 1999 2996 2071 PARENTVM,

977 2093 1079 2152 TE
1123 2088 1399 2150 MVNDA
1441 2088 1694 2160 ACTIO,
1740 2088 2086 2160 THOMAS,
2133 2089 2666 2150 MONSTRABAT
2710 2087 3160 2150 HONESTVM.

971 2176 1236 2240 TECVM
1281 2177 1734 2239 VIRGINITAS
1777 2177 1878 2237 AB
1924 2177 2440 2240 INCVNABVLIS
2487 2178 2725 2253 VIXIT,
2759 2181 2880 2238 etc.

335 2317 532 2389 Neque
578 2315 672 2371 his
719 2313 988 2370 versibus
1047 2308 1450 2381 incompositis
1495 2312 1808 2393 caruerunt
1856 2308 1985 2380 ipsa
2013 2314 2061 2379 Β
2091 2309 2408 2366 cardinalis
2439 2310 2728 2366 Dominici
2759 2309 3082 2377 Passionei,
3115 2309 3486 2382 subsequens
3511 2323 3748 2366 carmen

333 2407 699 2462 ethnicorum
733 2409 1014 2474 tempora,
1059 2415 1379 2471 eorumque
1407 2399 1640 2470 vulgus.
1684 2398 1866 2470 Cujus
1899 2398 1980 2453 rei
2089 2398 2394 2472 descripsi.
2427 2400 2591 2456 Jacet
2619 2399 2679 2454 in
2727 2397 2863 2454 villa
2903 2398 3140 2456 Salsula:
3171 2399 3488 2456 comitatus
3519 2397 3744 2467 Urbini,

333 2495 686 2569 exemplum,
720 2493 1006 2556 nondum,
1057 2494 1122 2545 ut
1169 2489 1398 2562 opinor,
1447 2489 1672 2544 editum
1719 2487 1978 2560 proferre
2088 2486 2147 2541 in
2179 2492 2410 2544 vetusto
2441 2487 2634 2561 lapide
2663 2492 2990 2558 exaratum,
3018 2489 3350 2546 barbariem
3382 2503 3526 2546 sane
3547 2491 3607 2545 et
3637 2485 3747 2544 lin-

331 2601 488 2641 nunc
507 2585 693 2657 juvat.
725 2583 767 2638 E
803 2579 1035 2638 schedis
1079 2595 1192 2635 ms.
1223 2577 1677 2635 eminentissimi
1718 2577 1776 2632 S.
1813 2577 1878 2634 R.
1913 2576 1974 2630 Ε.
2087 2591 2214 2649 guae
2245 2581 2302 2634 et
2331 2579 2751 2661 characterum_
2769 2578 3101 2653 praeferens.

1530 2713 1605 2772 D.
2253 2715 2311 2774 M

1691 2802 1738 2860 B
2143 2803 2224 2862 M.

1356 2890 1424 2950 Ο.
1469 2889 1760 2953 ARRIVS
2111 2891 2482 2954 VICTORIN
2488 2894 2584 2956 VS

1769 2979 2112 3042 MARITVS

1565 3069 1882 3130 VTTIDIE
1923 3069 2325 3130 TITIANENI
2655 3113 2670 3129 .

727 3163 831 3223 TV
875 3158 1043 3221 DVM
1087 3158 1322 3220 ESSES
1370 3157 1476 3217 AD
1524 3158 1874 3217 SVPEROS
1921 3157 2142 3218 NEMO
2185 3157 2356 3218 MIHI
2402 3160 2584 3222 FVIT
2625 3160 3082 3222 FORMOSIOR
3126 3160 3332 3224 VLLA

729 3251 909 3322 QV/E
953 3247 1426 3309 PROSTRATA
1466 3246 1698 3306 JACES
1744 3246 2064 3306 lNDICNA
2109 3247 2616 3310 CIRCVMDATA
2659 3250 2945 3310 TERR/E

728 3340 907 3410 QV/E
951 3335 1307 3399 CARVISTI
1353 3334 1547 3397 VIAM
1597 3335 1766 3394 LVCI
1811 3334 2113 3394 SECVTA
2154 3336 2272 3396 ES.

729 3430 846 3492 SIC
891 3427 1190 3489 MERITO
1235 3423 1484 3486 TALES
1530 3423 1832 3484 veasvs
1878 3424 2451 3488 DESCRIPSERIM
2495 3427 2575 3488 IN
2621 3429 2722 3488 TE

731 3518 889 3579 NON
937 3514 1220 3576 STVDIO
1265 3511 1411 3573 SED
1455 3512 1725 3573 MENTE
1768 3511 1978 3572 DATA
2023 3513 2124 3573 ET
2168 3513 2524 3576 COGENTE
2567 3517 2902 3578 DOLORE.

726 3607 906 3668 H/EC
949 3605 1124 3667 MIHI
1166 3601 1484 3662 TITIANE
1527 3599 1840 3662 PRIMVM
1882 3602 1960 3660 IN
2005 3601 2401 3666 CONNVBIO
2442 3604 2738 3666 JVNCTA
2783 3605 2926 3665 EST

929 3693 1104 3754 HEC
1146 3691 1394 3751 PRIMA
1440 3689 1779 3751 DOLORIS
1823 3690 2162 3751 DVLCIOR
2205 3691 2284 3750 IN
2333 3692 2443 3752 ME
2489 3694 2692 3754 FVIT.

726 3787 829 3847 VT
872 3783 1013 3845 MEI
1042 3781 1143 3842 TE
1177 3778 1585 3840 REPELLAT
1613 3779 1716 3838 ET
1749 3777 2091 3840 SVBITOM
2123 3777 2382 3840 ESTVM
2414 3781 2675 3842 RAPTA
2714 3781 3083 3854 RELIQVIT
3125 3782 3205 3843 IN
3247 3777 3496 3845 IEVVM

733 3871 951 3947 QVEM
995 3870 1178 3931 FRVI
1223 3869 1380 3929 NON
1426 3867 1682 3930 LICVIT
1724 3862 1958 3928 ANNIS
1999 3866 2452 3933 PERVLTIMO
2496 3871 2726 3932 FATO.

729 3961 1042 4024 ACERVA
1085 3962 1134 4020 A
1181 3957 1453 4022 MATRE
1499 3954 1599 4035 (an
1645 3957 1918 4017 MORTE
1935 3955 1987 4035 ?)
2032 3957 2292 4018 RAPTA
2333 3958 2428 4020 ES
2473 3959 2576 4022 VT
2618 3960 3024 4024 PARVVLVS
3053 3959 3316 4020 ACNVS

731 4051 955 4113 SICVT
996 4045 1170 4110 ILLE
1213 4045 1456 4107 MISER
1495 4045 1798 4106 RAPTVS
1843 4045 2194 4107 VOVITUR
2234 4047 2416 4108 ARIS

728 4141 831 4202 ET
876 4139 982 4201 ME
1026 4136 1188 4199 TAM
1237 4133 1562 4197 PVERVM
1606 4133 1784 4194 GITO
1828 4134 2132 4196 FECISTI
2175 4137 2626 4198 DOLENTEM.

725 4227 1142 4291 PARENTES
1187 4223 1458 4286 MISERI
1501 4222 1778 4286 MECVM
1822 4224 2272 4287 PATIVNTVR
2313 4225 2392 4286 IN
2436 4227 2614 4287 ΙΕνο

700 4314 1106 4381 ‘DOLOREM
1149 4311 1258 4376 VT
1303 4312 1508 4374 ROSA
1547 4312 1760 4374 VERE
1805 4313 2016 4374 Νονο
2058 4313 2324 4376 CRATA
2366 4315 2510 4377 EST
2553 4316 2640 4377 IM
2685 4316 3064 4378 TEMPORE
3108 4315 3370 4378 PARVO

729 4409 846 4471 SIG
891 4405 1074 4468 FVIT
1115 4400 1430 4464 INFELIX
1471 4401 1644 4463 ΗλΕο
1689 4401 1860 4464 MIHI
1906 4403 2382 4465 CRATISSIMA
2425 4407 2781 4469 CONJVNX

930 4493 1139 4558 VleT
1379 4491 1560 4552 ANIS
1604 4491 1789 4554 XVII.
1837 4490 2170 4554 MESIBVS
2216 4494 2376 4555 VIII.
2423 4495 2632 4556 DIEB.
2683 4541 2696 4555 .
2749 4539 2765 4556 .
2949 4539 2965 4556 .
3017 4540 3032 4555 .

1371 4580 2701 4645 .....FELIXLAPID.......-

327 4736 430 4794 His
459 4734 713 4806 adjunge
728 4721 1504 4802 epitaphiumeristianum
1527 4719 1974 4794 Catervii,quem
2011 4723 2053 4790 C
2093 4723 2460 4781 emendatius
2491 4741 2619 4798 cap.
2651 4723 2741 4794 40,
2777 4741 2942 4781 num.
2988 4725 3116 4794 505,
3149 4722 3524 4796 Inscription.
3578 4724 3743 4780 Anti-

326 4825 413 4882 uti
443 4825 716 4882 sanctum
745 4815 1140 4874 Tolentinates
1177 4814 1545 4880 venerantur,
1579 4828 1613 4866 a
1640 4810 1976 4882 Mabillonio
2087 4829 2235 4884 quar
2263 4813 2485 4894 editum
2516 4813 2578 4870 in
2608 4812 2732 4869 haec
2760 4815 2935 4870 verba
2960 4831 2974 4869 :

326 4914 387 4972 in
409 4913 684 4970 .ltinerar.
715 4906 898 4965 Italic.
931 4903 1286 4976 evulgatum,
1318 4917 1384 4956 ac
1415 4899 1624 4957 deinde
1653 4917 1686 4956 a
1709 4901 1976 4957 Fabretto

799 5031 806 5040 ’
931 5037 1134 5112 QVOS
1179 5036 1520 5097 PARIBVS
1567 5033 1890 5096 MERITIS
1932 5037 2209 5098 JVNXIT
2252 5038 2762 5100 MATRIMONIO
2806 5038 3036 5099 DVLCI

927 5125 1433 5190 OMNIPOTENS
1478 5123 1852 5196 DOMINVS,
1897 5125 2270 5187 TVMVLVS
2317 5127 2702 5188 CUSTODIT
2745 5127 2825 5186 IN
2869 5125 3135 5198 IEVVM,

880 5248 884 5255 -
926 5213 1284 5287 CATERVI,
1334 5212 1724 5273 SEVERINA
1767 5211 1924 5272 TIBI
1967 5213 2421 5276 CONJVNCTA
2467 5215 2878 5289 LETATVR,

931 5301 1312 5366 SVRGATIS
1355 5300 1699 5360 PARITER
1739 5300 2076 5362 CHRISTO
2120 5303 2611 5374 PRESTANTE
2656 5303 2916 5365 BEATI.

926 5473 1123 5547 QVOS
1167 5469 1298 5532 DEI
1341 5467 1750 5533 SACERDVS
1796 5468 2239 5535 PROBIANVS
2280 5470 2519 5534 LAVIT
2561 5471 2664 5538 ΕΤ
2705 5472 2980 5540 VNXlT.

396 5400 560 5460 Infra
587 5413 600 5453 :

399 5647 476 5730 (3)
509 5645 782 5708 Fortasse
810 5633 915 5722 pro
943 5638 1176 5718 genitor.
