3896 6216
148 379 252 437 777

1430 371 1790 433 RHYTHMI
1834 370 2220 434 VETERES.

3403 352 3526 438 m

148 512 208 567 Et
234 511 327 566 diu
376 504 611 581 quidem
637 504 929 580 ejusmodi
963 502 1321 579 plebeiorum
1356 521 1587 560 versum
1622 522 1765 562 usus
1804 568 1809 575 ,
1880 505 2064 563 Darco
2096 506 2346 563 Antonio
2374 506 2634 565 Boldetto
2663 508 2722 565 in
2754 486 2985 584 egregio
3011 474 3183 584 opere
3320 474 3527 569 cmme-

146 597 481 672 perduravit:
503 588 1290 670 idqueindicabitinscriptio
1309 594 1769 651 circiterannum
1878 596 1988 651 ter.
2021 598 2289 669 martyr.,
2322 597 2421 653 lib.
2456 614 2518 667 ιι,
2554 614 2682 672 cap.
2704 601 2759 655 5.

150 686 340 744 Christi
392 686 529 743 4014
587 686 783 743 Romae
841 686 1051 758 posita,
1112 689 1289 757 atque
1345 682 1504 739 edita
1538 682 1674 739 acl.
1706 682 1766 740 V.

555 796 1001 867 PETROIICIO
1048 796 1591 873 REQVIESCVNT
1635 800 1764 860 HIC
1804 798 2312 873 SEPVLTAQVE
2354 802 2714 866 MEMBRA.

558 892 706 955 ano
751 884 800 953 E
841 882 1098 975 130st
1141 887 1626 975 SAPIENSQVE
1670 889 1893 962 err;
1941 889 2107 950 ΝΛΜ
2154 891 2468 953 GENERE
2511 892 2785 959 MAGNO

555 980 787 1054 ERAT,
831 972 1426 1051 FORMOSVSQVE,
1470 972 1977 1050 PR/ECLARVS,
2023 980 2331 1041 LARGVS
2377 982 2670 1045 AMICIS.

555 1066 840 1131 GRATIA
891 1068 1209 1137 SEMPER
1252 1065 1457 1129 'l‘VNC
1505 1066 1812 1129 FVERAT
1855 1066 2031 1141 ILLI,
2077 1067 2512 1140 COLLOQVIA
2554 1072 2819 1145 DIGNA,

555 1158 898 1240 OMNIBVS
943 1146 1500 1240 AMABILISQVE,
1546 1154 1959 1229 BENIGNVS,
2005 1157 2392 1231 PRONTVS,
2439 1159 2538 1219 ET
2580 1161 2872 1236 AVDAX,

556 1236 817 1309 REGNA
865 1244 1229 1308 DILIGENS
1274 1236 1665 1317 CELESTIA,
1713 1242 2029 1305 SEMPER
2075 1242 2402 1308 AMATOR

548 1332 893 1411 ILLEQUE,
921 1332 1140 1398 MITIS
1185 1328 1609 1406 NVTBITOR,
1656 1332 2241 1404 PAVPERUMQVE
2286 1337 2720 1399 DEFENSOR.

550 1416 816 1486 OMNES
862 1425 1010 1487 VOS
1056 1423 1184 1495 QVI
1229 1421 1560 1494 LEGITIS,
1608 1420 1886 1494 QVESO,
1934 1420 2187 1483 DlCl'l‘E
2230 1424 2505 1487 CVNC'I‘I
2543 1443 2556 1485 :

553 1502 1184 1575 CLEMENTISSIME
1230 1510 1457 1601 DEvs,
1507 1508 1905 1601 glsaasap
1950 1511 2274 1601 FAMVLO
2317 1515 2472 1575 'l‘VO
3170 1598 3177 1601 4
3282 1594 3289 1601 ο

548 1602 787 1664 VIRGO
830 1603 962 1664 DICI
1009 1596 1407 1670 GENITIlIX,
1455 1597 1616 1679 CVM
1662 1598 2009 1660 OMNIBVS
2052 1600 2373 1664 SANG’I‘IS
2421 1602 2819 1666 MISERERE
2863 1596 3319 1669 PETROCCIO.

551 1696 761 1762 OBIIT
803 1700 884 1762 IN
931 1700 1130 1762 PACE
1168 1682 1411 1761 rm
1457 1699 1530 1758 D.
1578 1680 1754 1757 FW.
1802 1696 2081 1758 OCTAVI
2128 1698 2247 1758 pp.
2294 1701 2373 1760 IN
2418 1686 2609 1764 me:
2655 1688 2823 1767 me:

707 1790 884 1851 DIES
930 1788 1123 1853 XVIII

386 1884 494 1944 sed
529 1890 586 1943 et
616 1884 900 1943 Fabretus
931 1904 1055 1961 cap.
1082 1887 1135 1953 3,
1170 1899 1302 1958 pag.
1338 1884 1463 1949 146,
1497 1879 1866 1953 lnscription.
1896 1881 2189 1953 antiquar.
2222 1884 2373 1941 hanc
2403 1887 2616 1945 refert:

589 1973 832 2041 NOME.
879 1970 1077 2039 FVlT.
1124 1972 1427 2037 NOMEN.
1470 1971 1747 2032 HESIT.
1796 1970 2182 2033 NASCENTI
2225 1975 2600 2040 COSVCUIA

624 2138 627 2143 ι
706 2060 1095 2137 VTRAQVE.
1143 2064 1318 2126 HOC.
1365 2060 1675 2124 'l‘lTVLO.
1721 2056 2025 2119 NOMINA
2069 2061 2479 2128 SIGNIFICO.

588 2152 774 2218 VIXI.
823 2144 1119 2215 PAROM.
1166 2149 1513 2220 DVLCISQ.
1561 2146 1713 2209 FVI.
1762 2144 1953 2207 DVM.
2007 2148 2158 2210 VIXI
2200 2144 2542 2217 PARENTI

709 2238 886 2307 HOC.
934 2243 1246 2305 TITVLO.
1293 2237 1628 2301 TEGEOR.
1679 2232 1987 2295 DEBITA.
2033 2238 2435 2303 PERSOLVI.

587 2332 793 2406 QVIQ.
836 2326 1090 2393 LEGIS.
1135 2326 1505 2393 TITVLVM.
1555 2320 1855 2387 SENTIS.
1901 2322 2146 2394 QVAM.
2191 2329 2548 2394 VIXERIM.
2594 2330 2870 2399 PARVM

706 2421 886 2484 HOC.
932 2408 1160 2483 PE'I‘O.
1209 2419 1441 2481 NVNC.
1486 2414 1734 2475 DECAS.
1779 2410 1923 2472 SI'I‘.
1971 2414 2151 2475 TIBI.
2197 2417 2485 2482 TERRA.
2530 2422 2779 2485 LEVIS.

123 2537 254 2596 Vide
281 2543 340 2597 et
366 2538 516 2596 alias
546 2537 914 2607 similes,imo
946 2535 1079 2610 plus
1100 2532 1547 2591 adversantibus
1577 2527 1761 2585 Musis
1791 2525 1846 2591 Α
1945 2520 2169 2586 Priamo
2200 2533 2369 2589 vitam
2397 2537 2595 2592 evitari
2619 2537 2715 2603 [an
2745 2538 2940 2612 potius
2960 2539 3225 2614 evirari?]

125 2633 421 2702 conceptas
451 2629 608 2702 apud
639 2628 911 2685 eumdem
943 2626 1281 2682 Fabrettum
1314 2640 1442 2695 cap.
1475 2622 1529 2688 4,
1562 2637 1619 2692 p.
1652 2620 1758 2674 329

120 2718 339 2787 418,419
368 2723 428 2774 et
458 2719 581 2776 421.
613 2718 758 2774 Vide
791 2716 964 2774 etiam
986 2714 1349 2788 epitaphium
1381 2711 1522 2767 Boni
1544 2726 1757 2767 consu-

118 2804 245 2863 liset
273 2807 446 2865 ducis
458 2806 750 2880 Neapolis,
777 2806 877 2878 qui
896 2804 1104 2863 sreculo
1129 2803 1342 2860 Christi
1364 2818 1516 2857 nono
1538 2799 1755 2865 ﬂoruit,

118 2899 262 2951 tomo
297 2896 347 2951 ΙΙ
376 2895 512 2950 Rer.
554 2895 944 2967 ltaliear,pag.
978 2894 1107 2949 342.
1139 2894 1328 2964 Atque
1371 2891 1656 2946 hactenus
1686 2889 1757 2945 de

116 2981 403 3055 rhythmis
436 2981 789 3038 hexametris
818 2986 875 3037 et
903 2981 1299 3053 pentametris.

170 3070 345 3126 Hisce
376 3086 539 3124 nunc
573 3069 967 3141 subiungendi
1010 3066 1458 3141 endecasyllabi,
1512 3067 1758 3123 dodeca-

106 3156 324 3230 syllabi,
387 3156 810 3231 heptasyllabi,
862 3161 995 3223 etc.,
1029 3156 1129 3228 qui
1157 3157 1216 3211 in
1273 3172 1382 3212 usu
1412 3156 1574 3211 fuere
1604 3154 1757 3225 apud

106 3252 343 3303 veteres.
378 3247 546 3311 Quod
579 3250 636 3303 et
668 3245 972 3302 lubentius
1005 3245 1173 3313 facio,
1208 3260 1341 3300 cum
1365 3244 1499 3298 inde
1529 3241 1760 3314 potissi-

115 3346 267 3392 mu‘m
298 3333 568 3406 exempla
597 3351 843 3390 suorum
873 3333 1203 3391 carminum
1248 3330 1520 3388 derivarit
1551 3328 1760 3386 Italicas

112 3423 355 3497 vulgaris
386 3422 601 3497 linguae
631 3423 846 3495 poesis.
876 3423 1044 3486 Quod
1088 3427 1400 3493 antequam
1433 3419 1762 3485 ostendam,

120 3512 557 3589 juvatalterum
590 3502 954 3584 rhythmicae,
1000 3511 1120 3566 imo
1151 3515 1209 3567 et
1235 3509 1489 3566 metricae
1525 3524 1764 3581 poeseos

124 3601 289 3659 ritum
321 3600 793 3659 vetustissimum
825 3599 883 3656 in
918 3599 1176 3656 medium
1221 3599 1447 3655 afferre.
1483 3599 1634 3654 Sunt
1662 3595 1763 3668 qui

119 3691 342 3748 credant
368 3690 461 3748 vel
493 3690 641 3762 ipsis
673 3689 814 3746 olim
843 3689 1121 3746 Romanis
1179 3694 1237 3744 et
1266 3687 1482 3744 Graecis
1534 3689 1767 3760 gratam

119 3777 284 3835 fuisse
293 3777 741 3837 consonantium
754 3777 1109 3853 syllabarum
1124 3777 1260 3834 mod
1268 3776 1766 3849 ulationem(nunc

121 3868 252 3925 rima
278 3867 670 3941 appellamus,
702 3884 980 3924 conversa
1024 3883 1161 3922 voce
1191 3866 1476 3938 rhythmus
1504 3866 1565 3921 in
1594 3866 1761 3937 rima)

121 3954 172 4010 in
198 3957 310 4014 ﬁne
342 3957 634 4030 praecipue
655 3973 928 4013 versuum
952 3955 1370 4027 quaesitamﬁta
1384 3959 1449 4010 ut
1471 3958 1767 4028 postrema

120 4059 307 4102 versus
335 4052 437 4101 aut
467 4045 717 4107 membri
747 4044 972 4116 syllaba
1000 4049 1308 4116 postrema:
1353 4042 1767 4117 subsequentis

120 4133 709 4206 responderet.Poetis
730 4133 875 4205 ipsis
898 4133 1564 4204 huiusmodi-verborum
1589 4131 1765 4189 collo-

120 4221 275 4291 catio,
309 4223 429 4280 sive
454 4224 669 4296 ﬁgura,
711 4221 1007 4294 placuisse
1066 4221 1267 4278 fertur.
1331 4226 1498 4277 Certe
1546 4219 1769 4294 placuit

121 4311 456 4381 oratoribus,
492 4312 636 4367 dum
666 4314 863 4367 tamen
898 4327 1067 4383 parce
1097 4310 1492 4366 adhiberetur.
1519 4316 1766 4380 θ’μοιοτέ-

128 4405 293 4457 λευτον
317 4399 504 4458 (ἰνωοὶ
522 4384 770 4472 ﬁguram
788 4399 939 4457 hanc
964 4398 1362 4471 appellarunt:
1400 4398 1766 4454 Similiterca-

125 4486 243 4543 dens
271 4489 422 4546 idem
458 4488 685 4546 Latinis
717 4489 846 4546 fuit.
895 4487 1227 4559 Pervulgati
1264 4492 1405 4543 sunt
1448 4487 1563 4542 duo
1593 4485 1766 4542 Tullii

121 4591 307 4634 versus
362 4597 396 4635 a
445 4576 844 4644 Quinctiliano
902 4575 1209 4635 memorati
1259 4575 1407 4632 libro
1454 4575 1765 4632 undecimo

122 4680 235 4738 cap.
262 4668 472 4740 primo,
513 4684 661 4739 quos
693 4672 886 4723 tamen
924 4665 1093 4722 multi
1126 4682 1194 4723 eo
1245 4681 1483 4738 quoque
1538 4665 1765 4722 vivente

122 4749 335 4812 irrisere
360 4775 373 4813 :

188 4842 381 4903 Cedant
409 4862 574 4902 arma
603 4848 761 4917 togw.
797 4844 1099 4901 Concedunt
1129 4845 1322 4900 laurea
1354 4843 1576 4915 lingua.

187 4932 224 4987 0
252 4937 596 5004 fortunatam
622 4942 814 4990 natam
842 4951 928 4991 me
955 4934 1175 4990 consule
1205 4937 1470 4991 Romam!
1492 4962 1497 4975 -

186 5019 361 5080 Varro
392 5022 639 5099 quoque
675 5023 733 5077 in
762 5031 895 5097 τάφη
924 5032 1171 5081 Μενίππου
1204 5047 1215 5082 :

186 5100 357 5182 Neque
387 5110 799 5185 orthophattica‘
824 5112 1010 5169 attulit
1031 5112 1324 5186 psalteria,

190 5199 389 5267 Quibus
417 5198 617 5259 sonant
643 5204 703 5258 in
736 5202 942 5259 Graecia
969 5203 1217 5271 dicteria,

190 5287 293 5355 Qui
315 5288 641 5361 fabutarum
666 5292 931 5348 collocant
949 5291 1193 5348 exordia.

123 5369 219 5429 Hic
245 5377 442 5435 exodia
476 5379 855 5436 scribendum
890 5397 1037 5455 reor.
1071 5380 1193 5436 Imo
1225 5384 1281 5436 et
1326 5378 1768 5435 vetustissimus

126 5462 344 5521 Ennius
368 5467 531 5525 hisce
558 5467 880 5525 delectatus
904 5466 1280 5526 videtur.Hos
1293 5468 1449 5528 enim
1467 5467 1629 5527 illius
1652 5484 1771 5526 ver-

126 5549 229 5609 su's'
250 5548 426 5613 refert
453 5557 650 5616 Cicero
682 5558 753 5614 in'
775 5554 1011 5615 Tuscul.
1039 5574 1056 5614 ι
1082 5575 1095 5616 ;

187 5632 307 5707 Haec
333 5650 522 5709 Omnia
549 5644 666 5709 vidi
690 5648 1049 5724 inﬂammari,

435 5774 701 5841 Parant.
746 5772 892 5841 CLI.

1935 2618 2082 2674 lovis
2114 2637 2271 2676 aram
2300 2626 2569 2695 sanguine
2594 2630 2832 2700 turpari.
3163 2689 3169 2699 ,
3364 2702 3369 2705 μ
3446 2698 3451 2705 ,

1868 2703 2050 2761 IIosce
2082 2709 2257 2765 etiam
2290 2710 2711 2784 (alienosne,an
2736 2706 3310 2791 suos,ignoro,)idem
3327 2702 3521 2776 Cicero

1866 2793 1926 2848 in
1957 2796 2158 2851 eadem
2191 2799 2525 2857 Tusculana
2554 2794 2977 2862 commemorat
3003 2823 3017 2862 :

1941 2882 2143 2941 Cwlum
2164 2889 2444 2959 nitescere,
2469 2884 2689 2950 urbere:
2718 2880 3079 2965 frondescere,

1947 2974 2084 3029 Vites
2115 2975 2343 3048 laetiﬁca
2369 2984 2650 3054 pampinis
2673 2973 2984 3056 pubescere,
3076 3054 3082 3061 ι

1940 3061 2100 3118 Rami
2129 3066 2417 3122 baccarum
2442 3072 2686 3127 ubertate
2718 3073 3107 3147 incurvescere.
3298 3144 3305 3152 .
3342 3136 3366 3150 η

1867 3148 2098 3208 Similes
2112 3157 2305 3209 autem
2320 3155 2694 3228 antiquorum
2719 3177 2922 3240 versus
2945 3160 3002 3240 in
3020 3178 3148 3237 eam
3163 3148 3514 3239 sententiam

1870 3237 2183 3296 Stilianum
2204 3242 2578 3316 induxerunt,
2620 3248 2692 3303 de
2714 3238 2837 3305 arte
2863 3236 3226 3327 versiﬁcandi
3248 3236 3518 3327 scribens

1870 3330 2010 3419 tem,
2046 3334 2108 3419 ut
2134 3329 2246 3419 sibi
2280 3335 2678 3407 persuaderet,
2711 3336 3021 3417 rhythmos
3047 3325 3326 3419 (nuncvte
3352 3325 3524 3417 rimef

1873 3414 2099 3471 meliori
2130 3417 2257 3489 ipso
2290 3421 2627 3477 Latinorum
2681 3424 2892 3508 saeculo
2941 3414 3519 3507 usurpatas,,fuiss,e.

1872 3504 2041 3570 Nam,
2074 3511 2138 3561 ut
2158 3505 2208 3562 is
2238 3508 2743 3583 scribit,Virgilius
2774 3504 2875 3569 lib.
2898 3530 2979 3587 νι,
3009 3531 3157 3573 vers.
3192 3504 3296 3574 1'65
3321 3504 3515 3576 sua.

1873 3593 1980 3648 dos
2011 3593 2187 3649 habet
2210 3612 2223 3649 :
3056 3666 3059 3669 δ
3095 3671 3099 3675 _

1946 3683 2071 3737 [Ere
2089 3684 2236 3739 ciere
2266 3687 2432 3755 viros,
2463 3676 2794 3762 Martemque
2827 3674 3116 3750 accendere
3142 3676 3330 3752 cantu.

1874 3771 1942 3826 Et
1964 3770 2201 3828 Ovidius
3224 3852 3252 3856 Η
3280 3848 3288 3856 ⁸

1947 3861 2084 3929 Quot
2102 3862 2301 3918 coetum
2331 3865 2536 3934 stellas,
2563 3872 2644 3923 tot
2674 3867 2832 3927 habet
2859 3877 2955 3927 tua
2982 3876 3154 3929 Roma
3175 3852 3415 3946 puellas.

1880 3949 1947 4004 Et
1977 3948 2344 4022 Propertius:

1946 4038 2062 4092 Non
2092 4054 2198 4094 non
2229 4039 2465 4097 humani
2490 4051 2621 4101 sunt
2641 4049 2835 4117 partus
2864 4049 3002 4123 talia
3030 4022 3194 4121 danai.

2016 4127 2123 4183 Ista
2152 4129 2317 4185 deum
2344 4147 2552 4189 menses
2580 4150 2691 4191 non
2711 4118 3008 4210 pemerere
3035 4118 3193 4196 bona.

1876 4215 1963 4270 Ita
1993 4212 2289 4288 Horatius,
2321 4223 2398 4276 De
2429 4225 2551 4278 arte
2580 4210 2869 4302 poetica;
2982 4290 3003 4297 μ
3200 4294 3205 4301 ,
3278 4290 3305 4301 ν,
3384 4288 3415 4301 ,,
3460 4296 3465 4299 .

1945 4305 2063 4361 Non
2081 4307 2220 4362 satis
2248 4313 2328 4364 est
2350 4301 2586 4381 p‘utchra
2633 4329 2747 4369 esse
2789 4298 3103 4387 poemata:
3129 4298 3524 4389 dulciasunto,

1946 4396 2009 4448 Et
2038 4413 2373 4471 quaecunque
2401 4402 2599 4471 volent,
2630 4402 2887 4459 animum
2914 4404 3184 4462 auditori:
3211 4413 3433 4479 agunto.

1875 4482 1958 4537 Ita
1988 4487 2043 4538 et
2071 4480 2369 4543 Auéonius
2402 4487 2461 4543 in
2486 4489 2629 4562 Idyl.
2665 4508 2736 4548 u:

1953 4573 2037 4628 Vel
2068 4576 2178 4629 tria
2202 4578 2437 4659 potanti,
2465 4579 2547 4633 vet
2570 4585 2651 4636 ter
2678 4582 2790 4636 tria
2810 4583 3228 4658 multiplicanti.
3354 4636 3363 4639 -
3416 4646 3417 4651 η
3536 4654 3543 4659 ,

1945 4660 2056 4716 Sed
2087 4657 2580 4722 versilicatoribus
2607 4669 2865 4741 antiquis
2894 4669 2988 4727 vix
3011 4672 3137 4727 ﬁeri
3164 4671 3357 4744 potuit
3380 4671 3524 4747 quin

1874 4751 2165 4821 ejusmodi
2195 4748 2399 4810 versus
2429 4755 2723 4813 interdum
2750 4759 3290 4829 exciderent,etiam
3311 4756 3525 4843 nililule

1874 4838 2296 4911 cogitantibus:
2331 4859 2399 4898 ac
2428 4843 2673 4915 proinde
2703 4846 2950 4904 minime
2979 4864 3073 4905 me
3104 4848 3178 4905 iis
3207 4838 3526 4923 opponam,

1875 4927 1974 5000 qui
2005 4927 2128 4984 haec
2160 4930 2353 5001 potius
2383 4948 2524 4989 casu
2557 4949 2736 5006 quam
2768 4939 2891 4992 arte
2922 4942 3080 5011 nata,
3104 4937 3232 5011 sive
3257 4938 3537 5011 consulto

1874 5016 2045 5086 facta,
2070 5024 2365 5076 censeant.
2397 5023 2671 5079 Attamen
2705 5041 2842 5083 cum
2902 5027 3232 5102 oratoribus
3252 5045 3380 5103 non
3407 5028 3553 5099 disc,

1873 5105 2152 5199 plicuisse
2203 5102 2449 5193 dixerim
2505 5119 2902 5190 δμοιοτέλευτογ,
2932 5132 3050 5173 non
3108 5121 3200 5187 est
3227 5118 3528 5199 prati-acte

1880 5197 2215 5275 negandum
2248 5199 2390 5272 quin
2422 5205 2479 5258 et
2510 5207 2689 5276 poetae
2747 5206 2951 5262 eadem
3013 5207 3203 5282 ﬁgura
3254 5197 3527 5275 delectari

1880 5287 2234 5361 quandoque
2266 5292 2583 5363 potuerint.
2613 5295 2694 5349 Ac
2733 5295 3026 5368 praecipue
3080 5296 3286 5367 rustici
3316 5299 3378 5365 et,
3396 5293 3524 5352 vul-

1876 5392 2066 5450 gares,
2101 5394 2352 5450 quorum
2377 5382 2619 5439 auribus
2648 5384 2871 5456 gratior
2898 5383 3399 5458 accidpereﬂpotuit
3432 5398 3541 5458 γρνρ

1878 5480 2013 5521 cum
2042 5468 2444 5525 consonantia.
2476 5470 2597 5528 Nisi
2626 5450 2711 5528 tot
2734 5470 2994 5546 rhythmi
3020 5452 3077 5529 et
3105 5450 3528 5547 carminaple-

1878 5553 2144 5612 beiorum
2162 5548 2467 5631 poetarum
2484 5559 2587 5614 aevi
2607 5558 2766 5615 illius
2789 5560 3123 5633 periissent,
3136 5562 3382 5639 fortasse
3401 5557 3549 5636 plu-3,

1880 5661 1973 5705 res
2001 5661 2208 5705 versus
2228 5662 2298 5704 ex
2327 5646 2490 5706 Latio
2520 5646 2648 5723 ipso
2686 5647 2897 5724 petitos
2940 5647 3213 5708 similiter
3258 5649 3526 5709 cadentes

3123 5775 3205 5841 25
