3896 6216
320 317 439 376 *1³79

1053 321 1242 384 ΞιΕΟ.
1289 321 1372 384 XI
1414 321 1642 386 AUCT.
1692 320 1963 384 INCER’l

2139 317 2239 382 ῐΝΙ
2281 323 2383 384 ΕΤ
2428 323 2724 387 SCRIPT.
2775 327 2998 383 ’AAEEII.

3607 323 3730 388 780

321 447 693 506 haberemus.
727 449 896 506 Paria
919 469 1151 527 quoque
1189 454 1343 526 apud
1371 455 1597 511 Graecos
1628 457 1960 522 occurrunt,
1992 453 2048 521 Α
2148 455 2251 508 Nec
2275 455 2460 510 minus
2490 458 2548 510 in
2577 458 2747 513 sacris
2776 457 2966 514 melico
2996 471 3242 514 sermone
3269 457 3505 514 Leonem

319 535 380 590 ui
409 535 468 592 in
499 538 870 614 Anthologia,
921 545 981 598 et
1010 541 1150 598 alibi
1197 543 1425 600 visitur.
1477 544 1625 600 Sunt
1653 541 1830 599 etiam
1863 541 1962 615 qui

319 625 590 684 Hebrzeos
615 629 895 701 putantin
907 632 1066 703 poesi
1081 650 1188 690 sua
1200 632 1535 705 quaesivisse
1549 633 1713 704 paria
1733 631 1962 687 aurium

321 713 892 786 oblectamenta,sive
921 719 981 776 in
1009 721 1218 778 mediis
1247 721 1655 787 versibus,sive
1674 721 1732 774 in
1763 737 1964 776 eorum

320 803 641 862 clausulis:
677 809 832 879 quod
875 808 1252 881 potissimum
1286 827 1320 865 a
1377 808 1702 864 clarissimo
1761 809 1965 864 Huetio

321 894 680 952 afﬁrmatum
711 896 973 953 video.Et
1003 899 1215 954 saneid
1247 897 1569 971 persentias
1600 897 1659 954 in
1691 897 1964 971 rhythmo

323 983 622 1053 Ilebraico,
658 1002 832 1057 quem
863 985 922 1041 in
956 986 1190 1042 Davidis
1213 987 1444 1044 laudem
1479 987 1736 1043 cecinere
1767 987 1966 1043 mulie-

321 1088 436 1137 res,
468 1076 524 1128 et
551 1090 656 1146 ego
687 1091 866 1147 supra
897 1075 1086 1132 attuli.
1121 1077 1231 1132 Sed
1264 1079 1320 1132 et
1377 1076 1744 1134 clarissimus
1785 1077 1873 1132 vir
1901 1077 1962 1132 P.

322 1160 711 1218 Martinaceus
727 1164 1050 1221 monachus
1073 1165 1485 1221 Benedictinus
1498 1165 1966 1239 congregationis

322 1249 516 1305 Sancti
539 1249 722 1306 Mauri
745 1251 802 1307 in
828 1252 1258 1326 Prolegomenis
1282 1255 1352 1310 ad
1377 1253 1634 1308 divinam
1649 1253 1962 1310 Bibliothe-

319 1354 448 1392 cam
472 1339 654 1397 sancti
679 1339 1034 1414 Hieronymi,
1060 1343 1304 1416 prolatis
1327 1343 1606 1416 exemplis
1630 1343 1885 1398 ostendit
1906 1344 1962 1398 in

320 1427 546 1482 cantico
597 1428 1056 1500 Deuteronomii,
1110 1435 1285 1504 atque
1317 1431 1374 1488 in
1409 1430 1657 1487 Threnis
1701 1432 1964 1487 Jercmize

320 1515 625 1587 rhythmos
657 1535 982 1584 occurrere,
1006 1519 1112 1576 hoc
1143 1525 1231 1576 est
1263 1521 1320 1576 in
1345 1520 1459 1576 fine
1481 1525 1836 1576 commntum
1862 1537 1962 1594 pa-

320 1619 441 1657 rem
477 1605 633 1662 vocis
675 1606 1088 1664 desinentiam.
1144 1608 1350 1665 Verum
1411 1609 1860 1666 controversiam
1893 1609 1964 1663 de

318 1692 692 1748 Ilebraaorum
715 1695 874 1767 poesi
895 1695 1026 1752 aliis
1043 1695 1271 1754 dimitto
1293 1715 1306 1766 ;
1331 1697 1596 1754 fortassis
1614 1702 1669 1753 et
1686 1698 1742 1752 in
1767 1697 1966 1770 aliqua

319 1781 584 1851 ejusdem
606 1781 733 1838 loca
751 1783 1077 1840 similitudo
1100 1801 1308 1842 vocum
1331 1803 1492 1854 casu,
1529 1803 1640 1842 non
1674 1791 1794 1842 arte
1823 1785 1964 1840 irre-
1997 1820 2042 1885 Β

319 1870 455 1942 psit.
489 1871 819 1928 Praisertim
841 1889 974 1930 vero
996 1873 1318 1930 barbaricis
1351 1875 1579 1931 smculis
1611 1891 1740 1932 mos
1762 1874 1964 1930 fuitle-

320 1959 612 2016 nociniam
645 1961 754 2017 hoc
777 1961 902 2018 suis
919 1967 1045 2018 tum
1069 1962 1517 2034 rhythmis,tnm
1536 1965 1738 2020 metris
1765 1963 1968 2034 adjun-

245 2058 252 2068 '
321 2063 476 2120 gere.
511 2049 693 2118 Quod,
724 2051 808 2105 uti
843 2051 1109 2122 conjicio,
1144 2053 1462 2130 praestitere
1507 2051 1748 2118 indocti,
1780 2057 1844 2107 ut
1875 2051 1966 2106 his

321 2136 529 2192 saltem
559 2137 812 2209 phaleris
843 2145 1156 2211 pensarent
1185 2140 1570 2211 quantitatem
1603 2141 1818 2212 pedum
1851 2157 1882 2196 a
1905 2157 1966 2196 se

323 2223 646 2296 neglectam
672 2242 684 2280 :
705 2225 859 2282 docti
879 2231 1168 2295 autem,ut
1185 2227 1458 2284 similiter
1472 2229 1746 2284 cadentes
1765 2244 1968 2285 versus

321 2311 550 2370 facilius
581 2331 614 2370 a
643 2312 861 2386 populo
894 2315 1174 2372 memoria
1205 2315 1617 2372 retinerentur.
1669 2316 1735 2371 Et
1777 2317 1967 2390 primo

320 2401 745 2474 quidemlevem
762 2403 911 2460 hanc
925 2403 1340 2461 modulationis
1353 2406 1621 2462 umbram
1637 2409 1969 2462 statuerunt

318 2490 380 2546 in
412 2509 529 2547 una
557 2509 758 2550 versus
785 2492 1008 2565 syllaba
1041 2498 1358 2566 postrema,
1393 2493 1486 2549 cui
1535 2511 1792 2550 consona
1823 2494 1969 2551 foret

317 2584 613 2652 postrema
631 2581 1176 2653 subsequentis,aut
1190 2582 1644 2654 subsquentium
1669 2599 1962 2639 versuum.

317 2669 676 2741 Quandoque
707 2669 885 2725 etiam
919 2669 1124 2726 alterni
1153 2687 1360 2726 versus
1383 2670 1490 2726 sibi
1517 2671 1964 2743 respondebant.

319 2757 483 2821 Quod
515 2757 565 2813 si
581 2757 640 2812 in
667 2757 966 2830 dactylum
981 2757 1286 2813 desinebat
1309 2759 1809 2826 versus,nonnulli
1832 2777 1966 2815 con-

318 2860 556 2900 suevere
585 2845 900 2916 postremis
923 2845 1154 2902 duabus
1185 2845 1426 2919 syllabis
1481 2864 1650 2919 pares
1682 2849 1740 2903 in
1772 2865 1967 2904 succe-

317 2933 592 2990 dentibus
625 2933 890 2989 versibus
921 2933 1488 3008 collocare.Denique
1515 2951 1582 2992 eo
1608 2953 1698 2992 res
1720 2937 1970 2993 deducta

317 3025 428 3090 est,
454 3021 607 3078 utin
643 3023 756 3078 ﬁne
785 3039 991 3080 versus
1034 3023 1280 3095 geminae
1339 3023 1576 3096 integrae
1631 3025 1885 3098 syllaba),
1917 3025 1968 3082 si

317 3110 490 3184 longe
513 3109 936 3180 forent,litteris
959 3129 1024 3168 ac
1043 3112 1238 3168 sonitu
1260 3113 1682 3184 responderent
1701 3114 1968 3171 versibus

317 3198 852 3272 subsequentibus:
883 3203 1002 3256 tres
1033 3215 1166 3256 vero
1217 3199 1452 3272 syllabae
1507 3201 1632 3274 pari
1666 3203 1840 3258 modo
1871 3219 1961 3258 re-
1994 3186 2038 3254 C

317 3289 692 3361 sponderent,
725 3288 775 3344 si
805 3287 1128 3361 penultima
1157 3306 1362 3345 versus
1392 3289 1582 3346 brevis
1603 3295 1849 3358 esset,ut
1877 3297 1966 3348 est

317 3378 378 3434 in
407 3379 656 3452 dactylo.
689 3379 872 3444 Quem
903 3395 1127 3436 morem
1176 3395 1466 3452 accepere,
1499 3384 1556 3436 et
1586 3381 1777 3437 adhuc
1827 3382 1965 3438 reti-

317 3471 459 3524 nent
483 3467 742 3542 vulgaris
772 3467 986 3542 linguae
1019 3473 1231 3525 nostrae
1263 3473 1464 3540 poetae.

385 3557 607 3614 Versus
636 3561 835 3613 autem
866 3557 926 3612 in
965 3557 1179 3628 quibus
1211 3557 1318 3612 hoc
1348 3563 1714 3630 postremum
1745 3567 1963 3631 ὁμοιοτὲ-

313 3654 511 3715 λευτον,
538 3646 660 3702 sive
684 3647 950 3701 similiter
975 3646 1566 3718 cadens.occurrebat,
1616 3648 1964 3720 praecedenti

313 3751 455 3790 sane
485 3734 732 3806 gratius,
765 3733 826 3788 in
859 3749 1028 3790 aures
1057 3733 1366 3790 hominum
1398 3736 1722 3804 incurrens,
1747 3739 1964 3794 Leom'ci

314 3821 455 3878 olim
479 3819 944 3893 appellabantur.
969 3821 1082 3878 Cur
1101 3823 1184 3878 sic
1206 3823 1422 3879 fuerint
1445 3823 1718 3896 appellati
1739 3826 1967 3898 ignora-

312 3910 396 3965 vit
415 3908 674 3982 Scaliger
701 3909 912 3965 Poetic.
936 3908 1036 3966 lib.
1061 3927 1123 3980 ιι,
1147 3928 1271 3984 cap.
1303 3913 1375 3967 29
1423 3913 1754 3985 Stephanus
1779 3915 1964 3970 Guaz-

314 3998 442 4053 zius
472 4015 507 4053 a
534 3998 720 4054 cauda
759 3997 942 4054 leonis
973 3999 1054 4054 ita
1084 4003 1454 4072 nuncupatos
1486 4001 1680 4074 inepte
1711 4001 1960 4058 censuit.

315 4087 576 4142 Renatus
604 4087 861 4154 Moreau,
895 4087 1160 4144 medicus
1189 4088 1621 4160 parisiensis,in
1651 4089 1962 4147 Commen-

313 4177 424 4229 tar.
457 4175 531 4230 ad
551 4174 818 4231 Scholam
850 4174 1198 4232 Salernitan.
1231 4180 1289 4231 et
1317 4176 1394 4230 du
1425 4177 1680 4245 Cangius
1709 4178 1770 4233 in
1794 4178 1960 4236 Glos-

314 4281 429 4320 sar.
463 4263 691 4330 Latino,
724 4280 823 4320 eos
879 4265 1244 4321 arbitrantur
1288 4267 1369 4320 sic
1430 4267 1572 4336 forte
1621 4274 1962 4341 nuncupatos

311 4353 450 4426 quod
480 4354 690 4410 inventi
709 4355 923 4426 fuerint
953 4370 988 4409 a
1016 4353 1249 4424 quodam
1277 4355 1454 4410 Leone
1469 4359 1650 4426 poeta,
1693 4359 1790 4428 qui
1815 4360 1960 4414 circa

309 4447 552 4516 tempora
607 4441 870 4498 Ludovici
921 4444 1010 4498 VII
1034 4443 1116 4497 vel
1173 4441 1422 4514 Philippi
1463 4445 1714 4516 Augusti,
1773 4461 1961 4518 regum

308 4535 581 4602 Franciae,
607 4533 770 4588 vixit.
805 4531 982 4586 Addit
1010 4529 1163 4586 idem
1195 4531 1270 4587 du
1303 4533 1555 4606 Cangius
1586 4533 1738 4591 hanc
1783 4535 1957 4592 etiam
1987 4555 2034 4621 D

306 4623 491 4678 fuisse
511 4619 862 4678 sententiam
885 4617 1167 4692 Stephani
1189 4621 1486 4678 Paschasii
1510 4623 1612 4678 lib.
1643 4641 1743 4692 vn,
1766 4627 1952 4698 cap.2,

302 4709 710 4783 Disquisition.
751 4707 1074 4766 Francicar.
1107 4709 1207 4781 qui
1241 4710 1637 4784 perelegantes
1665 4714 1953 4785 quosdam

303 4797 484 4870 hujus
502 4798 710 4855 Leonis
722 4801 901 4870 poeta:
925 4814 1128 4854 versus
1141 4798 1502 4870 produxit.In
1523 4801 1788 4857 eamdem
1811 4819 1955 4874 quo-

303 4903 416 4957 que
449 4888 785 4958 opinionem
810 4887 1101 4944 concessit
1121 4886 1502 4943 doctissimus
1523 4888 1954 4962 Papebrochius

300 4974 362 5028 in
391 4976 788 5030 Act.Sanctor.
820 4977 893 5032 ad
929 4977 1082 5032 diem
1117 4993 1135 5030 1
1158 4975 1344 5046 Junii,
1369 4979 1425 5030 in
1460 4977 1588 5033 Vita
1617 4989 1953 5035 sanctorum

301 5061 564 5118 Gratiani
592 5067 648 5118 et
677 5062 884 5132 Felini,
917 5065 1239 5120 arbitratus
1257 5065 1560 5138 duntaxat,
1583 5067 1653 5122 ad
1678 5083 1955 5123 summam

294 5151 685 5222 perfectionem
713 5153 995 5209 adductos
1028 5153 1210 5210 fuisse
1267 5171 1365 5209 eos
1421 5171 1624 5212 versus
1672 5172 1706 5212 a
1763 5156 1952 5212 Leone

298 5235 520 5294 Gallico
552 5245 722 5312 poeta
749 5240 958 5295 saeculo
990 5241 1354 5297 duodecimo.
1393 5243 1462 5298 Et
1492 5243 1751 5314 profecto
1790 5243 1950 5316 [Egi-
1980 5297 1989 5302 _

297 5327 434 5382 dius
465 5325 812 5382 Parisiensis
867 5329 1018 5398 apud
1052 5330 1131 5384 du
1191 5329 1508 5385 Chesnium
1541 5333 1701 5385 tomo
1743 5331 1948 5402 quinto

298 5414 575 5485 Scriptor.
613 5414 837 5480 Franc.,
891 5432 1018 5488 pag.
1056 5416 1180 5484 323,
1237 5416 1390 5470 inter
1419 5417 1563 5472 alios
1621 5420 1825 5489 poetas
1856 5419 1948 5476 sui

295 5501 602 5572 temporis,
634 5500 744 5556 hoc
774 5505 862 5558 est
889 5504 961 5560 ab
1020 5521 1174 5562 anno
1207 5503 1334 5560 1191
1393 5505 1464 5560 ad
1497 5504 1637 5562 “98
1691 5523 1944 5566 comme-

296 5591 489 5654 morat
508 5605 528 5646 :

2147 542 2438 600 Ludentem
2466 543 2734 602 historiis.

2147 687 2303 741 Idem
2336 691 2534 743 autem
2567 687 2662 744 ille
2680 692 2769 744 est
2789 688 2889 761 qui
2910 689 2988 744 du
3003 688 3220 760 Cangio
3237 705 3303 746 ac
3334 689 3730 763 Papebrochio

2077 774 2372 842 laudatur,
2388 780 2455 830 ut
2471 777 2714 848 proinde
2727 794 2842 834 non
2867 781 3019 833 recte
3037 775 3218 834 veluti
3239 775 3500 836 diversos
3523 784 3730 852 poetas

2074 863 2248 918 hosce
2269 864 2485 934 putarit
2519 864 2866 938 Polycarpus
2881 867 3166 939 Leyserus
3189 865 3248 922 in
3284 867 3728 940 Histor.poetar.

2076 943 2255 1007 medii
2291 951 2420 1017 aevi,
2454 969 2617 1008 num.
2649 955 2720 1008 79
2775 958 2834 1010 et
2859 954 2948 1009 95.
2983 953 3370 1010 Doctissimus
3426 955 3728 1028 quondam

2074 1037 2298 1094 amicus
2331 1057 2496 1095 meus
2521 1039 2584 1095 D.
2621 1041 2844 1114 Gaspar
2870 1041 3134 1098 Berettus
3163 1042 3728 1111 Benedictimus,sm-

2075 1125 2208 1199 pius
2238 1128 2382 1184 mihi
2417 1127 2526 1184 hoc
2561 1127 2620 1184 in
2652 1145 2826 1202 opere
2853 1129 3154 1199 laudatus,
3186 1131 3260 1187 de
3293 1130 3564 1190 Leoninis
3595 1149 3729 1190 ver-

2073 1215 2240 1271 sibus
2261 1217 2435 1272 verba
2464 1216 2594 1272 fecit
2615 1217 2674 1272 in
2707 1217 3104 1291 Prolegomen.
3139 1219 3210 1275 ad
3230 1219 3497 1276 tabulam
3519 1221 3726 1278 choro-

2074 1305 2412 1376 graphicam
2445 1322 2622 1376 quam
2649 1306 2804 1362 edidi
2835 1312 2994 1362 tomo
3024 1306 3070 1361 X
3104 1307 3320 1364 Rerum
3346 1308 3601 1366 Italicar.
3636 1309 3726 1366 Ibi

2075 1411 2236 1448 num.
2270 1395 2358 1458 62,
2390 1411 2520 1466 pag.
2553 1383 2680 1466 417,
2712 1399 2928 1461 censet,
2962 1397 3229 1451 Leoninos
3259 1413 3442 1453 versus
3472 1397 3533 1454 in
3561 1397 3726 1456 Italia

2076 1484 2169 1536 vir
2194 1492 2312 1553 post
2342 1482 2841 1538 Norlhmannorum
2871 1483 3166 1540 adventum
3201 1487 3456 1556 componi
3481 1488 3720 1558 cepisse,

2074 1571 2181 1625 hoc
2213 1573 2302 1624 est
2331 1571 2543 1626 saeculo
2572 1569 2784 1627 Christi
2839 1572 3168 1628 undecimo.
3200 1575 3392 1646 Atque
3422 1575 3568 1631 adeo
3598 1580 3723 1632 tum

2075 1658 2193 1721 ille,
2226 1665 2350 1713 tum
2384 1659 2834 1731 Papebrochius,
2870 1661 3183 1730 Eccardus,
3227 1667 3285 1718 et
3312 1660 3433 1732 alii,
3468 1663 3726 1738 inscrip-

2073 1747 2263 1803 tiones
2294 1749 2605 1818 quasdam,
2659 1749 3036 1822 antiquorum
3067 1748 3416 1807 saeculorum
3446 1753 3724 1822 creditas,

2076 1835 2308 1892 nonnisi
2343 1841 2473 1908 post
2528 1854 2746 1893 annum
2781 1837 3124 1895 Christianae
3181 1857 3306 1896 aera;
3338 1840 3729 1898 millesimum

2075 1926 2366 1980 confectas
2397 1930 2747 1992 statuerunt,
2789 1927 2945 1998 quod
2993 1927 3262 1984 Leoninis
3291 1929 3556 1987 versibus
3581 1947 3728 1986 con-

2075 2017 2457 2079 starentQuae
2493 2031 2622 2070 mea
2650 2014 2708 2070 in
2738 2014 2892 2071 hanc
2911 2031 3034 2072 rem
3059 2017 3350 2074 sententia
3369 2017 3725 2092 sit,denique

2075 2102 2255 2158 lector
2285 2101 2550 2175 accipiat.
2585 2103 2776 2159 Primo
2807 2109 3029 2160 certum
3059 2109 3254 2163 statuo
3273 2122 3554 2164 versuum
3576 2123 3726 2180 quos

2074 2192 2340 2247 Leoninos
2370 2192 2596 2264 antiqui
2631 2198 3066 2266 nuncuparunt,
3100 2211 3206 2250 nos
3238 2197 3382 2252 versi
3409 2198 3606 2252 rimati
3634 2213 3728 2270 ap-

2075 2277 2385 2350 pellamus,
2416 2277 2700 2350 originem
2733 2296 2836 2336 seu
2890 2281 3286 2339 inventionem
3348 2299 3724 2358 nequaquam

2078 2367 2447 2424 tribuendam
2481 2385 2608 2425 esse
2643 2369 2817 2425 Leoni
2851 2369 3068 2436 illi,seu
3101 2371 3316 2428 Leonio
3347 2379 3528 2446 poeta
3570 2374 3724 2430 Pari-

2076 2456 2252 2512 siensi
2281 2462 2338 2510 et
2369 2457 2654 2512 monacho
2695 2459 3068 2515 Benedictino
3126 2461 3466 2518 monasterii
3525 2464 3725 2519 Sancti

2075 2544 2349 2610 Victoris,
2383 2545 2482 2616 qui
2517 2546 2749 2602 circiter
2777 2564 2998 2604 annum
3051 2547 3264 2604 Christi
3309 2549 3471 2620 4091,
3505 2553 3724 2608 ﬂoruit.

2077 2633 2160 2688 uti
2190 2639 2548 2689 censuerunt
2571 2635 2648 2688 du
2681 2635 2958 2708 Cangius,
2991 2635 3248 2692 Jacobus
3277 2638 3644 2707 Perizonius,
3675 2646 3731 2696 et

2077 2721 2194 2777 alii.
2231 2721 2652 2778 Praecesserant
2695 2723 2876 2792 enim,
2909 2723 3012 2796 qui
3059 2723 3404 2796 hujusmodi
3458 2727 3730 2786 versibus

2077 2810 2358 2877 luserant,
2391 2811 2510 2866 sive
2539 2810 2866 2884 rhythmos,
2918 2812 3038 2868 sive
3070 2818 3255 2870 metra
3311 2819 3730 2888 componentes

2077 2898 2296 2954 Deinde
2325 2915 2398 2954 an
2430 2899 2606 2956 istam
2648 2899 2855 2956 saltem
2908 2901 3276 2960 versiﬁcandi
3309 2905 3601 2960 rationem
3633 2905 3730 2961 ille

2075 2986 2401 3060 perfecerit,
2435 2987 2720 3044 incertum
2751 2989 2945 3046 adhuc
2983 3006 3112 3047 esse
3167 2993 3476 3048 contendo.
3509 2993 3650 3062 Sed,
3681 2993 3732 3050 si

2075 3075 2313 3148 quidem
2344 3074 2589 3148 gloriam
2613 3076 2870 3150 aliquam
2904 3078 2962 3132 in
2985 3077 3154 3134 illum
3184 3081 3449 3138 conferre
3476 3081 3731 3139 velimus

2076 3163 2303 3236 opinari
2336 3164 2423 3220 fas
2453 3164 2564 3220 erit
2592 3171 2694 3221 aut
2709 3166 2780 3221 ab
2808 3182 2874 3222 eo
2887 3165 3296 3226 elucubratum
3315 3169 3498 3226 fuisse
3518 3186 3732 3242 poema

2076 3257 2197 3308 tam
2228 3252 2581 3309 concinnum
2613 3259 2671 3310 et
2697 3253 3403 3330 elegans,verborumque
3430 3258 3546 3315 sibi
3578 3259 3730 3315 invi-

2073 3358 2198 3398 cem
2250 3342 2731 3414 respondentium
2760 3348 3047 3401 concentu
3067 3361 3369 3415 sonorum,
3401 3349 3469 3402 ut
3489 3363 3648 3404 unus
3669 3347 3730 3404 in

2074 3431 2460 3488 admiratione
2491 3431 2690 3504 populi
2717 3436 2900 3500 esset;
2935 3437 3038 3490 aut
3064 3433 3150 3490 ita
3177 3450 3278 3491 eos
3306 3451 3513 3492 versus
3535 3441 3730 3495 conte-

2071 3519 2292 3585 xuisse,
2327 3523 2392 3574 ut
2418 3536 2759 3592 quanquam
2791 3520 3033 3596 longum
3089 3537 3241 3596 opus
3271 3523 3607 3596 coniecerit,
3669 3527 3728 3582 in

2073 3607 2354 3664 clausulis
2384 3612 2580 3664 tamen
2609 3626 2886 3666 versuum
2935 3615 3282 3684 perpetuum
3338 3613 3632 3684 ordinem,
3663 3631 3730 3672 ac

2071 3699 2332 3754 similiter
2385 3698 2584 3754 cadens
2643 3698 2894 3756 duarum
2953 3699 3310 3774 syllabarum
3386 3704 3728 3772 servaverit,

2072 3787 2228 3858 quod
2260 3786 2506 3844 fortasse
2534 3804 2706 3844 nemo
2737 3793 2870 3845 ante
2908 3805 3042 3846 eum
3073 3790 3240 3862 plene
3298 3790 3490 3848 fuerat
3545 3809 3730 3852 ausus

2073 3875 2242 3947 Nam,
2275 3881 2342 3932 ut
2369 3877 2646 3949 praefatus
2696 3894 2852 3948 sum,
2913 3879 3178 3953 plerique
3209 3887 3468 3939 veterum
3499 3883 3563 3939 in
3613 3901 3732 3942 una

2072 3963 2681 4038 syllaba,consonante
2705 3982 2838 4022 cum
2872 3965 3075 4037 altera,
3105 3973 3455 4027 concentum
3483 3987 3730 4030 suorum

2071 4053 2485 4126 rhythmorum
2517 4059 2618 4111 aut
2647 4058 2968 4113 metrorum
3012 4056 3392 4116 collocarunt.
3454 4059 3730 4136 Plerique

2073 4141 2249 4198 etiam
2281 4160 2396 4200 non
2429 4144 2490 4199 in
2523 4144 2638 4200 ﬁne
2663 4145 3033 4218 geminorum
3061 4149 3470 4216 versuum,sed
3499 4150 3561 4206 in
3593 4149 3724 4224 ipso

2070 4248 2239 4288 versu
2255 4231 2445 4305 (cujus
2461 4233 2719 4306 primum
2735 4237 3064 4292 membrum
3077 4237 3462 4310 subsequenti
3477 4255 3725 4312 respone

2071 4320 2264 4390 debat)
2291 4321 2439 4377 hanc
2467 4321 2701 4378 aurium
2720 4323 3166 4382 oblectationem
3183 4325 3724 4400 conquisiere.0ue

2069 4409 2267 4464 omnia
2297 4410 2578 4484 exemplis
2597 4412 3009 4470 confirmatum
3041 4431 3128 4470 eo.

2139 4499 2260 4554 Sub
2293 4499 2468 4555 ﬁnem
2499 4500 2742 4556 szeculia
2771 4500 2997 4558 Christo
3027 4508 3164 4560 nato
3186 4503 3333 4560 sexti
3354 4505 3562 4564 ﬂoruit
3585 4525 3726 4566 san-

2067 4589 2196 4642 ctus
2225 4587 2644 4658 Columbanus,
2675 4588 3093 4648 celeberrimus
3122 4592 3220 4649 ille
3264 4594 3576 4654 Bobiensia
3605 4615 3726 4656 caa-

2065 4676 2222 4731 nobii
2257 4676 2573 4732 institutor.
2604 4679 2763 4734 Inter
2792 4679 2920 4750 ejus
2941 4681 3130 4754 Opera
3159 4681 3374 4756 legitur
3401 4684 3723 4758 rhythmos

2063 4766 2138 4821 De
2166 4767 2408 4822 vanitate
2436 4766 2691 4836 vitw,ubi
2723 4766 3032 4841 plerosque
3062 4787 3264 4828 versus
3291 4779 3725 4847 ὀμοιοτέλευτους,

2063 4855 2380 4911 cernimus.
2410 4855 2670 4928 Exempli
2703 4873 2917 4913 causa:

2134 4999 2529 5069 Di/i‘erentibus
2561 4999 2730 5056 vitam
2757 5016 2903 5056 mors
2934 5003 3145 5059 incerta
3170 5005 3406 5076 surripit
3431 5023 3446 5062 :

2133 5085 2327 5142 Omnes
2355 5088 2632 5160 superbos,
2665 5106 2828 5159 vagos
2854 5107 3056 5148 maeror
3085 5094 3281 5150 mortis
3310 5096 3570 5168 corripit,
3603 5101 3716 5169 etc.

2128 5172 2387 5246 Plerique
2411 5178 2654 5248 perpessi
2681 5181 2810 5233 sunt
2830 5195 3122 5251 pwnarum
3151 5181 3428 5252 incendia,

2137 5264 2441 5320 Voluntatis
2471 5266 2699 5322 lubrice
2728 5267 2968 5326 nolentes
2997 5269 3306 5342 dispendia,
3329 5277 3440 5332 etc.

2057 5421 2334 5494 Reliquos
2353 5423 2579 5480 omitto.
2601 5426 2710 5492 Qui
2733 5444 2873 5486 sane
2893 5431 2943 5486 si
2957 5427 3388 5494 Columbanum
3404 5443 3710 5500 auctorem

2054 5510 2293 5578 habent,
2329 5510 2803 5584 antiquissimam
2833 5519 3094 5592 praebent
3121 5537 3404 5584 versuum
3435 5529 3714 5590 similiter

2054 5598 2388 5660 cadentium
2418 5601 2688 5666 formam.
2715 5605 2807 5666 Sic
2837 5607 2990 5667 inter
3017 5606 3207 5689 Opera
3229 5613 3396 5677 Bedes
3427 5615 3715 5708 leguntur
