  <div class='ocr_page' id='page_1' title='image "/cluster/home/n/w/nwhite01/storage/ocr_20150623/151/uva.x000829795/414.png"; bbox 0 0 3896 6216; ppageno 0'>
   <div class='ocr_carea' id='block_1_1' title="bbox 172 287 269 352">
    <p class='ocr_par' dir='ltr' id='par_1_1' title="bbox 172 287 269 352">
     <span class='ocr_line' id='line_1_1' title="bbox 172 287 269 352; baseline -0.041 -1"><span class='ocrx_word' id='word_1_1' title='bbox 172 287 269 352; x_wconf 70' lang='grc'><strong>781</strong></span> 
     </span>
    </p>
   </div>
   <div class='ocr_carea' id='block_1_2' title="bbox 170 499 1153 573">
    <p class='ocr_par' dir='ltr' id='par_1_2' title="bbox 170 499 1153 573">
     <span class='ocr_line' id='line_1_2' title="bbox 170 499 1153 573; baseline -0.007 -11"><span class='ocrx_word' id='word_1_2' title='bbox 170 509 378 562; x_wconf 85' lang='lat' dir='ltr'><strong>centum</strong></span> <span class='ocrx_word' id='word_1_3' title='bbox 404 500 591 558; x_wconf 81' lang='lat' dir='ltr'><strong>audis.</strong></span> <span class='ocrx_word' id='word_1_4' title='bbox 610 500 839 556; x_wconf 86' lang='lat' dir='ltr'><strong>Priores</strong></span> <span class='ocrx_word' id='word_1_5' title='bbox 870 499 1116 573; x_wconf 82' lang='lat' dir='ltr'><strong>accipito</strong></span> <span class='ocrx_word' id='word_1_6' title='bbox 1141 516 1153 555; x_wconf 93' lang='lat'><strong>:</strong></span> 
     </span>
    </p>
   </div>
   <div class='ocr_carea' id='block_1_3' title="bbox 170 607 1531 668">
    <p class='ocr_par' dir='ltr' id='par_1_3' title="bbox 170 607 1531 668">
     <span class='ocr_line' id='line_1_3' title="bbox 170 607 1531 668; baseline -0.006 1"><span class='ocrx_word' id='word_1_7' title='bbox 170 612 442 668; x_wconf 77' lang='lat' dir='ltr'><strong>Adventum</strong></span> <span class='ocrx_word' id='word_1_8' title='bbox 461 608 680 662; x_wconf 81' lang='lat' dir='ltr'><strong>Domini</strong></span> <span class='ocrx_word' id='word_1_9' title='bbox 707 622 816 661; x_wconf 84' lang='lat' dir='ltr'><strong>non</strong></span> <span class='ocrx_word' id='word_1_10' title='bbox 844 610 923 662; x_wconf 88' lang='lat' dir='ltr'><strong>est</strong></span> <span class='ocrx_word' id='word_1_11' title='bbox 950 607 1222 661; x_wconf 86' lang='lat' dir='ltr'><strong>celebrare</strong></span> <span class='ocrx_word' id='word_1_12' title='bbox 1250 607 1531 661; x_wconf 87' lang='lat' dir='ltr'><strong>Decembri</strong></span> 
     </span>
    </p>
   </div>
   <div class='ocr_carea' id='block_1_4' title="bbox 165 694 1784 767">
    <p class='ocr_par' dir='ltr' id='par_1_4' title="bbox 165 694 1784 767">
     <span class='ocr_line' id='line_1_4' title="bbox 165 694 1784 767; baseline -0.006 -10"><span class='ocrx_word' id='word_1_13' title='bbox 165 702 276 757; x_wconf 89' lang='lat' dir='ltr'><strong>Post</strong></span> <span class='ocrx_word' id='word_1_14' title='bbox 302 705 476 755; x_wconf 83' lang='lat' dir='ltr'><strong>temas</strong></span> <span class='ocrx_word' id='word_1_15' title='bbox 503 696 703 760; x_wconf 86' lang='lat' dir='ltr'><strong>Nonas,</strong></span> <span class='ocrx_word' id='word_1_16' title='bbox 738 711 910 767; x_wconf 81' lang='lat' dir='ltr'><strong>neque</strong></span> <span class='ocrx_word' id='word_1_17' title='bbox 939 696 1158 767; x_wconf 80' lang='lat' dir='ltr'><strong>quintus</strong></span> <span class='ocrx_word' id='word_1_18' title='bbox 1204 701 1330 751; x_wconf 85' lang='lat' dir='ltr'><strong>ante</strong></span> <span class='ocrx_word' id='word_1_19' title='bbox 1354 694 1644 761; x_wconf 73' lang='lat' dir='ltr'><strong>Kalendas,</strong></span> <span class='ocrx_word' id='word_1_20' title='bbox 1677 696 1784 749; x_wconf 85' lang='lat' dir='ltr'><strong>etc.</strong></span> 
     </span>
    </p>
   </div>
   <div class='ocr_carea' id='block_1_5' title="bbox 166 800 1790 873">
    <p class='ocr_par' dir='ltr' id='par_1_5' title="bbox 166 800 1790 873">
     <span class='ocr_line' id='line_1_5' title="bbox 166 800 1790 873; baseline -0.006 -11"><span class='ocrx_word' id='word_1_21' title='bbox 166 806 263 863; x_wconf 90' lang='lat' dir='ltr'><strong>Sed</strong></span> <span class='ocrx_word' id='word_1_22' title='bbox 291 807 345 859; x_wconf 91' lang='lat' dir='ltr'><strong>et</strong></span> <span class='ocrx_word' id='word_1_23' title='bbox 372 804 608 859; x_wconf 87' lang='lat' dir='ltr'><strong>sanctus</strong></span> <span class='ocrx_word' id='word_1_24' title='bbox 638 800 973 858; x_wconf 77' lang='lat' dir='ltr'><strong>Bonifacius</strong></span> <span class='ocrx_word' id='word_1_25' title='bbox 993 801 1375 873; x_wconf 86' lang='lat' dir='ltr'><strong>Moguntinus</strong></span> <span class='ocrx_word' id='word_1_26' title='bbox 1401 800 1713 872; x_wconf 88' lang='lat' dir='ltr'><strong>episcopus</strong></span> <span class='ocrx_word' id='word_1_27' title='bbox 1734 802 1790 854; x_wconf 90' lang='lat' dir='ltr'><strong>ct</strong></span> 
     </span>
    </p>
   </div>
   <div class='ocr_carea' id='block_1_6' title="bbox 164 887 1787 964">
    <p class='ocr_par' dir='ltr' id='par_1_6' title="bbox 164 887 1787 964">
     <span class='ocr_line' id='line_1_6' title="bbox 164 887 1787 964; baseline -0.005 -15"><span class='ocrx_word' id='word_1_28' title='bbox 164 896 380 964; x_wconf 81' lang='lat' dir='ltr'><strong>martyr,</strong></span> <span class='ocrx_word' id='word_1_29' title='bbox 410 907 590 962; x_wconf 80' lang='lat' dir='ltr'><strong>supra</strong></span> <span class='ocrx_word' id='word_1_30' title='bbox 618 889 765 945; x_wconf 87' lang='lat' dir='ltr'><strong>mihi</strong></span> <span class='ocrx_word' id='word_1_31' title='bbox 796 888 1165 956; x_wconf 86' lang='lat' dir='ltr'><strong>laudatus,in</strong></span> <span class='ocrx_word' id='word_1_32' title='bbox 1196 888 1445 959; x_wconf 85' lang='lat' dir='ltr'><strong>epistola</strong></span> <span class='ocrx_word' id='word_1_33' title='bbox 1467 887 1787 961; x_wconf 84' lang='lat' dir='ltr'><strong>prima,cir—</strong></span> 
     </span>
    </p>
   </div>
   <div class='ocr_carea' id='block_1_7' title="bbox 166 978 1791 1050">
    <p class='ocr_par' dir='ltr' id='par_1_7' title="bbox 166 978 1791 1050">
     <span class='ocr_line' id='line_1_7' title="bbox 166 978 1791 1050; baseline -0.004 -12"><span class='ocrx_word' id='word_1_34' title='bbox 166 982 292 1038; x_wconf 83' lang='lat' dir='ltr'><strong>citer</strong></span> <span class='ocrx_word' id='word_1_35' title='bbox 315 995 524 1036; x_wconf 87' lang='lat' dir='ltr'><strong>annum</strong></span> <span class='ocrx_word' id='word_1_36' title='bbox 559 980 666 1035; x_wconf 88' lang='lat'><strong>780</strong></span> <span class='ocrx_word' id='word_1_37' title='bbox 697 978 1393 1050; x_wconf 75' lang='lat' dir='ltr'><strong>conscripta,rhytl1mum</strong></span> <span class='ocrx_word' id='word_1_38' title='bbox 1428 978 1791 1045; x_wconf 78' lang='lat' dir='ltr'><strong>etl‘udit,con-</strong></span> 
     </span>
    </p>
   </div>
   <div class='ocr_carea' id='block_1_8' title="bbox 167 1068 986 1127">
    <p class='ocr_par' dir='ltr' id='par_1_8' title="bbox 167 1068 986 1127">
     <span class='ocr_line' id='line_1_8' title="bbox 167 1068 986 1127; baseline -0.006 0"><span class='ocrx_word' id='word_1_39' title='bbox 167 1070 308 1127; x_wconf 89' lang='lat' dir='ltr'><strong>sonis</strong></span> <span class='ocrx_word' id='word_1_40' title='bbox 333 1068 573 1125; x_wconf 82' lang='lat' dir='ltr'><strong>vocibus</strong></span> <span class='ocrx_word' id='word_1_41' title='bbox 603 1068 948 1123; x_wconf 84' lang='lat' dir='ltr'><strong>distinctum</strong></span> <span class='ocrx_word' id='word_1_42' title='bbox 974 1083 986 1122; x_wconf 95' lang='lat'><strong>:</strong></span> 
     </span>
    </p>
   </div>
   <div class='ocr_carea' id='block_1_9' title="bbox 602 1156 1306 1228">
    <p class='ocr_par' dir='ltr' id='par_1_9' title="bbox 602 1156 1306 1228">
     <span class='ocr_line' id='line_1_9' title="bbox 602 1156 1306 1228; baseline -0.003 -17"><span class='ocrx_word' id='word_1_43' title='bbox 602 1157 746 1223; x_wconf 75' lang='lat' dir='ltr'><strong>Vale,</strong></span> <span class='ocrx_word' id='word_1_44' title='bbox 778 1158 955 1228; x_wconf 86' lang='lat' dir='ltr'><strong>frater</strong></span> <span class='ocrx_word' id='word_1_45' title='bbox 982 1156 1306 1226; x_wconf 79' lang='lat' dir='ltr'><strong>ﬂorentibus</strong></span> 
     </span>
    </p>
   </div>
   <div class='ocr_carea' id='block_1_10' title="bbox 599 1245 1296 1302">
    <p class='ocr_par' dir='ltr' id='par_1_10' title="bbox 599 1245 1296 1302">
     <span class='ocr_line' id='line_1_10' title="bbox 599 1245 1296 1302; baseline -0.004 -1"><span class='ocrx_word' id='word_1_46' title='bbox 599 1246 910 1302; x_wconf 74' lang='lat' dir='ltr'><strong>Iuventutis</strong></span> <span class='ocrx_word' id='word_1_47' title='bbox 936 1260 1059 1300; x_wconf 88' lang='lat' dir='ltr'><strong>cum</strong></span> <span class='ocrx_word' id='word_1_48' title='bbox 1088 1245 1296 1299; x_wconf 85' lang='lat' dir='ltr'><strong>viribus</strong></span> 
     </span>
    </p>
   </div>
   <div class='ocr_carea' id='block_1_11' title="bbox 602 1334 1295 1404">
    <p class='ocr_par' dir='ltr' id='par_1_11' title="bbox 602 1334 1295 1404">
     <span class='ocr_line' id='line_1_11' title="bbox 602 1334 1295 1404; baseline -0.006 -14"><span class='ocrx_word' id='word_1_49' title='bbox 602 1334 665 1390; x_wconf 85' lang='lat' dir='ltr'><strong>Ut</strong></span> <span class='ocrx_word' id='word_1_50' title='bbox 693 1336 892 1404; x_wconf 81' lang='lat' dir='ltr'><strong>ﬂorens</strong></span> <span class='ocrx_word' id='word_1_51' title='bbox 922 1350 1046 1387; x_wconf 86' lang='lat' dir='ltr'><strong>cum</strong></span> <span class='ocrx_word' id='word_1_52' title='bbox 1066 1334 1295 1389; x_wconf 87' lang='lat' dir='ltr'><strong>Domino</strong></span> 
     </span>
    </p>
   </div>
   <div class='ocr_carea' id='block_1_12' title="bbox 596 1424 1344 1494">
    <p class='ocr_par' dir='ltr' id='par_1_12' title="bbox 596 1424 1344 1494">
     <span class='ocr_line' id='line_1_12' title="bbox 596 1424 1344 1494; baseline -0.004 -15"><span class='ocrx_word' id='word_1_53' title='bbox 596 1425 657 1479; x_wconf 91' lang='lat' dir='ltr'><strong>In</strong></span> <span class='ocrx_word' id='word_1_54' title='bbox 688 1424 1018 1494; x_wconf 84' lang='lat' dir='ltr'><strong>sempiterno</strong></span> <span class='ocrx_word' id='word_1_55' title='bbox 1045 1424 1204 1489; x_wconf 91' lang='lat' dir='ltr'><strong>solio,</strong></span> <span class='ocrx_word' id='word_1_56' title='bbox 1234 1426 1344 1477; x_wconf 87' lang='lat' dir='ltr'><strong>etc.</strong></span> 
     </span>
    </p>
   </div>
   <div class='ocr_carea' id='block_1_13' title="bbox 155 1535 1790 1610">
    <p class='ocr_par' dir='ltr' id='par_1_13' title="bbox 155 1535 1790 1610">
     <span class='ocr_line' id='line_1_13' title="bbox 155 1535 1790 1610; baseline -0.002 -17"><span class='ocrx_word' id='word_1_57' title='bbox 155 1544 284 1594; x_wconf 86' lang='lat' dir='ltr'><strong>Tum</strong></span> <span class='ocrx_word' id='word_1_58' title='bbox 313 1538 367 1594; x_wconf 92' lang='lat' dir='ltr'><strong>in</strong></span> <span class='ocrx_word' id='word_1_59' title='bbox 390 1538 639 1610; x_wconf 83' lang='lat' dir='ltr'><strong>epistola</strong></span> <span class='ocrx_word' id='word_1_60' title='bbox 667 1539 739 1591; x_wconf 72' lang='lat'><strong>69</strong></span> <span class='ocrx_word' id='word_1_61' title='bbox 771 1538 1033 1594; x_wconf 81' lang='lat' dir='ltr'><strong>carmina</strong></span> <span class='ocrx_word' id='word_1_62' title='bbox 1064 1542 1317 1609; x_wconf 79' lang='lat' dir='ltr'><strong>quatuor</strong></span> <span class='ocrx_word' id='word_1_63' title='bbox 1346 1536 1610 1607; x_wconf 78' lang='lat' dir='ltr'><strong>ejusdem</strong></span> <span class='ocrx_word' id='word_1_64' title='bbox 1648 1535 1790 1590; x_wconf 78' lang='lat' dir='ltr'><strong>refe-</strong></span> 
     </span>
    </p>
   </div>
   <div class='ocr_carea' id='block_1_14' title="bbox 160 1624 1793 1700">
    <p class='ocr_par' dir='ltr' id='par_1_14' title="bbox 160 1624 1793 1700">
     <span class='ocr_line' id='line_1_14' title="bbox 160 1624 1793 1700; baseline -0.003 -18"><span class='ocrx_word' id='word_1_65' title='bbox 160 1626 627 1700; x_wconf 87' lang='lat' dir='ltr'><strong>runtur,geminis</strong></span> <span class='ocrx_word' id='word_1_66' title='bbox 642 1626 908 1682; x_wconf 78' lang='lat' dir='ltr'><strong>versibus</strong></span> <span class='ocrx_word' id='word_1_67' title='bbox 921 1625 1098 1683; x_wconf 88' lang='lat' dir='ltr'><strong>simili</strong></span> <span class='ocrx_word' id='word_1_68' title='bbox 1114 1642 1256 1681; x_wconf 89' lang='lat' dir='ltr'><strong>sono</strong></span> <span class='ocrx_word' id='word_1_69' title='bbox 1280 1624 1793 1697; x_wconf 79' lang='lat' dir='ltr'><strong>respondentibus,</strong></span> 
     </span>
    </p>
   </div>
   <div class='ocr_carea' id='block_1_15' title="bbox 157 1712 1793 1788">
    <p class='ocr_par' dir='ltr' id='par_1_15' title="bbox 157 1712 1793 1788">
     <span class='ocr_line' id='line_1_15' title="bbox 157 1712 1793 1788; baseline -0.002 -17"><span class='ocrx_word' id='word_1_70' title='bbox 157 1716 245 1771; x_wconf 86' lang='lat' dir='ltr'><strong>sed</strong></span> <span class='ocrx_word' id='word_1_71' title='bbox 274 1715 352 1771; x_wconf 88' lang='lat' dir='ltr'><strong>ita</strong></span> <span class='ocrx_word' id='word_1_72' title='bbox 380 1719 460 1781; x_wconf 91' lang='lat' dir='ltr'><strong>ut,</strong></span> <span class='ocrx_word' id='word_1_73' title='bbox 484 1731 830 1788; x_wconf 77' lang='lat' dir='ltr'><strong>quanquam</strong></span> <span class='ocrx_word' id='word_1_74' title='bbox 866 1714 981 1770; x_wconf 80' lang='lat' dir='ltr'><strong>fere</strong></span> <span class='ocrx_word' id='word_1_75' title='bbox 1015 1731 1245 1786; x_wconf 83' lang='lat' dir='ltr'><strong>semper</strong></span> <span class='ocrx_word' id='word_1_76' title='bbox 1275 1712 1541 1785; x_wconf 78' lang='lat' dir='ltr'><strong>dactylus</strong></span> <span class='ocrx_word' id='word_1_77' title='bbox 1560 1728 1793 1768; x_wconf 88' lang='lat' dir='ltr'><strong>versum</strong></span> 
     </span>
    </p>
   </div>
   <div class='ocr_carea' id='block_1_16' title="bbox 159 1775 1875 1876">
    <p class='ocr_par' dir='ltr' id='par_1_16' title="bbox 159 1775 1875 1876">
     <span class='ocr_line' id='line_1_16' title="bbox 159 1775 1875 1876; baseline -0.003 -16"><span class='ocrx_word' id='word_1_78' title='bbox 159 1775 525 1876; x_wconf 71' lang='lat' dir='ltr'><strong>claudat,duae</strong></span> <span class='ocrx_word' id='word_1_79' title='bbox 559 1775 788 1859; x_wconf 73' lang='lat' dir='ltr'><strong>tantum</strong></span> <span class='ocrx_word' id='word_1_80' title='bbox 813 1808 1118 1876; x_wconf 79' lang='lat' dir='ltr'><strong>postremae</strong></span> <span class='ocrx_word' id='word_1_81' title='bbox 1144 1775 1386 1874; x_wconf 73' lang='lat' dir='ltr'><strong>syllabae</strong></span> <span class='ocrx_word' id='word_1_82' title='bbox 1410 1775 1634 1857; x_wconf 74' lang='lat' dir='ltr'><strong>similes</strong></span> <span class='ocrx_word' id='word_1_83' title='bbox 1655 1800 1794 1857; x_wconf 89' lang='lat' dir='ltr'><strong>sint.</strong></span> <span class='ocrx_word' id='word_1_84' title='bbox 1827 1775 1875 1839; x_wconf 79' lang='grc' dir='ltr'><strong>Β</strong></span> 
     </span>
    </p>
   </div>
   <div class='ocr_carea' id='block_1_17' title="bbox 159 1892 750 1966">
    <p class='ocr_par' dir='ltr' id='par_1_17' title="bbox 159 1892 750 1966">
     <span class='ocr_line' id='line_1_17' title="bbox 159 1892 750 1966; baseline 0 -18"><span class='ocrx_word' id='word_1_85' title='bbox 159 1892 446 1965; x_wconf 89' lang='lat' dir='ltr'><strong>Specimen</strong></span> <span class='ocrx_word' id='word_1_86' title='bbox 478 1892 712 1966; x_wconf 86' lang='lat' dir='ltr'><strong>profero</strong></span> <span class='ocrx_word' id='word_1_87' title='bbox 738 1911 750 1948; x_wconf 90' lang='lat'><strong>:</strong></span> 
     </span>
    </p>
   </div>
   <div class='ocr_carea' id='block_1_18' title="bbox 601 1981 1322 2041">
    <p class='ocr_par' dir='ltr' id='par_1_18' title="bbox 601 1981 1322 2041">
     <span class='ocr_line' id='line_1_18' title="bbox 601 1981 1322 2041; baseline -0.006 -3"><span class='ocrx_word' id='word_1_88' title='bbox 601 1985 893 2041; x_wconf 86' lang='lat' dir='ltr'><strong>Summum</strong></span> <span class='ocrx_word' id='word_1_89' title='bbox 924 1988 1155 2035; x_wconf 76' lang='lat' dir='ltr'><strong>sutorem</strong></span> <span class='ocrx_word' id='word_1_90' title='bbox 1180 1981 1322 2035; x_wconf 88' lang='lat' dir='ltr'><strong>solia</strong></span> 
     </span>
    </p>
   </div>
   <div class='ocr_carea' id='block_1_19' title="bbox 606 2068 1319 2140">
    <p class='ocr_par' dir='ltr' id='par_1_19' title="bbox 606 2068 1319 2140">
     <span class='ocr_line' id='line_1_19' title="bbox 606 2068 1319 2140; baseline 0 -18"><span class='ocrx_word' id='word_1_91' title='bbox 606 2069 757 2125; x_wconf 84' lang='lat' dir='ltr'><strong>Sedet</strong></span> <span class='ocrx_word' id='word_1_92' title='bbox 787 2071 883 2140; x_wconf 82' lang='lat' dir='ltr'><strong>qui</strong></span> <span class='ocrx_word' id='word_1_93' title='bbox 909 2085 1009 2140; x_wconf 87' lang='lat' dir='ltr'><strong>per</strong></span> <span class='ocrx_word' id='word_1_94' title='bbox 1040 2068 1319 2134; x_wconf 70' lang='lat' dir='ltr'><strong>a’lhrulia,</strong></span> 
     </span>
    </p>
   </div>
   <div class='ocr_carea' id='block_1_20' title="bbox 603 2157 1202 2229">
    <p class='ocr_par' dir='ltr' id='par_1_20' title="bbox 603 2157 1202 2229">
     <span class='ocr_line' id='line_1_20' title="bbox 603 2157 1202 2229; baseline -0.002 -16"><span class='ocrx_word' id='word_1_95' title='bbox 603 2159 642 2213; x_wconf 86' lang='lat' dir='ltr'><em>A</em></span> <span class='ocrx_word' id='word_1_96' title='bbox 656 2159 722 2214; x_wconf 89' lang='lat' dir='ltr'><strong>lti</strong></span> <span class='ocrx_word' id='word_1_97' title='bbox 750 2158 959 2229; x_wconf 79' lang='lat' dir='ltr'><strong>olympi</strong></span> <span class='ocrx_word' id='word_1_98' title='bbox 984 2157 1202 2212; x_wconf 76' lang='lat' dir='ltr'><strong>arcibus</strong></span> 
     </span>
    </p>
   </div>
   <div class='ocr_carea' id='block_1_21' title="bbox 607 2246 1425 2312">
    <p class='ocr_par' dir='ltr' id='par_1_21' title="bbox 607 2246 1425 2312">
     <span class='ocr_line' id='line_1_21' title="bbox 607 2246 1425 2312; baseline -0.004 -10"><span class='ocrx_word' id='word_1_99' title='bbox 607 2247 928 2302; x_wconf 83' lang='lat' dir='ltr'><strong>Obvallatus</strong></span> <span class='ocrx_word' id='word_1_100' title='bbox 954 2246 1282 2312; x_wconf 71' lang='lat' dir='ltr'><strong>minacibus,</strong></span> <span class='ocrx_word' id='word_1_101' title='bbox 1316 2248 1425 2301; x_wconf 88' lang='lat' dir='ltr'><strong>etc.</strong></span> 
     </span>
    </p>
   </div>
   <div class='ocr_carea' id='block_1_22' title="bbox 154 2361 1799 2433">
    <p class='ocr_par' dir='ltr' id='par_1_22' title="bbox 154 2361 1799 2433">
     <span class='ocr_line' id='line_1_22' title="bbox 154 2361 1799 2433; baseline -0.002 -16"><span class='ocrx_word' id='word_1_102' title='bbox 154 2361 231 2417; x_wconf 89' lang='lat' dir='ltr'><strong>Ita</strong></span> <span class='ocrx_word' id='word_1_103' title='bbox 255 2379 507 2431; x_wconf 85' lang='lat' dir='ltr'><strong>vero,me</strong></span> <span class='ocrx_word' id='word_1_104' title='bbox 541 2362 695 2419; x_wconf 89' lang='lat' dir='ltr'><strong>Deus</strong></span> <span class='ocrx_word' id='word_1_105' title='bbox 726 2361 1188 2433; x_wconf 87' lang='lat' dir='ltr'><strong>amet,cuiquam</strong></span> <span class='ocrx_word' id='word_1_106' title='bbox 1222 2361 1513 2416; x_wconf 83' lang='lat' dir='ltr'><strong>dubitatio</strong></span> <span class='ocrx_word' id='word_1_107' title='bbox 1561 2376 1799 2417; x_wconf 89' lang='lat' dir='ltr'><strong>succur-</strong></span> 
     </span>
    </p>
   </div>
   <div class='ocr_carea' id='block_1_23' title="bbox 154 2447 1801 2522">
    <p class='ocr_par' dir='ltr' id='par_1_23' title="bbox 154 2447 1801 2522">
     <span class='ocr_line' id='line_1_23' title="bbox 154 2447 1801 2522; baseline -0.002 -17"><span class='ocrx_word' id='word_1_108' title='bbox 154 2455 393 2518; x_wconf 87' lang='lat' dir='ltr'><strong>ret,num</strong></span> <span class='ocrx_word' id='word_1_109' title='bbox 423 2455 588 2507; x_wconf 90' lang='lat' dir='ltr'><strong>tanta</strong></span> <span class='ocrx_word' id='word_1_110' title='bbox 609 2454 868 2506; x_wconf 84' lang='lat' dir='ltr'><strong>vetustas</strong></span> <span class='ocrx_word' id='word_1_111' title='bbox 900 2449 1191 2522; x_wconf 84' lang='lat' dir='ltr'><strong>ejusmodi</strong></span> <span class='ocrx_word' id='word_1_112' title='bbox 1216 2448 1578 2505; x_wconf 84' lang='lat' dir='ltr'><strong>carminibus</strong></span> <span class='ocrx_word' id='word_1_113' title='bbox 1604 2448 1679 2503; x_wconf 78' lang='lat' dir='ltr'><strong>sit</strong></span> <span class='ocrx_word' id='word_1_114' title='bbox 1702 2447 1801 2502; x_wconf 85' lang='lat' dir='ltr'><strong>tri-</strong></span> 
     </span>
    </p>
   </div>
   <div class='ocr_carea' id='block_1_24' title="bbox 154 2538 1800 2611">
    <p class='ocr_par' dir='ltr' id='par_1_24' title="bbox 154 2538 1800 2611">
     <span class='ocr_line' id='line_1_24' title="bbox 154 2538 1800 2611; baseline -0.001 -18"><span class='ocrx_word' id='word_1_115' title='bbox 154 2539 617 2596; x_wconf 84' lang='lat' dir='ltr'><strong>buenda.Verum</strong></span> <span class='ocrx_word' id='word_1_116' title='bbox 648 2539 954 2595; x_wconf 78' lang='lat' dir='ltr'><strong>dubitandi</strong></span> <span class='ocrx_word' id='word_1_117' title='bbox 982 2539 1113 2594; x_wconf 82' lang='lat' dir='ltr'><strong>ﬁnis</strong></span> <span class='ocrx_word' id='word_1_118' title='bbox 1135 2538 1244 2594; x_wconf 88' lang='lat' dir='ltr'><strong>erit</strong></span> <span class='ocrx_word' id='word_1_119' title='bbox 1265 2539 1313 2594; x_wconf 91' lang='lat' dir='ltr'><strong>si</strong></span> <span class='ocrx_word' id='word_1_120' title='bbox 1334 2539 1800 2611; x_wconf 55' lang='lat' dir='ltr'><strong>{ntiphonarium</strong></span> 
     </span>
    </p>
   </div>
   <div class='ocr_carea' id='block_1_25' title="bbox 157 2627 1803 2701">
    <p class='ocr_par' dir='ltr' id='par_1_25' title="bbox 157 2627 1803 2701">
     <span class='ocr_line' id='line_1_25' title="bbox 157 2627 1803 2701; baseline -0.001 -19"><span class='ocrx_word' id='word_1_121' title='bbox 157 2630 531 2697; x_wconf 85' lang='lat' dir='ltr'><strong>Benehorense,</strong></span> <span class='ocrx_word' id='word_1_122' title='bbox 567 2647 601 2684; x_wconf 91' lang='lat' dir='ltr'><strong>a</strong></span> <span class='ocrx_word' id='word_1_123' title='bbox 631 2646 743 2699; x_wconf 90' lang='lat' dir='ltr'><strong>me,</strong></span> <span class='ocrx_word' id='word_1_124' title='bbox 778 2633 842 2684; x_wconf 91' lang='lat' dir='ltr'><strong>ut</strong></span> <span class='ocrx_word' id='word_1_125' title='bbox 871 2645 1050 2700; x_wconf 89' lang='lat' dir='ltr'><strong>supra</strong></span> <span class='ocrx_word' id='word_1_126' title='bbox 1070 2627 1210 2696; x_wconf 81' lang='lat' dir='ltr'><strong>dixi,</strong></span> <span class='ocrx_word' id='word_1_127' title='bbox 1237 2627 1573 2701; x_wconf 86' lang='lat' dir='ltr'><strong>evulgatum</strong></span> <span class='ocrx_word' id='word_1_128' title='bbox 1596 2643 1803 2683; x_wconf 89' lang='lat' dir='ltr'><strong>consu-</strong></span> 
     </span>
    </p>
   </div>
   <div class='ocr_carea' id='block_1_26' title="bbox 153 2714 1799 2787">
    <p class='ocr_par' dir='ltr' id='par_1_26' title="bbox 153 2714 1799 2787">
     <span class='ocr_line' id='line_1_26' title="bbox 153 2714 1799 2787; baseline 0 -19"><span class='ocrx_word' id='word_1_129' title='bbox 153 2714 404 2787; x_wconf 88' lang='lat' dir='ltr'><strong>let,quod</strong></span> <span class='ocrx_word' id='word_1_130' title='bbox 436 2721 590 2771; x_wconf 88' lang='lat' dir='ltr'><strong>certe</strong></span> <span class='ocrx_word' id='word_1_131' title='bbox 621 2714 830 2770; x_wconf 67' lang='lat' dir='ltr'><strong>sacculo</strong></span> <span class='ocrx_word' id='word_1_132' title='bbox 862 2714 1132 2786; x_wconf 88' lang='lat' dir='ltr'><strong>septimo,</strong></span> <span class='ocrx_word' id='word_1_133' title='bbox 1169 2719 1269 2769; x_wconf 90' lang='lat' dir='ltr'><strong>aut</strong></span> <span class='ocrx_word' id='word_1_134' title='bbox 1312 2730 1613 2769; x_wconf 91' lang='lat' dir='ltr'><strong>summum</strong></span> <span class='ocrx_word' id='word_1_135' title='bbox 1646 2718 1799 2769; x_wconf 88' lang='lat' dir='ltr'><strong>octa-</strong></span> 
     </span>
    </p>
   </div>
   <div class='ocr_carea' id='block_1_27' title="bbox 151 2802 1801 2869">
    <p class='ocr_par' dir='ltr' id='par_1_27' title="bbox 151 2802 1801 2869">
     <span class='ocr_line' id='line_1_27' title="bbox 151 2802 1801 2869; baseline 0.001 -14"><span class='ocrx_word' id='word_1_136' title='bbox 151 2818 238 2869; x_wconf 87' lang='lat' dir='ltr'><strong>vo,</strong></span> <span class='ocrx_word' id='word_1_137' title='bbox 270 2803 331 2858; x_wconf 92' lang='lat' dir='ltr'><strong>in</strong></span> <span class='ocrx_word' id='word_1_138' title='bbox 364 2821 478 2859; x_wconf 88' lang='lat' dir='ltr'><strong>usu</strong></span> <span class='ocrx_word' id='word_1_139' title='bbox 515 2803 628 2858; x_wconf 87' lang='lat' dir='ltr'><strong>fuit</strong></span> <span class='ocrx_word' id='word_1_140' title='bbox 659 2802 905 2857; x_wconf 85' lang='lat' dir='ltr'><strong>celebris</strong></span> <span class='ocrx_word' id='word_1_141' title='bbox 954 2802 1116 2857; x_wconf 86' lang='lat' dir='ltr'><strong>illius</strong></span> <span class='ocrx_word' id='word_1_142' title='bbox 1148 2803 1488 2857; x_wconf 79' lang='lat' dir='ltr'><strong>monasterii</strong></span> <span class='ocrx_word' id='word_1_143' title='bbox 1513 2802 1569 2856; x_wconf 91' lang='lat' dir='ltr'><strong>in</strong></span> <span class='ocrx_word' id='word_1_144' title='bbox 1599 2802 1801 2857; x_wconf 86' lang='lat' dir='ltr'><strong>Hiber-</strong></span> 
     </span>
    </p>
   </div>
   <div class='ocr_carea' id='block_1_28' title="bbox 152 2889 1801 2959">
    <p class='ocr_par' dir='ltr' id='par_1_28' title="bbox 152 2889 1801 2959">
     <span class='ocr_line' id='line_1_28' title="bbox 152 2889 1801 2959; baseline 0.001 -14"><span class='ocrx_word' id='word_1_145' title='bbox 152 2890 243 2946; x_wconf 88' lang='lat' dir='ltr'><strong>nia</strong></span> <span class='ocrx_word' id='word_1_146' title='bbox 274 2892 469 2954; x_wconf 84' lang='lat' dir='ltr'><strong>siti,ac</strong></span> <span class='ocrx_word' id='word_1_147' title='bbox 501 2890 712 2945; x_wconf 88' lang='lat' dir='ltr'><strong>deinde</strong></span> <span class='ocrx_word' id='word_1_148' title='bbox 736 2889 795 2943; x_wconf 91' lang='lat' dir='ltr'><strong>in</strong></span> <span class='ocrx_word' id='word_1_149' title='bbox 834 2890 1177 2945; x_wconf 85' lang='lat' dir='ltr'><strong>Bobiensem</strong></span> <span class='ocrx_word' id='word_1_150' title='bbox 1198 2890 1801 2959; x_wconf 86' lang='lat' dir='ltr'><strong>bibliothecam,deni-</strong></span> 
     </span>
    </p>
   </div>
   <div class='ocr_carea' id='block_1_29' title="bbox 147 2976 1801 3051">
    <p class='ocr_par' dir='ltr' id='par_1_29' title="bbox 147 2976 1801 3051">
     <span class='ocr_line' id='line_1_29' title="bbox 147 2976 1801 3051; baseline 0.001 -18"><span class='ocrx_word' id='word_1_151' title='bbox 147 2995 258 3051; x_wconf 91' lang='lat' dir='ltr'><strong>que</strong></span> <span class='ocrx_word' id='word_1_152' title='bbox 290 2978 351 3031; x_wconf 90' lang='lat' dir='ltr'><strong>in</strong></span> <span class='ocrx_word' id='word_1_153' title='bbox 384 2976 835 3032; x_wconf 78' lang='lat' dir='ltr'><strong>Ambrosianum</strong></span> <span class='ocrx_word' id='word_1_154' title='bbox 868 2976 1230 3037; x_wconf 87' lang='lat' dir='ltr'><strong>taanslatum</strong></span> <span class='ocrx_word' id='word_1_155' title='bbox 1262 2983 1368 3033; x_wconf 87' lang='lat' dir='ltr'><strong>est.</strong></span> <span class='ocrx_word' id='word_1_156' title='bbox 1418 2978 1683 3033; x_wconf 88' lang='lat' dir='ltr'><strong>Occurrit</strong></span> <span class='ocrx_word' id='word_1_157' title='bbox 1721 2978 1801 3034; x_wconf 90' lang='lat' dir='ltr'><strong>ibi</strong></span> 
     </span>
    </p>
   </div>
   <div class='ocr_carea' id='block_1_30' title="bbox 147 3062 1798 3138">
    <p class='ocr_par' dir='ltr' id='par_1_30' title="bbox 147 3062 1798 3138">
     <span class='ocr_line' id='line_1_30' title="bbox 147 3062 1798 3138; baseline 0.001 -18"><span class='ocrx_word' id='word_1_158' title='bbox 147 3062 385 3138; x_wconf 67' lang='lat' dir='ltr'><strong>Hymnus</strong></span> <span class='ocrx_word' id='word_1_159' title='bbox 413 3067 594 3120; x_wconf 78' lang='lat' dir='ltr'><strong>sancti</strong></span> <span class='ocrx_word' id='word_1_160' title='bbox 623 3064 875 3133; x_wconf 84' lang='lat' dir='ltr'><strong>Comgilli</strong></span> <span class='ocrx_word' id='word_1_161' title='bbox 905 3065 961 3118; x_wconf 91' lang='lat' dir='ltr'><strong>in</strong></span> <span class='ocrx_word' id='word_1_162' title='bbox 1000 3066 1270 3137; x_wconf 81' lang='lat' dir='ltr'><strong>strophas</strong></span> <span class='ocrx_word' id='word_1_163' title='bbox 1295 3071 1511 3135; x_wconf 90' lang='lat' dir='ltr'><strong>sectus,</strong></span> <span class='ocrx_word' id='word_1_164' title='bbox 1546 3084 1798 3138; x_wconf 85' lang='lat' dir='ltr'><strong>quarum</strong></span> 
     </span>
    </p>
   </div>
   <div class='ocr_carea' id='block_1_31' title="bbox 1476 278 2210 341">
    <p class='ocr_par' dir='ltr' id='par_1_31' title="bbox 1476 278 2210 341">
     <span class='ocr_line' id='line_1_31' title="bbox 1476 278 2210 341; baseline 0 -1"><span class='ocrx_word' id='word_1_165' title='bbox 1476 278 1780 341; x_wconf 85' lang='lat' dir='ltr'><strong>llYTHMI</strong></span> <span class='ocrx_word' id='word_1_166' title='bbox 1824 279 2210 341; x_wconf 81' lang='lat' dir='ltr'><strong>VETERES.</strong></span> 
     </span>
    </p>
   </div>
   <div class='ocr_carea' id='block_1_32' title="bbox 171 410 1874 484">
    <p class='ocr_par' dir='ltr' id='par_1_32' title="bbox 171 410 1874 484">
     <span class='ocr_line' id='line_1_32' title="bbox 171 410 1874 484; baseline -0.006 -9"><span class='ocrx_word' id='word_1_167' title='bbox 171 432 357 475; x_wconf 84' lang='lat' dir='ltr'><strong>versus</strong></span> <span class='ocrx_word' id='word_1_168' title='bbox 384 414 457 469; x_wconf 82' lang='lat' dir='ltr'><strong>De</strong></span> <span class='ocrx_word' id='word_1_169' title='bbox 472 410 707 482; x_wconf 83' lang='lat' dir='ltr'><strong>computi</strong></span> <span class='ocrx_word' id='word_1_170' title='bbox 735 412 961 481; x_wconf 83' lang='lat' dir='ltr'><strong>regulis,</strong></span> <span class='ocrx_word' id='word_1_171' title='bbox 992 412 1051 467; x_wconf 90' lang='lat' dir='ltr'><strong>in</strong></span> <span class='ocrx_word' id='word_1_172' title='bbox 1086 412 1250 484; x_wconf 89' lang='lat' dir='ltr'><strong>queis</strong></span> <span class='ocrx_word' id='word_1_173' title='bbox 1298 411 1614 468; x_wconf 89' lang='lat' dir='ltr'><strong>Leoninum</strong></span> <span class='ocrx_word' id='word_1_174' title='bbox 1646 427 1788 466; x_wconf 90' lang='lat' dir='ltr'><strong>con-</strong></span> <span class='ocrx_word' id='word_1_175' title='bbox 1818 414 1874 477; x_wconf 69' lang='grc' dir='ltr'><strong>Α</strong></span> 
     </span>
    </p>
   </div>
   <div class='ocr_carea' id='block_1_33' title="bbox 3417 274 3535 336">
    <p class='ocr_par' dir='ltr' id='par_1_33' title="bbox 3417 274 3535 336">
     <span class='ocr_line' id='line_1_33' title="bbox 3417 274 3535 336; baseline 0.017 -3"><span class='ocrx_word' id='word_1_176' title='bbox 3417 274 3535 336; x_wconf 66' lang='grc'><strong>’182</strong></span> 
     </span>
    </p>
   </div>
   <div class='ocr_carea' id='block_1_34' title="bbox 2361 408 3055 481">
    <p class='ocr_par' dir='ltr' id='par_1_34' title="bbox 2361 408 3055 481">
     <span class='ocr_line' id='line_1_34' title="bbox 2361 408 3055 481; baseline 0 -17"><span class='ocrx_word' id='word_1_177' title='bbox 2361 410 2542 464; x_wconf 76' lang='lat' dir='ltr'><strong>Nostri</strong></span> <span class='ocrx_word' id='word_1_178' title='bbox 2565 411 2791 481; x_wconf 77' lang='lat' dir='ltr'><strong>patroni</strong></span> <span class='ocrx_word' id='word_1_179' title='bbox 2810 408 3055 480; x_wconf 69' lang='lat' dir='ltr'><strong>fulgidae,</strong></span> 
     </span>
    </p>
   </div>
   <div class='ocr_carea' id='block_1_35' title="bbox 2362 498 3097 568">
    <p class='ocr_par' dir='ltr' id='par_1_35' title="bbox 2362 498 3097 568">
     <span class='ocr_line' id='line_1_35' title="bbox 2362 498 3097 568; baseline -0.001 -15"><span class='ocrx_word' id='word_1_180' title='bbox 2362 498 2619 566; x_wconf 83' lang='lat' dir='ltr'><strong>Comgilli</strong></span> <span class='ocrx_word' id='word_1_181' title='bbox 2646 499 2826 553; x_wconf 88' lang='lat' dir='ltr'><strong>sancti</strong></span> <span class='ocrx_word' id='word_1_182' title='bbox 2852 499 3097 568; x_wconf 81' lang='lat' dir='ltr'><strong>nomine,</strong></span> 
     </span>
    </p>
   </div>
   <div class='ocr_carea' id='block_1_36' title="bbox 2360 586 3138 659">
    <p class='ocr_par' dir='ltr' id='par_1_36' title="bbox 2360 586 3138 659">
     <span class='ocr_line' id='line_1_36' title="bbox 2360 586 3138 659; baseline -0.001 -15"><span class='ocrx_word' id='word_1_183' title='bbox 2360 586 2695 659; x_wconf 83' lang='lat' dir='ltr'><strong>Refulgentis</strong></span> <span class='ocrx_word' id='word_1_184' title='bbox 2726 588 2789 643; x_wconf 87' lang='lat' dir='ltr'><strong>in</strong></span> <span class='ocrx_word' id='word_1_185' title='bbox 2816 601 2992 658; x_wconf 86' lang='lat' dir='ltr'><strong>opere,</strong></span> <span class='ocrx_word' id='word_1_186' title='bbox 3025 589 3138 643; x_wconf 86' lang='lat' dir='ltr'><strong>etc.</strong></span> 
     </span>
    </p>
   </div>
   <div class='ocr_carea' id='block_1_37' title="bbox 1897 688 3391 767">
    <p class='ocr_par' dir='ltr' id='par_1_37' title="bbox 1897 688 3391 767">
     <span class='ocr_line' id='line_1_37' title="bbox 1897 688 3391 767; baseline -0.002 -18"><span class='ocrx_word' id='word_1_187' title='bbox 1897 695 2173 750; x_wconf 70' lang='lat' dir='ltr'><strong>Secundae</strong></span> <span class='ocrx_word' id='word_1_188' title='bbox 2198 693 2451 767; x_wconf 78' lang='lat' dir='ltr'><strong>strophae</strong></span> <span class='ocrx_word' id='word_1_189' title='bbox 2480 710 2687 749; x_wconf 86' lang='lat' dir='ltr'><strong>versus</strong></span> <span class='ocrx_word' id='word_1_190' title='bbox 2712 692 2959 766; x_wconf 86' lang='lat' dir='ltr'><strong>quilibet</strong></span> <span class='ocrx_word' id='word_1_191' title='bbox 2986 691 3047 748; x_wconf 92' lang='lat' dir='ltr'><strong>in</strong></span> <span class='ocrx_word' id='word_1_192' title='bbox 3078 707 3113 748; x_wconf 91' lang='lat' dir='ltr'><strong>a</strong></span> <span class='ocrx_word' id='word_1_193' title='bbox 3136 688 3391 748; x_wconf 81' lang='lat' dir='ltr'><strong>desinit:</strong></span> 
     </span>
    </p>
   </div>
   <div class='ocr_carea' id='block_1_38' title="bbox 2360 801 3008 872">
    <p class='ocr_par' dir='ltr' id='par_1_38' title="bbox 2360 801 3008 872">
     <span class='ocr_line' id='line_1_38' title="bbox 2360 801 3008 872; baseline -0.002 -17"><span class='ocrx_word' id='word_1_194' title='bbox 2360 801 2554 855; x_wconf 84' lang='lat' dir='ltr'><strong>Audite</strong></span> <span class='ocrx_word' id='word_1_195' title='bbox 2577 807 2771 872; x_wconf 86' lang='lat' dir='ltr'><strong>pantes</strong></span> <span class='ocrx_word' id='word_1_196' title='bbox 2803 803 2859 855; x_wconf 86' lang='lat' dir='ltr'><strong>ta</strong></span> <span class='ocrx_word' id='word_1_197' title='bbox 2878 815 3008 856; x_wconf 88' lang='lat' dir='ltr'><strong>eraa</strong></span> 
     </span>
    </p>
   </div>
   <div class='ocr_carea' id='block_1_39' title="bbox 2362 888 2920 961">
    <p class='ocr_par' dir='ltr' id='par_1_39' title="bbox 2362 888 2920 961">
     <span class='ocr_line' id='line_1_39' title="bbox 2362 888 2920 961; baseline -0.002 -17"><span class='ocrx_word' id='word_1_198' title='bbox 2362 890 2533 944; x_wconf 81' lang='lat' dir='ltr'><strong>Allati</strong></span> <span class='ocrx_word' id='word_1_199' title='bbox 2559 888 2630 943; x_wconf 86' lang='lat' dir='ltr'><strong>ad</strong></span> <span class='ocrx_word' id='word_1_200' title='bbox 2659 889 2920 961; x_wconf 84' lang='lat' dir='ltr'><strong>Angelica</strong></span> 
     </span>
    </p>
   </div>
   <div class='ocr_carea' id='block_1_40' title="bbox 2366 976 2939 1035">
    <p class='ocr_par' dir='ltr' id='par_1_40' title="bbox 2366 976 2939 1035">
     <span class='ocr_line' id='line_1_40' title="bbox 2366 976 2939 1035; baseline -0.002 -3"><span class='ocrx_word' id='word_1_201' title='bbox 2366 979 2598 1035; x_wconf 59' lang='lat' dir='ltr'><strong>Athletae</strong></span> <span class='ocrx_word' id='word_1_202' title='bbox 2627 979 2724 1033; x_wconf 92' lang='lat' dir='ltr'><strong>Dei</strong></span> <span class='ocrx_word' id='word_1_203' title='bbox 2753 976 2939 1032; x_wconf 86' lang='lat' dir='ltr'><strong>abdita</strong></span> 
     </span>
    </p>
   </div>
   <div class='ocr_carea' id='block_1_41' title="bbox 2359 1065 3090 1140">
    <p class='ocr_par' dir='ltr' id='par_1_41' title="bbox 2359 1065 3090 1140">
     <span class='ocr_line' id='line_1_41' title="bbox 2359 1065 3090 1140; baseline 0 -20"><span class='ocrx_word' id='word_1_204' title='bbox 2359 1074 2406 1122; x_wconf 76' lang='grc' dir='ltr'><strong>,ι</strong></span> <span class='ocrx_word' id='word_1_205' title='bbox 2422 1068 2710 1140; x_wconf 83' lang='lat' dir='ltr'><strong>juventute</strong></span> <span class='ocrx_word' id='word_1_206' title='bbox 2730 1065 2947 1137; x_wconf 84' lang='lat' dir='ltr'><strong>ﬂorida,</strong></span> <span class='ocrx_word' id='word_1_207' title='bbox 2979 1066 3090 1121; x_wconf 86' lang='lat' dir='ltr'><strong>etc.</strong></span> 
     </span>
    </p>
   </div>
   <div class='ocr_carea' id='block_1_42' title="bbox 1901 1168 3553 1246">
    <p class='ocr_par' dir='ltr' id='par_1_42' title="bbox 1901 1168 3553 1246">
     <span class='ocr_line' id='line_1_42' title="bbox 1901 1168 3553 1246; baseline -0.005 -16"><span class='ocrx_word' id='word_1_208' title='bbox 1901 1175 2113 1230; x_wconf 73' lang='lat' dir='ltr'><strong>Eodem</strong></span> <span class='ocrx_word' id='word_1_209' title='bbox 2147 1172 2348 1229; x_wconf 86' lang='lat' dir='ltr'><strong>ordine</strong></span> <span class='ocrx_word' id='word_1_210' title='bbox 2382 1172 2595 1245; x_wconf 85' lang='lat' dir='ltr'><strong>reliqui</strong></span> <span class='ocrx_word' id='word_1_211' title='bbox 2624 1172 2964 1246; x_wconf 88' lang='lat' dir='ltr'><strong>procedunt.</strong></span> <span class='ocrx_word' id='word_1_212' title='bbox 2998 1171 3110 1227; x_wconf 89' lang='lat' dir='ltr'><strong>Sed</strong></span> <span class='ocrx_word' id='word_1_213' title='bbox 3140 1174 3199 1227; x_wconf 91' lang='lat' dir='ltr'><strong>et</strong></span> <span class='ocrx_word' id='word_1_214' title='bbox 3228 1168 3309 1226; x_wconf 90' lang='lat' dir='ltr'><strong>ibi</strong></span> <span class='ocrx_word' id='word_1_215' title='bbox 3342 1168 3553 1241; x_wconf 87' lang='lat' dir='ltr'><strong>legun-</strong></span> 
     </span>
    </p>
   </div>
   <div class='ocr_carea' id='block_1_43' title="bbox 1901 1256 3557 1335">
    <p class='ocr_par' dir='ltr' id='par_1_43' title="bbox 1901 1256 3557 1335">
     <span class='ocr_line' id='line_1_43' title="bbox 1901 1256 3557 1335; baseline -0.004 -18"><span class='ocrx_word' id='word_1_216' title='bbox 1901 1268 1995 1318; x_wconf 87' lang='lat' dir='ltr'><strong>tur</strong></span> <span class='ocrx_word' id='word_1_217' title='bbox 2026 1264 2279 1319; x_wconf 83' lang='lat' dir='ltr'><strong>versiculi</strong></span> <span class='ocrx_word' id='word_1_218' title='bbox 2306 1263 2546 1335; x_wconf 68' lang='lat' dir='ltr'><strong>familiae</strong></span> <span class='ocrx_word' id='word_1_219' title='bbox 2570 1261 2865 1330; x_wconf 85' lang='lat' dir='ltr'><strong>Benchuir,</strong></span> <span class='ocrx_word' id='word_1_220' title='bbox 2898 1277 2969 1317; x_wconf 81' lang='lat' dir='ltr'><strong>ex</strong></span> <span class='ocrx_word' id='word_1_221' title='bbox 2988 1260 3205 1333; x_wconf 89' lang='lat' dir='ltr'><strong>quibus</strong></span> <span class='ocrx_word' id='word_1_222' title='bbox 3228 1256 3399 1315; x_wconf 88' lang='lat' dir='ltr'><strong>multi</strong></span> <span class='ocrx_word' id='word_1_223' title='bbox 3429 1271 3557 1330; x_wconf 85' lang='lat' dir='ltr'><strong>per-</strong></span> 
     </span>
    </p>
   </div>
   <div class='ocr_carea' id='block_1_44' title="bbox 1901 1345 3557 1424">
    <p class='ocr_par' dir='ltr' id='par_1_44' title="bbox 1901 1345 3557 1424">
     <span class='ocr_line' id='line_1_44' title="bbox 1901 1345 3557 1424; baseline -0.004 -18"><span class='ocrx_word' id='word_1_224' title='bbox 1901 1352 2109 1407; x_wconf 86' lang='lat' dir='ltr'><strong>fectam</strong></span> <span class='ocrx_word' id='word_1_225' title='bbox 2144 1351 2459 1424; x_wconf 66' lang='lat' dir='ltr'><strong>prmferunt</strong></span> <span class='ocrx_word' id='word_1_226' title='bbox 2482 1366 2687 1406; x_wconf 89' lang='lat' dir='ltr'><strong>eorum</strong></span> <span class='ocrx_word' id='word_1_227' title='bbox 2716 1348 3095 1420; x_wconf 83' lang='lat' dir='ltr'><strong>formam,qui</strong></span> <span class='ocrx_word' id='word_1_228' title='bbox 3112 1347 3301 1404; x_wconf 90' lang='lat' dir='ltr'><strong>serius</strong></span> <span class='ocrx_word' id='word_1_229' title='bbox 3325 1345 3557 1403; x_wconf 86' lang='lat' dir='ltr'><strong>Leonini</strong></span> 
     </span>
    </p>
   </div>
   <div class='ocr_carea' id='block_1_45' title="bbox 1901 1434 3338 1513">
    <p class='ocr_par' dir='ltr' id='par_1_45' title="bbox 1901 1434 3338 1513">
     <span class='ocr_line' id='line_1_45' title="bbox 1901 1434 3338 1513; baseline -0.003 -19"><span class='ocrx_word' id='word_1_230' title='bbox 1901 1438 2175 1513; x_wconf 86' lang='lat' dir='ltr'><strong>appellati</strong></span> <span class='ocrx_word' id='word_1_231' title='bbox 2210 1443 2367 1495; x_wconf 87' lang='lat' dir='ltr'><strong>sunt.</strong></span> <span class='ocrx_word' id='word_1_232' title='bbox 2405 1438 2881 1511; x_wconf 82' lang='lat' dir='ltr'><strong>Experimentum</strong></span> <span class='ocrx_word' id='word_1_233' title='bbox 2911 1436 3104 1511; x_wconf 80' lang='lat' dir='ltr'><strong>capiat</strong></span> <span class='ocrx_word' id='word_1_234' title='bbox 3126 1434 3338 1492; x_wconf 85' lang='lat' dir='ltr'><strong>lector:</strong></span> 
     </span>
    </p>
   </div>
   <div class='ocr_carea' id='block_1_46' title="bbox 2369 1545 2900 1616">
    <p class='ocr_par' dir='ltr' id='par_1_46' title="bbox 2369 1545 2900 1616">
     <span class='ocr_line' id='line_1_46' title="bbox 2369 1545 2900 1616; baseline -0.006 -14"><span class='ocrx_word' id='word_1_235' title='bbox 2369 1548 2496 1602; x_wconf 82' lang='lat' dir='ltr'><strong>Vere</strong></span> <span class='ocrx_word' id='word_1_236' title='bbox 2524 1546 2727 1616; x_wconf 78' lang='lat' dir='ltr'><strong>regalis</strong></span> <span class='ocrx_word' id='word_1_237' title='bbox 2748 1545 2900 1611; x_wconf 88' lang='lat' dir='ltr'><strong>aula,</strong></span> 
     </span>
    </p>
   </div>
   <div class='ocr_carea' id='block_1_47' title="bbox 2408 1633 3091 1703">
    <p class='ocr_par' dir='ltr' id='par_1_47' title="bbox 2408 1633 3091 1703">
     <span class='ocr_line' id='line_1_47' title="bbox 2408 1633 3091 1703; baseline -0.006 -13"><span class='ocrx_word' id='word_1_238' title='bbox 2408 1635 2582 1690; x_wconf 85' lang='lat' dir='ltr'><strong>Variis</strong></span> <span class='ocrx_word' id='word_1_239' title='bbox 2613 1634 2845 1703; x_wconf 83' lang='lat' dir='ltr'><strong>gemmis</strong></span> <span class='ocrx_word' id='word_1_240' title='bbox 2875 1633 3091 1698; x_wconf 86' lang='lat' dir='ltr'><strong>ornata,</strong></span> 
     </span>
    </p>
   </div>
   <div class='ocr_carea' id='block_1_48' title="bbox 2404 1719 3149 1794">
    <p class='ocr_par' dir='ltr' id='par_1_48' title="bbox 2404 1719 3149 1794">
     <span class='ocr_line' id='line_1_48' title="bbox 2404 1719 3149 1794; baseline -0.003 -17"><span class='ocrx_word' id='word_1_241' title='bbox 2404 1723 2695 1794; x_wconf 86' lang='lat' dir='ltr'><strong>Gregisque</strong></span> <span class='ocrx_word' id='word_1_242' title='bbox 2726 1720 2934 1778; x_wconf 86' lang='lat' dir='ltr'><strong>Christi</strong></span> <span class='ocrx_word' id='word_1_243' title='bbox 2959 1719 3149 1785; x_wconf 88' lang='lat' dir='ltr'><strong>caula,</strong></span> 
     </span>
    </p>
   </div>
   <div class='ocr_carea' id='block_1_49' title="bbox 2402 1811 3059 1867">
    <p class='ocr_par' dir='ltr' id='par_1_49' title="bbox 2402 1811 3059 1867">
     <span class='ocr_line' id='line_1_49' title="bbox 2402 1811 3059 1867; baseline -0.003 -2"><span class='ocrx_word' id='word_1_244' title='bbox 2402 1813 2565 1865; x_wconf 80' lang='lat' dir='ltr'><strong>Patre</strong></span> <span class='ocrx_word' id='word_1_245' title='bbox 2592 1826 2805 1867; x_wconf 88' lang='lat' dir='ltr'><strong>summo</strong></span> <span class='ocrx_word' id='word_1_246' title='bbox 2824 1811 3059 1867; x_wconf 84' lang='lat' dir='ltr'><strong>servata.</strong></span> 
     </span>
    </p>
   </div>
   <div class='ocr_carea' id='block_1_50' title="bbox 2372 1898 3000 1971">
    <p class='ocr_par' dir='ltr' id='par_1_50' title="bbox 2372 1898 3000 1971">
     <span class='ocr_line' id='line_1_50' title="bbox 2372 1898 3000 1971; baseline -0.005 -15"><span class='ocrx_word' id='word_1_247' title='bbox 2372 1901 2528 1971; x_wconf 76' lang='lat' dir='ltr'><strong>Virgo</strong></span> <span class='ocrx_word' id='word_1_248' title='bbox 2558 1898 2715 1956; x_wconf 84' lang='lat' dir='ltr'><strong>valde</strong></span> <span class='ocrx_word' id='word_1_249' title='bbox 2741 1898 3000 1970; x_wconf 80' lang='lat' dir='ltr'><strong>[ecunda,</strong></span> 
     </span>
    </p>
   </div>
   <div class='ocr_carea' id='block_1_51' title="bbox 2406 1989 3085 2056">
    <p class='ocr_par' dir='ltr' id='par_1_51' title="bbox 2406 1989 3085 2056">
     <span class='ocr_line' id='line_1_51' title="bbox 2406 1989 3085 2056; baseline 0.001 -13"><span class='ocrx_word' id='word_1_250' title='bbox 2406 1994 2543 2045; x_wconf 71' lang='lat' dir='ltr'><strong>Ilaec</strong></span> <span class='ocrx_word' id='word_1_251' title='bbox 2571 1993 2622 2045; x_wconf 90' lang='lat' dir='ltr'><strong>et</strong></span> <span class='ocrx_word' id='word_1_252' title='bbox 2652 1996 2827 2044; x_wconf 88' lang='lat' dir='ltr'><strong>mater</strong></span> <span class='ocrx_word' id='word_1_253' title='bbox 2856 1989 3085 2056; x_wconf 82' lang='lat' dir='ltr'><strong>intacta,</strong></span> 
     </span>
    </p>
   </div>
   <div class='ocr_carea' id='block_1_52' title="bbox 2404 2076 3070 2143">
    <p class='ocr_par' dir='ltr' id='par_1_52' title="bbox 2404 2076 3070 2143">
     <span class='ocr_line' id='line_1_52' title="bbox 2404 2076 3070 2143; baseline -0.002 -11"><span class='ocrx_word' id='word_1_254' title='bbox 2404 2080 2587 2134; x_wconf 70' lang='lat' dir='ltr'><strong>Lzecta</strong></span> <span class='ocrx_word' id='word_1_255' title='bbox 2606 2094 2671 2133; x_wconf 86' lang='lat' dir='ltr'><strong>ac</strong></span> <span class='ocrx_word' id='word_1_256' title='bbox 2695 2076 3070 2143; x_wconf 84' lang='lat' dir='ltr'><strong>tremebunda,</strong></span> 
     </span>
    </p>
   </div>
   <div class='ocr_carea' id='block_1_53' title="bbox 2408 2164 2979 2223">
    <p class='ocr_par' dir='ltr' id='par_1_53' title="bbox 2408 2164 2979 2223">
     <span class='ocr_line' id='line_1_53' title="bbox 2408 2164 2979 2223; baseline 0.007 -4"><span class='ocrx_word' id='word_1_257' title='bbox 2408 2166 2570 2221; x_wconf 84' lang='lat' dir='ltr'><strong>Verbo</strong></span> <span class='ocrx_word' id='word_1_258' title='bbox 2602 2168 2710 2221; x_wconf 92' lang='lat' dir='ltr'><strong>Dei</strong></span> <span class='ocrx_word' id='word_1_259' title='bbox 2732 2164 2979 2223; x_wconf 87' lang='lat' dir='ltr'><strong>subacta.</strong></span> 
     </span>
    </p>
   </div>
   <div class='ocr_carea' id='block_1_54' title="bbox 1908 2266 3559 2343">
    <p class='ocr_par' dir='ltr' id='par_1_54' title="bbox 1908 2266 3559 2343">
     <span class='ocr_line' id='line_1_54' title="bbox 1908 2266 3559 2343; baseline -0.002 -18"><span class='ocrx_word' id='word_1_260' title='bbox 1908 2271 2038 2326; x_wconf 71' lang='lat' dir='ltr'><strong>Haac</strong></span> <span class='ocrx_word' id='word_1_261' title='bbox 2070 2272 2211 2327; x_wconf 88' lang='lat' dir='ltr'><strong>adeo</strong></span> <span class='ocrx_word' id='word_1_262' title='bbox 2237 2274 2441 2343; x_wconf 85' lang='lat' dir='ltr'><strong>aperta</strong></span> <span class='ocrx_word' id='word_1_263' title='bbox 2486 2276 2647 2341; x_wconf 82' lang='lat' dir='ltr'><strong>sunt,</strong></span> <span class='ocrx_word' id='word_1_264' title='bbox 2685 2276 2747 2326; x_wconf 86' lang='lat' dir='ltr'><strong>ut</strong></span> <span class='ocrx_word' id='word_1_265' title='bbox 2796 2270 3049 2342; x_wconf 88' lang='lat' dir='ltr'><strong>quisque</strong></span> <span class='ocrx_word' id='word_1_266' title='bbox 3071 2268 3200 2340; x_wconf 88' lang='lat' dir='ltr'><strong>jam</strong></span> <span class='ocrx_word' id='word_1_267' title='bbox 3236 2266 3559 2340; x_wconf 89' lang='lat' dir='ltr'><strong>intelligere</strong></span> 
     </span>
    </p>
   </div>
   <div class='ocr_carea' id='block_1_55' title="bbox 1909 2357 3560 2432">
    <p class='ocr_par' dir='ltr' id='par_1_55' title="bbox 1909 2357 3560 2432">
     <span class='ocr_line' id='line_1_55' title="bbox 1909 2357 3560 2432; baseline -0.002 -17"><span class='ocrx_word' id='word_1_268' title='bbox 1909 2359 2116 2432; x_wconf 86' lang='lat' dir='ltr'><strong>possit,</strong></span> <span class='ocrx_word' id='word_1_269' title='bbox 2149 2360 2424 2432; x_wconf 87' lang='lat' dir='ltr'><strong>antiquos</strong></span> <span class='ocrx_word' id='word_1_270' title='bbox 2456 2357 2915 2432; x_wconf 74' lang='lat' dir='ltr'><strong>rbythmopmios</strong></span> <span class='ocrx_word' id='word_1_271' title='bbox 2968 2362 3144 2430; x_wconf 88' lang='lat' dir='ltr'><strong>atque</strong></span> <span class='ocrx_word' id='word_1_272' title='bbox 3190 2360 3393 2430; x_wconf 85' lang='lat' dir='ltr'><strong>poetas</strong></span> <span class='ocrx_word' id='word_1_273' title='bbox 3441 2372 3560 2412; x_wconf 87' lang='lat' dir='ltr'><strong>non</strong></span> 
     </span>
    </p>
   </div>
   <div class='ocr_carea' id='block_1_56' title="bbox 1908 2444 3559 2522">
    <p class='ocr_par' dir='ltr' id='par_1_56' title="bbox 1908 2444 3559 2522">
     <span class='ocr_line' id='line_1_56' title="bbox 1908 2444 3559 2522; baseline -0.003 -17"><span class='ocrx_word' id='word_1_274' title='bbox 1908 2454 2275 2522; x_wconf 85' lang='lat' dir='ltr'><strong>exspectasse</strong></span> <span class='ocrx_word' id='word_1_275' title='bbox 2306 2454 2570 2522; x_wconf 85' lang='lat' dir='ltr'><strong>tempora</strong></span> <span class='ocrx_word' id='word_1_276' title='bbox 2600 2449 2809 2505; x_wconf 90' lang='lat' dir='ltr'><strong>Leonis</strong></span> <span class='ocrx_word' id='word_1_277' title='bbox 2842 2446 3132 2504; x_wconf 85' lang='lat' dir='ltr'><strong>Pariensis</strong></span> <span class='ocrx_word' id='word_1_278' title='bbox 3158 2449 3362 2519; x_wconf 63' lang='lat' dir='ltr'><strong>poeta,</strong></span> <span class='ocrx_word' id='word_1_279' title='bbox 3395 2448 3461 2501; x_wconf 84' lang='lat' dir='ltr'><strong>ut</strong></span> <span class='ocrx_word' id='word_1_280' title='bbox 3486 2444 3559 2501; x_wconf 90' lang='lat' dir='ltr'><strong>ab</strong></span> 
     </span>
    </p>
   </div>
   <div class='ocr_carea' id='block_1_57' title="bbox 1907 2534 3559 2594">
    <p class='ocr_par' dir='ltr' id='par_1_57' title="bbox 1907 2534 3559 2594">
     <span class='ocr_line' id='line_1_57' title="bbox 1907 2534 3559 2594; baseline -0.002 0"><span class='ocrx_word' id='word_1_281' title='bbox 1907 2556 1974 2594; x_wconf 92' lang='lat' dir='ltr'><strong>eo</strong></span> <span class='ocrx_word' id='word_1_282' title='bbox 2004 2539 2385 2594; x_wconf 83' lang='lat' dir='ltr'><strong>edocerentur</strong></span> <span class='ocrx_word' id='word_1_283' title='bbox 2434 2539 2738 2594; x_wconf 73' lang='lat' dir='ltr'><strong>elformare</strong></span> <span class='ocrx_word' id='word_1_284' title='bbox 2790 2553 2995 2593; x_wconf 87' lang='lat' dir='ltr'><strong>versus</strong></span> <span class='ocrx_word' id='word_1_285' title='bbox 3044 2534 3224 2592; x_wconf 89' lang='lat' dir='ltr'><strong>simili</strong></span> <span class='ocrx_word' id='word_1_286' title='bbox 3272 2537 3559 2591; x_wconf 83' lang='lat' dir='ltr'><strong>concentu</strong></span> 
     </span>
    </p>
   </div>
   <div class='ocr_carea' id='block_1_58' title="bbox 1909 2624 3559 2699">
    <p class='ocr_par' dir='ltr' id='par_1_58' title="bbox 1909 2624 3559 2699">
     <span class='ocr_line' id='line_1_58' title="bbox 1909 2624 3559 2699; baseline -0.004 -16"><span class='ocrx_word' id='word_1_287' title='bbox 1909 2628 2185 2684; x_wconf 86' lang='lat' dir='ltr'><strong>cadentes</strong></span> <span class='ocrx_word' id='word_1_288' title='bbox 2210 2644 2223 2695; x_wconf 91' lang='lat'><strong>;</strong></span> <span class='ocrx_word' id='word_1_289' title='bbox 2250 2643 2439 2699; x_wconf 90' lang='lat' dir='ltr'><strong>neque</strong></span> <span class='ocrx_word' id='word_1_290' title='bbox 2462 2624 2640 2681; x_wconf 88' lang='lat' dir='ltr'><strong>nimia</strong></span> <span class='ocrx_word' id='word_1_291' title='bbox 2671 2625 2951 2682; x_wconf 82' lang='lat' dir='ltr'><strong>facilitate</strong></span> <span class='ocrx_word' id='word_1_292' title='bbox 2968 2624 3263 2681; x_wconf 84' lang='lat' dir='ltr'><strong>censenda</strong></span> <span class='ocrx_word' id='word_1_293' title='bbox 3283 2640 3412 2681; x_wconf 87' lang='lat' dir='ltr'><strong>esse</strong></span> <span class='ocrx_word' id='word_1_294' title='bbox 3431 2639 3559 2678; x_wconf 87' lang='lat' dir='ltr'><strong>car-</strong></span> 
     </span>
    </p>
   </div>
   <div class='ocr_carea' id='block_1_59' title="bbox 1911 2709 3561 2788">
    <p class='ocr_par' dir='ltr' id='par_1_59' title="bbox 1911 2709 3561 2788">
     <span class='ocr_line' id='line_1_59' title="bbox 1911 2709 3561 2788; baseline -0.005 -16"><span class='ocrx_word' id='word_1_295' title='bbox 1911 2716 2072 2772; x_wconf 87' lang='lat' dir='ltr'><strong>mina</strong></span> <span class='ocrx_word' id='word_1_296' title='bbox 2103 2713 2428 2788; x_wconf 89' lang='lat' dir='ltr'><strong>composita</strong></span> <span class='ocrx_word' id='word_1_297' title='bbox 2458 2714 2868 2770; x_wconf 88' lang='lat' dir='ltr'><strong>tantummodo</strong></span> <span class='ocrx_word' id='word_1_298' title='bbox 2900 2716 3036 2785; x_wconf 90' lang='lat' dir='ltr'><strong>post</strong></span> <span class='ocrx_word' id='word_1_299' title='bbox 3091 2727 3314 2768; x_wconf 88' lang='lat' dir='ltr'><strong>annum</strong></span> <span class='ocrx_word' id='word_1_300' title='bbox 3343 2709 3561 2767; x_wconf 86' lang='lat' dir='ltr'><strong>Christi</strong></span> 
     </span>
    </p>
   </div>
   <div class='ocr_carea' id='block_1_60' title="bbox 1910 2799 3562 2876">
    <p class='ocr_par' dir='ltr' id='par_1_60' title="bbox 1910 2799 3562 2876">
     <span class='ocr_line' id='line_1_60' title="bbox 1910 2799 3562 2876; baseline -0.004 -15"><span class='ocrx_word' id='word_1_301' title='bbox 1910 2804 2315 2870; x_wconf 86' lang='lat' dir='ltr'><strong>millesimum,</strong></span> <span class='ocrx_word' id='word_1_302' title='bbox 2350 2803 2397 2858; x_wconf 88' lang='lat' dir='ltr'><strong>si</strong></span> <span class='ocrx_word' id='word_1_303' title='bbox 2431 2820 2548 2876; x_wconf 89' lang='lat' dir='ltr'><strong>qua</strong></span> <span class='ocrx_word' id='word_1_304' title='bbox 2573 2806 2889 2859; x_wconf 90' lang='lat' dir='ltr'><strong>occurrunt</strong></span> <span class='ocrx_word' id='word_1_305' title='bbox 2918 2799 3156 2857; x_wconf 88' lang='lat' dir='ltr'><strong>modulo</strong></span> <span class='ocrx_word' id='word_1_306' title='bbox 3204 2799 3382 2856; x_wconf 88' lang='lat' dir='ltr'><strong>hocce</strong></span> <span class='ocrx_word' id='word_1_307' title='bbox 3424 2814 3562 2856; x_wconf 88' lang='lat' dir='ltr'><strong>con-</strong></span> 
     </span>
    </p>
   </div>
   <div class='ocr_carea' id='block_1_61' title="bbox 1910 2887 3561 2949">
    <p class='ocr_par' dir='ltr' id='par_1_61' title="bbox 1910 2887 3561 2949">
     <span class='ocr_line' id='line_1_61' title="bbox 1910 2887 3561 2949; baseline -0.003 -1"><span class='ocrx_word' id='word_1_308' title='bbox 1910 2897 2132 2949; x_wconf 87' lang='lat' dir='ltr'><strong>structa</strong></span> <span class='ocrx_word' id='word_1_309' title='bbox 2186 2892 2382 2948; x_wconf 70' lang='lat' dir='ltr'><strong>Refert</strong></span> <span class='ocrx_word' id='word_1_310' title='bbox 2412 2891 2726 2949; x_wconf 87' lang='lat' dir='ltr'><strong>cardinalis</strong></span> <span class='ocrx_word' id='word_1_311' title='bbox 2747 2890 3035 2947; x_wconf 89' lang='lat' dir='ltr'><strong>Baronius</strong></span> <span class='ocrx_word' id='word_1_312' title='bbox 3058 2890 3118 2945; x_wconf 90' lang='lat' dir='ltr'><strong>in</strong></span> <span class='ocrx_word' id='word_1_313' title='bbox 3147 2887 3474 2946; x_wconf 85' lang='lat' dir='ltr'><strong>Annalibus</strong></span> <span class='ocrx_word' id='word_1_314' title='bbox 3488 2887 3561 2944; x_wconf 89' lang='lat' dir='ltr'><strong>ad</strong></span> 
     </span>
    </p>
   </div>
   <div class='ocr_carea' id='block_1_62' title="bbox 1911 2976 3562 3037">
    <p class='ocr_par' dir='ltr' id='par_1_62' title="bbox 1911 2976 3562 3037">
     <span class='ocr_line' id='line_1_62' title="bbox 1911 2976 3562 3037; baseline -0.004 0"><span class='ocrx_word' id='word_1_315' title='bbox 1911 2999 2132 3037; x_wconf 89' lang='lat' dir='ltr'><strong>annum</strong></span> <span class='ocrx_word' id='word_1_316' title='bbox 2165 2980 2381 3036; x_wconf 88' lang='lat' dir='ltr'><strong>Christi</strong></span> <span class='ocrx_word' id='word_1_317' title='bbox 2411 2981 2516 3037; x_wconf 89' lang='lat'><strong>808</strong></span> <span class='ocrx_word' id='word_1_318' title='bbox 2565 2997 2761 3036; x_wconf 76' lang='lat' dir='ltr'><strong>versas</strong></span> <span class='ocrx_word' id='word_1_319' title='bbox 2791 2979 3119 3035; x_wconf 84' lang='lat' dir='ltr'><strong>incolumes</strong></span> <span class='ocrx_word' id='word_1_320' title='bbox 3149 2977 3340 3033; x_wconf 85' lang='lat' dir='ltr'><strong>adhuc</strong></span> <span class='ocrx_word' id='word_1_321' title='bbox 3366 2976 3562 3033; x_wconf 65' lang='lat' dir='ltr'><strong>Roma</strong></span> 
     </span>
    </p>
   </div>
   <div class='ocr_carea' id='block_1_63' title="bbox 1911 3064 3562 3141">
    <p class='ocr_par' dir='ltr' id='par_1_63' title="bbox 1911 3064 3562 3141">
     <span class='ocr_line' id='line_1_63' title="bbox 1911 3064 3562 3141; baseline -0.002 -17"><span class='ocrx_word' id='word_1_322' title='bbox 1911 3075 2235 3125; x_wconf 85' lang='lat' dir='ltr'><strong>asservatos</strong></span> <span class='ocrx_word' id='word_1_323' title='bbox 2265 3068 2325 3123; x_wconf 92' lang='lat' dir='ltr'><strong>in</strong></span> <span class='ocrx_word' id='word_1_324' title='bbox 2352 3068 2570 3141; x_wconf 86' lang='lat' dir='ltr'><strong>templo</strong></span> <span class='ocrx_word' id='word_1_325' title='bbox 2590 3068 3040 3137; x_wconf 84' lang='lat' dir='ltr'><strong>Cruciferorum,</strong></span> <span class='ocrx_word' id='word_1_326' title='bbox 3065 3066 3220 3138; x_wconf 92' lang='lat' dir='ltr'><strong>quod</strong></span> <span class='ocrx_word' id='word_1_327' title='bbox 3244 3064 3562 3121; x_wconf 86' lang='lat' dir='ltr'><strong>Belisarius</strong></span> 
     </span>
    </p>
   </div>
   <div class='ocr_carea' id='block_1_64' title="bbox 148 3139 3564 3229">
    <p class='ocr_par' dir='ltr' id='par_1_64' title="bbox 148 3139 3564 3229">
     <span class='ocr_line' id='line_1_64' title="bbox 148 3139 3564 3229; baseline -0.001 -20"><span class='ocrx_word' id='word_1_328' title='bbox 148 3154 392 3229; x_wconf 73' lang='lat' dir='ltr'><strong>singula:</strong></span> <span class='ocrx_word' id='word_1_329' title='bbox 426 3170 461 3207; x_wconf 89' lang='lat' dir='ltr'><strong>a</strong></span> <span class='ocrx_word' id='word_1_330' title='bbox 492 3153 686 3210; x_wconf 87' lang='lat' dir='ltr'><strong>littera</strong></span> <span class='ocrx_word' id='word_1_331' title='bbox 735 3152 1031 3226; x_wconf 86' lang='lat' dir='ltr'><strong>alphabeti</strong></span> <span class='ocrx_word' id='word_1_332' title='bbox 1091 3153 1324 3209; x_wconf 86' lang='lat' dir='ltr'><strong>initium</strong></span> <span class='ocrx_word' id='word_1_333' title='bbox 1375 3159 1638 3219; x_wconf 89' lang='lat' dir='ltr'><strong>sumunt,</strong></span> <span class='ocrx_word' id='word_1_334' title='bbox 1697 3172 1791 3211; x_wconf 87' lang='lat' dir='ltr'><strong>ea-</strong></span> <span class='ocrx_word' id='word_1_335' title='bbox 1824 3139 1867 3205; x_wconf 87' lang='lat' dir='ltr'><strong><em>C</em></strong></span> <span class='ocrx_word' id='word_1_336' title='bbox 1904 3156 2239 3212; x_wconf 86' lang='lat' dir='ltr'><strong>Justiniano</strong></span> <span class='ocrx_word' id='word_1_337' title='bbox 2270 3157 2292 3212; x_wconf 96' lang='grc' dir='ltr'>Ι</span> <span class='ocrx_word' id='word_1_338' title='bbox 2323 3139 2649 3227; x_wconf 80' lang='lat' dir='ltr'><strong>imperante</strong></span> <span class='ocrx_word' id='word_1_339' title='bbox 2678 3154 3009 3210; x_wconf 88' lang='lat' dir='ltr'><strong>condidisse</strong></span> <span class='ocrx_word' id='word_1_340' title='bbox 3036 3153 3269 3209; x_wconf 87' lang='lat' dir='ltr'><strong>dicitur.</strong></span> <span class='ocrx_word' id='word_1_341' title='bbox 3295 3151 3433 3208; x_wconf 90' lang='lat' dir='ltr'><strong>Illos</strong></span> <span class='ocrx_word' id='word_1_342' title='bbox 3462 3167 3564 3207; x_wconf 87' lang='lat' dir='ltr'><strong>au-</strong></span> 
     </span>
    </p>
   </div>
   <div class='ocr_carea' id='block_1_65' title="bbox 152 3241 1800 3316">
    <p class='ocr_par' dir='ltr' id='par_1_65' title="bbox 152 3241 1800 3316">
     <span class='ocr_line' id='line_1_65' title="bbox 152 3241 1800 3316; baseline -0.001 -17"><span class='ocrx_word' id='word_1_343' title='bbox 152 3260 399 3316; x_wconf 88' lang='lat' dir='ltr'><strong>rumque</strong></span> <span class='ocrx_word' id='word_1_344' title='bbox 427 3241 647 3315; x_wconf 85' lang='lat' dir='ltr'><strong>singuli</strong></span> <span class='ocrx_word' id='word_1_345' title='bbox 679 3258 883 3298; x_wconf 89' lang='lat' dir='ltr'><strong>versus</strong></span> <span class='ocrx_word' id='word_1_346' title='bbox 933 3242 991 3296; x_wconf 91' lang='lat' dir='ltr'><strong>in</strong></span> <span class='ocrx_word' id='word_1_347' title='bbox 1049 3242 1252 3297; x_wconf 89' lang='lat' dir='ltr'><strong>eadem</strong></span> <span class='ocrx_word' id='word_1_348' title='bbox 1305 3241 1591 3313; x_wconf 87' lang='lat' dir='ltr'><strong>syllabam</strong></span> <span class='ocrx_word' id='word_1_349' title='bbox 1648 3243 1800 3298; x_wconf 84' lang='lat' dir='ltr'><strong>desi-</strong></span> 
     </span>
    </p>
   </div>
   <div class='ocr_carea' id='block_1_66' title="bbox 155 3337 337 3389">
    <p class='ocr_par' dir='ltr' id='par_1_66' title="bbox 155 3337 337 3389">
     <span class='ocr_line' id='line_1_66' title="bbox 155 3337 337 3389; baseline 0.011 -2"><span class='ocrx_word' id='word_1_350' title='bbox 155 3337 337 3389; x_wconf 88' lang='lat' dir='ltr'><strong>nunt:</strong></span> 
     </span>
    </p>
   </div>
   <div class='ocr_carea' id='block_1_67' title="bbox 674 3419 1305 3491">
    <p class='ocr_par' dir='ltr' id='par_1_67' title="bbox 674 3419 1305 3491">
     <span class='ocr_line' id='line_1_67' title="bbox 674 3419 1305 3491; baseline -0.002 -16"><span class='ocrx_word' id='word_1_351' title='bbox 674 3419 1030 3476; x_wconf 85' lang='lat' dir='ltr'><strong>Recordemur</strong></span> <span class='ocrx_word' id='word_1_352' title='bbox 1049 3420 1305 3491; x_wconf 64' lang='lat' dir='ltr'><strong>justitiw.</strong></span> 
     </span>
    </p>
   </div>
   <div class='ocr_carea' id='block_1_68' title="bbox 1912 3241 3557 3314">
    <p class='ocr_par' dir='ltr' id='par_1_68' title="bbox 1912 3241 3557 3314">
     <span class='ocr_line' id='line_1_68' title="bbox 1912 3241 3557 3314; baseline -0.001 -15"><span class='ocrx_word' id='word_1_353' title='bbox 1912 3249 2028 3300; x_wconf 89' lang='lat' dir='ltr'><strong>tem</strong></span> <span class='ocrx_word' id='word_1_354' title='bbox 2061 3244 2440 3301; x_wconf 88' lang='lat' dir='ltr'><strong>doctissimus</strong></span> <span class='ocrx_word' id='word_1_355' title='bbox 2469 3242 2787 3299; x_wconf 84' lang='lat' dir='ltr'><strong>cardinalis</strong></span> <span class='ocrx_word' id='word_1_356' title='bbox 2815 3242 3020 3298; x_wconf 89' lang='lat' dir='ltr'><strong>eadem</strong></span> <span class='ocrx_word' id='word_1_357' title='bbox 3053 3241 3183 3314; x_wconf 89' lang='lat' dir='ltr'><strong>ipsa</strong></span> <span class='ocrx_word' id='word_1_358' title='bbox 3212 3243 3557 3313; x_wconf 81' lang='lat' dir='ltr'><strong>tempestate</strong></span> 
     </span>
    </p>
   </div>
   <div class='ocr_carea' id='block_1_69' title="bbox 1913 3327 3558 3403">
    <p class='ocr_par' dir='ltr' id='par_1_69' title="bbox 1913 3327 3558 3403">
     <span class='ocr_line' id='line_1_69' title="bbox 1913 3327 3558 3403; baseline -0.002 -15"><span class='ocrx_word' id='word_1_359' title='bbox 1913 3333 2205 3389; x_wconf 80' lang='lat' dir='ltr'><strong>confectos</strong></span> <span class='ocrx_word' id='word_1_360' title='bbox 2235 3348 2302 3387; x_wconf 89' lang='lat' dir='ltr'><strong>ac</strong></span> <span class='ocrx_word' id='word_1_361' title='bbox 2330 3348 2620 3388; x_wconf 87' lang='lat' dir='ltr'><strong>marmore</strong></span> <span class='ocrx_word' id='word_1_362' title='bbox 2648 3331 2962 3403; x_wconf 87' lang='lat' dir='ltr'><strong>inscriptos</strong></span> <span class='ocrx_word' id='word_1_363' title='bbox 2992 3327 3558 3386; x_wconf 79' lang='lat' dir='ltr'><strong>arbitratur.Leotori</strong></span> 
     </span>
    </p>
   </div>
   <div class='ocr_carea' id='block_1_70' title="bbox 1914 3419 2827 3494">
    <p class='ocr_par' dir='ltr' id='par_1_70' title="bbox 1914 3419 2827 3494">
     <span class='ocr_line' id='line_1_70' title="bbox 1914 3419 2827 3494; baseline -0.003 -17"><span class='ocrx_word' id='word_1_364' title='bbox 1914 3426 1969 3477; x_wconf 89' lang='lat' dir='ltr'><strong>et</strong></span> <span class='ocrx_word' id='word_1_365' title='bbox 1988 3436 2093 3494; x_wconf 88' lang='lat' dir='ltr'><strong>ego</strong></span> <span class='ocrx_word' id='word_1_366' title='bbox 2122 3420 2519 3492; x_wconf 81' lang='lat' dir='ltr'><strong>inspiciendas</strong></span> <span class='ocrx_word' id='word_1_367' title='bbox 2547 3419 2827 3477; x_wconf 83' lang='lat' dir='ltr'><strong>exhibeo:</strong></span> 
     </span>
    </p>
   </div>
   <div class='ocr_carea' id='block_1_71' title="bbox 965 3542 2804 3600">
    <p class='ocr_par' dir='ltr' id='par_1_71' title="bbox 965 3542 2804 3600">
     <span class='ocr_line' id='line_1_71' title="bbox 965 3542 2804 3600; baseline -0.001 0"><span class='ocrx_word' id='word_1_368' title='bbox 965 3543 1158 3600; x_wconf 86' lang='lat' dir='ltr'><strong>HANC</strong></span> <span class='ocrx_word' id='word_1_369' title='bbox 1204 3543 1331 3599; x_wconf 82' lang='lat' dir='ltr'><strong>VIR</strong></span> <span class='ocrx_word' id='word_1_370' title='bbox 1372 3542 1744 3599; x_wconf 81' lang='lat' dir='ltr'><strong>PATRICIVS</strong></span> <span class='ocrx_word' id='word_1_371' title='bbox 1782 3543 2184 3600; x_wconf 79' lang='lat' dir='ltr'><strong>VILISARIVS</strong></span> <span class='ocrx_word' id='word_1_372' title='bbox 2224 3543 2436 3599; x_wconf 79' lang='lat' dir='ltr'><strong>URBIS</strong></span> <span class='ocrx_word' id='word_1_373' title='bbox 2474 3543 2750 3600; x_wconf 80' lang='lat' dir='ltr'><strong>AMICVS</strong></span> <span class='ocrx_word' id='word_1_374' title='bbox 2795 3578 2804 3589; x_wconf 69' lang='grc' dir='ltr'>ι</span> 
     </span>
    </p>
   </div>
   <div class='ocr_carea' id='block_1_72' title="bbox 1086 3632 2595 3690">
    <p class='ocr_par' dir='ltr' id='par_1_72' title="bbox 1086 3632 2595 3690">
     <span class='ocr_line' id='line_1_72' title="bbox 1086 3632 2595 3690; baseline 0.001 -3"><span class='ocrx_word' id='word_1_375' title='bbox 1086 3632 1175 3688; x_wconf 93' lang='grc' dir='ltr'>ΟΒ</span> <span class='ocrx_word' id='word_1_376' title='bbox 1214 3633 1466 3688; x_wconf 66' lang='grc' dir='ltr'><strong>ενιΡίΕ</strong></span> <span class='ocrx_word' id='word_1_377' title='bbox 1504 3632 1779 3689; x_wconf 85' lang='lat' dir='ltr'><strong>VENIAM</strong></span> <span class='ocrx_word' id='word_1_378' title='bbox 1817 3634 2155 3690; x_wconf 88' lang='lat' dir='ltr'><strong>CONDIDIT</strong></span> <span class='ocrx_word' id='word_1_379' title='bbox 2182 3633 2595 3690; x_wconf 83' lang='lat' dir='ltr'><strong>ECCLESIAM.</strong></span> 
     </span>
    </p>
   </div>
   <div class='ocr_carea' id='block_1_73' title="bbox 946 3721 2595 3789">
    <p class='ocr_par' dir='ltr' id='par_1_73' title="bbox 946 3721 2595 3789">
     <span class='ocr_line' id='line_1_73' title="bbox 946 3721 2595 3789; baseline 0 -12"><span class='ocrx_word' id='word_1_380' title='bbox 946 3721 1135 3777; x_wconf 81' lang='grc' dir='ltr'><strong>ΗΑΝο</strong></span> <span class='ocrx_word' id='word_1_381' title='bbox 1208 3721 1492 3778; x_wconf 81' lang='lat' dir='ltr'><strong>IDCIRCO</strong></span> <span class='ocrx_word' id='word_1_382' title='bbox 1534 3721 1775 3778; x_wconf 88' lang='lat' dir='ltr'><strong>PEDEM</strong></span> <span class='ocrx_word' id='word_1_383' title='bbox 1814 3722 2094 3779; x_wconf 82' lang='lat' dir='ltr'><strong>SACRAM</strong></span> <span class='ocrx_word' id='word_1_384' title='bbox 2135 3722 2255 3789; x_wconf 89' lang='lat' dir='ltr'><strong>QUI</strong></span> <span class='ocrx_word' id='word_1_385' title='bbox 2295 3722 2501 3780; x_wconf 87' lang='lat' dir='ltr'>PONIS</span> <span class='ocrx_word' id='word_1_386' title='bbox 2540 3722 2595 3777; x_wconf 66' lang='lat' dir='ltr'><strong>ll‘</strong></span> 
     </span>
    </p>
   </div>
   <div class='ocr_carea' id='block_1_74' title="bbox 1897 3721 2891 3789">
    <p class='ocr_par' dir='ltr' id='par_1_74' title="bbox 1897 3721 2891 3789">
     <span class='ocr_line' id='line_1_74' title="bbox 1897 3721 2891 3789; baseline 0 -12"><span class='ocrx_word' id='word_1_387' title='bbox 1897 3722 2094 3778; x_wconf 83' lang='lat' dir='ltr'><strong>.CRAM</strong></span> <span class='ocrx_word' id='word_1_388' title='bbox 2135 3722 2255 3789; x_wconf 89' lang='lat' dir='ltr'><strong>QUI</strong></span> <span class='ocrx_word' id='word_1_389' title='bbox 2295 3722 2501 3780; x_wconf 88' lang='lat' dir='ltr'>PONIS</span> <span class='ocrx_word' id='word_1_390' title='bbox 2540 3722 2613 3777; x_wconf 88' lang='grc' dir='ltr'><strong>ΙΝ</strong></span> <span class='ocrx_word' id='word_1_391' title='bbox 2652 3721 2891 3779; x_wconf 72' lang='grc' dir='ltr'><strong>ΑΞΒΕΜ.</strong></span> 
     </span>
    </p>
   </div>
   <div class='ocr_carea' id='block_1_75' title="bbox 1090 3810 2714 3881">
    <p class='ocr_par' dir='ltr' id='par_1_75' title="bbox 1090 3810 2714 3881">
     <span class='ocr_line' id='line_1_75' title="bbox 1090 3810 2714 3881; baseline 0 -14"><span class='ocrx_word' id='word_1_392' title='bbox 1090 3810 1182 3867; x_wconf 90' lang='lat' dir='ltr'><strong>UT</strong></span> <span class='ocrx_word' id='word_1_393' title='bbox 1221 3810 1639 3867; x_wconf 81' lang='lat' dir='ltr'><strong>MISERETVR</strong></span> <span class='ocrx_word' id='word_1_394' title='bbox 1678 3811 1850 3881; x_wconf 87' lang='lat' dir='ltr'><strong>EVM,</strong></span> <span class='ocrx_word' id='word_1_395' title='bbox 1893 3811 2087 3867; x_wconf 62' lang='lat' dir='ltr'><strong>SZEPE</strong></span> <span class='ocrx_word' id='word_1_396' title='bbox 2130 3811 2455 3866; x_wconf 83' lang='lat' dir='ltr'><strong>PRECARE</strong></span> <span class='ocrx_word' id='word_1_397' title='bbox 2495 3810 2714 3867; x_wconf 91' lang='lat' dir='ltr'><strong>DEVM.</strong></span> 
     </span>
    </p>
   </div>
   <div class='ocr_carea' id='block_1_76' title="bbox 165 3942 1809 4020">
    <p class='ocr_par' dir='ltr' id='par_1_76' title="bbox 165 3942 1809 4020">
     <span class='ocr_line' id='line_1_76' title="bbox 165 3942 1809 4020; baseline -0.001 -20"><span class='ocrx_word' id='word_1_398' title='bbox 165 3945 287 4002; x_wconf 59' lang='lat' dir='ltr'><strong>Haec</strong></span> <span class='ocrx_word' id='word_1_399' title='bbox 317 3947 366 4004; x_wconf 88' lang='lat' dir='ltr'><strong>si</strong></span> <span class='ocrx_word' id='word_1_400' title='bbox 397 3947 717 4020; x_wconf 85' lang='lat' dir='ltr'><strong>quisquam</strong></span> <span class='ocrx_word' id='word_1_401' title='bbox 752 3945 975 4016; x_wconf 87' lang='lat' dir='ltr'><strong>rejiciat</strong></span> <span class='ocrx_word' id='word_1_402' title='bbox 996 3948 1126 4017; x_wconf 87' lang='lat' dir='ltr'><strong>post</strong></span> <span class='ocrx_word' id='word_1_403' title='bbox 1146 3942 1423 4000; x_wconf 68' lang='lat' dir='ltr'><strong>sazculum</strong></span> <span class='ocrx_word' id='word_1_404' title='bbox 1449 3945 1809 4009; x_wconf 79' lang='lat' dir='ltr'><strong>x,adversari</strong></span> 
     </span>
    </p>
   </div>
   <div class='ocr_carea' id='block_1_77' title="bbox 164 4032 1812 4107">
    <p class='ocr_par' dir='ltr' id='par_1_77' title="bbox 164 4032 1812 4107">
     <span class='ocr_line' id='line_1_77' title="bbox 164 4032 1812 4107; baseline -0.002 -16"><span class='ocrx_word' id='word_1_405' title='bbox 164 4050 263 4107; x_wconf 81' lang='lat' dir='ltr'><strong>ego</strong></span> <span class='ocrx_word' id='word_1_406' title='bbox 292 4036 497 4092; x_wconf 88' lang='lat' dir='ltr'><strong>nolim.</strong></span> <span class='ocrx_word' id='word_1_407' title='bbox 515 4041 785 4091; x_wconf 84' lang='lat' dir='ltr'><strong>Attamen</strong></span> <span class='ocrx_word' id='word_1_408' title='bbox 810 4039 950 4090; x_wconf 91' lang='lat' dir='ltr'><strong>sunt</strong></span> <span class='ocrx_word' id='word_1_409' title='bbox 977 4050 1105 4106; x_wconf 79' lang='lat' dir='ltr'><strong>quae</strong></span> <span class='ocrx_word' id='word_1_410' title='bbox 1127 4034 1417 4089; x_wconf 87' lang='lat' dir='ltr'><strong>suadeant</strong></span> <span class='ocrx_word' id='word_1_411' title='bbox 1440 4032 1568 4106; x_wconf 89' lang='lat' dir='ltr'><strong>ipso</strong></span> <span class='ocrx_word' id='word_1_412' title='bbox 1599 4032 1812 4089; x_wconf 67' lang='lat' dir='ltr'><strong>saeculo</strong></span> 
     </span>
    </p>
   </div>
   <div class='ocr_carea' id='block_1_78' title="bbox 164 4112 1808 4193">
    <p class='ocr_par' dir='ltr' id='par_1_78' title="bbox 164 4112 1808 4193">
     <span class='ocr_line' id='line_1_78' title="bbox 164 4112 1808 4193; baseline 0.001 -18"><span class='ocrx_word' id='word_1_413' title='bbox 164 4122 503 4181; x_wconf 72' lang='lat' dir='ltr'><strong>Christianae</strong></span> <span class='ocrx_word' id='word_1_414' title='bbox 536 4141 661 4180; x_wconf 67' lang='lat' dir='ltr'><strong>mres</strong></span> <span class='ocrx_word' id='word_1_415' title='bbox 684 4128 843 4181; x_wconf 81' lang='lat' dir='ltr'><strong>sexto</strong></span> <span class='ocrx_word' id='word_1_416' title='bbox 870 4120 1311 4193; x_wconf 89' lang='lat' dir='ltr'><strong>inscriptionem</strong></span> <span class='ocrx_word' id='word_1_417' title='bbox 1329 4121 1511 4177; x_wconf 82' lang='lat' dir='ltr'><strong>fuisse</strong></span> <span class='ocrx_word' id='word_1_418' title='bbox 1534 4112 1808 4193; x_wconf 82' lang='lat' dir='ltr'><strong>positam.</strong></span> 
     </span>
    </p>
   </div>
   <div class='ocr_carea' id='block_1_79' title="bbox 112 4209 1816 4285">
    <p class='ocr_par' dir='ltr' id='par_1_79' title="bbox 112 4209 1816 4285">
     <span class='ocr_line' id='line_1_79' title="bbox 112 4209 1816 4285; baseline 0.002 -23"><span class='ocrx_word' id='word_1_419' title='bbox 112 4226 115 4231; x_wconf 55' lang='lat'><em>‘</em></span> <span class='ocrx_word' id='word_1_420' title='bbox 164 4209 264 4266; x_wconf 86' lang='lat' dir='ltr'><strong>Vix</strong></span> <span class='ocrx_word' id='word_1_421' title='bbox 288 4214 444 4269; x_wconf 90' lang='lat' dir='ltr'><strong>enim</strong></span> <span class='ocrx_word' id='word_1_422' title='bbox 480 4218 614 4285; x_wconf 90' lang='lat' dir='ltr'><strong>post</strong></span> <span class='ocrx_word' id='word_1_423' title='bbox 645 4211 829 4268; x_wconf 88' lang='lat' dir='ltr'><strong>multa</strong></span> <span class='ocrx_word' id='word_1_424' title='bbox 860 4209 1072 4265; x_wconf 83' lang='lat' dir='ltr'><strong>saecula</strong></span> <span class='ocrx_word' id='word_1_425' title='bbox 1094 4210 1391 4281; x_wconf 81' lang='lat' dir='ltr'><strong>rogandus</strong></span> <span class='ocrx_word' id='word_1_426' title='bbox 1421 4210 1608 4265; x_wconf 80' lang='lat' dir='ltr'><strong>fuerat</strong></span> <span class='ocrx_word' id='word_1_427' title='bbox 1636 4227 1816 4282; x_wconf 84' lang='lat' dir='ltr'><strong>popu-</strong></span> 
     </span>
    </p>
   </div>
   <div class='ocr_carea' id='block_1_80' title="bbox 162 4297 1815 4374">
    <p class='ocr_par' dir='ltr' id='par_1_80' title="bbox 162 4297 1815 4374">
     <span class='ocr_line' id='line_1_80' title="bbox 162 4297 1815 4374; baseline 0 -21"><span class='ocrx_word' id='word_1_428' title='bbox 162 4298 252 4355; x_wconf 88' lang='lat' dir='ltr'><strong>lus</strong></span> <span class='ocrx_word' id='word_1_429' title='bbox 281 4307 343 4357; x_wconf 87' lang='lat' dir='ltr'><strong>ut</strong></span> <span class='ocrx_word' id='word_1_430' title='bbox 376 4300 653 4374; x_wconf 89' lang='lat' dir='ltr'><strong>precibus</strong></span> <span class='ocrx_word' id='word_1_431' title='bbox 684 4299 947 4373; x_wconf 89' lang='lat' dir='ltr'><strong>repetitis</strong></span> <span class='ocrx_word' id='word_1_432' title='bbox 978 4297 1260 4353; x_wconf 90' lang='lat' dir='ltr'><strong>Belisario</strong></span> <span class='ocrx_word' id='word_1_433' title='bbox 1290 4298 1754 4353; x_wconf 87' lang='lat' dir='ltr'><strong>misericordiam</strong></span> <span class='ocrx_word' id='word_1_434' title='bbox 1780 4316 1815 4353; x_wconf 90' lang='lat' dir='ltr'><strong>a</strong></span> 
     </span>
    </p>
   </div>
   <div class='ocr_carea' id='block_1_81' title="bbox 168 4384 1813 4462">
    <p class='ocr_par' dir='ltr' id='par_1_81' title="bbox 168 4384 1813 4462">
     <span class='ocr_line' id='line_1_81' title="bbox 168 4384 1813 4462; baseline 0.001 -21"><span class='ocrx_word' id='word_1_435' title='bbox 168 4391 275 4443; x_wconf 86' lang='lat' dir='ltr'><strong>Deo</strong></span> <span class='ocrx_word' id='word_1_436' title='bbox 304 4389 785 4462; x_wconf 87' lang='lat' dir='ltr'><strong>impetraret.Sed</strong></span> <span class='ocrx_word' id='word_1_437' title='bbox 811 4387 1080 4451; x_wconf 88' lang='lat' dir='ltr'><strong>alterum,</strong></span> <span class='ocrx_word' id='word_1_438' title='bbox 1107 4384 1516 4456; x_wconf 86' lang='lat' dir='ltr'><strong>qualecunque</strong></span> <span class='ocrx_word' id='word_1_439' title='bbox 1536 4385 1813 4452; x_wconf 87' lang='lat' dir='ltr'><strong>sit,etiam</strong></span> 
     </span>
    </p>
   </div>
   <div class='ocr_carea' id='block_1_82' title="bbox 165 4473 1817 4550">
    <p class='ocr_par' dir='ltr' id='par_1_82' title="bbox 165 4473 1817 4550">
     <span class='ocr_line' id='line_1_82' title="bbox 165 4473 1817 4550; baseline 0 -19"><span class='ocrx_word' id='word_1_440' title='bbox 165 4478 464 4550; x_wconf 57' lang='lat' dir='ltr'><strong>antiquius</strong></span> <span class='ocrx_word' id='word_1_441' title='bbox 493 4476 1108 4533; x_wconf 89' lang='lat' dir='ltr'><strong>similitcrcadentium</strong></span> <span class='ocrx_word' id='word_1_442' title='bbox 1135 4491 1341 4529; x_wconf 90' lang='lat' dir='ltr'><strong>vocum</strong></span> <span class='ocrx_word' id='word_1_443' title='bbox 1374 4473 1705 4546; x_wconf 87' lang='lat' dir='ltr'><strong>exemplum</strong></span> <span class='ocrx_word' id='word_1_444' title='bbox 1720 4475 1817 4531; x_wconf 87' lang='lat' dir='ltr'><strong>ba-</strong></span> 
     </span>
    </p>
   </div>
   <div class='ocr_carea' id='block_1_83' title="bbox 1922 3944 3568 4027">
    <p class='ocr_par' dir='ltr' id='par_1_83' title="bbox 1922 3944 3568 4027">
     <span class='ocr_line' id='line_1_83' title="bbox 1922 3944 3568 4027; baseline 0.002 -28"><span class='ocrx_word' id='word_1_445' title='bbox 1922 3950 2301 4001; x_wconf 86' lang='lat' dir='ltr'><strong>memoratus.</strong></span> <span class='ocrx_word' id='word_1_446' title='bbox 2337 3945 2748 4017; x_wconf 83' lang='lat' dir='ltr'><strong>Alphabeticum</strong></span> <span class='ocrx_word' id='word_1_447' title='bbox 2780 3944 2948 4002; x_wconf 89' lang='lat' dir='ltr'><strong>illum</strong></span> <span class='ocrx_word' id='word_1_448' title='bbox 2981 3944 3354 4027; x_wconf 71' lang='lat' dir='ltr'><strong>Mabillonius</strong></span> <span class='ocrx_word' id='word_1_449' title='bbox 3369 3946 3568 4021; x_wconf 90' lang='lat' dir='ltr'><strong>appel-</strong></span> 
     </span>
    </p>
   </div>
   <div class='ocr_carea' id='block_1_84' title="bbox 1919 4033 3571 4109">
    <p class='ocr_par' dir='ltr' id='par_1_84' title="bbox 1919 4033 3571 4109">
     <span class='ocr_line' id='line_1_84' title="bbox 1919 4033 3571 4109; baseline 0.003 -20"><span class='ocrx_word' id='word_1_450' title='bbox 1919 4033 2080 4104; x_wconf 88' lang='lat' dir='ltr'><strong>lavit,</strong></span> <span class='ocrx_word' id='word_1_451' title='bbox 2108 4034 2495 4090; x_wconf 82' lang='lat' dir='ltr'><strong>Abecedarium</strong></span> <span class='ocrx_word' id='word_1_452' title='bbox 2523 4051 2655 4090; x_wconf 88' lang='lat' dir='ltr'><strong>vero</strong></span> <span class='ocrx_word' id='word_1_453' title='bbox 2696 4035 3078 4109; x_wconf 79' lang='lat' dir='ltr'><strong>Augustinus.</strong></span> <span class='ocrx_word' id='word_1_454' title='bbox 3138 4035 3399 4093; x_wconf 89' lang='lat' dir='ltr'><strong>Similem</strong></span> <span class='ocrx_word' id='word_1_455' title='bbox 3431 4053 3571 4109; x_wconf 89' lang='lat' dir='ltr'><strong>quo-</strong></span> 
     </span>
    </p>
   </div>
   <div class='ocr_carea' id='block_1_85' title="bbox 1921 4122 3570 4197">
    <p class='ocr_par' dir='ltr' id='par_1_85' title="bbox 1921 4122 3570 4197">
     <span class='ocr_line' id='line_1_85' title="bbox 1921 4122 3570 4197; baseline 0.002 -19"><span class='ocrx_word' id='word_1_456' title='bbox 1921 4139 2034 4194; x_wconf 89' lang='lat' dir='ltr'><strong>que</strong></span> <span class='ocrx_word' id='word_1_457' title='bbox 2065 4122 2217 4178; x_wconf 86' lang='lat' dir='ltr'><strong>infra</strong></span> <span class='ocrx_word' id='word_1_458' title='bbox 2244 4123 2416 4188; x_wconf 86' lang='lat' dir='ltr'><strong>dabo,</strong></span> <span class='ocrx_word' id='word_1_459' title='bbox 2448 4140 2515 4179; x_wconf 83' lang='lat' dir='ltr'><strong>ex</strong></span> <span class='ocrx_word' id='word_1_460' title='bbox 2553 4123 2866 4180; x_wconf 88' lang='lat' dir='ltr'><strong>Verenensi</strong></span> <span class='ocrx_word' id='word_1_461' title='bbox 2899 4123 3097 4180; x_wconf 89' lang='lat' dir='ltr'><strong>codice</strong></span> <span class='ocrx_word' id='word_1_462' title='bbox 3126 4141 3468 4197; x_wconf 84' lang='lat' dir='ltr'><strong>expressum</strong></span> <span class='ocrx_word' id='word_1_463' title='bbox 3499 4126 3570 4182; x_wconf 90' lang='lat' dir='ltr'><strong>de</strong></span> 
     </span>
    </p>
   </div>
   <div class='ocr_carea' id='block_1_86' title="bbox 1920 4211 3573 4283">
    <p class='ocr_par' dir='ltr' id='par_1_86' title="bbox 1920 4211 3573 4283">
     <span class='ocr_line' id='line_1_86' title="bbox 1920 4211 3573 4283; baseline 0.002 -17"><span class='ocrx_word' id='word_1_464' title='bbox 1920 4216 2162 4283; x_wconf 89' lang='lat' dir='ltr'><strong>captura</strong></span> <span class='ocrx_word' id='word_1_465' title='bbox 2214 4211 2475 4267; x_wconf 76' lang='lat' dir='ltr'><strong>Ludovici</strong></span> <span class='ocrx_word' id='word_1_466' title='bbox 2531 4213 2580 4267; x_wconf 90' lang='grc'><strong><em>11</em></strong></span> <span class='ocrx_word' id='word_1_467' title='bbox 2632 4213 2882 4283; x_wconf 79' lang='lat' dir='ltr'><strong>Augusti.</strong></span> <span class='ocrx_word' id='word_1_468' title='bbox 2941 4212 3223 4269; x_wconf 77' lang='lat' dir='ltr'><strong>Praeterea</strong></span> <span class='ocrx_word' id='word_1_469' title='bbox 3279 4212 3425 4268; x_wconf 90' lang='lat' dir='ltr'><strong>mihi</strong></span> <span class='ocrx_word' id='word_1_470' title='bbox 3480 4217 3573 4270; x_wconf 89' lang='lat' dir='ltr'><strong>est</strong></span> 
     </span>
    </p>
   </div>
   <div class='ocr_carea' id='block_1_87' title="bbox 1921 4299 3568 4373">
    <p class='ocr_par' dir='ltr' id='par_1_87' title="bbox 1921 4299 3568 4373">
     <span class='ocr_line' id='line_1_87' title="bbox 1921 4299 3568 4373; baseline 0.001 -18"><span class='ocrx_word' id='word_1_471' title='bbox 1921 4299 2234 4372; x_wconf 72' lang='lat' dir='ltr'><strong>rhythmus</strong></span> <span class='ocrx_word' id='word_1_472' title='bbox 2266 4302 2331 4356; x_wconf 87' lang='lat' dir='ltr'><strong>in</strong></span> <span class='ocrx_word' id='word_1_473' title='bbox 2375 4308 2626 4355; x_wconf 85' lang='lat' dir='ltr'><strong>sanctum</strong></span> <span class='ocrx_word' id='word_1_474' title='bbox 2683 4302 2970 4365; x_wconf 82' lang='lat' dir='ltr'><strong>Zenonem,</strong></span> <span class='ocrx_word' id='word_1_475' title='bbox 3029 4318 3064 4357; x_wconf 88' lang='lat' dir='ltr'><strong>a</strong></span> <span class='ocrx_word' id='word_1_476' title='bbox 3093 4317 3273 4373; x_wconf 87' lang='lat' dir='ltr'><strong>supra</strong></span> <span class='ocrx_word' id='word_1_477' title='bbox 3332 4301 3568 4358; x_wconf 87' lang='lat' dir='ltr'><strong>laudato</strong></span> 
     </span>
    </p>
   </div>
   <div class='ocr_carea' id='block_1_88' title="bbox 1922 4388 3571 4462">
    <p class='ocr_par' dir='ltr' id='par_1_88' title="bbox 1922 4388 3571 4462">
     <span class='ocr_line' id='line_1_88' title="bbox 1922 4388 3571 4462; baseline 0.001 -19"><span class='ocrx_word' id='word_1_478' title='bbox 1922 4388 2319 4461; x_wconf 87' lang='lat' dir='ltr'><strong>Campagnola</strong></span> <span class='ocrx_word' id='word_1_479' title='bbox 2348 4390 2420 4444; x_wconf 88' lang='lat' dir='ltr'><strong>ad</strong></span> <span class='ocrx_word' id='word_1_480' title='bbox 2454 4405 2546 4445; x_wconf 90' lang='lat' dir='ltr'><strong>me</strong></span> <span class='ocrx_word' id='word_1_481' title='bbox 2598 4390 2841 4457; x_wconf 85' lang='lat' dir='ltr'><strong>missus,</strong></span> <span class='ocrx_word' id='word_1_482' title='bbox 2872 4394 3048 4462; x_wconf 88' lang='lat' dir='ltr'><strong>atque</strong></span> <span class='ocrx_word' id='word_1_483' title='bbox 3075 4405 3143 4445; x_wconf 86' lang='lat' dir='ltr'><strong>ex</strong></span> <span class='ocrx_word' id='word_1_484' title='bbox 3172 4390 3375 4447; x_wconf 90' lang='lat' dir='ltr'><strong>eodem</strong></span> <span class='ocrx_word' id='word_1_485' title='bbox 3417 4390 3571 4447; x_wconf 87' lang='lat' dir='ltr'><strong>anti-</strong></span> 
     </span>
    </p>
   </div>
   <div class='ocr_carea' id='block_1_89' title="bbox 1924 4477 3569 4552">
    <p class='ocr_par' dir='ltr' id='par_1_89' title="bbox 1924 4477 3569 4552">
     <span class='ocr_line' id='line_1_89' title="bbox 1924 4477 3569 4552; baseline 0.002 -20"><span class='ocrx_word' id='word_1_486' title='bbox 1924 4477 2214 4549; x_wconf 90' lang='lat' dir='ltr'><strong>quissimo</strong></span> <span class='ocrx_word' id='word_1_487' title='bbox 2246 4478 2441 4533; x_wconf 89' lang='lat' dir='ltr'><strong>codice</strong></span> <span class='ocrx_word' id='word_1_488' title='bbox 2472 4479 2835 4549; x_wconf 86' lang='lat' dir='ltr'><strong>exceptus,in</strong></span> <span class='ocrx_word' id='word_1_489' title='bbox 2867 4495 2981 4552; x_wconf 88' lang='lat' dir='ltr'><strong>quo</strong></span> <span class='ocrx_word' id='word_1_490' title='bbox 3012 4479 3216 4534; x_wconf 90' lang='lat' dir='ltr'><strong>laudes</strong></span> <span class='ocrx_word' id='word_1_491' title='bbox 3259 4478 3569 4536; x_wconf 83' lang='lat' dir='ltr'><strong>Mediolani</strong></span> 
     </span>
    </p>
   </div>
   <div class='ocr_carea' id='block_1_90' title="bbox 166 4562 3569 4638">
    <p class='ocr_par' dir='ltr' id='par_1_90' title="bbox 166 4562 3569 4638">
     <span class='ocr_line' id='line_1_90' title="bbox 166 4562 3569 4638; baseline 0.002 -19"><span class='ocrx_word' id='word_1_492' title='bbox 166 4564 663 4622; x_wconf 79' lang='lat' dir='ltr'><strong>bemus.8anctus</strong></span> <span class='ocrx_word' id='word_1_493' title='bbox 680 4563 1047 4637; x_wconf 88' lang='lat' dir='ltr'><strong>Augustinus</strong></span> <span class='ocrx_word' id='word_1_494' title='bbox 1067 4562 1296 4618; x_wconf 87' lang='lat' dir='ltr'><strong>circiter</strong></span> <span class='ocrx_word' id='word_1_495' title='bbox 1317 4578 1538 4618; x_wconf 89' lang='lat' dir='ltr'><strong>annum</strong></span> <span class='ocrx_word' id='word_1_496' title='bbox 1561 4562 1666 4617; x_wconf 85' lang='lat'><strong>393</strong></span> <span class='ocrx_word' id='word_1_497' title='bbox 1688 4563 1809 4619; x_wconf 91' lang='lat' dir='ltr'><strong>elu-</strong></span> <span class='ocrx_word' id='word_1_498' title='bbox 1844 4568 1891 4632; x_wconf 86' lang='lat' dir='ltr'><strong>D</strong></span> <span class='ocrx_word' id='word_1_499' title='bbox 1923 4567 2042 4638; x_wconf 79' lang='lat' dir='ltr'><strong>iam</strong></span> <span class='ocrx_word' id='word_1_500' title='bbox 2073 4583 2252 4638; x_wconf 88' lang='lat' dir='ltr'><strong>supra</strong></span> <span class='ocrx_word' id='word_1_501' title='bbox 2283 4566 2449 4621; x_wconf 66' lang='lat' dir='ltr'><strong>editas</strong></span> <span class='ocrx_word' id='word_1_502' title='bbox 2473 4565 2833 4638; x_wconf 89' lang='lat' dir='ltr'><strong>legebantur.</strong></span> <span class='ocrx_word' id='word_1_503' title='bbox 2867 4568 2937 4623; x_wconf 89' lang='lat' dir='ltr'><strong>Et</strong></span> <span class='ocrx_word' id='word_1_504' title='bbox 2968 4567 3124 4624; x_wconf 88' lang='lat' dir='ltr'><strong>istud</strong></span> <span class='ocrx_word' id='word_1_505' title='bbox 3160 4567 3569 4625; x_wconf 88' lang='lat' dir='ltr'><strong>abecedarium</strong></span> 
     </span>
    </p>
   </div>
   <div class='ocr_carea' id='block_1_91' title="bbox 166 4649 1815 4726">
    <p class='ocr_par' dir='ltr' id='par_1_91' title="bbox 166 4649 1815 4726">
     <span class='ocr_line' id='line_1_91' title="bbox 166 4649 1815 4726; baseline 0.001 -20"><span class='ocrx_word' id='word_1_506' title='bbox 166 4655 425 4710; x_wconf 87' lang='lat' dir='ltr'><strong>cubravit</strong></span> <span class='ocrx_word' id='word_1_507' title='bbox 450 4654 733 4726; x_wconf 85' lang='lat' dir='ltr'><strong>psalmum</strong></span> <span class='ocrx_word' id='word_1_508' title='bbox 761 4661 950 4708; x_wconf 84' lang='lat' dir='ltr'><strong>contra</strong></span> <span class='ocrx_word' id='word_1_509' title='bbox 996 4654 1215 4723; x_wconf 83' lang='lat' dir='ltr'><strong>partem</strong></span> <span class='ocrx_word' id='word_1_510' title='bbox 1259 4651 1479 4717; x_wconf 87' lang='lat' dir='ltr'><strong>Donati,</strong></span> <span class='ocrx_word' id='word_1_511' title='bbox 1535 4649 1637 4722; x_wconf 92' lang='lat' dir='ltr'><strong>qui</strong></span> <span class='ocrx_word' id='word_1_512' title='bbox 1668 4650 1815 4707; x_wconf 88' lang='lat' dir='ltr'><strong>nihil</strong></span> 
     </span>
    </p>
   </div>
   <div class='ocr_carea' id='block_1_92' title="bbox 167 4738 1816 4815">
    <p class='ocr_par' dir='ltr' id='par_1_92' title="bbox 167 4738 1816 4815">
     <span class='ocr_line' id='line_1_92' title="bbox 167 4738 1816 4815; baseline 0 -18"><span class='ocrx_word' id='word_1_513' title='bbox 167 4742 316 4798; x_wconf 86' lang='lat' dir='ltr'><strong>aliud</strong></span> <span class='ocrx_word' id='word_1_514' title='bbox 351 4748 443 4800; x_wconf 89' lang='lat' dir='ltr'><strong>est</strong></span> <span class='ocrx_word' id='word_1_515' title='bbox 471 4758 651 4815; x_wconf 89' lang='lat' dir='ltr'><strong>quam</strong></span> <span class='ocrx_word' id='word_1_516' title='bbox 683 4742 1015 4815; x_wconf 79' lang='lat' dir='ltr'><strong>rhythmus.</strong></span> <span class='ocrx_word' id='word_1_517' title='bbox 1050 4740 1278 4814; x_wconf 83' lang='lat' dir='ltr'><strong>Singuli</strong></span> <span class='ocrx_word' id='word_1_518' title='bbox 1304 4756 1508 4795; x_wconf 86' lang='lat' dir='ltr'><strong>versus</strong></span> <span class='ocrx_word' id='word_1_519' title='bbox 1530 4756 1561 4795; x_wconf 90' lang='lat' dir='ltr'><strong>e</strong></span> <span class='ocrx_word' id='word_1_520' title='bbox 1583 4738 1816 4797; x_wconf 86' lang='lat' dir='ltr'><strong>duobus</strong></span> 
     </span>
    </p>
   </div>
   <div class='ocr_carea' id='block_1_93' title="bbox 166 4829 1817 4903">
    <p class='ocr_par' dir='ltr' id='par_1_93' title="bbox 166 4829 1817 4903">
     <span class='ocr_line' id='line_1_93' title="bbox 166 4829 1817 4903; baseline 0.001 -19"><span class='ocrx_word' id='word_1_521' title='bbox 166 4831 471 4888; x_wconf 89' lang='lat' dir='ltr'><strong>versiculis</strong></span> <span class='ocrx_word' id='word_1_522' title='bbox 488 4837 618 4887; x_wconf 91' lang='lat' dir='ltr'><strong>octo</strong></span> <span class='ocrx_word' id='word_1_523' title='bbox 641 4830 879 4903; x_wconf 83' lang='lat' dir='ltr'><strong>syllabis</strong></span> <span class='ocrx_word' id='word_1_524' title='bbox 909 4834 1197 4887; x_wconf 90' lang='lat' dir='ltr'><strong>constant.</strong></span> <span class='ocrx_word' id='word_1_525' title='bbox 1226 4829 1467 4884; x_wconf 90' lang='lat' dir='ltr'><strong>Suntibi</strong></span> <span class='ocrx_word' id='word_1_526' title='bbox 1492 4829 1592 4902; x_wconf 89' lang='lat' dir='ltr'><strong>qui</strong></span> <span class='ocrx_word' id='word_1_527' title='bbox 1618 4829 1817 4900; x_wconf 90' lang='lat' dir='ltr'><strong>plures</strong></span> 
     </span>
    </p>
   </div>
   <div class='ocr_carea' id='block_1_94' title="bbox 168 4917 1812 4992">
    <p class='ocr_par' dir='ltr' id='par_1_94' title="bbox 168 4917 1812 4992">
     <span class='ocr_line' id='line_1_94' title="bbox 168 4917 1812 4992; baseline 0.001 -20"><span class='ocrx_word' id='word_1_528' title='bbox 168 4918 419 4991; x_wconf 80' lang='lat' dir='ltr'><strong>syllabas</strong></span> <span class='ocrx_word' id='word_1_529' title='bbox 453 4920 791 4992; x_wconf 63' lang='lat' dir='ltr'><strong>praeferunt,</strong></span> <span class='ocrx_word' id='word_1_530' title='bbox 826 4920 927 4975; x_wconf 87' lang='lat' dir='ltr'><strong>sed</strong></span> <span class='ocrx_word' id='word_1_531' title='bbox 957 4917 1225 4974; x_wconf 82' lang='lat' dir='ltr'><strong>fortassis</strong></span> <span class='ocrx_word' id='word_1_532' title='bbox 1253 4917 1607 4974; x_wconf 89' lang='lat' dir='ltr'><strong>emendandi</strong></span> <span class='ocrx_word' id='word_1_533' title='bbox 1657 4922 1812 4974; x_wconf 86' lang='lat' dir='ltr'><strong>sunt.</strong></span> 
     </span>
    </p>
   </div>
   <div class='ocr_carea' id='block_1_95' title="bbox 170 5005 1817 5081">
    <p class='ocr_par' dir='ltr' id='par_1_95' title="bbox 170 5005 1817 5081">
     <span class='ocr_line' id='line_1_95' title="bbox 170 5005 1817 5081; baseline 0.001 -19"><span class='ocrx_word' id='word_1_534' title='bbox 170 5007 396 5065; x_wconf 90' lang='lat' dir='ltr'><strong>Intuere</strong></span> <span class='ocrx_word' id='word_1_535' title='bbox 410 5010 572 5065; x_wconf 88' lang='lat' dir='ltr'><strong>hunc</strong></span> <span class='ocrx_word' id='word_1_536' title='bbox 582 5009 877 5081; x_wconf 87' lang='lat' dir='ltr'><strong>psalmum</strong></span> <span class='ocrx_word' id='word_1_537' title='bbox 904 5009 1058 5064; x_wconf 90' lang='lat' dir='ltr'><strong>inter</strong></span> <span class='ocrx_word' id='word_1_538' title='bbox 1077 5007 1265 5079; x_wconf 88' lang='lat' dir='ltr'><strong>Opera</strong></span> <span class='ocrx_word' id='word_1_539' title='bbox 1283 5005 1596 5079; x_wconf 87' lang='lat' dir='ltr'><strong>Augustini</strong></span> <span class='ocrx_word' id='word_1_540' title='bbox 1617 5007 1678 5063; x_wconf 91' lang='lat' dir='ltr'><strong>in</strong></span> <span class='ocrx_word' id='word_1_541' title='bbox 1698 5007 1817 5079; x_wconf 90' lang='lat' dir='ltr'><strong>pri-</strong></span> 
     </span>
    </p>
   </div>
   <div class='ocr_carea' id='block_1_96' title="bbox 170 5094 1819 5172">
    <p class='ocr_par' dir='ltr' id='par_1_96' title="bbox 170 5094 1819 5172">
     <span class='ocr_line' id='line_1_96' title="bbox 170 5094 1819 5172; baseline 0.001 -21"><span class='ocrx_word' id='word_1_542' title='bbox 170 5096 280 5154; x_wconf 87' lang='lat' dir='ltr'><strong>mis</strong></span> <span class='ocrx_word' id='word_1_543' title='bbox 309 5097 548 5172; x_wconf 87' lang='lat' dir='ltr'><strong>paginis</strong></span> <span class='ocrx_word' id='word_1_544' title='bbox 578 5098 799 5154; x_wconf 84' lang='lat' dir='ltr'><strong>tom.IX</strong></span> <span class='ocrx_word' id='word_1_545' title='bbox 827 5097 1095 5153; x_wconf 89' lang='lat' dir='ltr'><strong>editionis</strong></span> <span class='ocrx_word' id='word_1_546' title='bbox 1128 5094 1567 5152; x_wconf 71' lang='lat' dir='ltr'><strong>novissimzeDe</strong></span> <span class='ocrx_word' id='word_1_547' title='bbox 1596 5111 1663 5151; x_wconf 90' lang='lat' dir='ltr'><strong>eo</strong></span> <span class='ocrx_word' id='word_1_548' title='bbox 1693 5095 1819 5169; x_wconf 88' lang='lat' dir='ltr'><strong>ipse</strong></span> 
     </span>
    </p>
   </div>
   <div class='ocr_carea' id='block_1_97' title="bbox 169 5184 1818 5259">
    <p class='ocr_par' dir='ltr' id='par_1_97' title="bbox 169 5184 1818 5259">
     <span class='ocr_line' id='line_1_97' title="bbox 169 5184 1818 5259; baseline 0.001 -19"><span class='ocrx_word' id='word_1_549' title='bbox 169 5184 289 5242; x_wconf 68' lang='grc' dir='ltr'><strong>ὴτθο</strong></span> <span class='ocrx_word' id='word_1_550' title='bbox 318 5186 530 5243; x_wconf 88' lang='lat' dir='ltr'><strong>scribit</strong></span> <span class='ocrx_word' id='word_1_551' title='bbox 549 5185 847 5259; x_wconf 89' lang='lat' dir='ltr'><strong>lib.primo</strong></span> <span class='ocrx_word' id='word_1_552' title='bbox 878 5187 1213 5250; x_wconf 85' lang='lat' dir='ltr'><strong>Retractat.,</strong></span> <span class='ocrx_word' id='word_1_553' title='bbox 1245 5200 1375 5256; x_wconf 88' lang='lat' dir='ltr'><strong>cap.</strong></span> <span class='ocrx_word' id='word_1_554' title='bbox 1396 5185 1465 5238; x_wconf 87' lang='lat'><strong>20</strong></span> <span class='ocrx_word' id='word_1_555' title='bbox 1491 5201 1504 5238; x_wconf 91' lang='lat'><strong>:</strong></span> <span class='ocrx_word' id='word_1_556' title='bbox 1537 5186 1818 5242; x_wconf 85' lang='lat' dir='ltr'><strong>Psalmum</strong></span> 
     </span>
    </p>
   </div>
   <div class='ocr_carea' id='block_1_98' title="bbox 174 5274 1820 5347">
    <p class='ocr_par' dir='ltr' id='par_1_98' title="bbox 174 5274 1820 5347">
     <span class='ocr_line' id='line_1_98' title="bbox 174 5274 1820 5347; baseline 0 -18"><span class='ocrx_word' id='word_1_557' title='bbox 174 5276 268 5346; x_wconf 86' lang='lat' dir='ltr'><strong>qui</strong></span> <span class='ocrx_word' id='word_1_558' title='bbox 308 5275 378 5331; x_wconf 85' lang='lat' dir='ltr'><strong>ab</strong></span> <span class='ocrx_word' id='word_1_559' title='bbox 420 5277 694 5347; x_wconf 87' lang='lat' dir='ltr'><strong>imperitis</strong></span> <span class='ocrx_word' id='word_1_560' title='bbox 764 5276 815 5331; x_wconf 86' lang='lat' dir='ltr'><strong>et</strong></span> <span class='ocrx_word' id='word_1_561' title='bbox 847 5275 1030 5330; x_wconf 79' lang='lat' dir='ltr'><strong>idiotis</strong></span> <span class='ocrx_word' id='word_1_562' title='bbox 1063 5279 1399 5338; x_wconf 85' lang='lat' dir='ltr'><strong>cantaretur,</strong></span> <span class='ocrx_word' id='word_1_563' title='bbox 1454 5289 1554 5344; x_wconf 85' lang='lat' dir='ltr'><strong>per</strong></span> <span class='ocrx_word' id='word_1_564' title='bbox 1593 5274 1820 5329; x_wconf 86' lang='lat' dir='ltr'><strong>Latinas</strong></span> 
     </span>
    </p>
   </div>
   <div class='ocr_carea' id='block_1_99' title="bbox 171 5361 1818 5437">
    <p class='ocr_par' dir='ltr' id='par_1_99' title="bbox 171 5361 1818 5437">
     <span class='ocr_line' id='line_1_99' title="bbox 171 5361 1818 5437; baseline 0.001 -20"><span class='ocrx_word' id='word_1_565' title='bbox 171 5362 377 5420; x_wconf 81' lang='lat' dir='ltr'><strong>litteras</strong></span> <span class='ocrx_word' id='word_1_566' title='bbox 403 5366 533 5437; x_wconf 83' lang='lat' dir='ltr'><strong>feci.</strong></span> <span class='ocrx_word' id='word_1_567' title='bbox 569 5366 715 5422; x_wconf 86' lang='lat' dir='ltr'><strong>Tales</strong></span> <span class='ocrx_word' id='word_1_568' title='bbox 743 5373 928 5421; x_wconf 87' lang='lat' dir='ltr'><strong>autem</strong></span> <span class='ocrx_word' id='word_1_569' title='bbox 956 5361 1302 5419; x_wconf 83' lang='lat' dir='ltr'><strong>abecedarios</strong></span> <span class='ocrx_word' id='word_1_570' title='bbox 1338 5362 1645 5434; x_wconf 84' lang='lat' dir='ltr'><strong>appellant.</strong></span> <span class='ocrx_word' id='word_1_571' title='bbox 1680 5361 1818 5434; x_wconf 86' lang='lat' dir='ltr'><strong>Ejus</strong></span> 
     </span>
    </p>
   </div>
   <div class='ocr_carea' id='block_1_100' title="bbox 170 5450 1837 5528">
    <p class='ocr_par' dir='ltr' id='par_1_100' title="bbox 170 5450 1837 5528">
     <span class='ocr_line' id='line_1_100' title="bbox 170 5450 1837 5528; baseline -0.001 -20"><span class='ocrx_word' id='word_1_572' title='bbox 170 5452 401 5525; x_wconf 87' lang='lat' dir='ltr'><strong>generis</strong></span> <span class='ocrx_word' id='word_1_573' title='bbox 431 5457 522 5510; x_wconf 92' lang='lat' dir='ltr'><strong>est</strong></span> <span class='ocrx_word' id='word_1_574' title='bbox 550 5453 865 5528; x_wconf 86' lang='lat' dir='ltr'><strong>rhythmus</strong></span> <span class='ocrx_word' id='word_1_575' title='bbox 914 5452 978 5508; x_wconf 88' lang='lat' dir='ltr'><strong>de</strong></span> <span class='ocrx_word' id='word_1_576' title='bbox 1038 5450 1355 5520; x_wconf 78' lang='lat' dir='ltr'><strong>Mediolano,</strong></span> <span class='ocrx_word' id='word_1_577' title='bbox 1417 5467 1594 5524; x_wconf 87' lang='lat' dir='ltr'><strong>quem</strong></span> <span class='ocrx_word' id='word_1_578' title='bbox 1640 5468 1837 5524; x_wconf 86' lang='lat' dir='ltr'><strong>supra</strong></span> 
     </span>
    </p>
   </div>
   <div class='ocr_carea' id='block_1_101' title="bbox 171 5538 1822 5628">
    <p class='ocr_par' dir='ltr' id='par_1_101' title="bbox 171 5538 1822 5628">
     <span class='ocr_line' id='line_1_101' title="bbox 171 5538 1822 5628; baseline 0.001 -26"><span class='ocrx_word' id='word_1_579' title='bbox 171 5540 358 5628; x_wconf 87' lang='lat' dir='ltr'><strong>innui,</strong></span> <span class='ocrx_word' id='word_1_580' title='bbox 402 5546 505 5623; x_wconf 85' lang='lat' dir='ltr'><strong>uti</strong></span> <span class='ocrx_word' id='word_1_581' title='bbox 535 5549 591 5604; x_wconf 90' lang='lat' dir='ltr'><strong>et</strong></span> <span class='ocrx_word' id='word_1_582' title='bbox 642 5543 789 5605; x_wconf 86' lang='lat' dir='ltr'><strong>alter</strong></span> <span class='ocrx_word' id='word_1_583' title='bbox 847 5538 1197 5601; x_wconf 77' lang='lat' dir='ltr'><strong>Adelmanni</strong></span> <span class='ocrx_word' id='word_1_584' title='bbox 1247 5538 1592 5614; x_wconf 81' lang='lat' dir='ltr'><strong>Scholastioi</strong></span> <span class='ocrx_word' id='word_1_585' title='bbox 1649 5543 1822 5604; x_wconf 79' lang='lat' dir='ltr'><strong>antea</strong></span> 
     </span>
    </p>
   </div>
   <div class='ocr_carea' id='block_1_102' title="bbox 1924 4654 2607 4725">
    <p class='ocr_par' dir='ltr' id='par_1_102' title="bbox 1924 4654 2607 4725">
     <span class='ocr_line' id='line_1_102' title="bbox 1924 4654 2607 4725; baseline 0.001 -15"><span class='ocrx_word' id='word_1_586' title='bbox 1924 4658 2031 4710; x_wconf 90' lang='lat' dir='ltr'><strong>est.</strong></span> <span class='ocrx_word' id='word_1_587' title='bbox 2068 4654 2148 4708; x_wconf 88' lang='lat' dir='ltr'><strong>En</strong></span> <span class='ocrx_word' id='word_1_588' title='bbox 2176 4655 2306 4725; x_wconf 87' lang='lat' dir='ltr'><strong>ejus</strong></span> <span class='ocrx_word' id='word_1_589' title='bbox 2331 4654 2565 4709; x_wconf 91' lang='lat' dir='ltr'><strong>initium</strong></span> <span class='ocrx_word' id='word_1_590' title='bbox 2595 4673 2607 4711; x_wconf 94' lang='lat'><strong>:</strong></span> 
     </span>
    </p>
   </div>
   <div class='ocr_carea' id='block_1_103' title="bbox 1996 4761 3195 4837">
    <p class='ocr_par' dir='ltr' id='par_1_103' title="bbox 1996 4761 3195 4837">
     <span class='ocr_line' id='line_1_103' title="bbox 1996 4761 3195 4837; baseline 0.003 -22"><span class='ocrx_word' id='word_1_591' title='bbox 1996 4761 2237 4837; x_wconf 79' lang='lat' dir='ltr'><strong>Audiant</strong></span> <span class='ocrx_word' id='word_1_592' title='bbox 2262 4762 2558 4833; x_wconf 86' lang='lat' dir='ltr'><strong>principes,</strong></span> <span class='ocrx_word' id='word_1_593' title='bbox 2589 4761 2822 4817; x_wconf 87' lang='lat' dir='ltr'><strong>audiant</strong></span> <span class='ocrx_word' id='word_1_594' title='bbox 2841 4763 3053 4835; x_wconf 85' lang='lat' dir='ltr'><strong>populi,</strong></span> <span class='ocrx_word' id='word_1_595' title='bbox 3086 4768 3195 4820; x_wconf 88' lang='lat' dir='ltr'><strong>etc.</strong></span> 
     </span>
    </p>
   </div>
   <div class='ocr_carea' id='block_1_104' title="bbox 1927 4875 2361 4933">
    <p class='ocr_par' dir='ltr' id='par_1_104' title="bbox 1927 4875 2361 4933">
     <span class='ocr_line' id='line_1_104' title="bbox 1927 4875 2361 4933; baseline -0.002 -1"><span class='ocrx_word' id='word_1_596' title='bbox 1927 4875 2048 4933; x_wconf 93' lang='lat' dir='ltr'><strong>lllic</strong></span> <span class='ocrx_word' id='word_1_597' title='bbox 2079 4876 2361 4932; x_wconf 84' lang='lat' dir='ltr'><strong>habetur:</strong></span> 
     </span>
    </p>
   </div>
   <div class='ocr_carea' id='block_1_105' title="bbox 1995 4983 3118 5056">
    <p class='ocr_par' dir='ltr' id='par_1_105' title="bbox 1995 4983 3118 5056">
     <span class='ocr_line' id='line_1_105' title="bbox 1995 4983 3118 5056; baseline 0.003 -18"><span class='ocrx_word' id='word_1_598' title='bbox 1995 4983 2159 5038; x_wconf 82' lang='lat' dir='ltr'><strong>Kasta</strong></span> <span class='ocrx_word' id='word_1_599' title='bbox 2182 4987 2565 5055; x_wconf 85' lang='lat' dir='ltr'><strong>permanserat</strong></span> <span class='ocrx_word' id='word_1_600' title='bbox 2594 4986 2817 5056; x_wconf 86' lang='lat' dir='ltr'><strong>imperii</strong></span> <span class='ocrx_word' id='word_1_601' title='bbox 2838 4984 2978 5055; x_wconf 80' lang='lat' dir='ltr'><strong>ﬁlia,</strong></span> <span class='ocrx_word' id='word_1_602' title='bbox 3008 4990 3118 5043; x_wconf 91' lang='lat' dir='ltr'><strong>etc.</strong></span> 
     </span>
    </p>
   </div>
   <div class='ocr_carea' id='block_1_106' title="bbox 1996 5072 3287 5145">
    <p class='ocr_par' dir='ltr' id='par_1_106' title="bbox 1996 5072 3287 5145">
     <span class='ocr_line' id='line_1_106' title="bbox 1996 5072 3287 5145; baseline 0.002 -15"><span class='ocrx_word' id='word_1_603' title='bbox 1996 5073 2167 5142; x_wconf 78' lang='lat' dir='ltr'><strong>Rogat</strong></span> <span class='ocrx_word' id='word_1_604' title='bbox 2198 5076 2250 5127; x_wconf 87' lang='lat' dir='ltr'><strong>te</strong></span> <span class='ocrx_word' id='word_1_605' title='bbox 2278 5072 2592 5143; x_wconf 85' lang='lat' dir='ltr'><strong>imperium,</strong></span> <span class='ocrx_word' id='word_1_606' title='bbox 2626 5072 2694 5129; x_wconf 87' lang='lat' dir='ltr'><strong>ad</strong></span> <span class='ocrx_word' id='word_1_607' title='bbox 2716 5090 2773 5130; x_wconf 89' lang='lat' dir='ltr'><strong>se</strong></span> <span class='ocrx_word' id='word_1_608' title='bbox 2798 5078 2849 5130; x_wconf 84' lang='lat' dir='ltr'><strong>te</strong></span> <span class='ocrx_word' id='word_1_609' title='bbox 2878 5083 3148 5145; x_wconf 86' lang='lat' dir='ltr'><strong>convocat,</strong></span> <span class='ocrx_word' id='word_1_610' title='bbox 3178 5079 3287 5132; x_wconf 91' lang='lat' dir='ltr'><strong>etc.</strong></span> 
     </span>
    </p>
   </div>
   <div class='ocr_carea' id='block_1_107' title="bbox 1926 5188 3577 5261">
    <p class='ocr_par' dir='ltr' id='par_1_107' title="bbox 1926 5188 3577 5261">
     <span class='ocr_line' id='line_1_107' title="bbox 1926 5188 3577 5261; baseline 0.001 -18"><span class='ocrx_word' id='word_1_611' title='bbox 1926 5188 2008 5244; x_wconf 90' lang='lat' dir='ltr'><strong>Ibi</strong></span> <span class='ocrx_word' id='word_1_612' title='bbox 2041 5189 2336 5260; x_wconf 87' lang='lat' dir='ltr'><strong>imperium</strong></span> <span class='ocrx_word' id='word_1_613' title='bbox 2366 5205 2471 5260; x_wconf 91' lang='lat' dir='ltr'><strong>pro</strong></span> <span class='ocrx_word' id='word_1_614' title='bbox 2502 5189 2921 5261; x_wconf 82' lang='lat' dir='ltr'><strong>imperatore.At</strong></span> <span class='ocrx_word' id='word_1_615' title='bbox 2940 5208 3179 5248; x_wconf 89' lang='lat' dir='ltr'><strong>rursum</strong></span> <span class='ocrx_word' id='word_1_616' title='bbox 3212 5191 3349 5247; x_wconf 89' lang='lat' dir='ltr'><strong>audi</strong></span> <span class='ocrx_word' id='word_1_617' title='bbox 3379 5192 3577 5261; x_wconf 80' lang='lat' dir='ltr'><strong>Augu-</strong></span> 
     </span>
    </p>
   </div>
   <div class='ocr_carea' id='block_1_108' title="bbox 1928 5276 3577 5353">
    <p class='ocr_par' dir='ltr' id='par_1_108' title="bbox 1928 5276 3577 5353">
     <span class='ocr_line' id='line_1_108' title="bbox 1928 5276 3577 5353; baseline -0.001 -20"><span class='ocrx_word' id='word_1_618' title='bbox 1928 5277 2149 5333; x_wconf 86' lang='lat' dir='ltr'><strong>stinum</strong></span> <span class='ocrx_word' id='word_1_619' title='bbox 2182 5277 2456 5333; x_wconf 90' lang='lat' dir='ltr'><strong>eumdem</strong></span> <span class='ocrx_word' id='word_1_620' title='bbox 2487 5279 2558 5334; x_wconf 89' lang='lat' dir='ltr'><strong>de</strong></span> <span class='ocrx_word' id='word_1_621' title='bbox 2612 5278 2709 5334; x_wconf 92' lang='lat' dir='ltr'><strong>illo</strong></span> <span class='ocrx_word' id='word_1_622' title='bbox 2744 5278 2968 5350; x_wconf 87' lang='lat' dir='ltr'><strong>psalmo</strong></span> <span class='ocrx_word' id='word_1_623' title='bbox 3020 5280 3394 5353; x_wconf 88' lang='lat' dir='ltr'><strong>loquentem:</strong></span> <span class='ocrx_word' id='word_1_624' title='bbox 3456 5276 3577 5332; x_wconf 85' lang='lat' dir='ltr'><strong>Ideo</strong></span> 
     </span>
    </p>
   </div>
   <div class='ocr_carea' id='block_1_109' title="bbox 1926 5365 3581 5439">
    <p class='ocr_par' dir='ltr' id='par_1_109' title="bbox 1926 5365 3581 5439">
     <span class='ocr_line' id='line_1_109' title="bbox 1926 5365 3581 5439; baseline -0.001 -18"><span class='ocrx_word' id='word_1_625' title='bbox 1926 5371 2110 5422; x_wconf 87' lang='lat' dir='ltr'><strong>autem</strong></span> <span class='ocrx_word' id='word_1_626' title='bbox 2137 5382 2250 5421; x_wconf 88' lang='lat' dir='ltr'><strong>non</strong></span> <span class='ocrx_word' id='word_1_627' title='bbox 2293 5366 2480 5437; x_wconf 86' lang='lat' dir='ltr'><strong>aliquo</strong></span> <span class='ocrx_word' id='word_1_628' title='bbox 2529 5370 2796 5423; x_wconf 87' lang='lat' dir='ltr'><strong>carminis</strong></span> <span class='ocrx_word' id='word_1_629' title='bbox 2846 5385 3041 5439; x_wconf 83' lang='lat' dir='ltr'><strong>genere</strong></span> <span class='ocrx_word' id='word_1_630' title='bbox 3070 5369 3126 5423; x_wconf 89' lang='lat' dir='ltr'><strong>id</strong></span> <span class='ocrx_word' id='word_1_631' title='bbox 3154 5368 3279 5436; x_wconf 79' lang='lat' dir='ltr'><strong>ﬁeri</strong></span> <span class='ocrx_word' id='word_1_632' title='bbox 3308 5365 3478 5427; x_wconf 85' lang='lat' dir='ltr'><strong>volui.</strong></span> <span class='ocrx_word' id='word_1_633' title='bbox 3508 5379 3581 5419; x_wconf 79' lang='lat' dir='ltr'><strong>ne</strong></span> 
     </span>
    </p>
   </div>
   <div class='ocr_carea' id='block_1_110' title="bbox 1925 5452 3581 5527">
    <p class='ocr_par' dir='ltr' id='par_1_110' title="bbox 1925 5452 3581 5527">
     <span class='ocr_line' id='line_1_110' title="bbox 1925 5452 3581 5527; baseline -0.001 -18"><span class='ocrx_word' id='word_1_634' title='bbox 1925 5471 2014 5511; x_wconf 86' lang='lat' dir='ltr'><strong>me</strong></span> <span class='ocrx_word' id='word_1_635' title='bbox 2041 5457 2334 5511; x_wconf 87' lang='lat' dir='ltr'><strong>necessitas</strong></span> <span class='ocrx_word' id='word_1_636' title='bbox 2381 5457 2610 5511; x_wconf 84' lang='lat' dir='ltr'><strong>metrica</strong></span> <span class='ocrx_word' id='word_1_637' title='bbox 2639 5455 2709 5510; x_wconf 89' lang='lat' dir='ltr'><strong>ad</strong></span> <span class='ocrx_word' id='word_1_638' title='bbox 2737 5456 2926 5527; x_wconf 83' lang='lat' dir='ltr'><strong>aliqua</strong></span> <span class='ocrx_word' id='word_1_639' title='bbox 2954 5456 3115 5512; x_wconf 88' lang='lat' dir='ltr'><strong>verba</strong></span> <span class='ocrx_word' id='word_1_640' title='bbox 3137 5470 3256 5527; x_wconf 61' lang='lat' dir='ltr'><strong>quas</strong></span> <span class='ocrx_word' id='word_1_641' title='bbox 3285 5452 3446 5524; x_wconf 86' lang='lat' dir='ltr'><strong>vulgo</strong></span> <span class='ocrx_word' id='word_1_642' title='bbox 3477 5453 3581 5508; x_wconf 87' lang='lat' dir='ltr'><strong>mi-</strong></span> 
     </span>
    </p>
   </div>
   <div class='ocr_carea' id='block_1_111' title="bbox 1926 5540 3576 5619">
    <p class='ocr_par' dir='ltr' id='par_1_111' title="bbox 1926 5540 3576 5619">
     <span class='ocr_line' id='line_1_111' title="bbox 1926 5540 3576 5619; baseline -0.001 -14"><span class='ocrx_word' id='word_1_643' title='bbox 1926 5559 2034 5605; x_wconf 78' lang='lat' dir='ltr'><strong>nus</strong></span> <span class='ocrx_word' id='word_1_644' title='bbox 2061 5547 2190 5607; x_wconf 77' lang='lat' dir='ltr'><strong>sunt</strong></span> <span class='ocrx_word' id='word_1_645' title='bbox 2208 5545 2430 5616; x_wconf 74' lang='lat' dir='ltr'><strong>usitata,</strong></span> <span class='ocrx_word' id='word_1_646' title='bbox 2461 5544 2820 5619; x_wconf 83' lang='lat' dir='ltr'><strong>compelleret.</strong></span> <span class='ocrx_word' id='word_1_647' title='bbox 2845 5544 3033 5611; x_wconf 87' lang='lat' dir='ltr'><strong>Quare</strong></span> <span class='ocrx_word' id='word_1_648' title='bbox 3053 5547 3180 5601; x_wconf 87' lang='lat' dir='ltr'><strong>tum</strong></span> <span class='ocrx_word' id='word_1_649' title='bbox 3211 5557 3280 5600; x_wconf 82' lang='lat' dir='ltr'><strong>ex</strong></span> <span class='ocrx_word' id='word_1_650' title='bbox 3301 5540 3416 5613; x_wconf 83' lang='lat' dir='ltr'><strong>his,</strong></span> <span class='ocrx_word' id='word_1_651' title='bbox 3447 5544 3576 5603; x_wconf 80' lang='lat' dir='ltr'><strong>tum</strong></span> 
     </span>
    </p>
   </div>
  </div>
