3896 6216
343 346 463 404 ’ἶ83

1085 348 1272 408 διες.
1321 349 1401 408 XI
1446 349 1676 409 ACCT.
1723 347 2038 408 IXCERTI
2081 347 2270 408 ANNI
2313 347 2414 408 ET
2454 344 2756 408 SCRIPT.
2802 353 3029 404 'Aazsn.

3665 339 3794 401 784

345 495 415 532 ex
445 495 625 550 supra
652 477 844 534 allatis
876 479 1070 535 verbis
1101 478 1488 552 intelligimus
1519 481 1822 552 rhythmos
1850 481 1988 535 olim
2018 482 2072 548 Α
2103 496 2278 550 quam
2313 486 2466 534 certo
2497 480 2826 551 querenda
2853 477 3144 550 ejusmodi
3174 475 3491 546 euphonia
3527 473 3796 531 aoncilio

348 567 665 633 confectos,
691 574 756 622 ut
785 569 854 622 ab
901 571 1170 639 imperiti:
1199 575 1359 640 atque
1415 571 1598 626 idiotis
1647 575 1991 625 canerentur.

354 655 418 711 In
450 673 586 712 eum
619 673 854 729 quoque
887 659 1064 714 finem
1122 660 1430 730 compositi
1481 660 1661 719 fuere,
1692 660 1790 730 qui
1852 658 1995 712 mihi

353 762 542 816 nuper
569 749 876 802 memorati
905 755 1044 802 sunt
1073 747 1138 802 de
1165 750 1418 802 laudibus
1445 748 1756 812 laudaui,
1786 747 1852 801 de
1890 751 1996 802 Lu-

351 835 536 890 dat-iro
564 837 614 891 ll
641 841 750 890 etc.
809 837 984 892 Erant
1015 838 1170 892 enim
1203 838 1272 891 iis
1325 854 1554 908 quoque
1607 837 1994 908 temporibus,

352 923 556 994 quales
593 926 830 995 nostris,
885 927 986 996 qui
1037 927 1298 980 carmina
1349 928 1537 992 rudia,
1585 942 1651 980 ac
1712 924 1996 996 praecipue

351 1011 654 1084 rhythmos
686 1020 787 1068 aut
814 1013 1006 1069 solatii
1037 1031 1212 1070 causa
1243 1015 1422 1080 domi,
1455 1021 1556 1068 aut
1583 1014 1639 1068 in
1665 1014 1873 1085 plateis
1896 1032 1994 1085 po-

349 1101 490 1172 pulo
520 1107 867 1175 congregato
900 1102 1044 1158 lucri
1078 1105 1318 1158 obtentu
1350 1104 1659 1158 canebant.
1692 1103 1993 1173 Ejusmodi

351 1191 674 1247 cantilenas
704 1191 910 1246 saltem
938 1193 1243 1248 semidocti
1266 1193 1674 1265 intelligebant
1696 1210 1710 1246 :
1734 1192 1994 1246 nondum

351 1279 508 1333 enim
543 1279 857 1351 quisquam
887 1298 1067 1336 ausus
1082 1283 1272 1336 fuerat
1293 1281 1798 1354 vulgarisermone
1824 1281 1906 1335 uti
1926 1281 1995 1334 ad

348 1370 610 1423 carmina
639 1375 738 1424 aut
769 1370 843 1424 ad
873 1371 1180 1442 rhythmos
1206 1389 1220 1428 :
1254 1377 1356 1425 aut
1381 1372 1430 1426 si
1463 1371 1796 1435 utebantur,
1828 1386 1898 1424 ex
1925 1370 1996 1424 iis

349 1474 422 1512 ne
455 1458 850 1530 fragmentum
883 1460 1120 1530 quidem
1149 1460 1222 1514 ad
1254 1477 1358 1515 nos
1393 1461 1672 1532 pervenit.
1708 1459 1897 1514 Redeo
1927 1459 1997 1513 ad

351 1547 649 1617 psalmum
679 1550 1195 1620 Augustinianum.
1219 1549 1301 1604 Ibi
1325 1548 1692 1620 singulorum
1725 1565 1998 1604 versuum

353 1635 631 1690 clausula:
662 1637 722 1691 in
750 1655 780 1691 ι
825 1637 1144 1693 desinunt:
1178 1639 1334 1710 quod
1368 1643 1424 1693 et
1461 1637 1520 1692 in
1554 1638 1684 1692 aliis
1713 1637 2002 1709 rhythmis

357 1727 730 1780 observatum
759 1726 898 1780 vidi.
932 1726 1258 1782 Occurrunt
1287 1733 1342 1781 et
1369 1726 1634 1798 plurima:
1661 1744 1828 1781 voces
1862 1744 2002 1780 cun-

358 1831 514 1870 some
548 1816 606 1869 in
632 1832 745 1870 am:
771 1821 832 1871 et
878 1832 1010 1882 one,
1041 1821 1176 1884 etc.,
1227 1833 1374 1887 quas
1421 1821 1616 1872 tamen
1650 1833 1790 1871 casu
1824 1816 2018 1887 potius
2048 1799 2096 1865 Β

2108 570 2318 624 coiisse
2351 575 2511 639 puto.
2538 568 2757 624 Saltem
2789 573 3024 624 constat
3049 567 3138 623 vel
3171 563 3386 622 saeculo
3415 561 3797 622 Christiana

2103 677 2233 711 tene
2264 663 2472 728 quarto
2503 659 2790 713 Africanae
2815 658 2970 730 plebi
3027 658 3090 712 in
3121 655 3426 729 rhythmis
3472 652 3797 727 placuisse

2105 748 2361 818 aliquam
2393 748 2723 811 verborum,
2785 752 2852 802 ut
2881 748 2965 803 ita
3012 747 3234 813 dicam,
3289 741 3794 811 consonantiam,

2105 853 2284 907 quam
2305 837 2624 891 subsecuta
2643 835 2858 892 secula
2882 836 3328 908 ampliﬁcarunt
3345 839 3404 892 et
3424 832 3797 906 diligentius

2104 931 2479 980 exornarunt.
2513 925 2894 982 Pmesserat
2923 926 3100 982 etiam
3132 923 3620 983 Commodiauus
3641 920 3796 982 mihi

2107 1032 2286 1085 supra
2320 1021 2676 1068 memoratus
2711 1015 2768 1068 in
2820 1019 3118 1086 postremo
3173 1013 3440 1074 carmine
3475 1027 3628 1081 suo,
3691 1011 3796 1071 ubi

2108 1102 2373 1174 singulos
2402 1120 2606 1157 versus
2639 1103 2697 1156 in
2727 1119 2758 1158 ο
2789 1103 3058 1160 desinere
3087 1103 3333 1160 sentias.

2177 1192 2682 1247 Bent-horensibus
2715 1191 3290 1265 rhythmis,aliisque
3311 1190 3542 1247 secqu
3577 1193 3793 1246 octavo

2106 1282 2444 1352 compositis
2463 1297 2598 1335 cum
2630 1281 2869 1338 vocibus
2888 1281 3377 1347 consonantibus,
3407 1297 3573 1353 quos
3601 1295 3798 1352 nuper

2109 1370 2299 1427 retuli.
2332 1371 2483 1424 addo
2514 1370 2879 1442 epitaphium
2904 1369 3192 1428 Lantfridi
3221 1369 3463 1426 abbatis
3491 1368 3794 1425 But-ensis

2107 1460 2166 1512 in
2200 1459 2485 1528 Btjoaria,
2520 1460 2674 1530 quod
2709 1459 3087 1515 Mabillonius
3111 1460 3174 1514 in
3217 1458 3531 1518 Analectis
3555 1457 3792 1530 publici

2109 1550 2252 1616 iuris
2286 1548 2434 1601 fecit.
2471 1548 2523 1602 Is
2555 1549 2746 1602 floruit
2777 1549 2886 1603 sub
2920 1548 3166 1620 Pippino
3197 1554 3256 1604 et
3288 1546 3504 1604 Carolo
3538 1547 3786 1627 Magno,

2115 1637 2465 1691 Francorum
2493 1639 2747 1708 regibus,
2793 1643 2851 1693 et
2879 1637 3111 1693 circiter
3138 1653 3368 1694 annum
3417 1635 3657 1696 Christi
3687 1637 3794 1692 790

2111 1726 2431 1780 excessisse
2462 1743 2492 1780 e
2523 1727 2666 1780 vivis
2696 1727 2942 1782 videtur.

784 1940 878 1995 EX
921 1939 1281 1996 LANTFRID
1322 1940 1639 2006 DOMNVS,
1679 1939 1927 1995 PRIMIS
1965 1940 2372 1994 NATALIBVS
2412 1939 2666 1995 OR'I'\'S.

931 2029 1190 2086 DEBITA
1230 2029 1487 2086 SOLVIT
1525 2029 1749 2097 HL'MO,
1790 2029 1950 2092 OL'J-I
1989 2029 2123 2084 SIBI
2163 2029 2398 2084 DEBET
2437 2029 2662 2084 HU.\IO.

785 2119 1066 2175 .ETATIS
1107 2119 1341 2174 FLORE
1382 2119 1630 2174 SPONSI
1667 2118 1998 2174 CERREVS
2038 2117 2111 2173 ΙΝ
2150 2117 2414 2182 OUORE,

931 2206 1271 2264 PLURIBVS
1313 2208 1710 2264 EXEMPLVM
1752 2207 2084 2262 PREBVIT
2125 2207 2279 2261 IPSE
2315 2205 2554 2261 BONVM
2593 2213 2703 2260 etc.

371 2341 587 2396 Eodem
620 2348 906 2396 concentu
933 2349 1182 2414 pergunt
1204 2341 1412 2413 reliqui
1445 2359 1685 2398 versus:
1718 2344 1816 2415 qui
1851 2342 1901 2398 si
1925 2359 2011 2397 re-

367 2446 504 2485 vera
526 2436 667 2485 tunc
694 2430 853 2486 fuere
873 2432 1117 2496 conditi,
1151 2432 1234 2486 uti
1259 2432 1374 2486 veri
1389 2432 1850 2496 n’detursimile,
1881 2450 2017 2487 cono

360 2517 597 2572 firmant
616 2535 746 2590 qua:
775 2519 892 2572 dixi
925 2519 996 2572 de
1028 2519 1279 2590 ingeniis
1299 2519 1882 2590 hujusmodimusica
1908 2521 2013 2575 de-

361 2607 590 2663 Iectatis
621 2609 748 2679 ipso
781 2607 994 2662 sarculo
1025 2607 1238 2662 Christi
1270 2615 1492 2664 octavo.
1525 2609 1788 2664 Alterum
1821 2627 2018 2664 exem-

363 2697 526 2766 plum
557 2697 818 2768 praebent
847 2702 1023 2768 porta:
1055 2713 1214 2751 circa:
1245 2697 1497 2752 basilica:
1515 2697 1862 2752 Parisiensis
1881 2703 2018 2752 San-

2122 2341 2501 2412 dionysianw,
2535 2341 2763 2395 circiter
2787 2357 2858 2394 ea
2911 2345 3178 2412 tempore
3206 2339 3546 2396 fabricate.
3580 2344 3797 2399 Auctor

2123 2431 2202 2484 ibi
2238 2448 2412 2485 suum
2447 2447 2678 2484 nomem
2701 2428 3050 2500 inscriptum
3077 2427 3403 2497 voluit,boc
3427 2431 3795 2496 est,At’radu:

2125 2520 2436 2580 manta-ltus,
2463 2518 2712 2590 geminis
2733 2516 3035 2573 versiculis
3052 2517 3443 2591 incisis,quos
3467 2521 3549 2576 ad
3573 2537 3794 2598 annum

2121 2610 2229 2662 750
2258 2609 2452 2662 attulit
2487 2609 2635 2662 idem
2672 2606 3044 2662 Mabillonius
3075 2607 3134 2662 in
3155 2605 3497 2664 Annalibus
3519 2609 3791 2666 Benedic-

2128 2696 2302 2752 ctinis
2328 2715 2342 2750 :

795 2820 940 2875 HOC
978 2820 1158 2876 ΟΡνὸ
1195 2821 1510 2876 AIRADVS
1549 2822 1864 2877 QELES’I‘I
1905 2822 2202 2878 MVNERE
2245 2821 2539 2889 FRETVS,

794 2909 1075 2965 OFFERT
1115 2909 1287 2964 ECCE
1323 2910 1490 2976 TIBI,
1531 2911 1840 2978 DIOXYSI,
1886 2910 2204 2966 PECTORE
2245 2909 2425 2966 MITI.

373 3054 548 3110 Porro
580 3057 876 3124 quantum
906 3052 1290 3122 subsequenti
1321 3051 1532 3107 saeculo
1555 3052 1783 3107 nonoin
1798 3051 2024 3108 deliciis

372 3143 520 3199 foret
539 3142 695 3215 apud
727 3143 1016 3213 quosdam
1047 3149 1246 3214 poetas
1294 3141 1625 3213 conquisita
1671 3142 1783 3196 ista
1812 3157 2023 3197 conso-

373 3233 644 3288 nantium
699 3247 910 3287 vocum
967 3231 1275 3288 harmonia
1329 3232 1388 3285 in
1427 3230 1692 3286 texendis
1729 3231 2017 3297 versibus,

370 3321 542 3395 longe
571 3319 843 3394 pluribus
873 3319 1156 3394 exemplis
1204 3323 1509 3376 ostendere
1545 3337 1810 3393 possum.
1842 3320 2020 3376 Vetu-

2131 3051 2460 3107 stissimum
2484 3051 2777 3108 musivum
2809 3051 2868 3107 in
2925 3053 3048 3109 ede
3077 3069 3249 3110 sacra
3304 3058 3540 3120 sancta:
3603 3056 3792 3118 Maris

2131 3141 2298 3196 Novae
2333 3140 2526 3196 adhuc
2555 3141 2763 3196 visitur
2791 3141 3006 3208 Romae,
3039 3148 3188 3198 teste
3218 3142 3568 3217 Ciampinio
3627 3152 3792 3219 part,

2133 3247 2194 3297 ιι,
2227 3247 2353 3303 cap.
2385 3231 2474 3295 28,
2507 3229 2695 3286 Veter.
2747 3229 3176 3286 Monumentur.
3237 3231 3324 3289 Ibi
3386 3231 3454 3288 hi
3488 3233 3615 3290 duo
3673 3251 3794 3291 ver-

2133 3337 2270 3376 SUS:

801 3473 1048 3530 ARBOR
1084 3473 1311 3529 SACRA
1347 3473 1602 3530 CRVCIS
1643 3473 1757 3528 PIT
1795 3471 2050 3528 MVNDO
2088 3471 2353 3528 SEMITA
2390 3470 2616 3538 LVCIS,

798 3563 1002 3629 QVAM
1042 3563 1162 3626 QUI
1203 3561 1577 3628 PORTAVIT,
1617 3562 1755 3618 NOS
1792 3561 2140 3618 CHRISTYS
2176 3561 2272 3616 AD
2309 3561 2536 3616 ASTRA
2580 3559 2904 3616 LEVAVIT.

371 3715 466 3771 Uti
487 3715 832 3771 Anastasius
855 3715 1110 3784 tradit,ej
1121 3733 1186 3768 us
1209 3714 1408 3786 templi
1432 3713 1728 3785 simulque
1748 3718 1805 3769 et
1825 3712 2016 3785 operis

369 3803 649 3860 tessellati
672 3808 876 3858 auctor
887 3801 996 3856 fuit
1017 3808 1128 3857 Leo
1150 3801 1241 3870 IV,
1265 3819 1440 3873 papa,
1470 3819 1623 3856 anno
1646 3801 1862 3857 Christi
1891 3803 2019 3868 848,

368 3897 471 3948 aut
499 3890 771 3948 Nicolaus
801 3891 846 3961 Ι,
878 3908 1029 3962 papa
1061 3891 1294 3946 circiter
1348 3907 1572 3946 annum
1626 3892 1749 3946 860.
1804 3890 1939 3954 Quae
1971 3889 2022 3946 si

369 3985 531 4035 certa
558 3984 717 4048 sunt,
741 3980 867 4050 jem
899 3985 1168 4035 tenemus
1199 3978 1260 4032 in
1306 3978 1434 4050 ipsa
1479 3978 1629 4034 Urbe
1659 3979 1839 4034 ferme
1887 3985 2024 4035 ante

375 4083 582 4123 novem
614 4065 828 4123 saecula
858 4067 916 4124 in
948 4085 1059 4123 usu
1092 4066 1274 4122 fuisse
1305 4083 1624 4122 consonam
1649 4083 1858 4122 vocum
1888 4066 2024 4122 har-

373 4159 633 4212 moniam
659 4155 718 4214 in
751 4157 1036 4212 versibus.
1069 4158 1128 4212 Si
1159 4156 1364 4212 eodem
1396 4155 1629 4224 saeculo,
1679 4171 1800 4226 quo
1833 4156 2022 4212 Ludo-

372 4245 538 4302 vicus
569 4245 710 4302 Pius
764 4247 1068 4319 Augustus
1097 4262 1130 4302 e
1177 4243 1320 4301 vivis
1373 4243 1620 4300 excessit
1653 4243 1784 4317 iboc
1827 4251 2022 4300 autem

2127 3711 2370 3784 contigit
2399 3729 2553 3767 anno
2580 3709 2752 3767 Cristi
2781 3713 2907 3782 840)
2938 3712 3341 3784 compositum
3372 3713 3600 3772 fuisset
3617 3716 3790 3790 epita-

2131 3800 2361 3872 phium,
2414 3801 2544 3872 ejus
2573 3799 2803 3855 tumulo
2833 3801 3074 3856 Metensi
3131 3800 3191 3855 in
3226 3802 3376 3858 urbe
3437 3806 3791 3878 appositum,

2131 3889 2286 3960 quod
2319 3893 2477 3944 tomo
2509 3887 2581 3957 II,
2608 3905 2741 3960 pag.
2783 3891 2912 3956 320,
2972 3888 3255 3962 Scriptor.
3315 3891 3666 3952 Francicor.
3718 3895 3789 3951 du

2131 3977 2387 4044 Chesnii,
2419 3982 2478 4032 et
2507 3977 2566 4032 in
2592 3977 2920 4034 Annalibus
2948 3977 3272 4035 cardinalis
3295 3983 3552 4040 Baronii
3575 3982 3792 4058 legitur,

2132 4065 2500 4122 luculentum
2528 4065 2776 4122 alterum
2806 4065 3162 4123 haberemus
3189 4067 3573 4130 homotonie
3603 4073 3666 4132 in
3690 4089 3793 4132 ver-

2132 4155 2300 4211 sibus
2328 4160 2468 4211 tunc
2499 4155 2782 4211 adamata:
2815 4155 3248 4213 testimonium.
3263 4158 3553 4223 Quatuor
3582 4167 3792 4220 tantum

2132 4243 2452 4299 versiculos
2481 4243 2622 4301 inde
2650 4250 2954 4318 excerptas
2981 4247 3183 4302 offero.

797 4371 1079 4429 IMPERII
1117 4369 1430 4438 FVLMEN,
1473 4368 1914 4426 FRANCORL'M
1951 4369 2210 4425 NOBILE
2246 4367 2560 4434 CVLMEN,

939 4460 1248 4518 EXCITVS
1287 4460 1328 4515 E
1367 4458 1637 4516 SECVLO
1674 4459 2039 4515 CONDITVR
2076 4458 2219 4515 HOC
2257 4457 2575 4526 TUMVLO,

798 4551 939 4609 REX
978 4549 1400 4615 LVDOVICL'S,
1440 4548 1768 4604 PIETATIS
1805 4547 2087 4604 TANTVS
2125 4546 2415 4614 AMICVS,

939 4641 1136 4710 QVOD
1175 4638 1338 4694 PIVS
1375 4643 1422 4694 A
1463 4637 1736 4695 POPVLO
1774 4637 2068 4694 DICITVR
2105 4637 2192 4693 EF
2227 4637 2511 4706 TITV'LO,
2552 4641 2663 4692 etc.

370 4785 622 4858 Drogoni
642 4803 875 4859 quoque
888 4783 1327 4856 archiepiscopo
1341 4781 1878 4854 Metensi,ejusdem
1899 4781 2016 4838 Lu-
2050 4784 2094 4849 D
2124 4780 2199 4837 ab
2228 4779 2431 4837 eodem
2463 4779 2544 4834 du
2572 4778 2822 4834 Chesuio
2851 4779 3284 4854 editum,cujus
3311 4798 3394 4842 en
3421 4787 3666 4858 primos
3683 4803 3794 4844 ver-

371 4874 559 4932 dovici
587 4875 673 4930 Pii
703 4876 892 4943 fratri,
923 4875 1174 4930 alterum
1204 4872 1570 4946 epitaphium
1598 4871 1858 4945 positum
1887 4871 2020 4940 fuit,

2131 4886 2274 4926 sus:

796 4999 1163 5057 CONDITVR
1199 4998 1340 5054 HOC
1378 4997 1605 5052 BVS’I‘O
1645 4997 1939 5052 PRESL'L
1979 4994 2224 5051 DROGO
2265 4993 2622 5049 .‘dARMORE
2661 4991 3021 5048 SCULPTO:

936 5087 1270 5142 SPIRI'I‘VS
1301 5086 1370 5140 IN
1410 5085 1674 5152 REQVIE
1715 5085 1968 5141 L/ETVS
2007 5083 2197 5140 OVAT
2235 5081 2565 5148 ΑΒΗΑΗᾸΞ,
2607 5087 2715 5138 etc.

373 5229 655 5285 Praeterea
683 5230 742 5283 in
775 5229 1264 5288 Laureshamensi
1293 5228 1649 5284 monasterio
1679 5227 2017 5300 sepulcrum

374 5317 568 5374 adhuc
621 5317 836 5372 visitur
879 5318 1200 5374 Tassilonis
1258 5318 1536 5390 Bajoariaa
1593 5316 1782 5382 ducis,
1839 5331 2016 5387 quem

2124 5222 2366 5280 Carolus
2418 5223 2669 5296 Magnus
2698 5239 2729 5279 e
2758 5223 2904 5281 solio
2936 5223 3168 5296 dejecit,
3200 5241 3352 5284 cum
3397 5229 3577 5292 hisce
3633 5233 3792 5292 vasi...

2126 5315 2239 5370 bus
2269 5328 2282 5366 :

938 5440 1302 5497 CONDITVR
1339 5440 1480 5496 HAG
1517 5436 1768 5505 FOVEA,
1808 5438 2008 5502 QVEM
2048 5436 2160 5493 PIE
2201 5433 2512 5490 CHRISTE
2549 5433 2706 5502 ΒΕΑ,

797 5526 1088 5583 TASSILO
1128 5529 1275 5584 DVX
1315 5525 1624 5589 PRIMUM,
1663 5525 1842 5582 POST
1880 5526 2041 5591 REX,
2074 5521 2462 5580 MONACIIVS
2499 5523 2633 5578 SED
2668 5523 2764 5580 AD
2805 5525 3018 5584 IMVM.

802 5613 1031 5675 lDIBVS
1074 5617 1145 5674 ΙΝ
1183 5616 1450 5676 TERNIS
1487 5613 1946 5674 DECESSERAT
1983 5613 2144 5674 ILLE
2184 5609 2611 5670 DECEMBRIS.
