3896 6216
134 397 235 465 788
1409 382 1772 451 BHYTHMI
1815 383 2200 450 VETERES.
3381 381 3499 443 786

52 524 55 591 ζ
131 537 227 599 sed
254 531 387 610 quia
412 526 675 589 dubitare
710 525 846 588 licet
872 541 944 587 ne
973 525 1145 602 longe
1183 524 1373 584 serius
1412 522 1593 583 additi
1624 522 1749 581 tue-
1776 526 1833 595 Α
1862 525 2126 582 membra
2152 521 2439 594 versibus,
2471 525 2778 598 postremae
2810 538 3060 598 quorum
3096 523 3328 598 syllabae
3357 523 3505 582 invi-

52 612 55 681 ξ
132 629 236 686 rint
260 620 496 683 tumulis
527 618 819 695 ejusmodi
847 635 1075 686 versus,
1098 615 1346 674 certiora
1365 630 1749 688 apponamus.
1862 631 1987 671 cem
2045 613 2157 671 sibi
2205 614 2655 688 respondebant.
2691 612 2988 686 Evulgavit
3035 630 3186 686 saepe
3231 613 3507 671 laudatus

52 698 57 707 ’
130 719 331 790 Gaspar
358 708 648 777 Barthius,
673 708 763 765 vir
790 706 1230 780 spectatissimis
1255 701 1622 770 eruditionis,
1647 701 1750 757 lib.
1863 703 2236 761 Mabillonius
2267 703 2327 758 in
2358 702 2685 759 Annalibus
2728 702 3118 759 Benedictinis
3166 703 3237 759 ad
3289 720 3509 760 annum

52 790 57 865 ξ
129 823 265 865 xxxii
297 797 685 860 Adversarior.
717 795 1006 853 Erint‘redi
1039 794 1311 850 monachi
1351 809 1586 849 carmen
1618 791 1751 863 rhy-
1861 796 1967 850 827
1994 810 2198 850 versus
2255 794 2313 847 in
2373 791 2777 848 vetustissimo
2818 792 3015 849 codice
3068 790 3515 849 Altivillarensis

131 894 395 952 thmicum
436 895 506 945 ex
549 903 661 943 ms.
713 885 910 942 cOdice
954 884 1188 957 profert.
1223 882 1327 939 Hic
1374 886 1569 937 autem
1618 882 1757 937 vixit
1863 882 2090 939 circiter
2136 899 2204 938 ea
2243 885 2507 954 tempora
2550 881 2820 953 scriptos,
2853 899 2882 938 e
2915 881 3132 954 quibus
3180 897 3306 954 quis
3357 897 3515 938 nunc

52 974 56 980 ’
130 998 257 1041 anno
295 980 415 1048 806,
447 980 509 1033 ut
562 977 683 1032 Vita
738 977 856 1048 ejus
911 977 1160 1030 testatur.
1194 973 1278 1028 En
1329 970 1477 1028 duas
1523 973 1753 1026 tantum
1864 972 2113 1041 aiebam,
2147 970 2347 1026 leviori
2378 971 2608 1044 negotio
2641 969 2932 1044 intelliges
2966 987 2980 1027 :

129 1071 271 1128 illius
300 1063 878 1178 οπωίηίδΰεξξξῗξἚξξ
895 1080 1081 1178 ξΜΛ-
1936 1107 2064 1175 Ebo,
2100 1107 2352 1163 Remense
2379 1105 2556 1175 decus,
2584 1106 2808 1178 prwsul,
2836 1110 3130 1178 pastorque
3157 1121 3433 1174 coruscus,

1938 1199 2128 1253 Doctor
2154 1196 2519 1267 evangelicus,
2546 1196 2799 1268 prazcelsi
2827 1195 2985 1265 Regis
3008 1197 3238 1262 amicus,

1936 1288 2092 1342 Hunc
2120 1286 2180 1339 in
2209 1300 2392 1341 amore
2419 1286 2535 1351 Dei,
2567 1286 2824 1357 Petrique
2851 1286 2913 1340 in
2941 1285 3141 1341 honore
3173 1285 3336 1353 beati,

1937 1374 2165 1432 Librum
2184 1375 2353 1447 jussit
2380 1376 2492 1445 agi,
2530 1374 2728 1446 plenus
2756 1376 3075 1447 spiraminis
3104 1372 3233 1443 alti,
3265 1376 3373 1430 etc.

566 1154 865 1211 Felicitatis
895 1153 1084 1225 regula

494 1244 606 1299 Hac
634 1241 743 1314 ﬁne
769 1257 979 1314 semper
1005 1240 1267 1297 constitit.

493 1332 575 1389 Ad
601 1337 805 1405 puncta
831 1348 957 1387 cum
986 1331 1133 1386 venit
1160 1346 1281 1398 sua,

495 1424 560 1478 In
587 1437 644 1477 se
672 1422 854 1477 voluta
878 1421 1105 1476 corruit.
1912 1476 1929 1487 ἦ

428 1513 779 1584 Quaecunque
807 1511 922 1565 vita
944 1510 1175 1582 protulit
1870 1510 1971 1565 Hic
2000 1512 2205 1582 praeter
2234 1511 2526 1565 commata
2553 1525 2759 1564 versus
2806 1509 3213 1581 cujuscunque
3243 1526 3520 1574 consona,

496 1599 788 1670 Ambigua,
823 1599 970 1667 laeta,
999 1599 1200 1654 tristia.
1869 1599 2045 1653 etiam
2089 1597 2224 1653 ﬁnis
2267 1598 2445 1653 unius
2474 1613 2678 1653 versus
2727 1600 3010 1653 consonat
3039 1614 3171 1653 cum
3220 1598 3333 1653 ﬁne
3386 1596 3525 1652 alte-

497 1691 825 1762 Quocunque
853 1705 909 1746 se
937 1705 1056 1761 spes
1086 1688 1288 1744 extulit
1870 1688 2017 1756 rius,
2051 1687 2226 1743 unica
2282 1692 2478 1743 tamen
2540 1686 2781 1760 syllaba.
2816 1685 2904 1742 Ita
2940 1685 3001 1742 in
3053 1685 3278 1743 musivo
3333 1685 3525 1741 adhuc

498 1778 699 1846 Inﬁda,
728 1778 890 1845 dura,
924 1778 1169 1846 credula,
1203 1781 1312 1833 etc.
1872 1778 2186 1850 superstite
2204 1775 2462 1832 Basilicas
2479 1776 2876 1832 Ambrosianze
2895 1774 3527 1847 Mediolanensis,quod

121 1872 217 1930 Sed
248 1864 541 1945 praecipue
564 1865 777 1924 seculo
804 1866 904 1922 illo
925 1884 991 1923 ac
1012 1867 1244 1922 duobus
1266 1865 1762 1939 subsequentibus
1792 1910 1843 1977 Β
1870 1866 2100 1922 circiter
2157 1883 2375 1921 annum
2434 1867 2541 1921 835
2609 1865 2997 1937 compositum
3069 1865 3280 1937 fuisse,
3341 1879 3531 1935 neque

212 1961 299 1977 λιι-
376 1974 485 1977 .Αη-4
521 1957 627 1977 ΩΑΞΔ
660 1957 711 1977 2-
750 1955 997 1977 -2....-_1!_
1020 1956 1289 1977 __-__2‘L___
1317 1958 1654 1977 -____-_L___.
1678 1971 1740 1977 _-_
1877 1956 2016 1977 ΞΔ.--
2035 1956 2165 1977 ΑῌΞΔ-
2231 1955 2570 1977 n___:__n:___
2608 1960 2797 1977 --μ-,ι
2856 1954 3227 1977 1-l___1!_L-_
3268 1954 3422 1977 3-1--)
3457 1952 3507 1977 1-

124 1961 310 2019 multis
337 1974 503 2016 cura
519 1957 631 2013 fuit
660 1957 720 2013 in
747 1955 1001 2029 singulis
1020 1956 1292 2013 versibus
1312 1958 1658 2013 concentum
1678 1971 1770 2011 vo-
1797 1952 1843 1977 ”
1877 1956 2193 2024 immerito,
2230 1955 2572 2012 Puricellius
2603 1960 2821 2026 censet,
2856 1954 3235 2013 tetrastichon
3268 1954 3425 2012 istud
3457 1952 3534 2010 1e-

123 2064 242 2107 cum
270 2047 560 2107 similium
583 2046 866 2116 inserere,
887 2044 1093 2102 divisis
1115 2046 1546 2119 quodammodo
1570 2045 1629 2100 in
1653 2045 1769 2101 duo
1879 2045 2037 2118 gitur
2068 2062 2081 2100 :

614 2187 992 2246 MARTINVS
1032 2188 1385 2257 MORITVR,
1427 2188 1558 2245 SED
1596 2187 1785 2243 VIT/E
1822 2187 2015 2243 DONA
2053 2186 2403 2243 MERETVR
2438 2206 2449 2243 :

761 2277 1171 2334 TRISTATUR
1210 2277 1525 2345 MVNDVS,
1568 2276 2103 2340 ADJUBILATQUE
2142 2275 2385 2332 POLVS.

615 2364 815 2425 MORS
854 2368 992 2423 SVA
1030 2366 1251 2427 DIGNA
1290 2367 1478 2423 BONO
1519 2365 1808 2422 FERTVR
1846 2364 2267 2421 CELEBRATA
2305 2363 2664 2429 PATRONO,

761 2455 1093 2513 SPIRITVS
1131 2455 1470 2513 AMBROSII
1507 2455 1666 2512 DVM
1709 2453 2155 2511 FAMULATVR
2195 2453 2309 2508 IBI.

117 2572 345 2632 Milonis
385 2587 624 2646 quoque
678 2570 1028 2629 Elnonensis
1060 2571 1330 2629 monachi
1387 2589 1591 2628 versus
1651 2572 1777 2644 pari
2172 2570 2360 2625 Sancti
2382 2572 2577 2625 merita

118 2666 403 2720 concentu
435 2660 769 2718 elaboratas
819 2674 971 2717 anno
1022 2660 1235 2717 Christi
1266 2662 1373 2717 855
1401 2662 1576 2717 refert
1623 2661 1776 2718 idem
2247 2658 2522 2716 Benedicti
2551 2660 2759 2731 inclyta

117 2749 503 2810 Mabillo‘niu's
532 2749 592 2805 in
642 2748 967 2807 Annalibus
1000 2749 1387 2807 Benedictinis
1437 2751 1508 2806 ad
1557 2767 1777 2808 annum
2252 2749 2503 2805 l’erendaz
2537 2750 2863 2815 sanctitatis,

116 2843 239 2899 872.
273 2840 430 2896 Vide
482 2839 660 2899 etiam
708 2839 992 2896 formulas
1016 2855 1111 2895 x1v
1136 2843 1193 2895 et
1233 2857 1306 2895 xv
1352 2841 1493 2895 tomi
1525 2845 1576 2895 II
1608 2841 1780 2913 Capi-
2246 2842 2323 2895 Ac
2350 2838 2741 2895 monachorum
2758 2837 3045 2911 praesulis,

117 2929 290 2986 tuter.
335 2927 591 2996 Baluzii,
632 2943 766 3000 pag.
787 2930 913 2984 565.
946 2929 1070 2983 Non
1101 2944 1180 2984 eis
1212 2929 1449 3001 quidem
1499 2935 1638 2987 sunt
1668 2930 1781 2986 τοι·-
2251 2930 2356 2985 Pro
2382 2944 2536 3000 posse

114 3017 318 3084 mulae,
333 3015 447 3072 sed
472 3014 731 3088 rhythmi
752 3016 1196 3084 duo,summam
1214 3018 1543 3074 barbariem
1565 3018 1786 3092 spiran-
2249 3018 2419 3090 Atque
2446 3034 2619 3074 nosse.

111 3111 227 3177 tes,
273 3108 486 3176 atque,
518 3108 587 3160 ut
633 3104 858 3178 opinor,
890 3106 962 3160 ab
984 3104 1235 3162 indoctis
1262 3106 1519 3164 librariis
1568 3108 1784 3163 mirum
2253 3108 2471 3176 Organa
2500 3107 2687 3161 nostra
2709 3110 3047 3179 con-crepent.

111 3195 171 3251 in
204 3192 473 3251 modum
523 3186 852 3247 deformati.
885 3190 1099 3263 [Supra
1143 3208 1277 3249 vero
1335 3195 1786 3250 commemoravi
2181 3196 2383 3251 Nursia
2415 3197 2555 3266 [ειη

113 3284 455 3340 Notkerum
503 3276 836 3347 Balbulum,
869 3279 1216 3336 coenobitam
1261 3282 1457 3337 Sancti
1486 3281 1653 3352 Galli,
1689 3284 1787 3356 qui
2257 3285 2397 3339 Tulit
2426 3290 2616 3339 natum
2644 3284 2891 3352 genitria:
2918 3301 2937 3340 :

114 3372 223 3429 sub
256 3372 455 3427 tinem
484 3368 679 3426 sa‘abuli
730 3369 892 3435 noni,
925 3373 1102 3442 atque
1146 3370 1383 3426 initium
1430 3371 1664 3441 decimi,
1698 3372 1788 3428 Se-
2254 3374 2485 3428 Domina
2514 3372 2711 3427 mundi
2738 3375 2905 3429 Roma
2932 3373 3068 3445 fovit
3094 3372 3311 3427 alitrix.

113 3458 735 3534 quentia'rumlibrum
766 3456 968 3525 edidit,
996 3460 1071 3514 ab
1101 3460 1359 3532 antiquis
1386 3459 1713 3529 laudatum,
1737 3465 1794 3518 et
2254 3464 2355 3517 llic
2382 3477 2514 3534 ergo
2541 3470 2853 3533 praeventus
2882 3463 3083 3534 optimo

119 3549 422 3608 aclariss.
467 3547 593 3604 viro
645 3547 706 3603 P.
756 3546 922 3603 Pezio
973 3552 1124 3620 part.
1173 3549 1365 3621 prima
1418 3550 1562 3606 tomi
1618 3550 1789 3623 primi
2260 3552 2445 3607 Sancti
2475 3552 2714 3624 Spiritus
2743 3552 2904 3622 dono,
2935 3556 3045 3608 etc.

118 3640 418 3698 Thesaur.
462 3637 806 3694 Anecdotor.
861 3636 1166 3694 novissim.
1199 3637 1441 3695 editum.
1489 3640 1793 3711 Ejusmodi
1825 3642 1869 3707 Ο

125 3730 444 3804 Sequentiw
478 3728 648 3800 (quas
688 3727 938 3799 hymnos
986 3726 1181 3799 potius
1213 3727 1506 3800 appellare
1552 3729 1799 3802 placeat)
1907 3732 2071 3786 Anno
2102 3731 2209 3785 812
2237 3731 2415 3787 finem
2456 3732 2685 3787 vivendi
2719 3732 2854 3790 fecit
2882 3732 3037 3788 idem
3070 3728 3563 3803 Notkerus,cujus

126 3817 479 3893 rhythmica»
503 3815 740 3872 licentia
769 3816 1105 3889 compositae
1145 3820 1282 3872 sunt
1329 3818 1439 3873 sub
1470 3818 1646 3874 variis
1678 3835 1797 3874 me-
1910 3818 2273 3890 epitaphium
2306 3820 2614 3876 metricum
2662 3820 2995 3878 Mabillonio
3039 3818 3322 3877 debemus
3351 3818 3411 3875 in
3442 3821 3565 3875 An-

128 3908 258 3965 tris.
290 3908 500 3965 Unam
528 3919 598 3962 ex
626 3903 700 3961 iis
730 3904 910 3977 selige
943 3921 957 3961 :
1913 3907 2146 3964 nalibus
2178 3909 2573 3966 Benedictinis
2603 3910 2828 3968 editum
2860 3910 2954 3968 his
2982 3910 3176 3967 verbis
3209 3927 3223 3967 :

649 4046 828 4103 ECCE
868 4046 1097 4114 DECVS
1136 4047 1437 4115 PATRI/E,
1479 4050 1882 4118 NOTKERVS,
1924 4050 2175 4107 DOGMA
2214 4052 2508 4118 SOPHL’E,

823 4136 922 4191 VT
961 4136 1335 4221 MORTALIS
1372 4139 1597 4207 HOMO,
1637 4140 2002 4197 CONDITVR
2040 4141 2181 4197 HOC
2221 4141 2524 4197 TVMVLO

648 4222 887 4281 IDIBVS
928 4224 1234 4282 OCTONIS
1275 4227 1393 4282 HIC
1432 4228 1667 4285 CARNE
1707 4229 2030 4285 SOLVTVS
2068 4230 2368 4296 APRILIS,

827 4313 1078 4370 COELIS
1120 4314 1537 4385 lNVEHITVlt,
1577 4318 1903 4374 CARMINE
1943 4318 2381 4375 SVSCIPITVR.

196 4449 388 4507 Plura
418 4446 719 4521 ejusmodi
760 4445 959 4502 nullus
1006 4448 1210 4504 dubito
1241 4448 1383 4521 quin
1432 4449 1806 4517 haberemus,
1916 4453 2134 4508 Eodem
2166 4452 2368 4508 ordine
2398 4454 2847 4510 consonantium
2878 4469 3087 4510 vocum
3129 4452 3452 4526 procedunt
3482 4470 3570 4509 re-

130 4534 364 4614 scripta
383 4538 569 4611 longe
590 4535 767 4593 etiam
790 4541 923 4592 ante
943 4536 1285 4606 Notkerum,
1310 4536 1423 4593 nisi
1443 4541 1808 4612 tempus,cui
1919 4540 2083 4612 liqui.
2109 4542 2257 4597 Sunt
2288 4542 2364 4597 ibi
2399 4547 2457 4597 et
2487 4542 2581 4598 alii
2614 4543 2839 4616 hymni,
2865 4542 3094 4615 aliaque
3121 4544 3391 4615 poemata
3420 4558 3575 4597 eam-

128 4634 215 4687 tot
266 4629 548 4703 pretiosa
595 4626 975 4694 succubuere,
1008 4626 1157 4683 levia
1203 4626 1324 4683 Ι]ωο
1365 4640 1597 4701 quoque
1642 4630 1810 4685 nobis
1921 4631 2052 4685 dem
2097 4631 2404 4687 verborum
2458 4636 2749 4687 texturam
2798 4630 3183 4704 praeferentia,
3217 4633 3320 4686 aut
3366 4630 3571 4686 eodem

130 4718 485 4777 invidisset.
510 4716 705 4772 Unum
735 4714 878 4771 illud
911 4715 1329 4773 San-Gallense
1359 4719 1689 4774 cmnobium
1721 4736 1810 4776 ce-
1922 4718 2133 4774 saeculo
2182 4736 2237 4773 1x
2287 4722 2386 4773 aut
2416 4737 2450 4773 x
2481 4721 2834 4791 composita;
2866 4718 2948 4775 ita
2996 4724 3061 4775 ut
3107 4720 3235 4791 jam
3294 4718 3571 4788 abundet,

128 4806 561 4873 lebert‘imum,
594 4804 651 4861 in
701 4821 818 4877 quo
856 4804 1145 4863 Notkerus
1176 4806 1335 4875 vixit,
1377 4805 1491 4864 alia
1537 4809 1812 4882 suppedi-
1925 4807 2079 4863 unde
2126 4824 2328 4863 eorum
2368 4807 2565 4879 opinio
2609 4806 2762 4863 male
2800 4812 3047 4863 consuta
3087 4807 3259 4864 nobis
3286 4806 3573 4877 videatur,

127 4904 256 4956 tare
286 4897 392 4954 hic
425 4897 629 4968 potest
657 4894 729 4949 ab
774 4894 1020 4951 Henrico
1051 4895 1279 4952 Canisio
1310 4896 1484 4965 edita,
1508 4914 1575 4954 ac
1605 4898 1814 4955 deinde
1924 4895 2025 4969 qui
2056 4897 2155 4953 ubi
2204 4895 2425 4969 aliquid
2477 4895 2717 4952 Leonini
2766 4900 3083 4953 concentus
3131 4896 3399 4964 audiunt,
3431 4895 3576 4953 illud

125 4987 207 5045 in'
232 4983 680 5043 Bibliothecam
730 4983 964 5038 Patrum
1012 4983 1195 5041 illata.
1230 4985 1351 5041 Illic
1400 4985 1683 5061 hymnum
1733 4988 1815 5044 le-
1925 4987 2201 5043 continuo
2234 4986 2301 5041 ad
2358 4985 2636 5042 saeculum
2668 5003 2724 5041 xi
2755 4989 2812 5042 et
2843 4985 3263 5060 subsequentia
3290 4985 3579 5061 pertinere

128 5084 239 5151 gas
275 5077 354 5133 ab
411 5073 782 5129 Hartman‘no
832 5072 1118 5129 monacho
1177 5076 1567 5149 compositum
1596 5077 1817 5148 (floruit
1927 5075 2038 5131 sibi
2071 5076 2479 5148 persuadeant.
2513 5074 2706 5130 Edidit
2751 5092 2983 5149 quoque
3024 5062 3293 5135 Canisius
3344 5093 3579 5133 carmen

128 5166 230 5223 ille
263 5164 527 5223 circiter
564 5170 784 5217 annum
815 5158 941 5233 870)
973 5164 1143 5234 cujus
1190 5164 1250 5220 hi
1300 5169 1439 5222 sunt
1484 5167 1658 5241 primi
1689 5185 1815 5225 ver-
1850 5207 1896 5241 η
1927 5164 2258 5222 Salomonis
2310 5165 2567 5238 episcopi
2616 5164 3103 5235 Constantiensis,
3154 5167 3258 5240 qui
3314 5168 3581 5222 currente

132 5264 246 5312 ωε
272 5273 289 5312 :
1851 5255 1894 5272 "
1931 5272 2082 5311 anno
2111 5257 2218 5311 895
2250 5255 2509 5311 florebat.

565 5431 699 5486 Cum
725 5434 888 5487 natus
916 5433 1047 5487 esset
1077 5433 1357 5501 Dominus,
2003 5437 2221 5492 Eximie
2249 5438 2495 5503 antistes,
2528 5435 2625 5491 has
2654 5437 2855 5507 accipe,
2888 5434 3056 5502 Dado,
3090 5434 3313 5498 salutes,

633 5521 902 5578 Turbatur
924 5536 1025 5578 rea:
1052 5521 1362 5580 incredulus
2078 5527 2421 5597 Conscriptas
2450 5526 2601 5581 tristi
2628 5541 2665 5579 α
2688 5523 2979 5581 Salomone
3008 5521 3127 5589 tibi,
3153 5523 3254 5576 etc.

635 5608 779 5681 Magi
805 5611 1053 5668 tulerunt
1082 5628 1334 5680 munera,

640 5700 778 5768 Ωαοδ
809 5701 971 5758 Stella
998 5700 1159 5757 duxit
1180 5705 1410 5775 prwvia.
1947 5706 2009 5762 In
2044 5702 2286 5776 reliquis
2313 5704 2469 5761 idem
2499 5706 2589 5759 est
2616 5699 2952 5758 artiﬁcium.
2979 5698 3147 5756 Hisce
3170 5697 3354 5769 jungs
3385 5689 3590 5750 inscri-
