3896 6216
310 351 428 410 783

1050 352 1237 414 SEO.
1285 353 1366 412 XI
1411 353 1638 414 AUCT.
1688 351 2003 413 INCERTI
2047 351 2234 412 ANNI
2279 351 2379 412 ET
2421 347 2719 412 SCRIPT.
2769 356 2992 409 'AAEZII.

3599 345 3732 408 784

313 499 381 539 ex
411 499 591 556 supra
618 482 810 540 allatis
842 483 1034 540 verbis
1064 483 1452 559 intelligimus
1483 485 1786 558 rhythmos
1815 484 1953 540 olim
1983 485 2037 552 Α
2068 499 2244 555 quam
2279 486 2432 538 certo
2463 484 2790 555 quaerenda:
2818 481 3107 556 ejusmodi
3137 479 3445 559 euphonia:
3480 481 3731 539 zoncilio

315 571 630 640 confectos,
657 577 722 629 ut
750 574 818 629 ab
863 575 1134 646 imperitis
1164 577 1324 646 atque
1378 575 1562 632 idiotis
1611 577 1956 630 canerentur.

320 659 385 716 In
417 677 551 717 eum
584 678 818 735 quoque
850 663 1028 720 finem
1087 663 1394 736 compositi
1447 664 1626 729 fuere,
1658 663 1756 734 qui
1817 661 1960 716 mihi

319 767 507 822 nuper
533 753 840 809 memorati
870 756 1010 809 sunt
1037 751 1102 808 de
1130 753 1382 808 laudibus
1410 751 1720 818 Mediolani,
1751 751 1816 806 de
1856 754 1961 806 Lu-

315 839 500 897 dovico
528 843 579 898 ΙΙ
605 845 714 897 etc.
773 842 950 898 Erant
980 841 1135 897 enim
1166 841 1238 897 iis
1291 857 1521 914 quoque
1572 839 1958 912 temporibus,

317 929 520 1000 quales
556 931 794 1000 nostris,
851 931 951 1002 qui
1002 930 1264 986 carmina
1314 931 1502 998 rudia,
1551 946 1617 984 ac
1675 927 1962 1001 praecipue

315 1016 620 1090 rhythmos
651 1023 752 1074 aut
781 1017 972 1074 solatii
1003 1036 1179 1074 causa
1208 1019 1388 1088 domi,
1421 1021 1522 1074 aut
1546 1017 1605 1073 in
1630 1017 1838 1090 plateis
1860 1035 1959 1090 po-

314 1105 454 1178 pulo
486 1111 832 1180 congregato
865 1106 1011 1162 lucri
1043 1108 1285 1164 obtentu
1315 1107 1623 1164 canebant.
1657 1107 1961 1178 Ejusmodi

317 1195 639 1253 cantilenas
669 1195 877 1253 saltem
904 1196 1210 1253 semidocti
1231 1195 1638 1270 intelligebant
1661 1214 1674 1252 :
1699 1197 1960 1252 nondum

317 1283 474 1339 enim
509 1281 824 1357 quisquam
853 1302 1034 1342 ausus
1048 1286 1238 1342 fuerat
1258 1285 1480 1358 vulgari
1497 1302 1764 1342 sermone
1787 1285 1872 1341 uti
1891 1286 1960 1341 ad

315 1373 578 1429 carmina
606 1378 707 1430 aut
735 1374 810 1430 ad
839 1375 1146 1448 rhythmos
1171 1393 1184 1443 ;
1219 1379 1322 1431 aut
1346 1375 1395 1431 si
1427 1375 1760 1442 utebantur,
1792 1391 1862 1430 ex
1889 1374 1962 1430 iis

317 1479 388 1517 ne
421 1463 817 1536 fragmentum
849 1465 1085 1536 quidem
1113 1465 1186 1520 ad
1218 1481 1322 1521 nos
1356 1464 1635 1537 pervenit.
1671 1465 1860 1520 Redeo
1891 1465 1962 1520 ad

315 1551 615 1624 psalmum
644 1553 1158 1626 Augustinianum.
1182 1553 1266 1610 Ibi
1288 1553 1657 1626 singulorum
1689 1570 1962 1610 versuum

319 1640 596 1698 clausulae
626 1641 687 1698 in
715 1659 745 1697 ε
791 1642 1107 1699 desinunt:
1142 1644 1298 1716 quod
1331 1647 1389 1698 et
1425 1642 1484 1698 in
1517 1642 1647 1699 aliis
1676 1641 1966 1715 rhythmis

323 1732 695 1787 observatum
724 1730 862 1787 vidi.
896 1731 1222 1788 Occurrunt
1250 1735 1307 1788 et
1331 1731 1597 1804 plurimae
1623 1748 1794 1787 voces
1826 1749 1965 1787 con-

323 1837 479 1877 sonae
511 1821 570 1876 in
596 1837 709 1877 ann
736 1825 795 1877 et
843 1837 972 1889 one,
1004 1825 1138 1891 etc.,
1190 1838 1338 1893 quas
1384 1825 1581 1878 tamen
1614 1838 1754 1878 casu
1787 1821 1982 1893 potius
2012 1805 2059 1872 Β

2074 553 2284 628 coiisse
2315 553 2722 644 putoiSaltem
2754 553 2988 628 constat
3013 571 3101 628 vel
3135 553 3734 628 saa'culo'ChristianzB'

2069 680 2198 716 cerae
2229 665 2436 733 quarto
2468 661 2756 719 Africanas
2781 660 2935 735 plebi
2992 661 3054 718 in
3085 660 3384 735 rhythmis
3429 659 3734 734 placuisse

2070 750 2326 822 aliquam
2357 751 2688 818 verborum,
2749 755 2818 808 ut
2845 751 2929 808 ita
2978 752 3196 820 dicam,
3253 749 3730 819 consonantiam,

2070 857 2249 912 quam
2269 840 2589 897 subsecuta
2608 839 2823 898 saecula
2847 840 3289 914 ampliﬁcarunt
3307 843 3365 900 et
3383 839 3732 914 diligentius

2069 933 2444 986 exornarunt.
2477 929 2859 994 Praecesserat
2889 929 3064 988 etiam
3097 929 3556 994 Commodianuﬂ
3577 927 3738 1009 mihi.

2071 1036 2251 1091 supra
2284 1022 2642 1074 memoratus
2675 1018 2733 1073 in
2785 1022 3081 1092 postremo
3138 1018 3396 1080 carmine
3431 1035 3564 1088 suo,
3621 1017 3732 1080 ubi

2072 1107 2338 1180 singulos
2367 1123 2571 1163 versus
2604 1107 2663 1162 in
2693 1123 2723 1164 0
2755 1107 3022 1168 desinere
3051 1108 3294 1168 sentias.

2142 1196 2648 1253 Benchorensibus
2679 1196 3252 1270 rhythmis,aliisque
3276 1197 3489 1254 saeculo
3520 1201 3732 1254 octavo

2071 1285 2409 1358 compositis
2428 1302 2563 1342 cum
2595 1286 2833 1346 vocibus
2853 1287 3337 1354 consonantibus,
3369 1303 3516 1360 quos
3541 1303 3736 1360 nuper

2073 1373 2262 1440 retuli,
2297 1376 2448 1430 addo
2479 1374 2843 1449 epitaphium
2869 1375 3154 1435 Lantfridi
3185 1374 3418 1432 abbatis
3445 1375 3736 1432 Burensis

2071 1464 2130 1518 in
2163 1464 2450 1535 Bujoaria,
2485 1465 2640 1536 quod
2675 1464 3050 1522 Mabillonius
3074 1465 3135 1521 in
3181 1465 3480 1524 Analectis
3502 1464 3732 1538 publici

2071 1553 2216 1622 iuris
2249 1552 2398 1607 fecit.
2436 1553 2488 1608 Is
2517 1553 2713 1609 ﬂoruit
2742 1554 2850 1610 sub
2883 1554 3129 1628 Pippino
3160 1559 3218 1611 et
3249 1552 3456 1612 Carolo
3487 1554 3728 1639 Magno,

2079 1642 2430 1697 Francorum
2456 1644 2712 1716 regibus,
2759 1648 2816 1700 et
2843 1643 3074 1700 circiter
3101 1659 3326 1702 annum
3376 1641 3594 1707 Christi
3625 1644 3738 1700 790

2076 1731 2396 1788 excessisse
2427 1748 2457 1787 e
2488 1731 2632 1788 vivis
2659 1731 2906 1788 videtur.

749 1945 842 2001 EN
883 1945 1244 2003 LANTFRID
1285 1946 1602 2014 DOMNVS,
1643 1945 1890 2002 PRIMIS
1929 1946 2336 2001 NATALIBVS
2377 1945 2630 2002 Oli'l‘VS.

894 2035 1154 2094 DEBITA
1193 2035 1450 2092 SOLVIT
1489 2035 1712 2105 HUMO,
1753 2035 1914 2098 QUAS
1953 2034 2086 2091 SIBI
2127 2035 2362 2090 DEBE'I‘
2403 2035 2627 2091 HOMO.

750 2125 1028 2182 .‘ETATIS
1071 2125 1304 2181 FLORE
1345 2125 1594 2181 SPONSI
1631 2124 1962 2180 CURRENS
2002 2123 2074 2179 IN
2115 2123 2378 2190 ODOltE,

895 2212 1235 2272 PLURIBVS
1277 2213 1674 2270 EXEMPLVM
1716 2213 2048 2270 PRzEBVIT
2090 2212 2243 2268 IPSE
2280 2211 2518 2268 BONVM
2558 2218 2666 2267 etc.

338 2346 554 2402 Eodem
586 2351 872 2406 concentu
897 2353 1147 2420 pergunt
1167 2347 1379 2420 reliqui
1409 2365 1610 2406 versus
1635 2366 1649 2404 :
1683 2349 1784 2422 qui
1815 2347 1865 2404 si
1890 2365 1975 2404 re-

334 2451 470 2492 vera
492 2441 633 2492 tunc
660 2436 819 2493 fuere
838 2437 1081 2504 conditi,
1115 2437 1200 2494 uti
1223 2437 1340 2493 veri
1353 2437 1586 2494 videtur
1598 2438 1815 2504 simile,
1846 2455 1980 2493 con-

326 2523 564 2580 firmant
583 2540 712 2596 qua:
741 2523 858 2580 dixi
891 2525 962 2580 de
992 2525 1244 2597 ingeniis
1263 2525 1604 2597 hujusmodi
1618 2527 1846 2582 musica
1873 2526 1977 2582 de-

327 2612 556 2670 lectatis
585 2613 713 2685 ipso
747 2613 958 2670 saeculo
990 2613 1203 2670 Christi
1235 2619 1458 2670 octavo.
1491 2615 1754 2670 Alterum
1785 2632 1982 2671 exem-

328 2701 491 2774 plum
522 2703 783 2774 praebent
812 2706 988 2774 portae
1020 2719 1178 2758 aerea:
1210 2701 1461 2759 basilica:
1478 2703 1827 2760 Parisiensis
1845 2708 1982 2760 San-

2086 2347 2465 2419 dionysianm,
2499 2346 2727 2403 circiter
2752 2363 2822 2402 ea
2875 2350 3140 2420 tempora
3169 2345 3487 2404 fabricata.
3519 2349 3744 2406 Auctor

2087 2437 2166 2492 ibi
2202 2453 2377 2492 suum
2410 2452 2644 2492 nomem
2664 2433 3015 2508 inscriptum
3041 2433 3359 2506 voluit,hoc
3382 2437 3742 2503 est,Airadus

2087 2526 2400 2591 monac/ms,
2427 2523 2677 2597 geminis
2696 2522 2999 2580 versiculis
3015 2523 3396 2598 incisis,quos
3417 2526 3490 2602 ad
3513 2543 3742 2606 annum

2087 2616 2193 2670 780
2222 2613 2417 2670 attulit
2450 2615 2599 2670 idem
2635 2612 3006 2670 Mabillonius
3038 2613 3097 2669 in
3117 2612 3443 2671 Annalibus
3463 2615 3738 2686 Benedic-

2093 2703 2265 2760 ctinis
2293 2722 2304 2758 :

761 2826 904 2882 HOC
942 2826 1121 2882 OPVS
1158 2827 1473 2884 AIRADVS
1513 2829 1828 2885 CZELESTI
1869 2829 2164 2886 MVNERE
2207 2828 2502 2897 FRETVS,

758 2915 1038 2972 OFFER'I‘
1079 2915 1250 2972 ECCE
1287 2917 1452 2984 TIBI,
1493 2917 1803 2987 DIONYSI,
1848 2917 2166 2974 PECTORE
2208 2915 2388 2974 MITI.

337 3061 512 3117 Porro
545 3061 839 3132 quantum
870 3059 1253 3130 subsequenti
1285 3058 1495 3115 saeculo
1517 3076 1668 3116 nono
1688 3059 1746 3115 in
1761 3059 1986 3116 deliciis

337 3150 483 3208 foret
504 3149 659 3222 apud
691 3149 978 3220 quosdam
1009 3155 1209 3222 poetas
1259 3149 1587 3221 conquisita
1634 3149 1746 3205 ista
1775 3165 1986 3206 conso-

338 3239 609 3296 nantium
664 3255 873 3294 vocum
931 3238 1238 3296 harmonia
1292 3239 1352 3294 in
1391 3237 1654 3294 texendis
1693 3237 1980 3306 versibus,

335 3329 508 3403 longe
537 3327 807 3402 pluribus
838 3327 1120 3401 exemplis
1169 3329 1472 3384 ostendere
1509 3343 1774 3400 possum.
1805 3327 1984 3385 Vetu-

2095 3058 2424 3116 stissimum
2447 3059 2740 3116 musivum
2773 3059 2831 3116 in
2890 3061 3010 3117 aede
3041 3077 3208 3118 sacra
3264 3064 3480 3130 sancta:
3541 3061 3742 3128 Mariae

2093 3148 2261 3204 Nova:
2296 3148 2490 3204 adhuc
2519 3149 2726 3204 visitur
2756 3149 2968 3218 Romae,
3003 3154 3150 3206 teste
3181 3149 3507 3224 Ciampinio
3563 3158 3744 3225 part.,

2096 3255 2157 3306 ιι,
2191 3255 2316 3312 cap.
2348 3239 2438 3305 28,
2470 3237 2658 3295 Veter.
2712 3237 3138 3295 Monumentor.
3199 3238 3282 3296 Ibi
3341 3237 3401 3295 hi
3435 3239 3552 3297 duo
3612 3257 3746 3298 ver-

2096 3345 2233 3384 sus:

767 3480 1013 3538 ARBOR
1050 3480 1276 3537 SACRA
1313 3479 1565 3537 CRVCIb
1606 3480 1720 3550 FIT
1760 3478 2013 3536 MVNDO
2053 3479 2317 3536 SEMITA
2354 3479 2579 3548 LVCIS,

763 3570 968 3636 QVAM
1008 3569 1128 3634 QUI
1170 3569 1540 3636 PORTAVIT,
1581 3570 1719 3625 NOS
1757 3569 2102 3627 CHRISTVS
2140 3569 2235 3625 AD
2273 3571 2500 3627 ASTRA
2544 3569 2867 3626 LEVAVI’I‘.

338 3722 432 3778 Uti
453 3722 798 3778 Anastasius
821 3720 1075 3792 tradit,ej
1087 3739 1152 3776 us
1176 3721 1373 3794 templi
1396 3721 1692 3794 simulque
1712 3724 1769 3777 et
1789 3719 1980 3794 operis

333 3810 615 3868 tessellati
638 3813 842 3865 auctor
853 3808 962 3864 fuit
983 3814 1092 3865 Leo
1115 3809 1204 3879 IV,
1230 3827 1402 3882 papa,
1434 3827 1586 3866 anno
1609 3809 1826 3866 Christi
1855 3811 1982 3878 848,

333 3904 436 3956 aut
465 3897 736 3956 Nicolaus
767 3899 811 3970 Ι,
843 3915 994 3972 papa
1026 3899 1258 3955 circiter
1312 3916 1536 3956 annum
1589 3901 1712 3956 860.
1768 3897 1902 3964 Quae
1934 3895 1985 3956 si

335 3992 496 4045 certa
523 3991 682 4066 sunt,
707 3988 831 4059 jem
863 3993 1131 4045 tenemus
1161 3988 1222 4044 in
1269 3987 1397 4061 ipsa
1441 3988 1591 4044 Urbe
1621 3989 1801 4045 ferme
1851 3993 1987 4046 ante

340 4092 546 4133 novem
579 4073 793 4133 saecula
820 4077 879 4135 in
910 4095 1021 4134 usu
1056 4077 1237 4134 fuisse
1267 4093 1586 4132 consonam
1610 4093 1820 4134 vocum
1851 4076 1987 4134 har-

338 4167 598 4222 moniam
623 4164 683 4224 in
714 4167 998 4224 versibus.
1031 4169 1091 4224 Si
1121 4167 1326 4224 eodem
1359 4163 1592 4236 saeculo,
1643 4182 1762 4237 quo
1796 4167 1985 4224 Ludo-

337 4254 502 4313 vicus
533 4255 673 4313 Pius
728 4257 1030 4330 Augustus
1060 4273 1092 4313 e
1139 4255 1282 4312 vivis
1336 4253 1584 4312 excessit
1615 4254 1746 4328 (hoc
1790 4260 1986 4312 autem

2091 3720 2334 3794 contigit
2363 3738 2516 3778 anno
2545 3719 2716 3778 Cristi
2746 3722 2872 3793 840)
2903 3720 3296 3794 compositum
3327 3720 3536 3778 fuisset
3555 3722 3745 3796 epita-

2094 3809 2324 3882 phium,
2378 3811 2507 3882 ejus
2539 3809 2766 3866 tumulo
2797 3810 3039 3866 Metensi
3095 3809 3153 3865 in
3187 3810 3330 3866 urbe
3385 3811 3748 3884 appositum,

2095 3900 2250 3971 quod
2282 3903 2440 3954 tomo
2475 3898 2544 3968 II,
2572 3915 2705 3971 pag.
2747 3900 2875 3967 320,
2937 3897 3215 3972 Scriptor.
3272 3899 3604 3958 Francicor.
3663 3903 3746 3958 du

2095 3987 2350 4056 Chesnii,
2383 3992 2440 4044 et
2469 3987 2529 4043 in
2556 3987 2883 4044 Annalibus
2913 3986 3232 4046 cardinalis
3253 3988 3486 4049 Baronii
3511 3987 3751 4064 legitur,

2095 4076 2462 4134 luculentum
2491 4075 2740 4134 alterum
2770 4075 3125 4134 haberemus
3153 4077 3506 4141 homotoniaa
3538 4078 3603 4138 in
3630 4095 3750 4138 ver-

2096 4167 2262 4223 sibus
2292 4171 2431 4222 tunc
2462 4166 2746 4223 adamata:
2777 4166 3486 4232 testimonium.0uatuor
3516 4172 3751 4228 tantum

2095 4255 2415 4312 versiculos
2447 4255 2585 4314 inde
2614 4259 2918 4330 excerptas
2947 4257 3145 4314 offero.

761 4381 1042 4440 IMPERII
1081 4379 1393 4450 FVLMEN,
1436 4379 1877 4436 FRANCORUM
1915 4381 2172 4436 NOBILE
2210 4379 2524 4447 CVLMEN,

905 4469 1211 4527 EXCITVS
1250 4471 1291 4526 E
1331 4470 1600 4526 SECVLO
1637 4470 2003 4526 CONDITVR
2039 4470 2182 4527 HOC
2221 4469 2538 4540 TUMVLO,

765 4560 906 4617 REX
945 4558 1364 4627 LVDOVICUS,
1403 4559 1730 4616 PIETATIS
1768 4559 2050 4616 TANTVS
2089 4558 2378 4638 AMICVS,

906 4649 1100 4718 QVOD
1139 4649 1300 4706 PIVS
1339 4653 1385 4706 A
1427 4649 1699 4706 POPVLO
1737 4649 2030 4707 DICITVR
2068 4650 2156 4706 ET
2191 4651 2475 4720 TITVLO,
2517 4654 2627 4706 etc.

335 4794 589 4869 Drogoni
609 4810 842 4868 quoque
855 4792 1292 4866 archiepiscopo
1305 4792 1843 4866 Metensi,ejusdem
1864 4793 1980 4850 Lu-
2014 4796 2058 4862 ι)
2089 4793 2162 4850 ab
2193 4793 2394 4851 eodem
2427 4792 2507 4849 du
2537 4791 2786 4849 Chesnio
2816 4792 3241 4866 editum,cujus
3265 4807 3340 4850 en
3365 4791 3600 4866 primos
3622 4809 3750 4851 ver.-

337 4884 524 4944 dovici
553 4884 639 4940 Pii
669 4884 858 4952 fratri,
889 4883 1140 4940 alterum
1170 4882 1534 4956 epitaphium
1564 4881 1822 4956 positum
1853 4883 1984 4953 fuit,

2097 4899 2237 4940 sus:

763 5008 1128 5066 CONDITVR
1165 5009 1304 5065 HOC
1343 5008 1570 5065 B\’S'I‘O
1611 5008 1903 5065 PILI'JSUL
1944 5008 2188 5064 DROGO
2229 5007 2586 5064 MARMORE
2626 5006 2985 5064 SCULPTO:

902 5097 1234 5154 SPIRITVS
1266 5097 1335 5153 IN
1377 5097 1638 5164 REQVIE
1679 5097 1933 5154 L/ETVS
1973 5097 2160 5154 OVA’I‘
2199 5097 2529 5166 ABRAHZE,
2571 5102 2679 5154 etc.

336 5244 618 5300 Praeterea
647 5242 706 5298 in
739 5241 1229 5300 Laurcshamcnsi
1258 5241 1613 5299 monasterio
1643 5241 1980 5315 sepulcrum

335 5332 530 5391 adhuc
585 5331 798 5388 visitur
843 5331 1165 5388 Tassilonis
1223 5331 1500 5404 Bajoariae
1558 5331 1745 5397 ducis,
1803 5347 1980 5403 quem

2088 5239 2329 5298 Carolus
2381 5240 2633 5314 Magnus
2663 5256 2693 5296 e
2723 5238 2868 5297 solio
2901 5239 3132 5312 dejecit,
3163 5254 3302 5296 cum
3342 5238 3506 5298 hisce
3567 5239 3748 5298 venia

2089 5332 2202 5388 bus
2232 5347 2245 5386 :

901 5456 1266 5513 CONDI’I‘VR
1305 5455 1443 5512 HAG
1481 5452 1731 5523 FOVEA,
1772 5453 1973 5519 QVEM
2013 5455 2124 5512 PIE
2164 5453 2475 5510 CHRISTE
2512 5452 2670 5522 ΒΕΑ,

758 5545 1051 5600 TASSILO
1091 5544 1238 5600 DVX
1279 5541 1587 5606 PRIMUM,
1627 5542 1804 5599 POST
1844 5542 2004 5610 REX,
2038 5540 2425 5600 MONACHVS
2463 5541 2597 5598 SE1)
2632 5541 2728 5601 AD
2770 5541 2982 5603 IMVM.

762 5632 995 5692 lDlBVS
1037 5634 1108 5692 ΙΝ
1147 5631 1412 5692 TERNIS
1451 5629 1910 5692 DECESSERAT
1946 5633 2108 5693 ILLE
2147 5629 2574 5692 DECEMBRIS.
