3896 6216
122 396 225 463 ’138
1403 380 1766 450 RHYTHMI
1809 381 2195 448 VETERES.
3375 380 3493 442 786

120 536 216 598 sed
244 529 378 608 quia
403 525 668 588 dubitare
704 524 839 587 licet
865 540 937 585 ne
966 523 1139 601 longe
1177 522 1365 582 serius
1406 521 1587 581 additi
1618 522 1743 580 fue-
1770 524 1827 593 Α
1856 524 2120 581 membra
2146 520 2432 592 versibus,
2466 525 2772 597 postremae
2804 537 3054 597 quorum
3089 521 3322 596 syllabae
3351 522 3499 580 invi-

121 628 226 686 rint
252 619 489 682 tumulis
520 616 813 693 ejusmodi
841 633 1068 684 versus,
1091 614 1340 673 certiora
1359 630 1743 687 apponamus.
1856 630 1982 670 cem
2039 612 2151 670 sibi
2200 613 2649 687 respondebant.
2684 611 2981 685 Evulgavit
3029 628 3180 685 saepe
3225 611 3500 669 laudatus

120 717 322 789 Gaspar
349 707 641 775 Barthius,
666 706 757 762 vir
783 704 1224 778 spectatissimis
1249 700 1616 769 eruditionis,
1641 701 1743 756 lib.
1856 702 2231 759 Mabillonius
2262 703 2321 757 in
2352 700 2678 757 Annalibus
2723 701 3112 758 Benedictinis
3160 701 3231 757 ad
3283 718 3503 759 annum

119 820 255 863 χχιιι
288 795 678 857 Adversarior.
710 793 1000 851 Erinfredi
1033 793 1305 849 monachi
1344 808 1579 848 carmen
1612 790 1744 861 rby-
1855 795 1961 848 827
1989 809 2193 848 versus
2249 793 2307 847 in
2367 790 2770 847 vetustissimo
2811 791 3008 847 codice
3062 789 3509 849 Altivillarensis

121 891 387 950 thmicum
430 903 500 944 ex
542 902 654 941 ms.
707 883 904 941 codice
948 883 1181 957 profert.
1216 881 1319 938 Hic
1368 885 1563 937 autem
1609 881 1750 935 vixit
1856 881 2085 938 circiter
2131 898 2199 936 ea
2238 884 2501 953 tempora
2543 879 2813 952 scriptos,
2846 897 2877 936 e
2909 881 3126 953 quibus
3174 896 3300 953 quae
3350 895 3509 937 nunc

119 996 248 1039 anno
286 978 407 1045 806,
442 979 504 1032 ut
555 976 677 1030 Vita
732 975 850 1046 ejus
905 975 1153 1029 testatur.
1187 972 1271 1027 En
1322 968 1470 1027 duas
1517 972 1747 1025 tantum
1858 970 2108 1041 aiebam,
2142 969 2340 1025 leviori
2372 970 2601 1043 negotio
2632 968 2925 1042 intelliges
2960 986 2974 1026 :

118 1070 262 1127 illius
291 1062 570 1124 carminis
601 1062 873 1136 strdphas
907 1079 919 1117 :

560 1152 859 1209 Felicitatis
889 1151 1078 1223 regula

491 1243 601 1298 Hac
629 1234 739 1313 ﬁne
763 1256 973 1313 semper
999 1238 1259 1296 constitit.

491 1331 570 1387 Id
595 1337 799 1404 puncta
825 1346 951 1385 eum
978 1330 1126 1385 venit
1152 1344 1273 1396 sua,

491 1423 554 1477 In
581 1436 638 1476 se
666 1421 848 1476 voluta
872 1420 1097 1475 corruit.

423 1511 773 1582 Quaecunque
802 1510 915 1564 vita
938 1508 1168 1580 protulit

494 1598 782 1668 Ambigua,
817 1598 963 1665 laeta,
992 1598 1193 1652 tristia.

495 1689 819 1760 Quocunque
846 1703 902 1744 se
930 1702 1049 1759 spes
1079 1686 1281 1743 extulit

495 1776 694 1844 Inﬁda,
722 1776 884 1844 dura,
917 1776 1162 1843 credula,
1195 1779 1305 1831 etc.

1930 1106 2058 1173 Ebo,
2095 1106 2346 1161 Remense
2371 1104 2549 1173 decus,
2578 1105 2802 1177 praesul,
2830 1109 3123 1177 pastorque
3151 1106 3427 1172 coruscus,

1933 1198 2123 1252 Doctor
2149 1195 2512 1265 evangelieus,
2540 1195 2791 1266 praecelsi
2820 1194 2979 1263 Regis
3002 1195 3232 1260 amicus,

1932 1287 2086 1341 Hunc
2114 1285 2175 1338 in
2203 1299 2386 1340 amore
2412 1284 2529 1349 Dei,
2562 1285 2818 1356 Petrique
2845 1285 2907 1339 in
2935 1283 3135 1339 honore
3167 1283 3329 1352 beati,

1931 1373 2159 1431 Librum
2178 1374 2346 1445 jussit
2374 1375 2485 1444 agi,
2524 1373 2721 1444 plenus
2749 1374 3069 1445 spiraminis
3098 1371 3227 1441 alti,
3259 1376 3366 1429 etc.

1864 1508 1965 1563 Hic
1994 1511 2200 1580 praeter
2228 1510 2520 1564 commata
2548 1523 2752 1562 versus
2798 1508 3206 1579 cujuscunque
3236 1524 3513 1573 consona,

1864 1597 2039 1652 etiam
2082 1596 2218 1652 ﬁnis
2261 1597 2439 1651 unius
2467 1611 2672 1652 versus
2720 1598 3003 1651 consonat
3032 1612 3165 1650 cum
3212 1596 3327 1651 {ine
3379 1594 3518 1651 alte-

1865 1686 2011 1754 rius,
2046 1686 2220 1741 unica
2275 1690 2471 1741 tamen
2533 1684 2774 1758 syllaba.
2809 1683 2898 1741 Ita
2933 1684 2994 1740 in
3046 1684 3272 1741 musivo
3326 1684 3519 1740 adhuc

1866 1776 2180 1848 superstite
2198 1774 2455 1831 Basilicas
2473 1774 2869 1831 Ambrosianaa
2889 1773 3521 1846 Mediolanensis,quod

108 1871 205 1930 Sed
236 1866 535 1944 precipue
559 1864 771 1923 saeculo
798 1863 897 1920 illo
919 1881 985 1920 ac
1005 1865 1236 1919 duobus
1258 1863 1756 1937 subsequentibus
1786 1909 1838 1975 Β
1865 1864 2094 1921 circiter
2151 1881 2370 1920 annum
2428 1865 2534 1920 835
2602 1864 2991 1936 compositum
3062 1863 3274 1935 fuisse,
3334 1878 3524 1935 neque

202 1959 289 1975 ιιι.
368 1974 373 1975 ,
406 1955 621 1975 ,,__.A|__!1
653 1955 705 1975 ξ..
743 1952 992 1975 -2.._-_I:-
1015 1953 1282 1975 ---_._:L___
1310 1957 1649 1975 --_--_L____
1673 1970 1735 1975 _-_
1872 1954 2008 1975 :_-__
2029 1955 2158 1975 -..!L-
2225 1954 2563 1975 n-_-42--II:___
2602 1959 2789 1975 --_-_1
2849 1952 3222 1975 A-l___.l!-L-_
3261 1952 3415 1975 3-1--.1
3450 1952 3499 1975 ‘I-

110 1959 300 2019 multis
327 1972 498 2015 cura
514 1955 625 2011 fuit
653 1955 713 2010 in
741 1952 994 2026 singulis
1015 1953 1284 2010 versibus
1305 1957 1653 2010 concentum
1673 1970 1765 2009 vo-
1792 1952 1838 1975 ”
1872 1954 2187 2024 immerito,
2224 1954 2566 2011 Puricellius
2596 1959 2815 2024 censet,
2849 1952 3229 2011 tetrastichon
3261 1952 3419 2011 istud
3450 1952 3527 2009 1e-

109 2064 230 2107 eum
258 2045 553 2107 similium
576 2044 860 2113 inserere,
880 2042 1085 2099 divisis
1109 2043 1541 2115 quodammodo
1564 2043 1624 2098 in
1648 2043 1763 2099 duo
1874 2043 2030 2116 gitur
2062 2061 2075 2099 :

608 2184 985 2243 MARTINVS
1026 2184 1379 2255 MORITVR,
1422 2186 1553 2243 SED
1591 2185 1779 2241 VITIE
1817 2185 2009 2242 DONA
2047 2185 2397 2242 MERETVR
2431 2204 2443 2241 :

754 2274 1165 2331 TRISTATUR
1203 2275 1520 2343 MVNDVS,
1562 2275 2097 2339 ADJUBILATOUE
2135 2274 2378 2330 POLVS.

608 2361 808 2422 ΜΟΒὲ
847 2366 986 2421 SVA
1024 2364 1245 2425 DIGNA
1284 2364 1473 2421 BONO
1514 2364 1803 2421 FERTVR
1841 2363 2261 2419 CELEBRATA
2299 2363 2657 2429 PATRONO,

754 2454 1088 2511 SPIRITVS
1125 2454 1465 2510 AMBROSII
1502 2454 1661 2510 DVM
1704 2452 2149 2510 FAMULATVR
2188 2452 2303 2508 IBI.

107 2571 339 2630 Milonis
379 2586 618 2645 quoque
671 2568 1022 2627 Elnonensis
1054 2569 1324 2626 monachi
1381 2587 1586 2627 versus
1646 2572 1772 2642 pari

108 2664 397 2719 concentu
430 2658 762 2716 elaboratas
813 2673 965 2714 anno
1015 2657 1229 2715 Christi
1260 2660 1368 2716 855
1397 2661 1571 2716 refert
1618 2660 1771 2716 idem

108 2748 496 2808 Mabillo‘niu's
525 2748 586 2804 in
635 2747 960 2805 Annalibus
992 2747 1382 2805 Benedictinis
1433 2750 1503 2805 ad
1553 2767 1771 2806 annum

107 2841 233 2897 872.
268 2839 427 2895 Vide
476 2838 653 2897 etiam
702 2838 985 2895 formulas
1010 2854 1105 2896 xw
1130 2842 1187 2895 et
1228 2857 1302 2894 xv
1347 2840 1489 2895 tomi
1520 2844 1571 2894 II
1602 2840 1774 2913 Capi-

109 2928 286 2986 tuiar.
331 2925 585 2995 Baluzii,
626 2941 759 2999 pag.
780 2928 905 2983 565.
939 2928 1064 2983 Non
1095 2945 1174 2985 eas
1206 2928 1444 3001 quidem
1494 2933 1633 2985 sunt
1662 2929 1775 2985 for-

108 3017 315 3084 mulas,
331 3013 445 3071 sed
468 3013 725 3087 rhythmi
747 3015 1190 3085 duo,summam
1209 3018 1538 3074 barbariem
1560 3017 1780 3091 spiran-

104 3110 223 3178 tes,
269 3107 482 3176 atque,
514 3106 582 3159 ut
627 3103 852 3179 opinor,
884 3105 956 3160 ab
980 3104 1231 3162 indoctis
1258 3106 1514 3163 librariis
1563 3108 1778 3163 mirum

104 3194 171 3251 in
200 3192 470 3251 modum
517 3187 846 3246 deformati.
879 3190 1093 3264 [Supra
1137 3208 1273 3249 vero
1330 3195 1780 3250 commemoravi

107 3284 454 3341 Notkerum
498 3277 830 3347 Balbulum,
863 3280 1211 3336 coenobitam
1255 3281 1452 3337 Sancti
1481 3280 1648 3351 Galli,
1683 3283 1781 3355 qui

107 3372 218 3430 sub
252 3372 453 3429 ﬁnem
480 3368 675 3427 sabuli
723 3368 886 3435 noni,
920 3373 1096 3442 atque
1142 3369 1377 3425 initium
1425 3370 1658 3439 decimi,
1692 3371 1782 3427 Se-

105 3458 729 3536 quentia'rumlihrum
760 3456 962 3525 edidit,
990 3458 1065 3514 ab
1095 3458 1354 3532 antiquis
1381 3458 1706 3525 laudatum,
1731 3464 1787 3515 et

112 3551 419 3609 aclari‘ss.
463 3548 588 3604 viro
640 3547 701 3603 P.
750 3546 916 3603 Pezio
967 3551 1118 3619 part.
1167 3548 1359 3620 prima
1413 3548 1556 3605 torni
1612 3548 1783 3620 primi

110 3641 413 3698 Thesaur.
457 3637 800 3694 Anecdotor.
854 3635 1160 3693 novissim.
1193 3636 1436 3693 editum.
1483 3638 1787 3709 Ejusmodi
1819 3640 1863 3705 Ο
3374 3692 3375 3701 χ

118 3727 642 3803 Sequentiaelquas
683 3726 932 3799 hymnos
980 3725 1175 3798 potius
1207 3726 1500 3799 appellare
1546 3727 1793 3800 placeat)
1900 3730 2064 3784 Anno
2095 3730 2202 3783 812
2231 3729 2408 3785 ﬁnem
2450 3729 2679 3785 vivendi
2712 3729 2848 3788 fecit
2876 3729 3032 3786 idem
3062 3727 3555 3801 Notkerus,cujus

117 3817 471 3893 rhythmioa
498 3814 734 3871 licentia
763 3814 1100 3887 compositae
1139 3818 1276 3871 sunt
1323 3817 1433 3872 sub
1464 3816 1640 3872 variis
1671 3833 1791 3872 me-
1904 3817 2266 3889 epitaphium
2300 3819 2609 3874 metricum
2656 3818 2989 3875 Mabillonio
3033 3818 3315 3876 debemus
3344 3817 3404 3873 in
3435 3819 3558 3874 An-

121 3908 252 3965 tris.
284 3907 496 3964 Unam
523 3919 593 3961 ex
620 3902 694 3958 iis
724 3902 904 3976 seligo
937 3919 950 3960 :
1907 3906 2139 3963 nalibus
2172 3908 2566 3964 Benedictinis
2597 3908 2822 3965 editum
2852 3908 2948 3966 his
2977 3908 3169 3965 verbis
3203 3925 3217 3965 :

643 4043 823 4101 ECCE
862 4044 1092 4101 DECVS
1130 4047 1431 4114 PATRI/E,
1473 4048 1876 4115 NOTKERVS,
1918 4048 2169 4105 DOGMA
2207 4050 2502 4117 SOPHl/E,

817 4134 916 4189 VT
955 4134 1327 4201 MORTALIS
1365 4138 1590 4205 HOMO,
1630 4138 1995 4195 CONDITVR
2034 4139 2175 4195 HOC
2215 4140 2518 4196 TVMVLO

643 4221 881 4279 IDIBVS
922 4223 1228 4281 OCTONIS
1268 4225 1385 4281 HIC
1425 4226 1660 4283 CARNE
1701 4227 2023 4284 SOLVTVS
2061 4229 2361 4295 APRILIS,

821 4312 1072 4368 COELIS
1114 4313 1531 4383 INVEHITVR,
1570 4316 1897 4373 CARMINE
1936 4317 2374 4374 SVSCIPITVR.

191 4448 382 4506 Plura
413 4444 713 4519 ejusmodi
753 4443 953 4500 nullus
1001 4446 1203 4502 dubito
1234 4446 1377 4519 quin
1425 4448 1800 4517 haberemus,

122 4536 356 4614 scripta
376 4537 562 4609 longe
583 4534 761 4591 etiam
784 4538 919 4590 ante
938 4534 1278 4605 Notkerum,
1303 4535 1416 4593 nisi
1436 4542 1693 4612 tempus,
1709 4540 1801 4595 cui

2166 2568 2354 2624 Sancti
2376 2571 2569 2624 merita

2240 2657 2515 2714 Benedicti
2544 2658 2752 2729 inclyta

2246 2747 2497 2804 l’erendze
2530 2748 2856 2813 sanctitatis,

2240 2841 2317 2894 Ac
2344 2836 2733 2893 monachorum
2751 2836 3038 2908 praesulis,

2244 2929 2351 2983 Pro
2377 2943 2529 2999 posse

2244 3016 2413 3089 Atque
2440 3032 2612 3071 nosse.

2247 3106 2464 3175 Organa
2493 3106 2680 3159 nostra
2702 3108 3039 3177 concrepent.

2175 3195 2377 3249 Nursia
2409 3194 2549 3263 felix:

2250 3282 2390 3336 Tulit
2420 3289 2608 3337 natum
2637 3283 2883 3351 genitrix
2910 3299 2930 3338 .'

2248 3371 2479 3425 Domina
2508 3370 2704 3426 mundi
2732 3373 2898 3427 Roma
2924 3372 3061 3443 fovit
3087 3370 3303 3426 alitrix.

2247 3462 2348 3514 llic
2376 3475 2508 3532 ergo
2534 3468 2846 3531 praeventus
2875 3462 3075 3532 optimo

2253 3549 2439 3605 Sancti
2468 3549 2707 3621 Spiritus
2736 3550 2896 3620 dono,
2928 3554 3037 3606 etc.

1911 4452 2128 4507 Eodem
2160 4451 2361 4507 ordine
2392 4453 2840 4508 consonantium
2871 4468 3080 4508 vocum
3122 4451 3444 4524 procedunt
3475 4468 3561 4507 re-

1913 4540 2077 4612 liqui.
2103 4541 2251 4596 Sunt
2280 4541 2358 4595 ibi
2392 4546 2451 4596 et
2480 4540 2576 4597 alii
2608 4541 2832 4615 hymni,
2857 4540 3088 4613 aliaque
3114 4543 3384 4614 poemata
3413 4556 3567 4595 eam-

121 4634 209 4686 tot
259 4628 541 4702 pretiosa
588 4624 971 4693 succubuere,
1002 4624 1151 4681 levia
1197 4625 1317 4683 haec
1358 4640 1591 4700 quoque
1635 4629 1803 4685 nobis

122 4718 479 4776 invidisset:
503 4714 698 4770 Unum
728 4712 873 4770 illud
907 4714 1322 4772 San-Gallense
1353 4717 1683 4773 coenobium
1715 4735 1803 4775 ce-

120 4806 554 4872 leberrimum,
586 4802 644 4858 in
695 4820 812 4875 quo
851 4802 1139 4862 Notkerus
1170 4804 1328 4874 vixit,
1370 4804 1485 4863 alia
1531 4808 1805 4881 suppedi-

119 4902 249 4954 tare
279 4895 385 4951 hie
419 4895 621 4967 potest
650 4892 723 4948 ab
768 4892 1015 4949 Henrico
1045 4893 1272 4951 Canisio
1303 4896 1478 4964 edita,
1503 4914 1569 4953 ac
1599 4898 1807 4954 deinde

118 4978 675 5042 inBibliothecam
724 4981 959 5037 Patrum
1008 4982 1189 5039 illata.
1225 4983 1345 5040 Illic
1393 4984 1678 5059 hymnum
1727 4986 1808 5043 le-

121 5082 233 5149 gas
268 5074 363 5131 ab;
404 5071 777 5128 Hartman‘no
826 5071 1113 5128 monacho
1171 5076 1561 5147 compositum
1590 5076 1811 5147 (ﬂoruit

121 5165 227 5222 ille
257 5160 520 5222 circiter
559 5168 778 5216 auriam
809 5156 936 5231 870)
968 5162 1138 5233 cujus
1184 5162 1244 5218 hi
1295 5168 1433 5222 sunt
1478 5166 1652 5239 primi
1684 5183 1809 5223 ver-

126 5264 283 5312 διιεῖ

558 5428 693 5484 Cum
720 5432 882 5484 natus
911 5431 1045 5486 esset
1072 5431 1351 5500 Dominus,

627 5519 897 5574 Turbatur
918 5534 1020 5575 rex
1046 5518 1357 5578 incredulus

629 5606 773 5678 Magi
801 5608 1047 5664 tulerunt
1075 5625 1328 5678 munera,

634 5697 773 5766 Quos
805 5699 966 5755 stella
992 5698 1154 5756 duxit
1174 5703 1404 5772 praevia.

1914 4630 2046 4685 dem
2090 4630 2398 4685 verborum
2453 4634 2740 4686 texturam
2790 4629 3176 4703 praeferentia,
3210 4631 3313 4685 aut
3359 4629 3563 4685 eodem

1916 4717 2127 4773 saeculo
2177 4735 2231 4772 1x
2279 4721 2380 4772 aut
2410 4736 2443 4772 x
2475 4720 2826 4790 composita;
2859 4718 2942 4775 ita
2990 4723 3055 4774 ut
3101 4706 3228 4790 jam
3287 4718 3564 4787 abundet,

1918 4807 2072 4863 unde
2119 4823 2320 4863 eorum
2362 4806 2559 4878 opinio
2602 4806 2755 4863 male
2793 4812 3041 4863 consuta
3080 4807 3253 4864 nobis
3280 4806 3565 4876 videatur,

1918 4895 2018 4969 qui
2050 4896 2148 4952 ubi
2197 4894 2419 4968 aliquid
2471 4895 2710 4952 Leonini
2759 4900 3077 4954 concentus
3126 4896 3392 4963 audiunt,
3424 4896 3568 4953 illud

1919 4987 2194 5043 continuo
2227 4985 2295 5040 ad
2351 4985 2631 5042 saeculum
2661 5003 2717 5041 x1
2749 4990 2806 5042 et
2836 4986 3257 5061 subsequentia
3283 4986 3572 5062 pertinere

1920 5075 2031 5131 sibi
2066 5075 2473 5147 persuadeant.
2507 5074 2700 5132 Edidit
2745 5093 2978 5151 quoque
3018 5077 3287 5135 Canisius
3337 5092 3572 5134 carmen

1921 5163 2251 5221 Salomonis
2304 5164 2561 5237 episcopi
2611 5165 3097 5236 Constantiensis,
3148 5167 3251 5240 qui
3308 5167 3573 5224 currente

1924 5271 2075 5310 anno
2104 5255 2211 5309 895
2243 5254 2502 5311 ﬂorebat.

1998 5436 2215 5491 Emimie
2242 5437 2489 5503 antistes,
2522 5435 2619 5492 has
2648 5437 2849 5506 accipe,
2882 5434 3051 5503 Dado,
3084 5434 3308 5499 salutes,

2073 5526 2415 5596 Conscriptas
2444 5526 2595 5581 tristi
2623 5541 2658 5579 a
2682 5523 2972 5580 Salomone
3001 5521 3121 5589 tibi,
3148 5523 3248 5577 etc.

1940 5704 2003 5760 In
2037 5701 2279 5774 reliquis
2306 5702 2462 5759 idem
2492 5704 2583 5757 est
2611 5698 2946 5756 artiﬁcium.
2973 5698 3140 5756 Hisce
3164 5697 3349 5768 junge
3380 5688 3583 5749 inscri-
