3896 6216
295 349 414 409 783

1036 351 1222 413 SIEC.
1271 352 1352 411 XI
1397 352 1624 413 AUCT.
1674 349 1988 411 INCER'I‘I
2031 349 2219 410 ANNI
2265 349 2364 411 ET
2407 347 2705 410 SCRIPT.
2755 354 2978 408 'AAEEII.

3585 345 3710 427 184

299 498 367 538 ex
397 499 577 554 supra
603 481 796 538 allatis
827 481 1020 539 verbis
1051 481 1438 558 intelligimus
1468 483 1772 557 rhythmos
1801 483 1939 538 olim
1969 483 2023 550 Α
2053 498 2230 554 quam
2265 485 2418 537 certo
2449 483 2776 554 quaerendae
2805 481 3094 554 ejusmodi
3123 479 3430 558 euphonia
3466 479 3712 538 concilio
3835 515 3846 538 4

301 571 615 639 confectos,
641 575 708 628 ut
735 573 804 628 ab
850 573 1120 644 imperitis
1150 576 1310 646 atque
1365 573 1548 630 idiotis
1597 575 1942 628 canerentur.

306 659 370 716 In
402 677 537 716 eum
570 676 805 734 quoque
836 663 1014 718 ﬁnem
1073 662 1380 734 compositi
1431 662 1611 727 fuere,
1643 661 1743 732 qui
1803 659 1947 714 mihi

304 765 492 822 nuper
519 751 826 807 memorati
856 755 995 807 sunt
1023 751 1088 807 de
1115 751 1368 807 laudibus
1395 750 1706 817 Mediolani,
1737 748 1802 805 de
1841 753 1946 804 Lu-

301 837 486 896 dovico
514 841 564 896 II
591 843 700 896 etc.
759 841 936 897 Erant
967 839 1121 896 enim
1151 839 1224 896 iis
1276 857 1506 912 quoque
1557 839 1944 910 temporibus,

303 927 506 998 quales
541 929 779 1000 nostris,
836 929 938 1000 qui
988 928 1249 985 carmina
1300 929 1488 997 rudia,
1537 945 1603 984 ac
1661 926 1948 1000 praecipue

302 1015 606 1088 rhythmos
637 1022 738 1073 aut
765 1016 958 1074 solatii
988 1034 1164 1074 causa
1193 1017 1373 1086 domi,
1407 1021 1508 1072 aut
1532 1016 1590 1072 in
1615 1015 1824 1089 plateis
1845 1033 1945 1088 po-

301 1103 440 1176 pulo
471 1108 818 1180 congregato
849 1105 997 1182 lucri
1029 1107 1271 1162 obtentu
1301 1105 1608 1162 canebant.
1642 1105 1946 1177 Ejusmodi

303 1193 624 1252 cantilenas
655 1193 862 1251 saltem
890 1195 1195 1252 semidocti
1217 1194 1624 1270 intelligebant
1647 1212 1660 1251 :
1684 1195 1947 1251 nondum

303 1281 461 1338 enim
495 1281 810 1355 quisquam
839 1300 1020 1341 ausus
1033 1284 1224 1340 fuerat
1243 1283 1467 1358 vulgari
1482 1301 1749 1341 sermone
1773 1283 1858 1339 uti
1876 1284 1947 1339 ad

301 1366 562 1428 carmina
591 1376 692 1428 aut
721 1373 796 1428 ad
825 1373 1131 1446 rhythmos
1156 1392 1170 1441 ;
1205 1377 1307 1430 aut
1331 1373 1380 1430 si
1413 1373 1746 1441 utebantur,
1779 1389 1849 1428 ex
1874 1372 1948 1428 iis

302 1477 374 1516 ne
407 1461 803 1534 fragmentum
835 1463 1071 1534 quidem
1099 1463 1172 1519 ad
1204 1479 1308 1520 nos
1341 1463 1620 1536 pervenit.
1656 1463 1846 1519 Redeo
1877 1463 1948 1518 ad

302 1549 600 1622 psalmum
630 1551 1144 1624 Augustinianum.
1168 1551 1252 1608 Ibi
1274 1551 1642 1624 singulorum
1674 1568 1947 1608 versuum

2059 551 2270 626 coiisse
2301 551 2708 642 puto—Saltem
2741 551 2973 628 constat
2999 569 3087 627 vel
3121 551 3715 626 ste'Culo'Christianae

2055 678 2184 714 mra}
2215 663 2422 732 quarto
2453 661 2742 718 Africana
2766 659 2922 734 plebi
2979 661 3040 716 in
3071 658 3368 734 rhythmis
3415 657 3716 732 placuisse

2055 749 2312 822 aliquam
2343 750 2673 817 verborum,
2735 753 2804 806 ut
2831 750 2916 818 ita
2965 750 3182 818 dicam,
3239 747 3713 818 consonantiam,

2056 855 2234 910 quam
2255 838 2574 896 subsecuta
2594 837 2810 896 szscula
2834 838 3276 912 amplificarunt
3293 843 3351 900 et
3369 838 3716 912 diligentius

2055 931 2430 984 exornarunt.
2464 928 2844 989 Praecesserat
2876 928 3050 987 etiam
3083 927 3544 992 Commodianus
3565 926 3717 990 mihi

2057 1034 2237 1089 supra
2269 1021 2628 1073 memoratus
2661 1017 2720 1072 in
2771 1020 3066 1091 postremo
3123 1016 3382 1084 carmine
3416 1033 3551 1088 ειιο,
3610 1017 3716 1078 ubi

2058 1105 2324 1179 singulos
2352 1122 2558 1161 versus
2589 1105 2648 1160 in
2679 1121 2710 1162 ο
2740 1105 3008 1167 desinere
3037 1105 3280 1166 sentias.

2127 1195 2634 1252 Benchorensibus
2665 1195 3238 1269 rhythmis,aliisquc
3261 1195 3476 1252 saeculo
3507 1201 3716 1253 octavo

2057 1284 2395 1356 compositis
2414 1300 2548 1339 cum
2580 1283 2819 1344 vocibus
2840 1285 3322 1352 consonantibus,
3355 1302 3504 1358 quos
3529 1301 3721 1358 nuper

2059 1371 2249 1438 retuli,
2283 1374 2433 1429 addo
2464 1372 2830 1447 epitaphium
2855 1373 3141 1434 Lantfridi
3171 1373 3404 1431 abbatis
3431 1374 3720 1431 Burensis

2057 1462 2116 1516 in
2149 1461 2435 1532 Bajouriu,
2470 1463 2626 1534 quod
2661 1462 3036 1520 Mabillonius
3061 1463 3121 1519 in
3167 1462 3466 1522 Analectis
3488 1462 3718 1537 publici

2058 1551 2203 1620 iuris
2235 1550 2384 1606 fecit.
2422 1551 2474 1606 Is
2503 1551 2699 1607 ﬂoruit
2728 1553 2836 1630 sub
2870 1552 3116 1626 Pippino
3146 1557 3205 1609 et
3236 1551 3441 1611 Carolo
3473 1553 3714 1638 Magno,

305 1639 581 1696 clausulae
612 1639 672 1696 in
701 1657 731 1696 ε
777 1640 1093 1697 desinunt:
1128 1642 1284 1714 quod
1317 1645 1375 1698 et
1409 1641 1470 1697 in
1503 1640 1632 1697 aliis
1661 1640 1952 1714 rhythmis
2064 1641 2417 1696 Francorum
2441 1641 2698 1714 regibus,
2745 1646 2802 1698 et
2829 1640 3060 1698 circiter
3088 1659 3311 1702 annum
3362 1641 3581 1704 Christi
3611 1642 3724 1702 790

309 1730 681 1785 observatum
709 1728 847 1786 vidi.
883 1729 1208 1786 Occurrunt
1235 1734 1293 1786 et
1317 1729 1582 1803 plurimae
1609 1747 1780 1786 voces
1812 1747 1952 1786 con-

309 1835 465 1875 sene
496 1819 556 1874 in
582 1835 694 1874 nas
721 1823 780 1876 et
828 1808 958 1887 οη,
991 1824 1124 1890 etc.,
1177 1837 1324 1892 quas
1371 1823 1566 1876 tamen
1599 1836 1740 1876 casu
1772 1819 1968 1892 potius
1998 1803 2045 1870 Β

2061 1728 2382 1786 excessisse
2413 1746 2443 1784 ο
2474 1729 2618 1786 vivis
2646 1731 2892 1787 videtur.

733 1945 827 2000 EN
870 1944 1230 2003 LANTFRID
1271 1944 1588 2011 DOMNVS,
1628 1943 1876 2000 PRIMIS
1915 1944 2322 2000 NATALIBV‘S
2362 1943 2616 2000 OR'l‘VS.

881 2034 1139 2090 DEBITA
1179 2033 1436 2090 SOLVIT
1474 2033 1698 2103 HUMO,
1739 2033 1900 2097 QUZE
1938 2033 2074 2090 SIBI
2113 2033 2348 2088 DEBET
2388 2033 2613 2089 HOMO.

736 2123 1015 2180 .ETATIS
1057 2123 1290 2180 FLORE
1331 2123 1580 2180 SPONSI
1618 2122 1948 2180 CURRENS
1987 2121 2061 2178 IN
2100 2121 2364 2188 ODORE,

881 2211 1221 2272 PLURIBVS
1261 2211 1660 2268 EXEMPLVM
1701 2211 2033 2268 PPuEBVIT
2076 2211 2228 2266 IPSE
2266 2209 2504 2266 BONVM
2544 2215 2653 2266 etc.

323 2344 539 2401 Eodem
571 2349 858 2404 concentu
882 2351 1133 2419 pergunt
1153 2345 1364 2418 reliqui
1395 2363 1595 2404 versus
1621 2365 1634 2403 :
1669 2347 1768 2420 qui
1801 2346 1851 2402 si
1875 2363 1960 2402 re-

319 2449 456 2490 vera
477 2439 619 2491 tunc
645 2433 805 2491 fuere
824 2435 1066 2502 conditi,
1101 2435 1185 2491 uti
1209 2435 1325 2491 veri
1338 2435 1572 2492 videtur
1584 2436 1800 2502 simile,
1831 2453 1966 2492 con-

312 2521 550 2578 firmant
569 2539 697 2594 quae
726 2521 845 2578 dixi
876 2523 947 2578 de
978 2523 1230 2594 ingeniis
1249 2523 1590 2595 hujusmodi
1604 2525 1832 2581 musica
1859 2525 1962 2580 de-

2071 2345 2451 2418 dionysianaz,
2485 2344 2714 2401 circiter
2739 2361 2808 2400 ea
2861 2348 3127 2418 tempora
3155 2343 3474 2402 fabricata.
3506 2349 3730 2405 Auctor

2072 2435 2151 2490 ibi
2187 2453 2363 2491 suum
2397 2451 2630 2490 nomem
2650 2433 3001 2506 inscriptum
3027 2431 3346 2504 voluit,hoc
3369 2436 3728 2502 est,Airadus

2072 2525 2386 2590 monachus,
2413 2521 2664 2596 geminis
2683 2520 2986 2578 versiculis
3002 2521 3382 2596 incisis,quos
3403 2525 3476 2602 ad
3499 2541 3728 2604 annum

312 2611 542 2668 lectatis
571 2611 698 2684 ipso
732 2611 944 2667 saeculo
976 2610 1190 2668 Christi
1221 2618 1444 2669 octavo.
1477 2613 1739 2670 Alterum
1771 2630 1968 2670 exem-
2071 2614 2179 2668 780
2208 2613 2404 2668 attulit
2437 2613 2586 2668 idem
2622 2610 2993 2668 Mabillonius
3025 2611 3084 2668 in
3105 2611 3430 2670 Annalibus
3450 2614 3724 2671 Benedic-

314 2700 477 2772 plum
507 2701 770 2773 praebent
797 2705 974 2772 portae
1006 2717 1164 2756 aereas
1195 2699 1446 2757 basilica
1465 2701 1812 2758 Parisiensis
1831 2707 1968 2758 San-

2078 2701 2252 2758 ctinis
2278 2719 2290 2758 :

746 2825 889 2880 HOC
929 2825 1107 2881 OPVS
1144 2825 1459 2882 AIRADVS
1499 2827 1814 2884 CAELESTI
1853 2828 2151 2884 MVNERE
2194 2827 2489 2897 FRETVS,

745 2913 1024 2970 OFFERT
1063 2914 1236 2971 ECCE
1273 2915 1438 2983 TIBI,
1480 2916 1789 2985 DIONYSI,
1834 2915 2153 2972 PECTORE
2195 2914 2374 2973 MITI.

323 3059 498 3114 Porro
531 3060 826 3130 quantum
855 3057 1240 3128 subsequenti
1270 3056 1481 3114 saeculo
1503 3075 1654 3114 nono
1673 3057 1732 3114 in
1747 3057 1972 3115 deliciis
2080 3057 2410 3114 stissimum
2433 3057 2726 3115 musivum
2759 3057 2818 3114 in
2877 3059 2997 3115 aede
3027 3075 3195 3116 sacra
3250 3063 3470 3134 sanctis
3528 3059 3728 3124 Maria:

323 3148 470 3205 foret
490 3147 646 3220 apud
677 3148 965 3219 quosdam
996 3153 1194 3220 poetas
1244 3147 1572 3219 conquisita
1619 3147 1732 3204 ista
1761 3164 1972 3204 conso-

324 3237 595 3294 nantium
651 3253 860 3293 vocum
917 3236 1224 3294 harmonia
1277 3237 1338 3292 in
1376 3236 1640 3293 texendis
1677 3237 1966 3305 versibus,

321 3327 494 3401 longe
523 3325 794 3400 pluribus
824 3325 1106 3399 exemplis
1154 3328 1458 3383 ostendere
1495 3343 1760 3399 possum.
1791 3326 1970 3383 Vetu-

2080 3147 2248 3204 Nova:
2283 3146 2476 3203 adhuc
2505 3147 2712 3202 visitur
2743 3147 2955 3216 Romae,
2989 3153 3136 3205 teste
3167 3148 3494 3230 Ciampinio
3549 3156 3729 3232 part.,

2083 3254 2143 3304 ιι,
2177 3253 2302 3310 cap.
2335 3237 2424 3304 se,
2455 3235 2644 3293 Veter.
2697 3236 3124 3294 Monumentor.
3185 3237 3270 3306 Ibi
3328 3237 3388 3294 hi
3420 3237 3538 3294 duo
3595 3255 3732 3296 ver-

2082 3343 2218 3382 SUSZ

753 3478 1000 3535 ARBOR
1036 3479 1261 3534 SACRA
1299 3478 1551 3536 CRVCIb
1592 3479 1706 3534 FlT
1745 3477 1998 3534 MVNDO
2039 3477 2302 3534 SEMITA
2340 3477 2565 3546 LVCIS,

750 3568 954 3635 QVAM
994 3568 1114 3632 QUI
1155 3567 1527 3636 PORTAVIT,
1567 3568 1704 3624 NOS
1742 3567 2088 3626 CHRISTVS
2125 3567 2221 3623 AD
2259 3569 2486 3624 ASTRA
2530 3566 2853 3624 LEVAVIT.

323 3721 418 3778 Uti
439 3720 784 3777 Anastasius
806 3718 1062 3790 tradit,ej
1074 3736 1138 3774 us
1161 3719 1360 3792 templi
1382 3718 1678 3792 simulque
1698 3722 1755 3776 et
1775 3717 1966 3792 operis
2077 3718 2320 3792 contigit
2349 3736 2502 3776 anno
2531 3717 2702 3776 Cristi
2732 3720 2858 3791 840)
2889 3719 3282 3793 compositum
3312 3718 3522 3776 fuisset
3541 3720 3731 3794 epita-

319 3808 600 3866 tessellati
624 3811 828 3864 auctor
839 3806 948 3862 fuit
969 3813 1078 3862 Leo
1101 3806 1190 3878 IV,
1217 3825 1388 3880 papa,
1421 3825 1572 3864 anno
1595 3807 1812 3864 Christi
1840 3809 1967 3876 848,

2080 3807 2310 3880 phium,
2364 3809 2493 3880 ejus
2523 3807 2752 3864 tumulo
2783 3808 3026 3865 Metensi
3081 3807 3140 3864 in
3175 3809 3315 3864 urbe
3371 3810 3734 3882 appositum,

319 3903 422 3955 aut
451 3896 722 3954 Nicolaus
753 3897 797 3968 Ι,
828 3913 980 3970 papa
1011 3897 1243 3954 circiter
1297 3914 1522 3954 annum
1574 3899 1698 3954 860.
1755 3896 1888 3962 Quae
1920 3893 1971 3954 si
2081 3897 2236 3970 quod
2267 3900 2426 3953 torno
2459 3896 2530 3967 II,
2558 3913 2692 3970 pag.
2733 3898 2861 3966 320,
2923 3896 3201 3970 Scriptor.
3258 3897 3590 3956 Francicor.
3649 3900 3732 3956 du

321 3991 482 4043 certa
509 3989 668 4066 sunt,
693 3986 818 4058 jem
848 3991 1116 4044 tenemus
1147 3986 1208 4042 in
1254 3986 1383 4060 ipsa
1427 3985 1577 4042 Urbe
1607 3987 1787 4043 ferme
1837 3992 1972 4044 ante
2081 3985 2336 4054 Chesnii,
2369 3989 2426 4042 et
2455 3985 2514 4040 in
2543 3985 2870 4042 Annalibus
2899 3985 3217 4044 cardinalis
3237 3986 3475 4068 Baronii
3497 3987 3738 4062 legitur,

325 4091 532 4132 novem
565 4073 778 4132 smeula
806 4075 866 4133 in
896 4093 1007 4132 usu
1041 4075 1222 4133 fuisse
1253 4091 1572 4132 consonam
1596 4091 1806 4132 vocum
1837 4074 1973 4131 har-

323 4161 584 4220 moniam
609 4163 670 4224 in
699 4165 984 4222 versibus.
1017 4167 1077 4223 Si
1107 4166 1312 4222 eodem
1344 4162 1577 4233 saeculo,
1629 4181 1749 4236 quo
1782 4165 1971 4221 Ludo-

2081 4074 2448 4132 luculentum
2477 4074 2726 4132 alterum
2756 4073 3111 4132 haberemus
3139 4075 3493 4135 homotonite
3525 4077 3589 4136 in
3616 4093 3737 4136 ver-

2081 4165 2248 4221 sibus
2277 4169 2418 4222 tunc
2449 4165 2732 4222 adamata:
2763 4164 3474 4230 testimonium.0uatuor
3502 4171 3738 4226 tantum

323 4253 488 4311 vicus
519 4253 659 4312 Pius
713 4256 1016 4330 Augustus
1047 4271 1078 4312 e
1125 4253 1268 4310 vivis
1322 4252 1570 4310 excessit
1601 4252 1733 4326 (hoc
1776 4258 1972 4310 autem
2081 4253 2402 4310 versiculos
2432 4253 2570 4312 inde
2600 4258 2904 4328 excerptas
2933 4255 3131 4312 otfero.

747 4379 1028 4438 IMPERII
1067 4378 1378 4448 FVLMEN,
1422 4377 1862 4435 FRANCORUM
1901 4378 2158 4434 NOBILE
2195 4377 2510 4446 CVLMEN,

891 4469 1198 4526 EXCITVS
1235 4469 1277 4523 E
1317 4467 1585 4524 SECVLO
1623 4467 1988 4524 CONDITVR
2025 4467 2168 4525 HOC
2207 4467 2524 4538 TUMVLO,

750 4558 890 4616 REX
931 4557 1349 4625 LVDOVICUS,
1389 4557 1716 4614 PIETATIS
1754 4557 2036 4614 TANTVS
2074 4557 2364 4638 AMICVS,

891 4647 1085 4716 QVOD
1124 4647 1286 4704 PIVS
1324 4651 1371 4704 A
1412 4647 1685 4704 POPVLO
1725 4647 2016 4706 DICITVR
2055 4648 2140 4704 ET
2176 4648 2461 4718 TITVLO,
2503 4651 2613 4704 etc.

321 4792 574 4867 Drogoni
595 4809 828 4866 quoque
841 4790 1276 4865 archiepiscopo
1290 4791 1828 4864 Metensi,ejusdem
1850 4791 1965 4848 Lu-
1999 4795 2044 4860 Ι)
2074 4791 2148 4848 ab
2177 4791 2380 4850 eodem
2413 4791 2494 4848 du
2523 4790 2772 4848 Chesnio
2802 4791 3228 4864 editem,cujus
3252 4806 3326 4850 en
3352 4791 3587 4864 primos
3609 4809 3742 4850 ven-

322 4882 510 4941 dovici
538 4882 625 4938 Pii
655 4882 843 4950 fratri,
875 4881 1126 4938 alterum
1155 4881 1520 4955 epitaphium
1550 4880 1808 4954 positum
1839 4881 1970 4950 fuit,

2082 4897 2222 4938 SUS:

748 5007 1112 5065 CONDITVR
1151 5007 1290 5064 HOC
1329 5007 1555 5064 BVSTO
1595 5006 1889 5063 PRHESUL
1929 5007 2174 5062 DROGO
2215 5006 2572 5063 MARMORE
2613 5004 2972 5063 SCULPTO:

889 5095 1220 5152 SPIRITVS
1250 5095 1320 5152 IN
1362 5095 1624 5164 REQVIE
1665 5095 1919 5153 L/ETVS
1958 5095 2146 5152 OVAT
2185 5095 2516 5164 ABRAHIE,
2557 5101 2665 5152 etc.

321 5242 604 5298 Praeterea
633 5239 691 5296 in
725 5239 1214 5298 Laurcshamensi
1243 5239 1598 5298 monasterio
1629 5239 1966 5313 sepulcrum
2074 5238 2315 5296 Carolus
2367 5239 2619 5312 Magnus
2648 5255 2680 5294 e
2709 5237 2854 5296 solio
2887 5236 3118 5311 dejecit,
3149 5253 3288 5295 cum
3329 5237 3493 5296 hisce
3554 5239 3740 5298 versi-

321 5331 516 5389 adhuc
571 5329 784 5387 visitur
827 5330 1150 5386 Tassilonis
1208 5329 1486 5403 Bajoaria:
1543 5329 1731 5396 ducis,
1789 5346 1965 5402 quem
2075 5331 2230 5386 bus:

887 5454 1252 5511 CONDITVR
1290 5454 1428 5510 HAC
1466 5451 1717 5520 FOVEA,
1759 5452 1958 5518 QVEM
1999 5453 2110 5509 PIE
2150 5452 2460 5509 CHRISTE
2499 5450 2655 5520 BEA,

743 5543 1036 5599 TASSILO
1076 5543 1224 5599 DVX
1265 5539 1572 5607 PRIMUM,
1613 5540 1791 5598 POST
1830 5541 1990 5608 REX,
2024 5539 2410 5598 MONACHVS
2449 5541 2582 5608 SED
2617 5541 2714 5599 AD
2756 5541 2968 5602 IMVM.

746 5631 980 5690 IDIBVS
1023 5632 1094 5690 IN
1133 5630 1398 5690 TERNIS
1436 5629 1895 5690 DECESSERAT
1932 5631 2093 5692 ILLE
2133 5629 2560 5691 DECEMBRIS.
