3896 6216
116 395 216 462 788
1392 380 1755 450 RHYTHMI
1798 380 2183 447 VETERES.
3364 379 3482 441 786

114 535 209 597 led
236 529 366 608 quia
392 525 658 587 dubitare
693 524 829 587 licet
855 540 927 585 ne
956 524 1129 600 longe
1166 522 1355 583 serius
1395 521 1576 581 additi
1608 521 1732 579 fue-
1759 522 1815 592 Α
1845 523 2110 579 membra
2135 519 2422 591 versibus,
2455 524 2762 596 postrema
2794 536 3043 596 quorum
3079 520 3311 595 syllabae
3340 521 3488 579 invi-

115 627 218 684 rint
242 619 479 681 tumulis
510 617 803 693 ejusmodi
831 613 1329 684 versus,certiora
1348 628 1731 686 apponamus.
1845 628 1971 669 cem
2028 610 2140 669 sibi
2189 612 2639 685 respondebant.
2674 609 2971 684 Evulgavit
3019 626 3169 683 szepo
3214 610 3490 668 laudatus

114 717 312 789 Gaspar
338 707 631 775 Barthius,
656 706 746 763 vir
773 704 1213 778 spectatissimis
1239 699 1605 767 eruditionis,
1630 699 1732 755 lib.
1846 700 2219 759 Mabillonius
2250 701 2311 756 in
2342 699 2668 756 Annalibus
2712 699 3111 789 Benedictinis
3150 699 3493 789 adnannum

113 787 246 863 xxxii
279 796 668 858 Adversarior.
700 793 989 851 Erint‘redi
1023 791 1294 848 monachi
1334 807 1568 847 carmen
1601 789 1734 861 rhy-
1845 794 1951 848 827
1978 808 2182 848 versus
2238 791 2297 846 in
2356 788 2759 846 vetustissimo
2801 789 2998 845 codice
3050 787 3498 846 Altivillarensis

115 892 376 950 thmicum
419 903 490 945 ex
532 902 644 941 ms.
696 883 892 940 codice
937 882 1171 956 profert.
1205 880 1310 937 Hic
1357 885 1552 936 autem
1599 880 1739 935 vicit
1846 880 2073 936 circiter
2119 897 2187 935 ea
2227 883 2490 952 tempora
2533 878 2802 950 scriptos,
2835 895 2866 933 e
2898 878 3115 951 quibus
3163 894 3290 951 qua)
3340 893 3499 935 nunc

114 996 239 1039 anno
277 979 397 1046 806,
432 980 494 1032 ut
544 976 665 1030 Vita
721 976 839 1047 ejus
894 975 1143 1028 testatur.
1176 971 1260 1027 En
1312 968 1459 1026 duas
1506 972 1736 1024 tantum
1847 970 2097 1038 aiebam,
2131 968 2329 1024 leviori
2361 968 2591 1042 negotio
2624 966 2915 1040 intelliges
2949 984 2962 1023 :

113 1070 254 1127 illius
282 1063 560 1125 carminis
590 1062 861 1136 strephas
896 1079 909 1117 :

550 1152 848 1209 Felicitatis
878 1151 1067 1223 regula

479 1242 589 1298 Hac
617 1238 727 1313 fine
752 1256 962 1313 semper
988 1238 1249 1296 constitit.

480 1331 559 1387 A'd
584 1336 787 1404 puncta
815 1347 940 1385 cum
966 1329 1116 1385 venit
1142 1344 1263 1396 sua,

480 1423 541 1477 In
570 1436 627 1476 se
655 1421 837 1476 voluta
861 1419 1087 1475 corruit.

413 1511 762 1582 Quaecunque
791 1510 904 1565 vita
927 1508 1158 1580 protulit

483 1598 771 1668 Ambigua,
806 1597 952 1665 lazta,
981 1598 1183 1653 tristia.

484 1689 808 1761 Quocunque
836 1703 892 1744 se
920 1703 1039 1759 spes
1068 1686 1269 1743 extulit

484 1776 682 1843 Inﬁda,
711 1776 873 1845 dura,
907 1777 1152 1844 credula,
1186 1779 1294 1831 etc.

106 1871 201 1930 Sed
231 1866 524 1944 precipue
548 1864 760 1923 saeculo
786 1864 886 1921 illo
908 1882 974 1921 ac
995 1865 1226 1920 duobus
1248 1863 1744 1936 subsequentibus

108 1959 293 2019 inuitis
319 1971 480 2015 cura
502 1955 615 2012 fuit
643 1955 703 2011 in
731 1953 983 2027 singulis
1004 1953 1274 2010 versibus
1295 1956 1641 2009 concentum
1661 1969 1753 2008 vo-

1776 1908 1826 1974 B

1918 1105 2046 1172 Ebo,
2083 1105 2335 1160 Remense
2360 1102 2539 1172 decus,
2566 1103 2791 1175 praesul,
2818 1107 3113 1175 pastorque
3141 1118 3417 1170 coruscus,

1921 1197 2111 1250 Doctor
2137 1194 2502 1264 evangelicus,
2529 1193 2781 1265 praecelsi
2810 1193 2968 1263 Regis
2992 1194 3223 1260 amicus,

1920 1286 2075 1339 Hunc
2104 1284 2164 1337 in
2192 1298 2375 1339 amore
2402 1283 2518 1349 Dei,
2550 1284 2807 1354 Patrique
2835 1283 2896 1337 in
2925 1282 3124 1338 honore
3157 1282 3319 1350 beati,

1920 1373 2147 1429 Librum
2166 1373 2335 1444 jussit
2363 1373 2474 1442 agi,
2513 1371 2710 1443 plenus
2738 1373 3058 1444 spiraminis
3087 1369 3216 1440 alti,
3248 1374 3356 1427 etc.

1853 1508 1954 1563 Hic
1983 1509 2188 1579 praeter
2217 1508 2510 1562 commata
2536 1522 2742 1561 versus
2789 1507 3196 1578 cujuscunque
3227 1522 3503 1572 consona,

1852 1596 2027 1651 etiam
2071 1594 2206 1651 ﬁnis
2250 1595 2427 1650 unius
2457 1611 2662 1650 versus
2710 1597 2993 1650 consonat
3022 1610 3155 1650 cum
3203 1595 3317 1650 fine
3370 1593 3507 1650 alte-

1853 1685 1999 1755 rius,
2034 1685 2208 1740 unica
2264 1689 2461 1740 tamen
2523 1683 2764 1756 syllaba.
2799 1683 2887 1739 Ita
2923 1683 2983 1739 in
3036 1683 3262 1739 musivo
3316 1682 3508 1739 adhuc

1855 1775 2169 1847 superstite
2186 1772 2444 1829 Basilicze
2462 1773 2859 1829 Ambrosianus
2877 1772 3510 1845 Mediolanensis,quod

1853 1863 2082 1920 circiter
2140 1880 2359 1919 annum
2417 1864 2524 1918 835
2592 1863 2980 1935 compositum
3052 1861 3265 1935 fuisse,
3325 1877 3514 1934 neque

1861 1953 2175 2021 immerito,
2212 1952 2555 2010 Puricellius
2586 1957 2804 2023 censet,
2839 1952 3219 2011 tetrastichon
3250 1952 3410 2010 istud
3441 1951 3518 2008 le-

107 2064 225 2107 cum
252 2045 543 2106 similium
566 2044 849 2113 inserere,
869 2042 1075 2099 divisis
1098 2042 1530 2115 quodammodo
1553 2042 1612 2098 in
1637 2042 1752 2098 duo
1862 2042 2019 2115 gitur
2050 2060 2063 2097 :

598 2184 974 2243 MARTINVS
1015 2184 1367 2253 MORITVR,
1410 2184 1541 2241 SED
1580 2184 1767 2239 VIT/E
1805 2183 1998 2240 DONA
2035 2183 2386 2241 MERETVR
2420 2203 2433 2241 :

743 2273 1153 2331 TRISTATUR
1191 2273 1509 2342 MVNDVS,
1551 2273 2086 2337 ADJUBILATQUE
2125 2273 2368 2329 POLVS.

598 2361 797 2421 MORS
836 2365 975 2421 SVA
1013 2363 1233 2423 DIGNA
1273 2363 1462 2419 ΒΟΝΟ
1503 2362 1791 2419 FERTVR
1829 2362 2251 2418 CELEBRATA
2288 2361 2647 2428 PATRONO,

743 2453 1075 2510 SPIRITVS
1114 2452 1453 2509 AMBROSII
1491 2452 1649 2508 DVM
1692 2450 2138 2509 FAMULATVR
2178 2451 2292 2506 IBI.

104 2571 331 2629 Milonis
371 2585 607 2644 quoque
661 2567 1010 2626 Elnonensis
1041 2568 1314 2625 monachi
1370 2586 1574 2625 versus
1636 2569 1762 2641 pari

105 2664 389 2718 concentu
420 2657 752 2716 elaboratos
801 2672 953 2713 anno
1002 2656 1216 2714 Christi
1249 2659 1357 2714 855
1385 2658 1560 2714 refert
1607 2658 1760 2715 idem

106 2748 486 2808 Mabilldnius
515 2746 575 2803 in
624 2746 948 2805 Annalibus
980 2746 1371 2804 Benedictinis
1421 2748 1492 2803 ad
1541 2766 1761 2805 annum

105 2841 227 2897 872.
262 2838 417 2894 Vide
465 2837 643 2897 etiam
691 2836 974 2893 formulas
997 2852 1093 2893 xw
1118 2841 1175 2893 et
1216 2855 1290 2893 xv
1336 2839 1477 2893 tomi
1509 2842 1561 2893 II
1592 2839 1763 2911 Capi-

107 2928 279 2986 tuiar.
323 2924 574 2994 Baluzii,
615 2939 748 2997 pag.
769 2926 894 2981 565.
928 2925 1052 2981 Non
1083 2943 1163 2982 ea:
1195 2927 1433 3000 quidem
1483 2933 1622 2984 sunt
1651 2929 1764 2984 for-

106 3016 307 3083 mulas,
322 3013 434 3070 sed
456 3012 714 3086 rhythmi
734 3014 872 3082 duo,
887 3030 1179 3071 summam
1198 3016 1528 3072 barbariem
1549 3016 1769 3090 spiran-

102 3109 217 3176 tes,
262 3106 471 3174 atque,
502 3105 570 3157 ut
616 3101 841 3176 opinor,
873 3104 944 3158 ab
968 3102 1219 3160 indoctis
1246 3105 1503 3162 librariis
1552 3106 1768 3161 mirum

103 3193 171 3249 in
194 3190 459 3249 modum
506 3184 835 3244 deformati.
868 3189 1082 3262 [Supra
1126 3208 1261 3248 vero
1318 3193 1770 3249 commemoravi

104 3282 442 3339 Notkerum
486 3275 819 3346 Balbulum,
852 3278 1200 3335 coanobitam
1244 3280 1440 3336 Sancti
1470 3280 1636 3350 Galli,
1672 3282 1771 3354 qui

105 3371 212 3428 sub
245 3370 441 3426 ﬁnem
468 3366 664 3425 stabuli
713 3367 875 3434 noni,
909 3372 1085 3441 atque
1131 3368 1366 3424 initium
1414 3369 1648 3439 decimi,
1682 3370 1771 3426 Se-

102 3456 719 3534 quentia'rumlibrum
750 3455 952 3525 edidit,
980 3458 1054 3513 ab
1084 3458 1343 3531 antiquis
1370 3457 1696 3526 laudatum,
1721 3463 1777 3515 et

109 3548 409 3607 aclarise.
452 3547 576 3604 viro
629 3546 690 3602 P.
740 3546 906 3603 Pezio
956 3551 1107 3619 part.
1157 3548 1348 3620 prima
1402 3547 1546 3604 tomi
1601 3547 1772 3620 primi

107 3639 404 3697 Thesaur.
446 3637 790 3693 Anecdotor.
844 3635 1149 3692 novissim.
1183 3636 1424 3693 editum.
1471 3637 1777 3709 Ejusmodi
1809 3640 1852 3705 C

2155 2568 2344 2623 Sancti
2364 2570 2559 2623 merita

2231 2656 2505 2714 Benedicti
2535 2658 2644 2713 incl
2649 2661 2755 2729 yta'

2235 2747 2487 2803 Verendaz
2520 2748 2847 2813 sanctitatis,

2230 2841 2306 2893 Ac
2334 2836 2723 2893 monachorum
2742 2836 3029 2908 praesulis,

2234 2928 2340 2983 Pro
2365 2942 2519 2998 posse

2232 3015 2402 3087 Atque
2428 3031 2603 3071 nosse.

2236 3105 2455 3173 Organa
2482 3106 2671 3159 nostra
2693 3108 3030 3177 concrepent.

2165 3194 2365 3248 Nursia
2399 3193 2539 3261 felix

2239 3282 2380 3336 Tulit
2409 3288 2599 3335 natum
2628 3281 2874 3349 genitrix
2901 3298 2921 3336 :

2238 3371 2469 3425 Domina
2498 3369 2694 3425 mundi
2722 3372 2889 3426 Roma
2915 3371 3051 3441 fovit
3077 3367 3294 3425 alitrix.

2236 3461 2338 3514 Hic
2366 3474 2498 3532 ergo
2524 3466 2837 3530 praeventus
2867 3460 3066 3531 optimo

2243 3548 2428 3604 Sancti
2459 3548 2698 3621 Spiritus
2727 3549 2888 3618 dono,
2920 3553 3028 3604 etc.

115 3729 430 3803 Sequentiw
462 3728 632 3799 (quas
673 3726 922 3798 hymnos
969 3725 1165 3798 potius
1196 3725 1489 3798 appellare
1535 3726 1782 3799 placeat)
1890 3730 2054 3783 Anno
2085 3728 2191 3782 812
2221 3728 2399 3784 finem
2438 3728 2670 3784 vivendi
2703 3728 2838 3787 fecit
2867 3729 3022 3791 idem
3053 3724 3546 3800 Notkerus,cujus

115 3816 463 3892 rhythmica-
487 3814 724 3871 licentia
753 3815 1089 3887 compositae
1128 3818 1279 3871 sunt
1312 3816 1423 3872 sub
1453 3816 1630 3871 variis
1661 3833 1781 3871 me-

119 3907 246 3964 tris.
277 3907 485 3964 Unam
512 3918 582 3961 ex
610 3901 684 3959 iis
715 3902 894 3976 seligo
927 3918 940 3959 :

1893 3816 2256 3888 epitaphium
2290 3818 2599 3873 metricum
2646 3817 2979 3874 Mabillonio
3023 3818 3306 3874 debemus
3334 3816 3395 3872 in
3426 3818 3549 3873 An-

1897 3904 2130 3961 nalibus
2162 3907 2556 3964 Benedictinis
2587 3907 2813 3965 editum
2844 3906 2938 3965 his
2967 3907 3159 3964 verbis
3193 3924 3207 3965 :

632 4043 813 4100 ECCE
852 4044 1081 4101 DECVS
1119 4046 1420 4113 PATRI/E,
1462 4047 1866 4115 NOTKERVS,
1909 4047 2159 4104 DOGMA
2197 4049 2492 4116 SOPHLE,

807 4134 906 4189 VT
945 4134 1317 4201 MORTALIS
1355 4137 1580 4204 HOMO,
1620 4137 1986 4195 CONDITVR
2025 4138 2166 4195 HOC
2205 4139 2508 4195 TVMVLO

633 4221 871 4279 IDIBVS
911 4222 1217 4280 OCTONIS
1257 4225 1375 4281 HIC
1415 4226 1650 4283 CARNE
1690 4227 2013 4283 SOLVTVS
2052 4228 2352 4295 APRILIS,

812 4311 1062 4368 COELIS
1103 4312 1521 4384 INVEHITVH,
1560 4316 1888 4373 CARMINE
1927 4317 2365 4373 SVSCIPITVR.

187 4447 373 4505 Plura
404 4445 703 4519 ejusmodi
743 4444 949 4500 nullus
991 4446 1192 4502 dubito
1223 4446 1366 4519 quin
1415 4448 1791 4517 haberemus,

1902 4451 2118 4507 Eodem
2150 4450 2353 4507 ordine
2383 4452 2831 4508 consonantium
2862 4467 3070 4507 vocum
3112 4449 3435 4523 procedunt
3466 4467 3553 4505 rc-

121 4534 348 4613 scrip'ta
368 4537 553 4609 longe
574 4534 751 4591 etiam
774 4538 908 4590 ante
927 4535 1267 4604 Notkerum,
1293 4535 1405 4592 nisi
1425 4540 1792 4611 tempus,cui
1903 4539 2067 4611 liqui.
2093 4540 2242 4595 Sunt
2272 4540 2350 4595 ibi
2383 4545 2442 4595 et
2471 4540 2567 4596 alii
2598 4540 2822 4613 hymni,
2848 4539 3078 4612 aliaque
3104 4541 3374 4612 poemata
3404 4555 3558 4594 eam-

118 4632 205 4685 tot
253 4627 531 4701 pretiosa
579 4624 959 4693 succubuere,
991 4624 1141 4681 levia
1187 4625 1306 4683 haec
1348 4638 1580 4700 quoqtie
1625 4629 1794 4684 nobis
1904 4629 2037 4684 dem
2080 4630 2388 4685 verborum
2443 4634 2731 4685 texturam
2782 4628 3166 4702 praeferentia,
3201 4630 3304 4683 aut
3350 4627 3554 4683 eodem

120 4717 469 4774 invidisset:
494 4713 688 4770 Unum
719 4712 863 4769 illud
896 4713 1311 4772 San-Gallense
1342 4717 1673 4773 coenobium
1705 4735 1794 4774 ce-

118 4805 545 4871 leberrimum,
577 4802 635 4858 in
685 4819 802 4875 quo
840 4801 1130 4861 Notkerus
1159 4804 1318 4874 vixit,
1359 4804 1475 4863 alia
1520 4808 1796 4881 suppedi-

118 4901 244 4953 tare
272 4895 377 4951 hic
409 4895 612 4967 potest
641 4892 714 4947 ab
758 4891 1005 4948 Henrico
1036 4892 1262 4950 Canisio
1293 4895 1467 4964 edita,
1492 4913 1558 4952 ac
1589 4897 1798 4953 deinde

117 4984 179 5042 in
222 4980 665 5041 Blhliothecam
712 4980 949 5037 Patrum
998 4981 1179 5039 illata.
1215 4983 1333 5040 Illic
1383 4984 1667 5059 hymnum
1717 4986 1799 5043 le-

120 5082 227 5148 gas
263 5074 357 5130 ab‘
396 5071 766 5128 Hartman‘no
817 5071 1103 5127 monacho
1161 5075 1550 5147 compositum
1580 5076 1802 5146 (ﬂoruit

119 5164 220 5220 ille
252 5158 510 5221 circiter
548 5176 768 5215 annum
800 5156 926 5231 870)
958 5162 1128 5233 cujus
1175 5162 1233 5218 hi
1284 5168 1423 5221 sunt
1468 5166 1641 5239 primi
1673 5184 1799 5223 ver-

125 5262 277 5311 sua:

549 5428 683 5484 Cum
710 5422 873 5485 natus
901 5431 1033 5485 esset
1061 5431 1341 5501 Dominus,

616 5519 886 5575 Turbatur
909 5534 1009 5576 rex
1036 5519 1346 5579 incredulus

620 5606 762 5679 Magi
790 5609 1037 5665 tulerunt
1066 5626 1318 5678 munera,

623 5697 762 5766 Quos
793 5700 955 5756 stella
982 5699 1144 5756 duxit
1164 5704 1394 5773 praevia.

1907 4716 2117 4773 saeculo
2167 4734 2223 4771 1x
2271 4720 2371 4772 aut
2400 4735 2433 4772 x
2465 4719 2817 4790 composita;
2849 4717 2932 4773 ita
2980 4722 3045 4773 ut
3091 4718 3219 4788 jam
3278 4715 3555 4786 abundet,

1908 4806 2062 4862 unde
2110 4822 2312 4862 eorum
2353 4806 2549 4878 Opinio
2593 4805 2746 4863 male
2784 4810 3030 4862 consuta
3070 4804 3243 4862 nobis
3269 4803 3557 4875 videatur,

1909 4894 2009 4968 qui
2041 4896 2139 4951 ubi
2188 4894 2410 4967 aliquid
2462 4894 2701 4951 Leonini
2749 4899 3067 4952 concentus
3115 4894 3384 4962 audiunt,
3415 4894 3559 4951 illud

1909 4986 2185 5041 continuo
2218 4984 2286 5039 ad
2341 4983 2620 5041 saeculum
2652 5002 2707 5040 x1
2739 4988 2796 5041 et
2826 4984 3247 5058 subsequentia
3274 4983 3564 5059 pertinere

1911 5074 2021 5130 sibi
2057 5074 2464 5147 persuadeant.
2497 5073 2690 5130 Edidit
2735 5091 2967 5148 quoque
3008 5075 3277 5133 Canisius
3328 5090 3564 5131 carmen

1911 5162 2242 5220 Salomonis
2294 5163 2551 5236 episcopi
2600 5164 3088 5234 Constantiensis,
3138 5166 3241 5239 qui
3299 5165 3566 5221 currente

1915 5270 2066 5309 anno
2095 5255 2202 5309 895
2234 5253 2493 5309 ﬂorebat.

1988 5436 2205 5490 Eximie
2233 5436 2479 5502 antistes,
2512 5434 2609 5491 has
2638 5436 2839 5505 accipe,
2872 5433 3041 5502 Dado,
3074 5433 3298 5497 salutes,

2062 5525 2405 5595 Conscriptas
2434 5524 2586 5580 tristi
2613 5540 2649 5578 α
2672 5523 2963 5580 Salomone
2992 5520 3111 5588 tibi,
3138 5521 3238 5577 etc.

1931 5704 1993 5760 In
2028 5700 2270 5774 reliquis
2297 5701 2453 5758 idem
2483 5704 2573 5756 est
2601 5698 2937 5755 artiﬁcium.
2964 5697 3131 5755 Hisce
3154 5696 3338 5768 junge
3370 5686 3574 5748 inscri-
