3896 6216
300 349 419 408 ’783

305 569 620 638 confectos,
647 575 712 627 ut
740 571 810 627 ab
855 573 1126 643 imperitis
1155 575 1316 645 atque
1369 573 1553 630 idiotis
1602 575 1946 628 canerentur.

311 657 376 714 In
407 675 542 714 eum
575 675 810 733 quoque
841 662 1018 718 finem
1079 661 1385 734 compositi
1437 661 1616 727 fuere,
1649 661 1746 732 qui
1808 659 1950 714 mihi

309 764 498 820 nuper
523 751 832 828 memorati
861 753 1000 806 sunt
1028 749 1093 806 de
1121 751 1373 806 laudibus
1401 749 1711 817 Mediolani,
1741 748 1807 804 de
1847 752 1951 804 Lu-

306 837 490 894 dovico
519 840 570 895 II
597 841 706 895 etc.
763 839 941 896 Erant
971 839 1126 896 enim
1157 839 1229 895 iis
1281 855 1512 912 quoque
1563 837 1948 910 temporibus,

309 925 511 998 quales
547 928 785 999 nostris,
841 928 943 1000 qui
993 928 1254 984 carmina
1305 929 1492 996 rudia,
1542 943 1608 982 ac
1667 925 1952 999 praecipue

305 1013 611 1088 rhythmos
642 1019 744 1073 aut
771 1015 962 1072 solatii
993 1033 1170 1072 causa
1199 1017 1378 1086 domi,
1411 1020 1512 1072 aut
1536 1015 1596 1071 in
1620 1015 1829 1088 plateis
1851 1033 1950 1088 po-

305 1102 444 1175 pulo
476 1108 823 1178 congregato
855 1103 1002 1160 lucri
1035 1105 1276 1162 obtentu
1306 1105 1614 1162 canebant.
1648 1104 1950 1176 Ejusmodi

307 1193 630 1250 cantilenas
659 1193 868 1250 saltem
895 1194 1202 1251 semidocti
1221 1193 1629 1268 intelligebant
1652 1213 1664 1250 :
1690 1194 1951 1250 nondum

307 1281 464 1336 enim
499 1277 815 1354 quisquam
844 1299 1025 1340 ausus
1039 1285 1228 1340 fuerat
1249 1281 1471 1356 vulgari
1487 1299 1754 1340 sermone
1777 1283 1862 1338 uti
1881 1283 1951 1338 ad

305 1371 568 1426 carmina
596 1375 697 1428 aut
726 1372 800 1428 ad
831 1372 1136 1446 rhythmos
1162 1391 1175 1442 ;
1211 1377 1312 1429 aut
1337 1372 1386 1429 si
1417 1373 1750 1440 utebantur,
1783 1389 1853 1428 ex
1879 1371 1952 1427 iis

307 1476 378 1516 ne
413 1461 808 1534 fragmentum
839 1461 1076 1534 quidem
1104 1463 1177 1518 ad
1209 1479 1312 1518 nos
1347 1461 1626 1535 pervenit.
1662 1461 1851 1518 Redeo
1881 1461 1952 1516 ad

307 1549 606 1622 psalmum
635 1551 1148 1624 Augustinianum.
1173 1551 1256 1606 Ibi
1280 1551 1648 1623 singulorum
1679 1567 1953 1607 versuum

309 1638 586 1694 clausulae
617 1639 677 1695 in
706 1657 736 1695 θ
781 1639 1098 1697 desinunt:
1133 1641 1289 1712 quod
1322 1643 1380 1696 et
1415 1639 1474 1696 in
1508 1639 1638 1696 aliis
1667 1639 1956 1712 rhythmis

313 1729 685 1785 observatum
715 1728 852 1785 vidi.
887 1729 1212 1786 Occurrunt
1240 1733 1298 1785 et
1322 1727 1588 1802 plurimae
1615 1746 1784 1785 voces
1817 1745 1956 1785 con-

314 1835 470 1874 sonae
503 1818 562 1873 in
587 1834 700 1874 ann
727 1822 786 1875 et
833 1807 964 1886 one,
996 1823 1129 1888 etc.,
1181 1836 1328 1891 quas
1374 1822 1571 1876 tamen
1605 1835 1744 1875 casu
1777 1818 1972 1890 potius
2002 1803 2049 1868 B

1041 350 1228 412 S/EC.
1275 351 1358 410 ΧΙ
1401 351 1629 412 AUCT.
1678 349 1993 411 INCERTI
2037 349 2224 410 ΑΝΝΙ
2269 349 2370 410 ET
2411 345 2710 410 SCRIPT.
2759 353 2982 408 ’AAEEH.

303 498 372 536 ex
401 497 582 554 supra
609 479 800 538 allatis
832 481 1026 539 verbis
1055 480 1443 556 intelligimus
1473 482 1776 556 rhythmos
1805 481 1944 538 olim
1974 482 2028 550 Α
2059 497 2235 553 quam
2269 485 2422 536 certo
2453 482 2780 553 quaerendae
2809 480 3098 554 ejusmodi
3128 477 3434 556 euphonia:
3469 478 3718 536 concilio
3841 521 3843 528 ι

3589 343 3716 406 ’184

2065 569 2274 626 coiisse
2305 573 2467 642 puto.
2494 569 2712 626 Saltem
2745 573 2977 627 constat
3003 569 3092 626 vel
3125 557 3347 626 saeculo
3367 565 3720 626 Christianae

2059 678 2189 714 ocra;
2219 661 2427 731 quarto
2458 659 2746 717 Africana
2771 658 2925 733 plebi
2982 659 3044 715 in
3075 657 3374 733 rhythmis
3419 657 3719 732 placuisse

2061 748 2316 820 aliquam
2347 749 2678 816 verborum,
2739 753 2808 804 ut
2835 749 2920 806 ita
2969 749 3186 817 dicam,
3243 747 3716 817 consonantiam,

2061 854 2240 910 quam
2260 837 2579 895 subsecuta
2598 837 2814 895 saecula
2838 838 3280 912 ampliﬁcarunt
3297 841 3356 898 et
3374 837 3720 912 diligentius

2059 930 2434 982 exornarunt.
2468 927 2850 988 Praecesserat
2880 927 3054 984 etiam
3087 926 3548 993 Commodianus
3568 925 3721 988 mihi

2061 1033 2242 1088 supra
2274 1020 2632 1072 memoratus
2665 1016 2723 1071 in
2775 1019 3071 1090 postremo
3128 1015 3387 1080 carmine
3421 1032 3556 1087 suo,
3615 1015 3720 1078 ubi

2062 1103 2328 1178 singulos
2357 1121 2562 1160 versus
2594 1104 2652 1160 in
2683 1121 2714 1162 ο
2745 1105 3012 1166 desinere
3041 1105 3284 1167 sentias.

2132 1193 2638 1250 Benchorensibus
2669 1193 3242 1268 rhythmis,aliisque
3266 1194 3480 1251 saeculo
3511 1197 3721 1251 octavo

2061 1283 2400 1356 compositis
2419 1299 2554 1338 cum
2584 1283 2824 1342 vocibus
2844 1283 3327 1351 consonantibus,
3359 1301 3506 1357 quos
3532 1299 3724 1357 nuper

2063 1371 2254 1438 retuli,
2287 1372 2438 1427 addo
2469 1371 2834 1446 epitaphium
2860 1372 3145 1433 Lantt‘ridi
3175 1371 3408 1430 abbatis
3435 1373 3723 1430 Burensis

2062 1461 2121 1515 in
2153 1460 2440 1532 Bajoaria,
2475 1462 2630 1533 quod
2665 1461 3040 1519 Mabillonius
3065 1463 3125 1518 in
3171 1461 3470 1522 Analectis
3491 1461 3721 1536 publici

2062 1551 2208 1620 iuris
2241 1549 2389 1604 fecit.
2426 1550 2479 1604 Is
2508 1549 2704 1606 ﬂoruit
2732 1551 2840 1629 sub
2875 1551 3120 1625 Pippino
3151 1556 3210 1608 et
3241 1549 3445 1609 Carolo
3477 1551 3717 1636 Magno,

2069 1639 2421 1695 Francorum
2447 1640 2702 1712 regibus,
2749 1645 2806 1696 et
2834 1639 3064 1696 circiter
3093 1657 3316 1700 annum
3367 1639 3586 1704 Christi
3615 1641 3726 1699 79.0

2066 1727 2386 1784 excessisse
2417 1745 2448 1784 e
2479 1727 2622 1785 vivis
2650 1728 2896 1786 videtur.
3527 1719 3531 1724 ’

739 1943 832 1998 ΕΝ
874 1943 1234 2002 LANTFRID
1275 1943 1592 2012 DOMNVS,
1633 1942 1881 1999 PRIMIS
1919 1943 2326 1998 NATALIBVS
2367 1942 2620 1998 ORTVS.

885 2033 1145 2090 DEBITA
1183 2033 1441 2090 SOLVIT
1479 2032 1703 2102 HUMO,
1744 2032 1905 2096 QUAE
1943 2031 2077 2089 SIBI
2117 2031 2352 2088 DEBET
2392 2031 2618 2088 HOMO.

740 2122 1020 2180 .ETATIS
1061 2122 1294 2179 FLORE
1335 2121 1584 2179 SPONSI
1622 2121 1952 2178 CURRENS
1992 2121 2064 2176 IN
2105 2119 2368 2188 ODORE,

886 2209 1225 2270 PLURIBVS
1266 2211 1666 2267 EXEMPLVM
1707 2210 2038 2266 ΡΡιίΕΒνιΤ
2081 2209 2233 2264 IPSE
2270 2209 2369 2265 ΒΟ]

2099 2209 2233 2264 ΡΞΕ
2270 2209 2509 2265 BONVM
2549 2215 2658 2264 etc.

327 2344 544 2400 Eodem
577 2348 862 2404 concentu
887 2349 1138 2418 pergunt
1157 2343 1369 2417 reliqui
1399 2362 1600 2402 versus
1625 2363 1639 2402 :
1673 2346 1774 2418 qui
1805 2345 1855 2401 si
1880 2362 1966 2402 re-

325 2449 461 2490 vera
483 2438 624 2490 tunc
650 2433 810 2490 fuere
829 2433 1072 2501 conditi,
1105 2435 1190 2490 uti
1214 2434 1329 2490 veri
1343 2434 1577 2491 videtur
1589 2435 1806 2502 simile,
1836 2452 1971 2491 con-

316 2520 555 2576 firmant
573 2538 702 2593 quae
731 2521 848 2576 dixi
881 2521 952 2576 de
982 2521 1234 2594 ingeniis
1254 2522 1838 2594 hujusmodimusica
1864 2524 1966 2580 de-

318 2609 546 2667 lectatis
577 2610 704 2682 ipso
737 2611 949 2666 saeculo
981 2610 1194 2667 Christi
1225 2617 1448 2668 octavo.
1481 2611 1744 2668 Alterum
1775 2629 1972 2668 exem-

319 2699 482 2770 plum
513 2699 774 2772 prtebent
802 2704 979 2771 portae
1011 2717 1168 2756 arcte
1201 2699 1452 2756 basilicae
1469 2701 1818 2758 Parisiensis
1835 2706 1972 2757 San-

2076 2343 2456 2416 dionysianae,
2489 2343 2718 2400 circiter
2743 2360 2812 2399 ea
2866 2347 3131 2416 tempora
3159 2343 3478 2400 fabricatae.
3509 2346 3734 2403 Auctor

2076 2435 2156 2489 ibi
2193 2451 2368 2490 suum
2401 2449 2635 2489 nomcm
2655 2431 3006 2505 inscriptum
3031 2431 3349 2502 voluit,hoc
3372 2435 3734 2501 est,Airadus

2076 2523 2390 2590 monachus,
2417 2521 2668 2595 geminis
2686 2519 2990 2578 versiculis
3006 2521 3386 2596 incisis,quos
3407 2524 3480 2600 ad
3503 2541 3734 2604 annum

2076 2613 2184 2667 780
2213 2611 2408 2668 attulit
2441 2612 2590 2666 idem
2625 2609 2997 2667 Mabillonius
3028 2610 3088 2666 in
3109 2610 3434 2668 Annalibus
3453 2613 3730 2670 Benedic-

2083 2700 2256 2757 ctinis
2283 2719 2295 2756 :

751 2823 894 2880 HOC
933 2823 1112 2880 OPVS
1149 2825 1464 2882 AIRADVS
1503 2826 1820 2882 CrELESTI
1859 2827 2155 2883 MVNERE
2197 2825 2493 2895 FRETVS,

749 2912 1029 2970 OFFERT
1070 2913 1240 2970 ECCE
1277 2914 1443 2982 TIBI,
1484 2915 1794 2985 DIONYSI,
1837 2914 2158 2971 PECTORE
2199 2913 2378 2972 MITI.

328 3057 503 3114 Porro
536 3059 830 3128 quantum
861 3055 1244 3127 subsequenti
1275 3055 1486 3112 saeculo
1507 3074 1658 3113 nono
1677 3056 1737 3112 in
1751 3056 1977 3114 deliciis
2085 3055 2415 3112 stissimum
2438 3057 2732 3114 musivum
2763 3056 2822 3113 in
2881 3059 3002 3114 aede
3032 3074 3200 3116 sacra
3255 3061 3471 3128 sanctae
3530 3059 3738 3124 Maria

328 3146 475 3204 foret
496 3145 651 3219 apud
683 3147 970 3218 quosdam
1001 3151 1200 3218 poetas
1249 3145 1577 3218 conquisita
1623 3147 1737 3202 ista
1765 3163 1976 3204 conso-

330 3236 600 3292 nantium
655 3251 864 3292 vocum
922 3235 1230 3293 harmonia
1283 3236 1342 3291 in
1382 3235 1644 3292 texendis
1683 3235 1970 3304 versibus,

327 3325 499 3399 longe
527 3323 799 3399 pluribus
829 3324 1111 3398 exemplis
1159 3327 1464 3382 ostendere
1499 3341 1764 3398 possum.
1796 3324 1975 3382 Vetu-

2085 3146 2252 3202 Nova':
2287 3145 2480 3202 adhuc
2509 3146 2717 3202 visitur
2747 3146 2960 3216 Romae,
2995 3151 3141 3204 teste
3172 3147 3498 3222 Ciampinio
3553 3155 3738 3228 part.,

2086 3253 2148 3303 II,
2181 3252 2307 3308 cap.
2339 3236 2428 3302 28,
2461 3235 2648 3292 Veter.
2703 3235 3129 3293 Monumentor.
3190 3236 3274 3306 Ibi
3332 3236 3392 3293 hi
3425 3237 3541 3294 duo
3603 3254 3740 3295 ver-

2087 3342 2224 3382 SUSZ

759 3477 1005 3534 ARBOR
1041 3477 1267 3533 SACRA
1304 3476 1556 3534 CRVCIS
1597 3477 1710 3547 FIT
1751 3475 2004 3533 MVNDO
2043 3476 2307 3534 SEMITA
2345 3475 2570 3546 LVCIS,

755 3566 960 3632 QVAM
999 3566 1119 3631 QUI
1160 3565 1532 3633 PORTAVIT,
1571 3566 1710 3622 NOS
1747 3566 2094 3624 CHRISTYS
2130 3567 2226 3622 AD
2263 3567 2490 3623 ASTRA
2534 3565 2858 3624 LEVAVIT.

329 3719 424 3776 Uti
444 3719 790 3776 Anastasius
812 3717 1066 3788 tradit,ej
1079 3735 1143 3772 us
1167 3717 1364 3790 templi
1387 3717 1683 3791 simulque
1703 3722 1760 3775 et
1779 3716 1971 3791 cperis

325 3807 606 3865 tessellati
629 3811 833 3862 auctor
844 3804 954 3861 fuit
973 3811 1083 3862 Leo
1105 3805 1196 3875 IV,
1221 3823 1394 3879 papa,
1425 3825 1577 3863 anno
1601 3807 1816 3864 Christi
1845 3807 1972 3876 848,

325 3901 428 3954 aut
455 3895 728 3954 Nicolaus
759 3895 802 3966 I,
835 3911 985 3968 papa
1017 3896 1248 3952 circiter
1303 3913 1526 3953 annum
1580 3897 1702 3952 860.
1759 3895 1892 3962 Quae
1925 3891 1976 3952 si

326 3989 486 4042 certa
515 3989 672 4064 sunt,
698 3985 822 4056 jem
853 3989 1122 4042 tenemus
1153 3985 1214 4041 in
1260 3985 1389 4058 ipsa
1432 3984 1582 4042 Urbe
1613 3986 1793 4042 ferme
1841 3990 1978 4042 ante

331 4089 537 4130 novem
571 4071 784 4130 saecula
812 4074 870 4132 in
901 4091 1012 4132 usu
1047 4073 1228 4132 fuisse
1259 4090 1576 4130 consonam
1601 4091 1811 4130 vocum
1842 4073 1978 4130 har-

330 4165 589 4220 moniam
613 4161 674 4222 in
704 4164 989 4221 versibus.
1023 4167 1082 4222 Si
1113 4165 1317 4222 eodem
1349 4161 1582 4232 saeculo,
1634 4179 1754 4234 quo
1787 4164 1975 4220 Ludo-

328 4251 493 4310 vicus
525 4253 664 4310 Pius
719 4255 1021 4328 Augustus
1051 4270 1082 4310 e
1129 4252 1274 4310 vivis
1327 4251 1575 4308 excessit
1605 4251 1737 4326 (hoc
1781 4257 1977 4309 autem

2082 3717 2325 3792 contigit
2353 3735 2507 3774 anno
2535 3715 2706 3774 Cristi
2737 3719 2862 3790 840)
2893 3717 3288 3792 compositum
3318 3717 3526 3776 fuisset
3543 3719 3738 3794 epita-

2085 3806 2314 3878 phium,
2369 3808 2498 3879 ejus
2528 3806 2757 3863 tumulo
2787 3807 3030 3863 Metensi
3086 3807 3144 3863 in
3179 3807 3321 3864 urbe
3375 3809 3741 3881 appositum,

2085 3897 2240 3968 quod
2273 3899 2430 3952 tomo
2465 3895 2534 3966 II,
2562 3912 2696 3968 pag.
2738 3897 2866 3964 320,
2927 3895 3206 3969 Scriptor.
3263 3896 3596 3954 Francicor.
3656 3899 3738 3956 du

2086 3984 2340 4054 Chesnii,
2373 3989 2431 4040 et
2459 3984 2520 4040 in
2547 3984 2874 4042 Annalibus
2903 3983 3222 4044 cardinalis
3243 3985 3478 4047 Baronii
3502 3985 3742 4061 legitur,

2086 4073 2452 4131 luculentum
2482 4073 2730 4132 alterum
2760 4073 3116 4131 haberemus
3144 4074 3498 4132 homotonie
3529 4075 3595 4135 in
3623 4093 3742 4136 ver-

2087 4163 2254 4220 sibus
2283 4167 2422 4220 tunc
2453 4163 2737 4220 adamata:
2768 4163 3198 4222 testimonium.
3213 4164 3478 4230 Quatuor
3507 4169 3742 4224 tantum

2085 4252 2406 4309 versiculos
2437 4252 2575 4310 inde
2605 4257 2908 4327 excerptos
2937 4254 3136 4312 offero.

752 4379 1032 4438 IMPERII
1072 4377 1384 4447 FVLMEN,
1427 4376 1868 4434 FRANCORUM
1905 4377 2163 4434 NOBILE
2201 4376 2514 4444 CVLMEN,

895 4467 1202 4524 EXCITVS
1241 4467 1282 4523 Ε
1321 4467 1590 4523 SECVLO
1629 4467 1994 4524 CONDITVR
2030 4467 2172 4524 HOC
2211 4466 2530 4537 TUMVLO,

755 4557 896 4614 REX
936 4556 1355 4624 LVDOVICUS,
1395 4556 1722 4613 PIETATIS
1759 4556 2041 4613 TANTVS
2079 4555 2369 4634 AMICVS,

897 4646 1090 4716 QVOD
1129 4646 1292 4702 PIVS
1329 4649 1376 4702 A
1417 4645 1690 4704 POPVLO
1728 4645 2022 4704 DICITVR
2058 4647 2146 4702 EYI‘
2181 4647 2466 4717 TITVLO,
2507 4650 2618 4702 etc.

326 4791 580 4866 Drogoni
601 4789 1282 4865 quoquearchiepiscopo
1295 4789 1834 4862 Metensi,eiusdem
1854 4789 1971 4847 Lu-
2005 4793 2048 4858 ι)
2079 4789 2153 4848 ab
2183 4789 2385 4848 eodem
2418 4789 2498 4846 du
2529 4789 2776 4847 Chesnio
2807 4789 3232 4864 editum,cujus
3257 4805 3332 4847 en
3357 4789 3592 4864 primos
3614 4807 3743 4848 ven-

327 4881 515 4940 dovici
545 4881 630 4936 Pii
661 4881 848 4948 fratri,
880 4880 1130 4937 alterum
1161 4879 1525 4953 epitaphium
1554 4879 1812 4953 positum
1843 4880 1974 4949 fuit,

2087 4896 2228 4936 $03:

755 5005 1118 5064 CONDITVR
1155 5005 1295 5062 HOC
1334 5005 1560 5062 BVSTO
1601 5004 1894 5062 PRESUL
1934 5005 2178 5062 DROGO
2219 5004 2577 5062 MARMORE
2617 5003 2976 5062 SCULPTO:

893 5095 1225 5151 SPlRl’l‘VS
1255 5094 1326 5150 IN
1367 5093 1629 5161 REQVIE
1670 5095 1924 5152 LIETVS
1963 5093 2151 5150 OVAT
2189 5094 2369 5150 ABRA

2099 5098 2151 5149 .T
2189 5094 2520 5162 ΑΒΒΑΗΔΕ,
2563 5099 2670 5151 etc.

326 5241 610 5298 Praeterea
638 5239 697 5294 in
729 5238 1220 5298 Laureshamensi
1249 5239 1604 5296 monasterio
1635 5238 1970 5312 sepulcrum

327 5319 520 5388 adhuc
575 5328 789 5386 visitur
833 5329 1155 5386 Tassilonis
1214 5327 1490 5401 Bajoaria:
1549 5328 1736 5394 ducis,
1794 5344 1970 5400 quem

2079 5236 2320 5294 Carolus
2372 5237 2624 5311 Magnus
2653 5253 2684 5294 e
2715 5236 2860 5295 solio
2892 5236 3122 5310 dejecit,
3153 5251 3293 5294 cum
3333 5235 3498 5295 hisce
3558 5237 3740 5296 versis

2080 5329 2193 5385 bus
2223 5343 2236 5382 :

892 5453 1264 5510 CONDI’I‘VR’
1296 5452 1434 5508 HAC
1471 5449 1722 5519 FOVEA,
1763 5451 1963 5516 QVEM
2003 5451 2114 5508 PIE
2154 5449 2466 5507 CHRISTE
2503 5449 2660 5519 BEA,

749 5543 1042 5598 TASSILO
1081 5541 1229 5596 DVX
1269 5538 1578 5604 PRIMUM,
1618 5539 1795 5596 POST
1833 5539 1995 5608 REX,
2028 5537 2415 5598 MONACHVS
2453 5539 2588 5606 SED
2623 5539 2718 5598 AD
2761 5539 2973 5600 IMVM.

753 5629 986 5688 lDlBVS
1027 5630 1099 5688 ΙΝ
1139 5628 1403 5689 TERNIS
1441 5627 1900 5689 DECESSERAT
1937 5629 2098 5690 ILLE
2137 5625 2565 5689 DECEMBRIS.
