3896 6216
119 396 221 463 ⁸7ὶὸ
1398 380 1762 450 RHYTHMI
1804 381 2189 448 VETERES.
3371 379 3489 441 786

117 536 213 598 led
241 530 373 609 quia
399 525 663 588 dubitare
698 524 834 587 licet
860 540 933 586 ne
962 524 1134 600 longe
1173 523 1361 583 serius
1402 521 1582 581 additi
1614 522 1738 580 fue-
1765 524 1821 593 Α
1851 524 2116 580 membra
2141 520 2428 591 versibus,
2460 524 2767 597 postremae
2799 536 3049 596 quorum
3085 520 3318 595 syllabas
3347 521 3494 580 invi-

118 628 223 686 rint
247 619 484 682 tumulis
515 617 809 693 ejusmodi
837 633 1064 685 versus,
1086 614 1335 672 certiora
1355 629 1738 687 apponamus.
1851 629 1977 669 cem
2035 611 2146 669 sibi
2195 612 2645 686 respondebant.
2680 610 2977 685 Evulgavit
3024 628 3176 684 saepe
3221 610 3496 668 laudatus

117 718 318 789 Gaspar
344 708 636 775 Barthius,
661 707 752 763 vir
779 704 1220 779 spectatissima;
1246 700 1611 767 eruditionis,
1636 700 1738 756 lib.
1853 702 2226 759 Mabillonius
2256 701 2317 757 in
2347 700 2675 757 Annalibus
2718 700 3115 789 Benedictinis
3156 700 3227 756 ad
3278 717 3499 757 annum

117 788 251 864 xxxii
284 795 673 858 Adversarior.
706 794 995 851 Erinfredi
1028 792 1301 849 monachi
1341 807 1575 848 carmen
1608 790 1741 861 rhy-
1851 794 1957 849 827
1984 809 2189 849 versus
2245 792 2304 847 in
2363 790 2766 847 vetustissimo
2807 790 3004 847 codice
3057 788 3504 846 Altivillarensis

118 892 382 951 tbm‘icum
424 903 495 945 ex
537 902 650 942 ms.
702 884 899 941 codice
943 883 1178 957 profert.
1212 881 1316 938 Hic
1364 884 1559 936 autem
1605 881 1746 935 vixit
1852 881 2080 938 circiter
2126 898 2193 937 ea
2232 884 2497 953 tempora
2539 879 2809 951 scriptos,
2841 896 2872 934 e
2904 878 3122 951 quibus
3170 894 3296 952 quis
3346 893 3505 936 nunc

117 997 244 1040 anno
282 980 402 1047 806,
436 980 499 1033 ut
550 976 672 1031 Vita
727 976 845 1047 ejus
900 975 1149 1029 testatur.
1183 972 1267 1027 En
1319 968 1466 1027 duas
1513 972 1744 1025 tantum
1854 970 2104 1039 aiebam,
2138 969 2336 1025 leviori
2368 970 2597 1043 negotio
2629 968 2921 1041 intelliges
2956 985 2969 1024 :

116 1070 259 1128 illius
288 1062 565 1125 carminis
595 1063 868 1136 strophas
902 1080 915 1117 :

555 1153 854 1210 Felicitatis
885 1152 1074 1223 regula

486 1243 596 1299 Hac
623 1240 733 1314 ﬁne
758 1256 969 1313 semper
995 1241 1256 1296 constitit.

486 1331 565 1388 Ad
591 1338 794 1404 puncta
821 1347 946 1385 cum
973 1330 1123 1385 venit
1150 1344 1270 1396 sua,

487 1423 549 1477 In
577 1436 633 1476 se
661 1421 844 1477 voluta
867 1420 1094 1475 corruit.

1925 1106 2053 1173 Ebo,
2090 1106 2342 1161 Remense
2367 1103 2545 1172 decus,
2573 1104 2797 1176 praesul,
2824 1108 3120 1176 pastorque
3147 1119 3423 1171 coruscus,

1928 1198 2118 1251 Doctor
2144 1194 2509 1264 evangelicus,
2536 1194 2788 1265 prwcelsi
2816 1194 2974 1263 Regis
2998 1195 3229 1259 amicus,

1928 1287 2082 1340 Hunc
2111 1285 2171 1338 in
2199 1298 2382 1339 amore
2409 1284 2525 1349 Dei,
2557 1284 2813 1355 Patrique
2841 1284 2903 1338 in
2931 1282 3131 1339 honore
3164 1280 3326 1351 beati,

1928 1373 2155 1430 Librum
2174 1373 2342 1445 jussit
2370 1373 2482 1443 agi,
2519 1372 2717 1444 plenus
2745 1373 3065 1444 spiraminis
3095 1370 3224 1441 alti,
3255 1375 3363 1428 etc.

418 1512 769 1583 Quaecunque
798 1510 911 1565 vita
934 1508 1165 1581 protulit
1860 1508 1961 1563 llic
1990 1510 2196 1579 preter
2224 1509 2516 1563 commata
2543 1522 2748 1561 versus
2795 1507 3203 1579 cujuscunque
3234 1523 3510 1572 consona,

489 1598 778 1669 Ambigua,
813 1598 960 1666 lwta,
989 1598 1190 1653 tristia.
1859 1596 2034 1651 etiam
2079 1595 2213 1651 ﬁnis
2257 1596 2434 1650 unius
2464 1610 2668 1650 versus
2717 1598 3000 1651 consonat
3029 1611 3162 1650 cum
3210 1595 3324 1650 {ine
3376 1594 3515 1650 alte-

490 1690 816 1761 Quocunque
843 1704 899 1745 se
927 1703 1046 1760 spes
1075 1687 1277 1743 extulit
1860 1686 2007 1755 rius,
2041 1685 2215 1741 unica
2271 1689 2468 1740 tamen
2530 1683 2771 1757 syllaba.
2806 1683 2895 1740 Ita
2930 1683 2990 1739 in
3043 1683 3269 1740 musivo
3323 1683 3516 1739 adhuc

491 1777 689 1844 Inﬁda,
718 1777 880 1846 dura,
914 1777 1159 1844 credula,
1193 1779 1301 1832 etc.
1862 1776 2176 1847 superstite
2194 1773 2451 1829 Basilicze
2469 1773 2867 1830 Ambrosinus:
2885 1772 3518 1845 Mediolanensis,quod

107 1872 203 1931 Sed
234 1864 531 1945 praeeipue
555 1865 767 1924 saeculo
793 1865 894 1921 illo
915 1882 981 1921 ac
1002 1865 1233 1921 duobus
1255 1863 1752 1937 subsequentibus
1783 1909 1830 1945 η
1861 1864 2089 1921 circiter
2147 1881 2365 1920 annum
2424 1864 2531 1919 835
2599 1863 2988 1935 compositum
3059 1862 3271 1934 fuisse,
3332 1877 3522 1933 neque

110 1909 203 1931 πυ
273 1909 531 1942 ιουυιιιυν
555 1909 766 1924 νων-ην
795 1909 892 1921 ἠν
915 1909 981 1921 υν
1003 1909 1232 1921 νων-ων
1256 1909 1751 1937 υι-’ννιιν-νιιυυυν
1863 1909 1933 1921 νυ
1951 1909 2080 1920 νην·
2147 1909 2365 1920 “mn-"-
2426 1909 2528 1919 ννν
2601 1909 2988 1935 υνδε-τννι-νικ-
3059 1909 3271 1934 ον---σννι
3333 1909 3520 1933 σ-νῚ.“*

110 1909 297 2020 muttis
324 1972 495 2016 cure
509 1956 621 2012 fuit
650 1956 711 2012 in
738 1953 991 2027 singulis
1011 1954 1282 2011 versibus
1302 1957 1649 2010 concentum
1669 1970 1761 2009 vo-
1783 1909 1834 1975 Β
1868 1954 2183 2022 immerito,
2220 1953 2563 2010 Puricellius
2593 1957 2812 2023 censet,
2847 1951 3226 2010 tetrastichon
3257 1951 3416 2009 istud
3448 1950 3525 2007 1e-

109 2064 229 2108 eum
255 2047 551 2108 similium
573 2045 856 2114 inserere,
877 2042 1082 2100 divisis
1105 2044 1538 2116 quodammodo
1560 2043 1620 2098 in
1645 2043 1759 2098 duo
1869 2043 2026 2116 gitur
2058 2060 2070 2097 :

605 2185 981 2245 MARTINVS
1022 2185 1375 2254 MORITVR,
1417 2185 1549 2242 SED
1588 2185 1776 2240 VIT/E
1813 2184 2006 2241 DONA
2043 2184 2392 2241 MERETVR
2428 2204 2440 2241 :

750 2274 1161 2332 TRISTATUR
1199 2275 1516 2343 MVNDVS,
1559 2274 2094 2338 ADJUBILATQUE
2132 2274 2375 2330 POLVS.

605 2362 805 2422 MORS
843 2366 982 2421 SVA
1021 2364 1241 2425 DIGNA
1280 2364 1469 2421 BONO
1510 2363 1800 2420 FERTVR
1837 2362 2258 2418 CELEBRATA
2295 2361 2655 2428 PATRONO,

751 2454 1083 2511 SPIRITVS
1122 2453 1461 2511 AMBROSII
1498 2453 1657 2509 DVM
1700 2451 2145 2509 FAMULATVR
2185 2451 2299 2507 IBI.

107 2572 337 2631 Milonis
377 2586 614 2644 quoque
668 2568 1018 2627 Elnonensis
1050 2569 1321 2627 monachi
1377 2587 1582 2626 versus
1642 2570 1769 2642 pari
2162 2567 2351 2623 Sancti
2372 2570 2567 2623 merita

108 2665 395 2719 concentu
427 2659 759 2717 elaboratos
809 2673 961 2715 anno
1011 2658 1225 2715 Christi
1256 2661 1364 2716 855
1392 2661 1567 2715 refert
1614 2659 1767 2715 idem
2239 2656 2512 2713 Benedicti
2542 2658 2751 2729 inclyta

108 2748 493 2809 Mabillo‘nius
522 2748 582 2804 in
632 2747 957 2806 Annalibus
990 2747 1377 2805 Benedictinis
1428 2749 1499 2805 ad
1548 2766 1768 2806 annum
2243 2746 2494 2803 Verendze
2528 2747 2854 2813 sanctitatis,

107 2842 232 2898 872.
267 2839 424 2895 Vide
473 2837 650 2898 etiam
699 2837 982 2894 formulas
1005 2853 1102 2894 xw
1126 2842 1183 2894 et
1224 2856 1297 2895 xv
1342 2840 1484 2894 tomi
1516 2843 1567 2894 II
1598 2840 1770 2912 Capi-
2237 2840 2313 2893 Ac
2341 2836 2731 2893 monachorum
2750 2835 3036 2908 prmulis,

111 2929 284 2986 tidar.
329 2925 582 2995 Baluzii,
623 2941 757 2998 pag.
777 2928 902 2982 565.
936 2927 1061 2982 Non
1092 2944 1171 2983 eae
1202 2928 1439 3001 quidem
1490 2933 1629 2985 sunt
1658 2928 1771 2985 for-
2241 2928 2348 2983 Pro
2373 2942 2527 2998 posse

108 3017 313 3084 m'ulm,
328 3013 441 3071 sed
464 3013 722 3086 rhythmi
743 3015 881 3083 duo,
895 3031 1187 3071 summam
1206 3017 1535 3073 barbariem
1555 3016 1777 3090 spiran-
2240 3016 2410 3088 Atque
2436 3031 2611 3071 nosse.

104 3110 213 3177 tes,
267 3107 479 3175 atque,
509 3106 578 3158 ut
624 3102 849 3177 opinor,
881 3105 953 3159 ab
976 3103 1226 3161 indoctis
1254 3106 1510 3163 librariis
1559 3107 1775 3162 mirum
2244 3105 2463 3174 Organa
2490 3105 2678 3159 nostra
2700 3108 3038 3177 concrepent.

105 3194 167 3251 in
199 3191 466 3251 modum
514 3185 843 3245 deformati.
876 3190 1090 3263 [Supra
1134 3207 1268 3248 vero
1325 3195 1778 3249 commemoravi
2172 3194 2374 3249 Nursia
2407 3193 2546 3262 felic

107 3284 450 3341 Notkerum
494 3276 828 3346 Balbulum,
860 3279 1207 3335 coanobitam
1252 3281 1447 3336 Sancti
1477 3281 1644 3351 Galli,
1680 3283 1779 3354 qui
2248 3282 2388 3336 Tulit
2417 3289 2607 3336 natum
2636 3282 2882 3350 genitria:
2908 3298 2928 3336 .·

108 3372 217 3429 sub
251 3372 444 3427 ﬁnem
476 3366 673 3426 sabuli
722 3367 884 3435 noni,
917 3372 1092 3441 atque
1138 3368 1374 3424 initium
1421 3370 1656 3440 decimi,
1689 3371 1779 3427 Se-
2246 3371 2477 3425 Domina
2506 3369 2702 3425 mundi
2730 3372 2896 3425 Roma
2923 3370 3059 3441 fovit
3085 3369 3301 3424 elimat.

106 3457 727 3535 quentia'rumlibrum
758 3455 960 3525 edidit,
988 3458 1062 3513 ab
1092 3458 1351 3531 antiquis
1378 3457 1704 3527 laudatum,
1728 3464 1785 3516 et
2245 3461 2346 3514 Hic
2374 3475 2505 3532 ergo
2532 3467 2845 3531 prieventus
2874 3460 3073 3530 optimo

112 3549 416 3608 solariss.
460 3548 585 3605 viro
638 3546 699 3602 P.
748 3546 914 3603 Pezio
964 3551 1115 3619 part.
1166 3548 1356 3620 prima
1410 3548 1554 3605 tomi
1609 3548 1780 3621 primi
2250 3549 2436 3604 Sancti
2466 3549 2706 3621 Spiritus
2734 3549 2895 3618 dono,
2927 3553 3036 3604 etc.

111 3640 411 3698 Thesaur.
454 3637 798 3694 Anecdotor.
853 3635 1157 3693 novissim.
1191 3635 1433 3694 editum.
1480 3638 1785 3710 Ejusmodi
1816 3640 1860 3705 (ζ’,
3371 3690 3374 3695 .

119 3729 438 3803 Seq‘uentiae
469 3728 640 3800 (quas
681 3726 930 3799 hymnos
978 3724 1173 3798 potius
1204 3726 1498 3799 appellare
1543 3727 1790 3800 placeat)
1898 3730 2062 3783 Anno
2093 3728 2200 3783 812
2229 3728 2407 3784 ﬁnem
2448 3729 2677 3784 vivendi
2710 3728 2846 3787 fecit
2874 3729 3029 3792 idem
3060 3724 3554 3799 Notkerus,cujus

119 3817 469 3893 rhythmica
495 3814 732 3872 licentia
761 3815 1097 3887 compositae
1137 3819 1289 3871 sunt
1321 3817 1431 3872 sub
1462 3817 1637 3872 variis
1668 3834 1788 3872 me-
1901 3817 2264 3889 epitaphium
2298 3818 2606 3873 metricum
2654 3817 2986 3874 Mabillonio
3031 3817 3313 3874 debemus
3342 3815 3403 3871 in
3432 3816 3556 3872 An-

122 3908 251 3965 tris.
283 3908 493 3965 Unam
521 3919 590 3962 ex
618 3902 692 3960 iis
722 3903 902 3977 seligo
935 3919 949 3960 ε
1052 3921 1057 3925 ’
1905 3905 2137 3962 nalibus
2170 3907 2564 3964 Benedictinis
2595 3907 2821 3965 editum
2851 3906 2946 3965 his
2974 3906 3166 3964 verbis
3200 3923 3214 3964 :

640 4044 821 4102 ECCE
860 4045 1089 4101 DECVS
1128 4046 1429 4113 PATRIIE,
1472 4048 1874 4116 NOTKERVS,
1916 4048 2167 4104 DOGMA
2205 4049 2501 4115 SOPHl/E,

816 4135 914 4190 VT
953 4134 1326 4201 MORTALIS
1364 4137 1588 4205 HOMO,
1629 4138 1994 4195 CONDITVR
2032 4139 2173 4195 HOC
2213 4139 2516 4195 TVMVLO

641 4222 879 4280 IDIBVS
920 4223 1227 4281 OCTONIS
1267 4225 1399 4281 HIC.
1424 4226 1658 4283 CARNE
1698 4227 2021 4283 SOLVTVS
2060 4228 2360 4295 APRILIS,

819 4312 1071 4369 COELIS
1112 4313 1529 4383 INVEHITVR,
1569 4316 1895 4373 CARMINE
1935 4316 2372 4373 SVSCIPITVR.

192 4449 380 4507 Plura
411 4445 711 4520 ejusmodi
752 4444 951 4501 nullus
999 4447 1202 4503 dubito
1232 4447 1375 4520 quin
1423 4448 1798 4516 haberemus,
1909 4451 2126 4506 Eodem
2159 4450 2360 4506 ordine
2390 4451 2839 4508 consonantium
2870 4465 3078 4506 vocum
3120 4449 3442 4523 procedunt
3473 4466 3560 4505 re-

125 4536 355 4615 scripta
375 4539 561 4610 longe
582 4535 760 4592 etiam
783 4539 917 4591 ante
936 4536 1276 4605 Notkerum,
1302 4534 1414 4593 nisi
1434 4540 1801 4611 tempus,cui
1910 4539 2075 4611 liqui.
2101 4540 2250 4595 Sunt
2280 4540 2358 4595 ibi
2390 4545 2449 4595 et
2479 4540 2574 4596 alii
2606 4540 2830 4613 hymni,
2856 4538 3086 4612 aliaque
3112 4541 3381 4612 poemata
3411 4555 3565 4593 eam-

122 4635 209 4687 tot
258 4628 539 4703 pretiosa
587 4625 969 4693 succubuere,
1000 4625 1149 4681 levia
1195 4625 1316 4683 haec
1357 4638 1590 4700 quoque
1634 4629 1802 4684 nobis
1912 4630 2045 4684 dem
2088 4629 2395 4684 verborum
2451 4634 2739 4685 texturam
2790 4627 3174 4702 praeferentia,
3208 4630 3312 4683 aut
3357 4627 3561 4683 eodem

125 4718 477 4776 invidisset!
502 4715 697 4771 Unum
727 4713 871 4770 illud
905 4714 1321 4772 San-Gallense
1352 4717 1681 4773 cmnobium
1714 4734 1802 4774 ce-
1915 4716 2125 4772 saeculo
2176 4734 2230 4771 1x
2278 4720 2378 4771 aut
2408 4735 2441 4771 x
2473 4718 2825 4789 composita;
2857 4716 2940 4773 ita
2988 4722 3053 4772 ut
3099 4718 3227 4788 jam
3286 4716 3562 4785 abundet,

123 4807 553 4873 leberi‘imum,
585 4804 647 4860 in
694 4820 811 4876 quo
849 4802 1139 4861 Notkerus
1168 4804 1327 4874 vixit,
1369 4804 1484 4862 alia
1530 4807 1805 4880 suppedi-
1916 4806 2071 4861 unde
2118 4822 2320 4861 eorum
2361 4806 2557 4878 opinio
2601 4805 2754 4863 male
2792 4810 3038 4862 consuta
3078 4804 3251 4862 nobis
3277 4803 3564 4874 videatur,

123 4903 250 4956 tare
278 4897 384 4953 hic
416 4897 620 4969 potest
649 4893 721 4949 ab
766 4893 1013 4949 Henrico
1044 4893 1271 4950 Canisio
1302 4895 1476 4964 edita,
1501 4913 1567 4952 ac
1598 4896 1806 4953 deinde
1917 4894 2018 4967 qui
2049 4895 2147 4950 ubi
2196 4892 2418 4967 aliquid
2470 4894 2709 4951 Leoniui
2758 4898 3074 4952 concentus
3123 4893 3391 4962 audiunt,
3422 4893 3567 4950 illud

122 4987 203 5044 in-
228 4982 672 5043 Bibliothecam
720 4983 957 5037 Patrum
1005 4982 1188 5039 illata.
1224 4983 1343 5040 Illic
1393 4983 1676 5059 hymnum
1726 4985 1807 5042 le-
1918 4985 2193 5041 continuo
2227 4984 2295 5039 ad
2350 4983 2628 5041 seaculum
2660 5002 2716 5040 χι
2747 4988 2804 5041 et
2835 4984 3254 5058 subsequentia
3282 4983 3570 5059 pertinere

125 5084 235 5151 gas
269 5077 363 5133 aB'
403 5073 774 5130 Hartman‘no
825 5071 1111 5128 monacho
1170 5075 1559 5147 compositum
1589 5075 1810 5145 (ﬂoruit
1919 5073 2030 5129 sibi
2064 5073 2472 5146 persuadeant.
2506 5073 2699 5130 Edidit
2743 5091 2975 5148 quoque
3015 5075 3285 5133 Canisius
3335 5090 3571 5131 carmen

125 5166 226 5223 ille
259 5164 519 5223 circiter
552 5164 776 5217 annum
807 5156 933 5233 870)
966 5162 1136 5234 cujus
1184 5162 1242 5218 hi
1293 5167 1432 5220 sunt
1477 5164 1650 5239 primi
1681 5183 1808 5221 ver-
1844 5204 1889 5239 η
1920 5162 2251 5220 Salomonis
2304 5163 2559 5236 episcopi
2609 5164 3095 5233 Constantiensis,
3146 5165 3249 5239 qui
3306 5165 3573 5222 currente

130 5264 242 5312 sus
268 5273 285 5312 :
1844 5254 1886 5269 "
1924 5270 2075 5309 anno
2104 5254 2210 5309 895
2242 5254 2501 5309 ﬂorebat.

557 5429 692 5485 Cum
718 5432 880 5485 natus
908 5431 1041 5486 esset
1070 5431 1350 5501 Dominus,
1997 5436 2214 5490 Eximie
2242 5436 2487 5501 antistes,
2520 5434 2617 5490 has
2647 5435 2848 5504 accipe,
2881 5433 3049 5501 Dado,
3082 5432 3306 5498 salutes,

625 5518 894 5574 Turbatur
916 5535 1017 5576 rex
1044 5519 1355 5578 incredulus
2072 5524 2414 5595 Conscriptas
2443 5524 2594 5579 tristi
2621 5540 2657 5577 α
2681 5522 2972 5579 Salomone
3001 5520 3120 5587 tibi,
3146 5521 3246 5575 etc.

628 5607 771 5679 Magi
799 5609 1045 5665 tulerunt
1073 5626 1327 5678 munera,

633 5698 771 5766 Quos
803 5699 963 5756 δεειια
990 5699 1152 5756 ἀηττιί
1173 5703 1403 5773 praevia.
1940 5704 2002 5760 In
2037 5698 2279 5774 reliquis
2305 5701 2461 5758 idem
2492 5703 2582 5756 est
2610 5696 2945 5754 artiﬁcium.
2973 5696 3139 5754 Hisce
3163 5695 3348 5767 junge
3378 5687 3583 5749 inscri-
