3896 6216
312 357 432 416 783

1053 359 1240 420 S/EC.
1289 360 1370 418 ΧΙ
1414 359 1641 420 AUCT.
1690 357 2006 419 INCERTI
2049 357 2236 418 ANNI
2281 357 2382 418 ET
2423 353 2722 418 SCRIPT.
2771 362 2996 416 ’AAEzn.

3603 351 3739 418 7.84

315 506 383 545 ex
413 505 594 562 supra
621 487 813 546 allatis
845 489 1038 546 verbis
1068 489 1455 565 intelligimus
1485 491 1790 564 rhythmos
1818 490 1956 546 olim
1986 491 2040 558 Α
2071 506 2247 561 quam
2281 493 2434 544 certo
2466 490 2792 562 quaerendae
2821 488 3111 562 ejusmodi
3140 486 3448 565 euphoniae
3482 486 3739 544 concilio

317 577 632 646 confectos,
659 583 724 635 ut
753 580 822 636 ab
868 581 1138 651 imperitis
1167 583 1328 653 atque
1381 581 1565 638 idiotis
1615 583 1958 636 canerentur.

324 665 388 723 In
419 683 553 723 eum
587 683 822 741 quoque
853 670 1030 726 finem
1091 669 1397 742 compositi
1449 670 1628 736 fuere,
1661 669 1759 741 qui
1820 667 1963 723 mihi

320 772 510 828 nuper
535 759 843 814 memorati
873 761 1012 815 sunt
1041 757 1106 814 de
1133 759 1386 815 laudibus
1414 757 1723 826 Mediolani,
1753 757 1819 812 de
1859 761 1964 812 Lu-

318 845 503 903 dovico
532 848 582 903 Il
609 850 717 903 etc.
776 848 954 904 Erant
983 847 1138 904 enim
1169 847 1242 903 iis
1294 864 1524 920 quoque
1575 845 1960 918 temporibus,

320 935 523 1006 quales
559 937 797 1007 nostris,
853 937 956 1008 qui
1005 936 1267 992 carmina
1317 936 1506 1005 rudia,
1555 952 1620 991 ac
1679 933 1965 1007 praecipue

318 1021 624 1096 rhythmos
655 1029 756 1080 aut
783 1023 974 1081 solatii
1005 1042 1182 1080 causa
1211 1025 1390 1093 domi,
1424 1029 1524 1080 aut
1550 1023 1608 1080 in
1632 1023 1841 1096 plateis
1863 1041 1962 1096 po-

318 1111 457 1184 pulo
489 1116 836 1186 congregato
867 1112 1014 1169 lucri
1047 1113 1289 1170 obtentu
1319 1113 1626 1170 canebant.
1659 1113 1963 1184 Ejusmodi

319 1201 642 1259 cantilenas
673 1201 880 1258 saltem
907 1202 1213 1259 semidocti
1233 1201 1642 1276 intelligebant
1664 1220 1677 1258 :
1702 1202 1964 1258 nondum

320 1289 477 1345 enim
511 1288 826 1362 quisquam
857 1307 1038 1348 ausus
1051 1292 1241 1348 fuerat
1261 1291 1485 1364 vulgari
1500 1308 1766 1348 sermone
1791 1291 1874 1347 uti
1893 1292 1963 1347 ad

318 1379 580 1434 carmina
609 1383 710 1436 aut
739 1381 812 1436 ad
843 1380 1149 1454 rhythmos
1175 1399 1188 1450 ;
1223 1385 1326 1438 aut
1349 1381 1399 1438 si
1430 1381 1762 1448 utebantur,
1795 1397 1866 1436 ex
1892 1379 1965 1435 iis

319 1484 391 1523 ne
425 1469 819 1542 fragmentum
852 1470 1089 1542 quidem
1117 1471 1190 1526 ad
1221 1487 1326 1526 nos
1359 1470 1638 1543 pervenit.
1674 1470 1863 1526 Redeo
1894 1470 1965 1526 ad

320 1557 618 1629 psalmum
648 1559 1161 1632 Augustinianum.
1185 1559 1268 1615 Ibi
1292 1559 1660 1632 singulorum
1691 1575 1966 1615 versuum

322 1646 599 1703 clausulae
629 1647 690 1703 in
719 1666 748 1704 ε
794 1648 1110 1706 desinunt:
1145 1650 1302 1722 quod
1335 1653 1392 1704 et
1428 1648 1488 1704 in
1521 1649 1650 1705 aliis
1679 1647 1969 1722 rhythmis

326 1737 698 1792 observatum
727 1737 866 1793 vidi.
900 1737 1224 1794 Occurrunt
1254 1741 1310 1794 et
1336 1737 1600 1810 plurimae
1627 1755 1797 1794 voces
1829 1755 1968 1794 con-

326 1842 483 1882 sone
515 1827 574 1881 in
600 1843 712 1883 ann
740 1831 798 1883 et
846 1843 976 1894 one,
1009 1831 1142 1898 etc.,
1194 1844 1342 1899 quas
1388 1832 1584 1884 tamen
1617 1844 1756 1884 casu
1790 1827 1985 1900 potius
2015 1811 2062 1878 Β

2077 579 2287 634 coiisse
2318 582 2479 650 puto.
2507 577 2725 634 Saltem
2757 582 2990 635 constat
3017 577 3104 634 vel
3138 565 3359 634 saeculo
3378 573 3741 634 Christiaan

2071 686 2201 722 certe
2232 670 2438 740 quarto
2471 667 2759 726 Africana:
2784 667 2938 742 plebi
2995 667 3056 723 in
3087 665 3386 740 rhythmis
3431 665 3741 740 placuisse

2073 757 2329 829 aliquam
2359 757 2690 824 verborum,
2753 761 2821 813 ut
2849 757 2932 816 ita
2981 757 3199 825 dicam,
3255 755 3738 826 consonantiam,

2073 863 2252 918 quam
2273 846 2591 903 subsecuta
2611 845 2826 904 saecula
2851 846 3292 920 ampliﬁcaruut
3310 850 3368 906 et
3385 845 3741 920 diligentius

2072 939 2446 992 exornarunt.
2481 936 2862 996 Pracesserat
2893 935 3067 994 etiam
3099 935 3560 1002 Commodianuﬂ
3581 933 3741 996 mihi

2074 1041 2254 1096 supra
2287 1028 2644 1081 memoratus
2677 1024 2736 1079 in
2788 1028 3084 1098 postremo
3141 1023 3400 1088 carmine
3434 1040 3568 1094 suo,
3629 1023 3740 1088 ubi

2075 1112 2341 1186 singulos
2369 1130 2574 1169 versus
2606 1113 2665 1168 in
2695 1129 2726 1170 ο
2757 1113 3024 1176 desinere
3055 1113 3296 1176 sentias.

2145 1202 2650 1259 Benchorensibus
2682 1202 3255 1276 rhythmis,aliisque
3278 1202 3492 1260 saeculo
3524 1205 3739 1260 octavo

2073 1291 2412 1364 compositis
2431 1308 2565 1347 cum
2597 1291 2836 1350 vocibus
2857 1292 3339 1360 consonantibus,
3371 1309 3520 1365 quos
3545 1308 3743 1366 nuper

2076 1379 2266 1445 retuli,
2300 1382 2450 1436 addo
2482 1379 2846 1454 epitaphium
2873 1381 3157 1441 Lantfridi
3188 1380 3420 1438 abbatis
3447 1381 3742 1438 Burensis

2075 1469 2134 1523 in
2166 1469 2452 1540 Bujoaria,
2487 1471 2642 1542 quod
2677 1470 3053 1528 Mabillonius
3077 1471 3138 1526 in
3184 1470 3484 1530 Analectis
3505 1469 3739 1544 publici

2075 1559 2220 1628 iuris
2253 1558 2402 1613 fecit.
2439 1559 2491 1614 Is
2521 1559 2716 1614 ﬂoruit
2745 1559 2852 1615 sub
2887 1559 3132 1633 Pippino
3163 1565 3222 1616 et
3253 1558 3458 1618 Carolo
3491 1559 3735 1645 Magno,

2081 1648 2433 1703 Francorum
2459 1649 2715 1721 regibus,
2761 1653 2818 1705 et
2847 1648 3077 1706 circiter
3105 1665 3328 1708 annum
3379 1647 3600 1715 Christi
3629 1649 3744 1706 79.0

2079 1736 2399 1793 excessisse
2431 1753 2460 1792 e
2491 1736 2634 1793 vivis
2662 1737 2908 1794 videtur.

752 1952 845 2007 EN
887 1951 1247 2009 LANTFRID
1288 1952 1605 2019 DOMNVS,
1646 1951 1892 2008 PRIMIS
1931 1951 2339 2007 NATALIBVS
2379 1951 2632 2007 Olt'l‘VS.

899 2041 1157 2098 DEBITA
1197 2041 1454 2098 SOLVI'I‘
1492 2041 1715 2110 HUMO,
1757 2041 1917 2104 QUAE
1955 2039 2089 2097 SIBI
2130 2040 2364 2096 DEBET
2405 2040 2630 2096 HOMO.

754 2129 1032 2188 .ETA'I‘IS
1074 2131 1308 2188 FLORE
1349 2130 1597 2187 SPONSI
1635 2129 1964 2186 CURRENS
2005 2129 2077 2184 IN
2118 2129 2380 2196 ODORE,

898 2217 1238 2277 PLURIBVS
1280 2219 1677 2276 EXEMPLVM
1719 2219 2050 2275 ΡΒίΕΒνΙΤ
2093 2217 2246 2273 IPSE
2283 2217 2521 2273 BONVM
2561 2223 2670 2273 etc.

341 2352 557 2408 Eodem
589 2357 875 2412 concentu
900 2357 1150 2426 pergunt
1171 2352 1382 2426 reliqui
1412 2370 1613 2410 versus
1638 2372 1652 2410 τ
1686 2354 1786 2426 qui
1818 2353 1867 2410 si
1893 2371 1978 2410 re-

337 2457 473 2498 vera
495 2446 637 2498 tunc
663 2442 822 2498 fuere
841 2443 1084 2509 conditi,
1119 2443 1203 2498 uti
1227 2443 1343 2498 veri
1357 2443 1589 2500 videtur
1601 2443 1818 2510 simile,
1849 2461 1984 2499 con-

329 2528 568 2586 ﬁrmant
587 2546 714 2602 quae
743 2529 862 2584 dixi
894 2530 964 2584 de
995 2530 1247 2602 ingeniis
1267 2530 1607 2602 hujusmodi
1621 2532 1849 2588 musica
1875 2532 1979 2588 de-

330 2618 559 2676 lectatis
589 2619 716 2691 ipso
750 2619 962 2674 saeculo
994 2618 1206 2675 Christi
1238 2625 1461 2676 octavo.
1494 2620 1756 2676 Alterum
1788 2637 1984 2676 exem-

331 2707 495 2779 plum
525 2707 786 2780 praebent
815 2711 992 2780 portae
1023 2724 1181 2764 zercm
1213 2707 1464 2764 basilica:
1482 2708 1830 2765 Parisiensis
1847 2714 1985 2765 San-

2089 2352 2468 2425 dionysianae,
2502 2352 2730 2408 circiter
2755 2368 2825 2408 ea
2878 2355 3144 2424 tempora
3172 2351 3491 2409 fabricatae.
3524 2355 3748 2412 Auctor

2089 2443 2169 2497 ibi
2205 2459 2380 2498 suum
2413 2458 2647 2497 nomem
2667 2439 3019 2514 inscriptum
3044 2439 3362 2512 voluit,hoc
3385 2442 3746 2509 est,Airadus

2089 2532 2404 2597 monac/ms,
2429 2529 2680 2602 geminis
2700 2528 3002 2586 versiculis
3019 2529 3398 2604 incisis,quos
3420 2531 3493 2588 ad
3517 2549 3747 2610 annum

2089 2621 2196 2675 780
2225 2619 2421 2676 attulit
2454 2621 2602 2675 idem
2639 2618 3010 2675 Mabillonius
3042 2619 3100 2675 in
3121 2618 3446 2676 Annalibus
3467 2621 3743 2678 Benedic-

2095 2708 2268 2765 ctinis
2295 2727 2308 2764 :

764 2831 906 2888 HOC
945 2831 1124 2888 OPVS
1162 2832 1477 2890 AIRADVS
1516 2833 1831 2890 CJELESTI
1872 2835 2168 2891 MVNERE
2210 2834 2506 2903 FRETVS,

761 2920 1042 2977 OFFERT
1082 2921 1253 2978 ECCE
1291 2922 1456 2989 TIBI,
1497 2923 1806 2992 DIONYSI,
1850 2923 2170 2980 PECTORE
2212 2921 2391 2980 MITI.

341 3066 516 3122 Porro
549 3068 842 3137 quantum
873 3064 1256 3136 subsequenti
1287 3063 1498 3120 saeculo
1521 3082 1672 3121 nono
1691 3064 1749 3120 in
1764 3064 1990 3122 deliciis
2097 3064 2427 3121 stissimum
2451 3065 2744 3122 musivum
2775 3064 2835 3121 in
2893 3067 3014 3123 aede
3043 3083 3212 3124 sacra
3267 3070 3484 3134 sanctae
3544 3067 3744 3132 Mariis

341 3156 487 3212 foret
508 3154 664 3227 apud
695 3155 982 3226 quosdam
1013 3161 1212 3227 poetas
1261 3154 1590 3226 conquisita
1637 3155 1750 3210 ista
1777 3171 1989 3211 conso-

342 3245 613 3302 nantium
668 3261 876 3300 vocum
934 3243 1242 3300 harmonia
1294 3245 1355 3298 in
1394 3242 1657 3300 texendis
1695 3243 1984 3312 versibus,

339 3333 511 3409 longe
540 3331 811 3408 pluribus
842 3332 1124 3407 exemplis
1171 3335 1475 3390 ostendere
1512 3349 1776 3406 possum.
1809 3333 1986 3390 Vetu-

2097 3154 2264 3210 Novae
2299 3153 2493 3210 adhuc
2522 3154 2730 3210 visitur
2759 3155 2972 3223 Romae,
3006 3160 3153 3212 teste
3184 3155 3511 3230 Ciampinio
3567 3163 3745 3232 part.,

2099 3261 2160 3311 II,
2194 3260 2320 3317 cap.
2352 3245 2441 3311 28,
2473 3243 2661 3300 Veter.
2715 3243 3140 3301 Monumentor.
3202 3244 3286 3312 Ibi
3344 3244 3404 3300 hi
3437 3245 3555 3302 duo
3616 3263 3748 3326 ver-

2099 3350 2236 3390 SUS:

771 3485 1018 3542 ARBOR
1053 3486 1279 3542 SACRA
1315 3485 1568 3542 CRVCIb
1610 3485 1723 3555 FIT
1763 3484 2016 3541 MVNDO
2055 3485 2320 3541 SEMITA
2357 3484 2582 3554 LVCIS,

767 3575 972 3642 QVAM
1011 3575 1132 3638 QUI
1173 3573 1544 3642 PORTAVIT,
1584 3575 1722 3630 NOS
1760 3575 2106 3632 CHRISTVS
2143 3575 2238 3630 AD
2276 3576 2503 3632 ASTRA
2547 3573 2870 3632 LEVAVIT.

341 3727 436 3784 Uti
457 3727 802 3784 Anastasius
823 3725 1078 3797 tradit,ej
1091 3744 1155 3780 us
1179 3725 1376 3799 templi
1399 3725 1696 3798 simulque
1715 3729 1772 3782 et
1792 3724 1982 3800 operis

337 3815 618 3874 tessellati
641 3819 845 3870 auctor
856 3813 966 3869 fuit
986 3819 1096 3870 Leo
1119 3813 1208 3884 IV,
1233 3832 1406 3888 papa,
1437 3832 1590 3871 anno
1613 3815 1829 3872 Christi
1858 3816 1984 3883 848,

337 3910 440 3962 aut
468 3903 740 3961 Nicolaus
771 3903 814 3975 Ι,
847 3920 997 3976 papa
1029 3904 1260 3960 circiter
1315 3921 1538 3961 annum
1592 3905 1714 3961 860.
1771 3903 1906 3970 Quae
1937 3899 1988 3961 si

339 3997 499 4050 certa
527 3997 685 4072 sunt,
711 3993 834 4064 jem
866 3998 1134 4050 tenemus
1165 3993 1226 4049 in
1272 3993 1400 4067 ipsa
1444 3993 1595 4050 Urbe
1626 3994 1804 4050 ferme
1854 3999 1990 4050 ante

343 4097 550 4138 novem
582 4076 796 4138 saecula
825 4082 882 4140 in
913 4099 1024 4140 usu
1059 4082 1240 4140 fuisse
1271 4098 1589 4139 consonam
1614 4098 1823 4139 vocum
1854 4081 1990 4139 har-

342 4173 601 4228 moniam
626 4170 686 4230 in
716 4172 1002 4228 versibus.
1035 4175 1094 4230 Si
1125 4173 1329 4230 eodem
1362 4169 1595 4241 saeculo,
1646 4187 1766 4242 quo
1799 4172 1988 4228 Ludo-

341 4259 506 4318 vicus
537 4261 676 4318 Pius
731 4263 1034 4336 Augustus
1064 4279 1095 4319 e
1143 4261 1286 4318 vivis
1339 4259 1586 4317 excessit
1617 4259 1750 4334 (hoc
1793 4265 1989 4317 autem

2094 3725 2338 3799 contigit
2366 3743 2520 3783 anno
2547 3724 2718 3783 Cristi
2749 3727 2875 3798 840)
2905 3725 3299 3800 compositum
3329 3726 3540 3784 fuisset
3557 3727 3746 3802 epita-

2098 3814 2328 3887 phium,
2381 3816 2510 3888 ejus
2541 3814 2770 3871 tumulo
2800 3815 3042 3872 Metensi
3099 3815 3157 3871 in
3192 3816 3332 3872 urbe
3388 3817 3749 3889 appositum,

2098 3905 2254 3976 quod
2285 3908 2444 3960 tomo
2477 3903 2547 3974 II,
2575 3920 2708 3976 pag.
2751 3906 2879 3972 320,
2940 3903 3218 3978 Scriptor.
3275 3904 3607 3963 Francicor.
3665 3907 3746 3963 du

2098 3992 2352 4061 Chesnii,
2386 3997 2444 4049 et
2473 3993 2532 4048 in
2559 3992 2887 4050 Annalibus
2916 3991 3234 4050 cardinalis
3256 3993 3491 4075 Barcnii
3515 3993 3752 4069 legitur,

2099 4081 2465 4140 luculentum
2495 4081 2744 4140 alterum
2774 4081 3128 4140 haberemus
3157 4082 3510 4143 homotonits
3543 4083 3606 4142 in
3634 4101 3751 4145 vers

2099 4171 2266 4228 sibus
2295 4175 2434 4229 tunc
2465 4172 2750 4229 adamata
2781 4171 3490 4238 testimonium.Quatuor
3520 4177 3752 4233 tantum

2098 4260 2418 4317 versiculos
2449 4261 2588 4319 inde
2617 4266 2921 4335 excerptas
2949 4263 3148 4320 offero.

764 4387 1045 4446 IMPERII
1084 4385 1396 4455 FVLMEN,
1439 4384 1880 4442 FRANCORUM
1919 4385 2176 4441 NOBILE
2213 4384 2526 4452 CVLMEN,

908 4475 1215 4532 EXCITVS
1254 4475 1294 4530 E
1334 4475 1602 4532 SECVLO
1641 4475 2005 4532 CONDITVR
2043 4475 2185 4532 HOC
2224 4475 2542 4545 TUMVLO,

768 4565 908 4622 REX
949 4563 1367 4632 LVDOVICUS,
1407 4564 1734 4621 PIETATIS
1771 4565 2054 4621 TANTVS
2092 4563 2382 4643 AMICVS,

909 4654 1103 4723 QVOD
1143 4654 1304 4710 PIVS
1342 4658 1388 4711 A
1429 4654 1702 4712 POPVLO
1741 4654 2034 4712 DICITVR
2072 4655 2158 4711 ET
2193 4655 2478 4725 TITVLO,
2520 4659 2630 4711 etc.

339 4800 592 4874 Drogoni
612 4815 845 4873 quoque
858 4797 1294 4872 archiepiscopo
1308 4797 1846 4871 Metensi,ejusdem
1867 4798 1983 4856 Lu-
2017 4801 2061 4867 υ
2092 4798 2165 4856 ab
2195 4798 2398 4857 eodem
2431 4797 2511 4854 du
2541 4797 2790 4855 Chesnio
2819 4797 3244 4872 editum,cujus
3269 4813 3344 4856 en
3369 4797 3606 4872 primos
3625 4815 3752 4857 ver.-

340 4889 527 4948 dovici
556 4889 642 4945 Pii
673 4889 861 4958 fratri,
893 4888 1142 4945 alterum
1173 4887 1538 4961 epitaphium
1567 4886 1824 4960 positum
1856 4888 1986 4958 fuit,

2099 4905 2240 4945 sus:

766 5013 1130 5072 CONDITVR
1168 5014 1308 5070 HOC
1346 5013 1572 5070 BVSTO
1613 5013 1907 5070 “US$131.
1947 5013 2191 5068 DROGO
2232 5013 2590 5070 MARMORE
2629 5013 2989 5070 SCULPTO:

905 5103 1237 5159 SPIRITVS
1268 5102 1338 5158 IN
1380 5101 1641 5170 REQVIE
1683 5103 1936 5160 L/ETVS
1976 5101 2163 5159 OVAT
2202 5102 2532 5170 ABRAHIE,
2575 5107 2682 5160 etc.

340 5249 622 5305 Praeterea
651 5247 708 5302 in
743 5246 1232 5306 Laurcshamcnsi
1261 5247 1616 5305 monasterio
1646 5246 1984 5320 sepulcrum

339 5326 534 5396 adhuc
588 5337 801 5394 visitur
845 5336 1168 5393 Tassilonis
1226 5336 1503 5410 Bajoaria:
1561 5337 1748 5402 ducis,
1807 5352 1982 5408 quem

2092 5245 2332 5302 Carolus
2385 5245 2637 5319 Magnus
2665 5261 2696 5300 e
2726 5243 2872 5302 solio
2904 5244 3134 5318 dejecit,
3167 5260 3306 5302 cum
3346 5243 3511 5304 hisce
3571 5246 3746 5304 versi—

2093 5337 2205 5393 bus
2235 5352 2248 5390 :

905 5461 1269 5518 CONDITVR
1308 5461 1446 5516 HAC
1483 5459 1734 5528 FOVEA,
1775 5459 1975 5525 QVEM
2016 5459 2127 5516 PIE
2167 5457 2478 5515 CHRISTE
2516 5457 2673 5526 BEA,

761 5551 1054 5605 TASSILO
1094 5549 1241 5605 DVX
1282 5546 1590 5614 PRIMUM,
1629 5548 1808 5605 POS'I‘
1847 5549 2007 5616 REX,
2041 5545 2428 5604 MONACHVS
2466 5547 2600 5604 SED
2635 5547 2732 5605 AD
2774 5547 2986 5608 IMVM.

764 5637 998 5696 lDIBVS
1041 5639 1110 5696 ΙΝ
1150 5636 1416 5696 TERNIS
1453 5635 1912 5698 DECESSERAT
1949 5637 2110 5699 ILLE
2150 5633 2578 5697 DECEMBRIS.
