3896 6216
120 388 220 462 788
1394 380 1757 449 RHYTHMI
1800 380 2185 447 VETERES.
3366 378 3484 441 786

117 536 211 597 sed
238 528 377 607 quia‘
395 524 660 587 dubitare
695 523 830 586 licet
857 539 928 585 ne
957 522 1131 599 longe
1168 521 1357 581 serius
1397 520 1579 579 additi
1610 520 1734 579 fue-
1761 523 1818 592 Α
1847 522 2111 579 membra
2137 519 2424 590 versibus,
2457 523 2763 595 postremae
2795 536 3045 596 quorum
3081 520 3313 594 syllabae
3342 520 3490 578 invi-

119 627 221 685 rint
246 618 480 681 tumulis
512 616 804 693 ejusmodi
832 632 1060 683 versus,
1083 613 1331 671 certiora
1350 628 1734 686 apponamus.
1847 628 1973 668 cem
2030 610 2142 668 sibi
2191 611 2641 685 respondebant.
2675 609 2973 683 Evulgavit
3020 626 3171 683 saepe
3216 610 3492 667 laudatus

117 717 314 788 Gaspar
341 707 633 775 Barthius,
658 705 747 762 vir
774 704 1215 778 spectatissime
1240 699 1607 767 eruditionis,
1632 699 1735 755 lib.
1848 700 2222 758 Mabillonius
2253 700 2312 756 in
2343 699 2670 755 Annalibus
2714 699 3112 788 Benedictinis
3152 699 3495 788 adﬂannum

116 787 249 863 xxxii
282 795 669 857 Adversarior.
701 793 991 851 Erinfredi
1024 791 1296 848 monachi
1336 807 1570 847 carmen
1604 789 1736 859 rhy-
1847 793 1953 847 827
1980 807 2184 847 versus
2240 791 2299 845 in
2359 788 2761 845 vetustissimo
2803 789 3000 845 codice
3053 787 3500 847 Altivillarensis

118 891 378 950 tbmicum
421 902 491 944 ex
534 902 645 941 ms.
698 883 895 940 codice
939 882 1173 956 profert.
1207 880 1311 937 Hic
1359 884 1554 935 autem
1601 880 1742 934 vixit
1848 879 2076 936 circiter
2121 897 2189 935 ea
2228 882 2492 951 tempora
2535 878 2805 950 scriptos,
2838 895 2868 934 e
2900 878 3117 950 quibus
3165 894 3291 951 quae
3342 893 3501 935 nunc

117 996 243 1039 anno
279 978 399 1045 806,
433 979 496 1032 ut
546 975 668 1030 Vita
723 975 840 1046 ejus
895 975 1145 1028 testatur.
1178 971 1264 1027 En
1313 967 1461 1026 duas
1508 971 1739 1024 tantum
1849 969 2099 1037 aiebam,
2133 967 2331 1024 leviori
2363 968 2593 1042 negotio
2625 966 2917 1040 intelliges
2952 984 2965 1023 ε

116 1069 257 1127 illius
285 1063 562 1124 carminis
591 1062 863 1135 strophas
899 1079 911 1117 :

551 1152 850 1209 Felicitatis
880 1151 1070 1222 regula

482 1242 591 1297 Hac
620 1240 729 1313 ﬁne
754 1255 964 1312 semper
991 1238 1251 1296 constitit.

483 1330 561 1387 Λᾶ
586 1336 790 1403 puncta
817 1346 943 1385 cum
970 1329 1119 1384 venit
1145 1344 1265 1396 sua,

482 1412 545 1476 In
572 1435 629 1475 se
657 1420 840 1476 voluta
863 1419 1090 1475 corruit.

416 1510 765 1582 Quaecunque
792 1509 907 1564 vita
929 1507 1161 1580 protulit

485 1598 774 1668 Ambigua,
809 1597 955 1665 lata,
984 1597 1185 1652 tristia.

487 1689 811 1760 Quocunque
838 1703 894 1744 se
922 1702 1041 1759 spes
1070 1685 1273 1742 extulit

488 1776 685 1843 Inﬁda,
714 1776 876 1844 dura,
909 1776 1154 1843 credula,
1188 1777 1297 1830 etc.

109 1871 205 1929 Sed
235 1864 527 1945 praecipue
551 1864 763 1923 saeculo
789 1864 889 1920 illo
911 1881 977 1920 ac
997 1864 1228 1919 duobus
1250 1861 1747 1935 subsequentibus

112 1960 296 2018 multis
322 1972 490 2015 cum
505 1955 617 2011 fuit
644 1955 706 2011 in
733 1952 985 2026 singulis
1006 1953 1276 2009 versibus
1297 1955 1645 2008 concentum
1664 1968 1756 2007 vo-

111 2064 228 2106 cum
256 2045 545 2106 similium
568 2044 851 2112 inserere,
872 2041 1077 2098 divisis
1100 2042 1533 2115 quodammodo
1555 2041 1615 2097 in
1639 2041 1755 2097 duo

1778 1908 1829 1973 Β

1921 1105 2049 1172 Ebo,
2086 1104 2338 1159 Rcmense
2363 1103 2541 1172 decus,
2570 1103 2794 1175 praesul,
2821 1108 3116 1175 pastorque
3143 1103 3420 1170 coruscus,

1924 1197 2114 1250 Doctor
2140 1194 2504 1264 evangelicus,
2532 1194 2784 1265 prwcelsi
2813 1193 2970 1262 Regis
2994 1194 3224 1259 amicus,

1924 1286 2077 1339 Hunc
2106 1284 2166 1337 in
2194 1298 2377 1339 amore
2404 1283 2520 1348 Dei,
2553 1284 2810 1355 Peli-ique
2837 1284 2899 1337 in
2927 1282 3127 1338 honore
3159 1282 3321 1350 beati,

1922 1373 2150 1429 Librum
2170 1373 2338 1445 jussit
2366 1373 2477 1443 agi,
2514 1372 2713 1443 plenus
2741 1373 3061 1444 spiraminis
3090 1369 3220 1441 alti,
3251 1374 3358 1427 etc.

1856 1507 1957 1562 Hic
1985 1510 2192 1579 praeter
2220 1509 2512 1562 commata
2539 1522 2744 1561 versus
2791 1506 3198 1578 cujuscunque
3228 1522 3506 1571 consona,

1855 1595 2030 1651 etiam
2074 1594 2209 1651 ﬁnis
2253 1595 2430 1650 unius
2459 1610 2664 1650 versus
2712 1597 2995 1650 consonat
3024 1610 3157 1649 cum
3206 1594 3319 1650 ﬁne
3372 1593 3511 1650 alte-

1856 1684 2003 1753 rius,
2037 1684 2211 1740 unica
2267 1688 2463 1739 tamen
2525 1683 2766 1756 syllaba.
2802 1682 2890 1739 Ita
2924 1682 2986 1739 in
3039 1682 3264 1739 musivo
3319 1683 3511 1738 adhuc

1858 1775 2172 1846 superstite
2189 1772 2447 1829 Basilicas
2464 1773 2861 1829 Ambrosianac
2881 1771 3513 1844 Mediolanensis,quod

1856 1863 2086 1919 circiter
2143 1880 2361 1919 annum
2420 1864 2527 1918 835
2594 1862 2983 1935 compositum
3054 1862 3266 1934 fuisse,
3327 1876 3517 1933 neque

1863 1952 2179 2021 immerito,
2216 1952 2558 2009 Puricellius
2589 1958 2807 2023 censet,
2842 1951 3222 2010 tetrastichon
3253 1951 3412 2009 istud
3443 1950 3520 2007 le-

1864 2041 2023 2114 gitur
2054 2059 2067 2096 :

600 2183 976 2243 MARTINVS
1017 2184 1370 2252 MORITVR,
1412 2184 1544 2241 SED
1582 2183 1771 2238 VIT/E
1809 2182 2001 2239 DONA
2039 2182 2389 2240 MERETVR
2423 2203 2436 2240 :

746 2273 1156 2331 TRISTATUR
1194 2273 1511 2342 MVNDVS,
1554 2273 2090 2337 ADJUBILATQUE
2128 2272 2371 2329 POLVS.

600 2361 799 2421 MORS
838 2364 976 2420 SVA
1016 2363 1236 2423 DIGNA
1275 2363 1465 2419 ΒΟΝΟ
1505 2362 1795 2419 FERTVR
1833 2361 2253 2417 CELEBRATA
2291 2360 2650 2427 PATRONO,

745 2452 1078 2510 SPIRITVS
1116 2452 1456 2509 AMBROSII
1494 2452 1652 2508 DVM
1696 2450 2142 2509 FAMULATVR
2180 2450 2295 2506 IBI.

108 2570 335 2629 Milonis
373 2585 610 2644 quoque
663 2567 1013 2626 Elnonensis
1044 2568 1316 2625 monachi
1373 2586 1578 2625 versus
1638 2570 1764 2641 pari

109 2663 391 2717 concentu
423 2657 754 2715 elaboratas
804 2672 956 2714 anno
1006 2657 1219 2714 Christi
1251 2660 1358 2715 855
1386 2660 1562 2715 refert
1609 2658 1763 2715 idem

108 2747 487 2808 Mabilloniu‘s
517 2747 577 2803 in
627 2746 952 2805 Annalibus
984 2747 1373 2804 Benedictinis
1423 2748 1495 2803 ad
1543 2765 1763 2805 annum

108 2840 230 2897 872.
264 2838 420 2894 Vide
467 2837 645 2897 etiam
693 2836 977 2893 formulas
1000 2852 1097 2892 xw
1121 2841 1178 2892 et
1218 2855 1292 2893 xv
1338 2839 1480 2893 tomi
1512 2842 1563 2893 II
1594 2839 1766 2911 Capi-

110 2927 282 2985 tular.
326 2924 576 2994 Baluzii,
618 2940 751 2997 pag.
772 2926 897 2981 565.
931 2926 1055 2981 Non
1087 2942 1166 2982 ese
1197 2928 1435 3000 quidem
1485 2932 1625 2984 sunt
1653 2928 1767 2984 for-

108 3015 310 3083 malm,
325 3013 437 3070 sed
460 3012 717 3086 rhythmi
737 3013 875 3082 duo,
889 3030 1181 3070 summam
1200 3016 1530 3072 barbariem
1551 3016 1772 3089 spiran-

104 3109 212 3175 tes,
265 3106 473 3175 atque,
504 3105 573 3157 ut
619 3101 844 3176 opinor,
876 3103 947 3158 ab
970 3102 1221 3160 indoctis
1248 3105 1505 3161 librariis
1555 3106 1771 3161 mirum

105 3193 169 3249 in
198 3190 461 3249 modum
508 3184 837 3244 deformati.
871 3189 1084 3262 [Supra
1128 3207 1262 3247 vero
1320 3193 1772 3249 commemoravi

107 3283 445 3339 Notkerum
488 3275 822 3345 Balbulum,
855 3278 1202 3334 cmnobitam
1246 3280 1442 3335 Sancti
1472 3280 1639 3350 Galli,
1675 3282 1773 3354 qui

108 3371 214 3428 sub
247 3366 667 3426 ﬂuem‘s$buli
716 3367 878 3434 noni,
912 3371 1087 3440 atque
1133 3367 1369 3424 initium
1417 3369 1650 3439 decimi,
1684 3370 1775 3426 Se-

106 3456 721 3533 quentia‘rumdibrum
752 3455 954 3524 edidit,
982 3457 1057 3512 ab
1087 3457 1346 3530 antiquis
1372 3456 1698 3525 laudatum,
1723 3463 1780 3515 et

111 3548 411 3606 aclar‘isb.
454 3546 579 3604 viro
632 3546 693 3602 P.
742 3545 908 3602 Pezio
960 3551 1110 3618 part.
1160 3547 1351 3619 prima
1405 3547 1548 3604 tomi
1604 3547 1775 3620 primi

110 3638 406 3696 Thesaur.
449 3636 793 3693 Anecdotor.
847 3635 1153 3692 novissim.
1185 3635 1428 3693 editum.
1475 3637 1779 3709 Ejusmodi
1811 3639 1855 3704 C

118 3728 432 3801 Seguentiae
464 3727 635 3799 (quas
675 3725 925 3798 hymnos
973 3724 1167 3797 potius
1199 3725 1493 3798 appellare
1538 3727 1785 3799 placeat)

118 3816 463 3891 rbytbmica
490 3813 726 3870 licentia
756 3814 1092 3886 compositae
1131 3818 1269 3871 sunt
1316 3817 1426 3872 sub
1456 3815 1632 3872 variis
1664 3833 1783 3872 me-

121 3906 249 3963 tris.
280 3906 487 3963 Unam
515 3918 585 3960 ex
613 3901 687 3958 iis
717 3901 897 3975 selige
930 3918 943 3958 :
1048 3920 1049 3923 η

2158 2567 2347 2622 Sancti
2369 2569 2563 2622 merita

2234 2656 2508 2713 Benedicti
2538 2657 2745 2728 inclyta

2238 2746 2489 2802 Verendaz
2523 2747 2850 2811 sanctitatis,

2233 2840 2309 2892 Ac
2336 2835 2727 2892 monachorum
2745 2835 3031 2908 prmsulis,

2236 2927 2343 2982 Pro
2370 2941 2522 2997 posse

2236 3015 2405 3087 Atque
2432 3031 2606 3070 nosse.

2240 3104 2457 3173 Organa
2486 3102 2674 3158 nostra
2695 3107 3033 3176 concrepent.

2168 3193 2370 3247 Nursia
2402 3192 2542 3261 felix

2244 3282 2383 3335 Tulit
2412 3287 2603 3335 natum
2631 3281 2877 3349 genitriac
2904 3297 2923 3335 :

2240 3370 2472 3424 Domina
2502 3368 2698 3424 mundi
2725 3371 2891 3424 Roma
2918 3370 3054 3441 fovit
3080 3368 3296 3424 alitrian

2240 3461 2341 3513 Hic
2369 3474 2501 3531 ergo
2528 3466 2840 3530 praeventus
2869 3459 3068 3530 optimo

2246 3548 2431 3603 Sancti
2462 3548 2701 3620 Spiritus
2730 3548 2891 3617 dono,
2922 3552 3031 3603 etc.

1893 3729 2058 3783 Anno
2089 3728 2195 3782 812
2225 3728 2401 3783 tinem
2443 3727 2672 3783 vivendi
2706 3727 2841 3785 fecit
2869 3728 3025 3785 idem
3056 3724 3549 3799 Notkerus,cujus

1896 3816 2259 3888 epitaphium
2293 3817 2602 3873 metricum
2650 3816 2982 3874 Mabillonio
3026 3817 3308 3873 debemus
3338 3815 3397 3871 in
3428 3817 3552 3873 An-

1900 3904 2133 3962 nalibus
2166 3907 2559 3963 Benedictinis
2590 3907 2816 3964 editum
2847 3906 2941 3964 his
2970 3906 3163 3963 verbis
3196 3924 3209 3964 :

636 4043 815 4100 ΕΟ.οΕ
855 4044 1084 4100 DECVS
1123 4046 1424 4113 PATRl/E,
1466 4047 1868 4115 NOTKERVS,
1911 4048 2162 4104 DOGMA
2200 4049 2495 4115 SOPHl/E,

810 4134 909 4188 VT
948 4133 1321 4202 MORTALIS
1359 4137 1583 4205 HOMO,
1624 4138 1989 4195 CONDITVR
2028 4138 2169 4194 HOC
2208 4138 2511 4194 TVMVLO

636 4220 873 4279 IDIBVS
915 4222 1222 4280 OCTONIS
1262 4224 1379 4280 HIC
1419 4225 1655 4283 CARNE
1693 4226 2017 4283 SOLVTVS
2054 4228 2355 4294 APRlLlS,

814 4311 1066 4369 COELIS
1107 4312 1524 4382 1NVEHITVR,
1563 4316 1890 4372 CARMINE
1930 4316 2367 4373 SVSCIPITVR.

190 4447 377 4505 Plura
407 4444 706 4519 ejusmodi
746 4444 946 4501 nullus
994 4445 1197 4502 dubito
1228 4446 1370 4519 quin
1419 4447 1793 4516 haberemus,

124 4538 352 4612 scripta
372 4537 557 4609 longe
577 4534 754 4591 etiam
778 4539 912 4590 ante
930 4535 1271 4603 Notkerum,
1297 4534 1408 4592 nisi
1431 4541 1686 4611 tempus,
1702 4539 1795 4594 cui

122 4632 214 4684 tot
256 4626 535 4701 pretiosa
583 4624 963 4693 succubuere,
994 4624 1144 4681 levia
1190 4624 1311 4682 haec
1351 4638 1584 4699 quoque
1629 4628 1797 4683 nobis

124 4716 471 4774 invidisset:
497 4713 692 4770 Unum
722 4712 866 4769 illud
900 4713 1315 4771 San-Gallense
1346 4716 1676 4772 coenobium
1709 4733 1797 4773 ce-

122 4804 548 4872 leberrimum,
580 4802 639 4857 in
689 4819 806 4875 quo
844 4801 1133 4860 Notkerus
1163 4804 1322 4873 vixit,
1363 4803 1478 4862 alia
1524 4806 1799 4880 suppedi-

120 4900 247 4952 tare
277 4895 381 4951 hic
413 4895 615 4967 potest
644 4892 717 4947 ab
762 4891 1008 4948 Henrico
1039 4892 1266 4949 Canisio
1296 4894 1470 4963 edita,
1495 4912 1562 4951 ac
1592 4896 1801 4953 deinde

120 4981 668 5041 in*’Bibliothecam
718 4981 952 5036 Patrum
1001 4980 1182 5038 illata.
1218 4982 1338 5039 Illic
1387 4983 1671 5058 hymnum
1721 4985 1802 5042 le-

1904 4450 2120 4506 Eodem
2153 4450 2355 4506 ordine
2386 4452 2833 4507 consonantium
2865 4466 3074 4506 vocum
3115 4449 3437 4523 procedunt
3468 4466 3555 4505 rc-

1906 4538 2070 4610 liqui.
2096 4540 2245 4595 Sunt
2275 4539 2352 4594 ibi
2386 4544 2445 4594 et
2474 4538 2569 4595 alii
2600 4540 2825 4613 hymni,
2851 4539 3081 4612 aliaque
3108 4541 3376 4612 poemata
3407 4555 3561 4594 eam-

1908 4629 2039 4683 dem
2084 4628 2392 4684 verborum
2446 4633 2734 4685 texturam
2784 4627 3169 4701 przel'erentia,
3204 4630 3306 4682 aut
3352 4627 3557 4683 eodem

1910 4715 2120 4771 saeculo
2170 4734 2225 4770 1x
2274 4719 2374 4770 aut
2404 4734 2437 4771 x
2468 4718 2820 4788 composita;
2853 4716 2936 4773 ita
2983 4721 3049 4772 ut
3094 4717 3222 4787 jam
3281 4715 3558 4786 abundet,

1912 4805 2066 4860 unde
2113 4821 2315 4861 eorum
2356 4804 2553 4877 opinio
2596 4803 2749 4861 male
2787 4808 3034 4861 consuta
3073 4803 3246 4860 nobis
3272 4803 3559 4874 videatur,

1911 4893 2012 4966 qui
2044 4894 2143 4950 ubi
2191 4892 2413 4966 aliquid
2465 4893 2704 4949 Leonini
2753 4898 3071 4951 concentus
3119 4893 3386 4961 audiunt,
3417 4893 3562 4951 illud

1912 4984 2189 5041 continuo
2221 4983 2289 5038 ad
2344 4982 2623 5040 saeculum
2654 5001 2710 5039 x1
2743 4987 2800 5040 et
2830 4983 3250 5058 subsequentia
3277 4983 3566 5059 pertinere

124 5080 233 5147 gas
267 5074 343 5130 ab
400 5071 769 5128 Hartman'no
820 5070 1106 5126 monacho
1164 5074 1553 5146 compositum
1584 5075 1805 5145 (ﬂoruit
1914 5073 2025 5129 sibi
2059 5072 2467 5145 persuadeant.
2501 5072 2694 5128 Edidit
2739 5090 2971 5147 quoque
3012 5074 3280 5132 Canisius
3330 5090 3567 5130 carmen

124 5163 227 5220 ille
257 5160 513 5221 circiter
552 5176 771 5216 annum
803 5156 928 5231 870)
961 5162 1131 5232 cujus
1178 5161 1237 5218 hi
1288 5167 1426 5220 sunt
1471 5165 1645 5238 primi
1676 5183 1802 5222 ver-

128 5262 239 5309 sus
265 5271 281 5309 ε

552 5427 687 5483 Cum
714 5430 875 5484 natus
904 5431 1036 5485 esset
1064 5430 1345 5500 Dominus,

620 5516 890 5574 Turbatur
912 5533 1012 5575 rex
1039 5518 1350 5578 incredulus

624 5606 767 5679 Magi
794 5608 1041 5664 tulerunt
1069 5625 1321 5677 munera,

627 5697 766 5765 Quos
798 5699 959 5755 stella
985 5698 1147 5755 duxit
1168 5703 1398 5771 praevia.

1914 5162 2246 5219 Salomonis
2299 5162 2554 5235 episcopi
2604 5162 3091 5233 Constantiensis,
3142 5165 3245 5238 qui
3302 5164 3568 5220 currente

1918 5270 2069 5309 anno
2098 5254 2204 5308 895
2236 5252 2496 5308 ﬂorebat.

1991 5435 2209 5490 Eximie
2237 5436 2483 5501 antistes,
2516 5433 2612 5489 has
2642 5434 2844 5504 accipe,
2877 5432 3045 5500 Dado,
3078 5432 3301 5497 salutes,

2066 5524 2409 5594 Conscriptas
2438 5524 2589 5579 tristi
2617 5539 2652 5577 a
2676 5521 2967 5578 Salomone
2996 5519 3115 5587 tibi,
3141 5520 3241 5575 etc.

1934 5703 1997 5760 In
2031 5696 2273 5774 reliquis
2301 5700 2456 5758 idem
2487 5702 2577 5755 est
2605 5696 2940 5754 artiﬁcium.
2968 5695 3134 5753 Hisce
3158 5695 3344 5767 junge
3375 5685 3579 5749 inscri-
