3896 6216
341 389 458 454 ³787

1049 389 1242 456 ΒΕΟ.
1287 391 1389 456 XI.
1435 393 1664 456 AUCT.
1709 391 2022 456 lNCER’l‘I
2069 393 2254 454 ANNI
2299 393 2401 456 ET
2445 391 2745 456 SCRIPT.
2793 396 3016 450 ’AAExlI.

3631 391 3754 457 788

336 522 601 602 ptionem
629 524 882 599 positam
912 527 1126 584 Emmae
1154 531 1526 602 ,r‘i-ancorum
1559 527 1770 602 reginae
1801 544 1954 584 anno
1985 525 2110 596 954,
2142 541 2320 600 quam
2349 525 2569 599 profert
2607 523 2985 584 Mabillonius
3035 540 3225 599 nuper
3272 521 3586 584 laudatus-
3605 527 3750 602 Ejus

335 595 559 666 primos
587 595 817 655 tantum
848 615 1052 656 versus
1082 600 1324 656 exhibeo
1360 618 1372 655 :

829 687 1190 744 SANGVINE
1231 689 1570 744 CzESAREO
1607 687 1827 742 JACET
1869 686 1982 743 HIC
2020 685 2339 743 EXCELSA
2379 685 2730 752 PROPAGO,

975 759 1413 816 FRANCORVM
1454 758 1726 814 POPVLO
1763 757 2078 814 PRODITA
2117 759 2208 814 DE
2250 758 2534 813 KAROLO
2565 764 2674 812 etc.

331 843 496 909 Quod
519 845 568 902 si
593 845 837 920 pluraid
859 862 1046 920 genus
1065 848 1361 920 epitaphia
1383 848 1568 920 cupis,
1588 847 1684 903 adi
1710 847 1974 918 ejusdem
2005 850 2060 918 Α
2088 847 2180 915 lis,
2213 846 2270 902 in
2303 847 2561 902 carmine
2591 847 2662 901 de
2691 846 2873 918 gestis
2903 845 3184 903 Oddonis.
3218 847 3304 902 En
3335 847 3485 904 duos
3515 851 3750 906 tantum

333 932 656 992 Mabillonii
686 935 980 992 Analecta.
1005 936 1252 992 Consule
1289 935 1466 992 etiam
1503 935 1760 992 Annales
1787 937 1982 992 Trevi-

331 1037 536 1080 rensea
591 1024 870 1095 Broweri,
895 1025 996 1097 qui
1055 1023 1220 1080 nulta
1274 1025 1442 1080 atl'ert
1499 1024 1728 1081 saeculis
1760 1029 1976 1092 octavo,

335 1127 489 1168 nono
528 1115 587 1170 et
626 1112 853 1170 decimo
900 1113 1474 1187 romposita.Eodem
1519 1118 1714 1169 autem
1765 1113 1979 1171 saeculo

335 1199 559 1256 decimo
578 1199 775 1257 ﬂoruit
790 1202 1157 1258 Frodoardus
1178 1202 1504 1268 Remensis,
1520 1203 1619 1274 qui
1641 1202 1700 1258 in
1724 1202 1981 1258 carmine

333 1288 404 1344 de
433 1289 570 1344 Vita
594 1289 786 1346 Sancti
816 1290 1162 1346 Columbani
1183 1291 1402 1347 multos
1431 1291 1728 1348 interserit
1753 1309 1977 1358 versus,

331 1377 534 1432 eodem
566 1377 810 1435 artiﬁcio
853 1379 1178 1436 elaboratos
1212 1397 1224 1437 :
1259 1381 1414 1452 quod
1441 1383 1498 1436 et
1537 1379 1808 1452 praestitit
1838 1381 1980 1436 Ros-

278 1496 284 1504 ς
326 1464 508 1532 vitha,
540 1465 1017 1539 incomparabilis
1047 1469 1311 1539 ejusdem
1344 1467 1540 1524 saeculi
1571 1468 1983 1524 sanctimonia-

2093 935 2252 991 illius
2284 951 2487 992 versus
2517 952 2529 990 :

2159 1026 2451 1095 Postquam
2480 1025 2592 1079 Rex
2621 1025 2828 1093 rigum,
2861 1025 2958 1095 qui
2985 1023 3132 1080 solus
3161 1029 3356 1096 regnat
3383 1026 3446 1080 in
3473 1039 3686 1094 aevum,

2159 1118 2268 1168 Per
2294 1129 2352 1168 se
2369 1117 2686 1168 cunctorum
2705 1116 3084 1168 transmutans
3107 1120 3348 1185 tempora
3369 1129 3622 1186 regnum,
3635 1117 3744 1171 etc.

2089 1201 2288 1259 Finem
2343 1201 2570 1258 vivendi
2637 1201 2773 1257 fecit
2830 1217 2982 1257 anno
3044 1199 3260 1258 Christi
3327 1201 3436 1258 993
3501 1206 3747 1259 sanctus

2089 1291 2468 1348 Gebehardus
2505 1289 2969 1346 Constantiensis
3021 1290 3354 1362 episcopus,
3402 1289 3575 1363 eique
3606 1295 3746 1348 tunc

2089 1380 2346 1451 positum
2397 1379 2508 1434 fuit
2551 1377 2937 1450 epitaphium,
2970 1395 3004 1434 a
3041 1377 3272 1434 Canisio
3321 1383 3379 1435 et
3425 1379 3600 1435 Surio
3651 1396 3742 1436 re-

2089 1465 2298 1522 latum.

720 1555 979 1611 DEBITA
1017 1557 1200 1611 PARS
1236 1556 1494 1611 TERRE
1534 1557 1932 1612 FALLENTIA
1970 1556 2312 1612 TEMPORA
2351 1554 2646 1625 SPERNE,

720 1627 808 1682 ET
846 1626 1248 1682 MEMORARE
1287 1626 1450 1695 νιιἘ,
1491 1627 1690 1691 QVAM
1730 1627 2112 1683 TESTATVR
2149 1628 2336 1683 CINIS
2375 1627 2550 1684 ISTE.

717 1697 977 1752 GEN'I‘IS
1017 1697 1262 1754 HONOR
1299 1698 1606 1754 NOSTRE
1642 1698 1856 1755 JACET
1895 1699 2032 1761 HIC,
2073 1699 2334 1754 GEN'I‘IS
2375 1697 2611 1754 DOLOR
2649 1697 2920 1765 ATQVE;

717 1768 1041 1826 PREFUIT
1077 1768 1246 1824 HUIC
1285 1769 1474 1838 URBI,
1515 1769 1800 1826 CUNCTO
1837 1770 1970 1826 SED
2011 1769 2324 1825 PROFUIT
2365 1769 2554 1834 ORBI,
2595 1773 2705 1824 etc.

325 1854 674 1914 Adelmanni
723 1857 1064 1915 Scholastici
1113 1860 1441 1930 Rhythmum
1486 1859 1904 1930 alphabeticum,
1947 1877 1982 1914 a
2013 1861 2058 1927 Β
2083 1858 2526 1915 consuetudinis
2557 1863 2767 1914 testem
2805 1857 3171 1915 luculentum
3213 1858 3366 1915 dabo
3393 1857 3742 1932 Othlonum,

327 1946 686 2020 prmlaudato
707 1947 1044 2004 Mabillonio
1065 1947 1219 2003 inter
1236 1946 1510 2003 Analecta
1530 1948 1774 2016 editum,
1799 1965 1977 2020 supra

327 2035 664 2092 memoravi.
698 2035 753 2092 Is
801 2036 871 2092 ad
919 2034 1198 2092 saeculum
1246 2053 1304 2091 xx
1351 2038 1592 2107 spectat,
1625 2035 1976 2109 compositu-

327 2141 474 2199 sque
515 2125 624 2181 fuit
666 2126 898 2181 circiter
945 2141 1164 2180 annum
1201 2125 1355 2180 I035.
1386 2125 1526 2180 Tres
1575 2142 1778 2180 versus
1826 2129 1973 2180 stro-

325 2213 502 2286 pham
533 2214 869 2282 conficiunt,
899 2231 965 2269 ac
986 2213 1353 2287 singulorum
1376 2213 1510 2270 linis
1541 2213 1718 2268 simili
1752 2213 1975 2287 syllaba

323 2305 573 2369 constat,
606 2302 690 2358 uti
723 2319 755 2358 e
783 2301 975 2376 prima
1005 2301 1246 2375 stropha
1277 2301 1568 2358 constabit
1601 2320 1614 2358 :

392 2391 700 2450 Armenia?
724 2392 1008 2464 facultatis
1036 2391 1349 2464 adspirante
1373 2393 1579 2461 gratia,

393 2481 580 2554 Refero
609 2482 754 2539 viros
785 2482 1044 2549 illustres,
1079 2482 1386 2537 litterarum
1414 2482 1649 2547 lumina,

393 2571 532 2640 Quos
562 2571 770 2626 recenti
796 2570 1113 2626 recordatur
1139 2587 1293 2625 mens
1323 2569 1506 2625 dolore
1532 2571 1742 2636 saucia,
1777 2573 1884 2624 etc.

317 2659 618 2716 Consonus
631 2675 862 2732 quoque
873 2675 1042 2714 voces
1059 2658 1117 2712 in
1138 2658 1252 2715 {ine
1262 2658 1668 2731 rhythmorum
1687 2657 1966 2726 invenias,

321 2765 436 2822 quo
467 2751 708 2804 sanctus
753 2746 1063 2804 Fulhertus
1111 2751 1244 2802 ante
1294 2746 1725 2802 Adclmannum
1771 2746 1967 2802 elucu-

321 2835 529 2894 bravit.
561 2836 826 2892 Similem
874 2835 1216 2909 rhythmum
1248 2835 1478 2891 circiter
1505 2851 1724 2891 annum
1757 2835 1967 2891 Christi

322 2927 462 2982 1075
491 2923 874 2999 Landulphus
900 2925 1124 2991 Senior,
1148 2923 1464 2982 historicus
1494 2924 1965 2992 Mediolanensis,

325 3013 598 3088 procudit
623 3013 686 3070 in
717 3013 832 3069 ﬁne
855 3013 986 3069 libri
1017 3013 1190 3086 primi
1216 3011 1477 3070 Historiae
1507 3031 1540 3070 a
1571 3030 1663 3069 me
1683 3013 1849 3069 editae
1881 3019 1966 3069 to-

323 3119 421 3160 mo
451 3103 527 3159 ιν
556 3103 687 3160 Rer.
721 3101 966 3159 Italicar.
998 3103 1209 3176 Accipe
1239 3103 1492 3176 priorem
1524 3102 1822 3176 stropham
1857 3119 1871 3158 :

390 3193 516 3250 Iesu
543 3192 773 3261 Christe,
805 3191 1062 3264 splendor
1084 3193 1286 3262 Patris,
1318 3193 1428 3259 via,
1457 3194 1655 3248 veritas
1683 3195 1736 3248 et
1765 3194 1894 3262 vita,

391 3281 651 3338 Omnium
677 3279 994 3354 Redemptor
1016 3283 1128 3354 pie,
1157 3285 1476 3336 cunctorum
1502 3283 1755 3352 (equites,

391 3371 678 3430 Universos
702 3373 800 3444 qui
826 3378 876 3426 te
903 3374 1154 3443 quaerunt
1181 3378 1274 3426 tua
1301 3371 1466 3442 replet
1495 3370 1756 3426 charitas.

317 3463 379 3518 In
410 3461 599 3535 primo
627 3475 798 3518 versu
827 3459 1142 3532 legendum
1171 3464 1260 3516 est
1288 3463 1400 3516 vita
1422 3464 1472 3514 et
1498 3461 1740 3516 veritatis
1760 3460 1962 3516 eodem

317 3553 503 3607 metro
545 3549 736 3606 cmteri
784 3549 1126 3622 procedunt.
1154 3547 1263 3603 Sed
1291 3553 1349 3602 et
1377 3547 1528 3602 idem
1581 3547 1964 3621 Landulphus

315 3639 418 3696 lib.
441 3655 527 3707 ιιι,
551 3655 680 3712 cap.
705 3637 794 3702 46,
817 3637 992 3692 refert
1012 3638 1366 3702 cantilenam,
1392 3635 1498 3692 hoc
1529 3641 1614 3692 est
1643 3637 1963 3709 rhytmum,

313 3744 478 3802 super
503 3732 710 3785 statum
753 3727 901 3796 regis
943 3724 1171 3790 Alberti,
1197 3724 1255 3779 in
1287 3741 1404 3796 quo
1435 3725 1817 3782 describendo
1848 3743 1962 3782 non

316 3815 498 3874 semel
529 3813 789 3888 peccavit
817 3813 1096 3884 antiquus
1125 3813 1443 3869 Librarius.
1463 3813 1569 3868 Vix
1590 3813 1790 3870 dubito
1822 3815 1963 3886 quin

316 3901 608 3978 ejusmodi
643 3901 956 3974 rhythmus
1004 3902 1302 3958 confectus
1353 3901 1528 3957 fuerit
1557 3918 1672 3973 quo
1706 3905 1965 3974 tempore

315 4011 384 4049 ex
433 4007 612 4066 regno
667 3987 842 4046 Italia:
887 3990 1099 4046 excidit
1145 3991 1512 4058 Adelbortus,
1555 3991 1884 4062 Berengarii
1916 3991 1964 4046 Il

315 4081 494 4148 filius,
528 4077 704 4136 Italica
734 4095 853 4145 rex,
875 4079 934 4136 id
956 4079 1300 4136 est'circiter
1327 4095 1549 4135 annum
1577 4078 1702 4133 962.
1737 4078 1854 4134 Hos
1881 4079 1962 4136 ibi

315 4169 712 4228 animadverte
738 4184 965 4237 versus,
997 4167 1056 4224 in
1087 4170 1214 4241 ejus
1244 4170 1646 4239 contemptum
1679 4185 1838 4225 more
1867 4186 1962 4226 ve-

313 4265 505 4317 terum
537 4259 934 4316 Romanorum
967 4255 1277 4314 Mediolani
1309 4255 1620 4312 cantitatos
1653 4274 1666 4313 :
1913 4258 1916 4262 ’

597 4349 681 4416 Te,
714 4347 942 4416 Alberte,
965 4347 1117 4402 decet
1143 4361 1358 4411 nemus,

596 4439 660 4493 Et
689 4437 936 4494 Ottonem
964 4439 1151 4490 manet
1177 4433 1356 4490 decus.

591 4527 700 4582 Pro
729 4525 971 4598 infamia
1015 4523 1276 4596 Walperti

595 4616 660 4672 Te
686 4614 833 4670 decet
860 4614 991 4682 alga
1019 4613 1196 4683 regni.

589 4705 698 4760 Pro
725 4704 921 4772 regina
950 4718 1099 4758 nunc
1125 4702 1324 4757 Latina

591 4793 748 4851 Utere
763 4792 888 4866 jam
915 4806 1066 4846 nunc
1090 4791 1332 4846 marina.

589 4882 696 4936 Pro
725 4880 898 4952 regali
925 4883 1130 4952 sceptro
1157 4883 1344 4935 nostro

2085 1947 2435 2004 Monachum
2455 1947 3184 2014 Sent-Emmeramensem,
3197 1947 3368 2020 cujus
3387 1965 3562 2020 opera
3581 1949 3744 2006 evul-

2083 2036 2242 2110 gavit
2295 2054 2476 2110 supra
2535 2035 2808 2092 laudatus
2853 2037 2915 2091 P.
2950 2036 3154 2091 Pczius
3199 2041 3348 2109 part.
3385 2053 3422 2094 ιι
3465 2039 3612 2094 tomi
3663 2039 3741 2096 ΠΙ

2082 2125 2364 2182 Thesaur.
2392 2126 2736 2182 Anecdotor.
2770 2125 3084 2181 Novissim.
3113 2124 3382 2182 Florebat
3411 2125 3738 2184 monachus

2081 2214 2192 2270 iste
2222 2232 2374 2270 anno
2399 2215 2609 2271 Christi
2644 2215 2782 2288 1050
2813 2219 2870 2270 et
2902 2217 3034 2286 post
3059 2229 3122 2270 se
3149 2214 3414 2271 carmina
3433 2215 3740 2290 complura

2082 2301 2336 2375 reliquit,
2365 2302 2423 2357 in
2456 2301 2670 2376 quibus
2697 2301 2981 2374 plurimos
3011 2318 3216 2358 versus
3237 2308 3632 2362 consonantes
3655 2303 3739 2360 in~

2080 2391 2298 2448 venias.
2330 2393 2382 2447 Is
2413 2395 2606 2448 autem
2644 2390 2703 2446 in
2737 2390 2994 2448 carmine
3028 2394 3108 2447 De
3149 2391 3402 2448 doctrina
3447 2393 3740 2465 spirituali

2080 2480 2140 2535 in
2165 2481 2285 2536 haec
2315 2481 2490 2536 verba
2520 2481 2780 2552 loquitur
2810 2497 2823 2536 :

2151 2571 2320 2626 Porro
2351 2571 2489 2642 quod
2521 2571 2798 2626 interdum
2833 2571 3104 2642 subjungo
3131 2586 3389 2626 consona
3419 2587 3628 2641 vnum,

2151 2659 2280 2728 Qum
2311 2675 2457 2714 NVNC
2487 2675 2795 2714 MVLTOIWM
2825 2660 3034 2713 nimius
3060 2659 3331 2715 desiderat
3357 2676 3518 2724 vsvs,

2151 2749 2256 2802 Hoc
2284 2763 2494 2820 quoque
2523 2749 2809 2802 verborum
2827 2749 2956 2819 plus
2985 2748 3186 2804 ordine
3211 2749 3580 2818 convenienti,

2149 2838 2375 2908 Insuper
2402 2853 2641 2899 ANTIQVA
2669 2835 2734 2891 de
2755 2853 3174 2892 coxsvn'rvmxn
3201 2839 3327 2909 feci.

2077 2923 2148 2980 Ut
2177 2924 2359 2992 vides,
2391 2940 2627 2980 consona
2655 2925 2811 2980 verba
2843 2925 2996 2996 apud
3033 2929 3257 2981 veteres
3286 2925 3739 3000 appellabantur

2077 3031 2206 3086 quae
2253 3031 2404 3068 nunc
2457 3013 2625 3069 nobis
2666 3014 2808 3068 rime
2854 3011 3163 3080 dicuntur;
3215 3017 3391 3086 atque
3435 3014 3736 3086 ejusmodi

2076 3119 2320 3176 poeseos
2350 3106 2618 3158 currente
2647 3100 2858 3158 saeculo
2887 3119 2943 3156 ιι
2973 3103 3200 3173 antiqua
3231 3106 3356 3158 erat
3381 3105 3734 3162 consuetudo.

2077 3193 2264 3258 Quare
2288 3191 2367 3246 nil
2394 3190 2606 3246 mirum
2632 3189 2683 3246 si
2706 3189 3089 3262 subsequenti
3111 3189 3322 3246 saeculo
3343 3209 3422 3246 xu
3446 3191 3736 3250 familiare

2073 3279 2132 3335 in
2167 3279 2330 3337 Italia
2355 3296 2588 3353 quoque
2615 3279 2773 3335 idem
2802 3279 3066 3334 studium
3088 3278 3264 3335 fuerit
3283 3280 3595 3338 Musarum
3613 3280 3734 3338 cul-

2071 3369 2320 3425 toribus.
2353 3369 2498 3425 Vide
2550 3367 2923 3436 Donizonem,
2977 3367 3081 3440 qui
3131 3383 3284 3424 anno
3335 3370 3476 3424 1115
3519 3387 3736 3442 poema

2074 3459 2370 3515 contexuit
2395 3459 2460 3514 de
2498 3459 2613 3514 Vita
2660 3458 2949 3513 comitissa:
2979 3457 3276 3512 .‘llathildis.
3317 3457 3736 3516 Animadverte

2073 3548 2290 3620 quibus
2315 3547 2582 3604 versibus
2599 3545 2946 3602 Guilielmus
2969 3544 3192 3618 Apulus
3214 3544 3430 3602 librum
3451 3545 3730 3619 quintum

2072 3637 2137 3692 de
2165 3635 2556 3692 Northmannis
2585 3634 2918 3692 concludat.
2940 3633 3086 3690 Vide
3116 3635 3296 3691 etiam
3339 3651 3734 3708 anonymum,

2075 3725 2174 3797 qui
2213 3725 2444 3781 circiter
2483 3742 2704 3781 annum
2744 3725 2880 3780 1127
2913 3739 3120 3796 poema
3147 3723 3361 3780 struxit
3407 3724 3472 3780 de
3516 3727 3734 3784 excidio

2073 3815 2226 3870 urbis
2269 3815 2541 3870 Comensis
2574 3831 2592 3869 :
2623 3813 2708 3867 uti
2754 3816 2811 3868 et
2861 3811 3234 3884 Radulphum
3283 3812 3730 3880 Cadomensem,

2075 3903 2163 3958 cui
2195 3903 2352 3958 Gesta
2381 3902 2642 3958 Tancredi
2665 3903 2938 3974 principis
2959 3899 3510 3966 debemus,circiter
3527 3904 3732 3959 eadem

2072 3997 2337 4064 tempora
2365 3995 2551 4046 metro
2574 4007 2639 4046 ac
2669 4007 2842 4062 prosa
2872 3989 3239 4061 conscripta:
3267 3990 3526 4062 denique
3544 3991 3732 4048 Gode—

2073 4081 2208 4136 fridi
2255 4079 2637 4136 Viterbiensis
2675 4078 2982 4138 Pantheon.
3013 4083 3071 4133 et
3099 4079 3370 4134 Gaut‘redi
3408 4077 3734 4136 Malaterrai

2073 4172 2370 4226 Historiam
2390 4169 2650 4228 Siculam.
2667 4183 2795 4239 quin
2815 4166 3016 4222 omnia
3033 4166 3337 4239 complecti
3346 4171 3407 4222 tu
3417 4167 3733 4224 rCollectio

2073 4275 2204 4314 mea
2252 4258 2468 4314 Rerum
2517 4255 3188 4328 Italicarum,pmcinue
3233 4260 3390 4312 tomo
3439 4256 3509 4312 V.
3544 4257 3733 4330 Leges

2073 4363 2308 4420 quoque
2335 4345 2507 4402 velim
2540 4344 2846 4417 rhythmos
2879 4344 3190 4416 quosdam,
3215 4361 3250 4399 a
3283 4344 3608 4401 venerabili
3629 4346 3732 4402 Pe-

2071 4440 2160 4492 tro
2183 4433 2548 4491 Cluniacensi
2581 4434 2790 4489 abbate
2821 4431 3052 4488 circiter
3087 4449 3308 4488 annum
3341 4433 3566 4490 Christi
3593 4435 3732 4491 1130
3759 4482 3768 4487 -

2071 4524 2454 4597 compositos,
2481 4523 2541 4578 in
2574 4523 2791 4595 quibus
2821 4521 3097 4578 eumdem
3126 4537 3335 4578 vocum
3375 4527 3728 4580 concentum

1989 4599 2038 4664 D
2069 4613 2351 4670 invenias.
2377 4613 2655 4680 Praetereo
2698 4611 3010 4666 innumera
3037 4610 3153 4666 alia
3191 4627 3326 4666 cum
3357 4615 3566 4680 metra,
3597 4617 3727 4669 tum

2068 4703 2394 4777 rhythmos,
2420 4701 2624 4758 eodem
2647 4699 2893 4756 artiﬁcio
2913 4698 3233 4768 elaborata,
3256 4699 3526 4772 mihique
3545 4716 3580 4756 e
3600 4717 3729 4758 mo-

2066 4791 2367 4849 numentis
2394 4787 2592 4848 saeculi
2614 4803 2692 4856 Ix,
2715 4805 2750 4843 x
2770 4791 2827 4843 et
2850 4787 3336 4860 subsequentium
3363 4786 3632 4859 collecta,
3655 4807 3729 4846 ne

2065 4880 2288 4936 nimius
2319 4879 2454 4935 sim.
3585 4897 3592 4902 -

2134 4968 2288 5024 Nihil
2311 4972 2508 5025 tamen
2529 4963 3049 5022 dissimulandum.
3070 4964 3352 5039 Pleraque
3377 4982 3448 5022 ex
3476 4965 3574 5023 his
3594 4984 3722 5024 car-

587 4971 788 5026 Fruere
807 4970 928 5042 jam
957 4970 1115 5024 naris
1143 4971 1338 5034 rostro,
1366 4970 1476 5024 etc.

300 5056 1055 5131 Landulpho,synchronus
1074 5057 1182 5114 fuit
1198 5058 1402 5122 Benzo,
1417 5057 1952 5130 pseudoepiscopus
2062 5058 2342 5126 minibus,
2363 5055 2708 5130 rhythmicis
2733 5059 2837 5111 aut
2865 5054 3148 5124 metricis,
3179 5071 3248 5110 eo
3275 5059 3510 5112 tantum
3541 5056 3724 5114 artifi-

299 5145 597 5214 Albensis;
617 5146 716 5220 qui
735 5147 1025 5220 praecipue
1041 5147 1204 5202 hisce
1219 5143 1512 5214 rhythmis
1529 5143 1847 5200 delectatus
1863 5151 1953 5201 est
2061 5146 2148 5202 cio
2167 5149 2528 5213 constant,ut
2546 5143 2719 5198 unica
2736 5141 2960 5215 syllaba
2975 5142 3034 5198 in
3055 5143 3246 5200 medio
3263 5160 3435 5200 versu
3452 5143 3723 5201 adhibita

297 5237 358 5294 in
383 5234 672 5293 lutulento
691 5233 1046 5306 Panegyrico
1067 5233 1298 5291 Henrici
1327 5231 1400 5288 IV
1418 5233 1740 5288 Germaniae
1771 5233 1945 5302 regis,
2058 5253 2268 5291 bullUIu
2288 5235 2490 5290 reddat
2506 5231 2758 5288 similem
2777 5230 3012 5304 syllabae
3027 5231 3344 5300 claudenti,
3357 5236 3461 5289 aut
3473 5238 3720 5306 partan-

295 5330 455 5384 tomo
477 5324 667 5398 primo
683 5321 1047 5394 Scriptorum
1070 5319 1942 5379 Rer.Germanicar.Meukcnii.
2054 5330 2181 5380 tum
2213 5323 2436 5396 syilaba
2465 5324 2717 5376 duorum
2747 5337 3027 5376 versuum
3069 5321 3244 5378 tinem
3277 5327 3543 5395 occupet.
3567 5322 3717 5379 Cum

292 5415 363 5471 Et
391 5429 532 5471 sane
560 5411 763 5468 eodem
814 5409 1021 5465 aesculo
1049 5429 1108 5466 χι
1145 5409 1228 5464 ita
1264 5407 1534 5464 homines
1564 5407 1947 5480 capiebantur
2052 5429 2206 5480 vero,
2225 5415 2290 5466 ut
2309 5426 2490 5482 supra
2509 5407 2696 5475 innui,
2718 5408 3006 5482 singulari
3030 5409 3300 5467 fortassis
3321 5409 3718 5484 appellatione

291 5500 600 5560 harmonia
615 5497 1192 5570 ejusmodiversunm
1212 5496 1758 5560 consonantium,ut
1773 5499 1942 5570 pauci
2052 5500 2285 5556 Leonini
2305 5513 2507 5553 versus
2540 5497 2580 5552 ii
2611 5497 2947 5554 dicerentur
2976 5499 3036 5553 in
3067 5499 3284 5571 quibus
3317 5497 3568 5572 gemina:
3595 5499 3713 5572 syl-

289 5591 742 5648 numcrarentur
761 5584 946 5643 Musis
967 5587 1202 5651 addicti,
1221 5583 1319 5656 qui
1343 5584 1604 5640 carmina
1619 5602 1726 5641 sua
1743 5585 1939 5654 hocce,
2049 5589 2194 5645 laba:
2216 5587 2419 5660 longae,
2444 5589 2547 5641 aut
2567 5589 2704 5646 tres.
2723 5585 2772 5642 si
2805 5586 3132 5658 penultima
3154 5587 3346 5643 brevis
3369 5589 3540 5655 foret,
3566 5603 3714 5644 sono

289 5685 354 5736 ut
403 5675 708 5750 putabant,
759 5679 1104 5732 ornamento
1155 5671 1437 5728 destituta
1483 5672 1715 5730 vellent.
1762 5674 1942 5746 Cujus
2048 5675 2255 5750 aequali
2279 5675 2389 5732 sibi
2413 5675 2830 5748 responderent
2853 5675 2911 5731 in
2931 5676 3122 5732 medio
3140 5682 3197 5734 et
3221 5676 3335 5734 fine
3355 5692 3588 5744 versus,
3613 5682 3715 5734 aut
