3896 6216
329 338 442 398 791

327 423 550 528 Pariter
577 469 636 529 in
669 471 800 564 ejus
828 472 1124 546 epitaphio
1150 472 1363 544 legitur
1395 491 1408 530 :

1062 339 1251 402 ΒΕΘ.
1297 340 1376 402 XI
1419 339 1648 403 AUCT.
1692 337 2008 401 INCERTI
2053 337 2245 416 ΑΝΝΙ
2289 336 2390 418 E'l‘
2433 337 2732 401 SCRIPT.
2780 342 3008 394 ’AAESII.

3619 335 3741 406 ’192

761 591 895 653 1V0
939 591 1224 652 GRAVIS
1266 591 1544 660 SORTE,
1589 586 2077 672 CBVDELITEB
2119 587 2434 649 OBRVTE
2475 587 2776 662 MORTE,

763 680 982 758 OVEM
1021 681 1256 744 TEGI'I‘
1299 681 1474 744 H/EC
1517 678 1801 752 pernm,
1846 675 2076 738 FELIX
2123 675 2514 754 HABEAHIS
2559 677 2638 736 IN
2683 675 2999 752 AZ'I‘HRA,
3049 679 3169 740 etc.

317 801 404 859 Ad
433 801 556 860 hac
580 802 641 859 in
671 801 1080 860 dissertatione
1126 819 1336 867 xxxvu,
1376 804 1449 857 De
1495 801 1773 873 hospital.,
1805 799 1964 856 evul-
1993 800 2050 868 Α
2078 799 2298 856 Datheo
2330 797 2836 870 archipresbytero
2869 814 3021 854 anno
3051 795 3270 854 Christi
3298 797 3428 853 787.
3461 799 3590 854 Duo
3619 811 3744 853 ver-

319 890 451 986 gevl
479 891 876 970 fundationem
908 890 1345 964 brephotrophii
1375 891 1583 947 factam
1599 889 1904 946 Mediolani
1929 905 1963 944 a

2072 905 2175 944 sus
2207 887 2264 943 in
2288 886 2452 943 illius
2483 886 2626 944 aedis
2657 886 2988 960 pavimento
3019 885 3289 960 inscripti
3311 885 3599 960 leguntur
3639 903 3653 941 :

763 1017 1068 1080 SANGTE
1110 1015 1499 1096 MEMENTO
1541 1016 1769 1090 DEVS,
1816 1015 1999 1086 QVIA
2045 1014 2416 1076 CONDIDIT
2460 1013 2638 1075 ISTE
2680 1012 3044 1084 DATHEVS

837 1107 1048 1168 HANC
1089 1105 1362 1168 AVLAM
1404 1103 1720 1167 MISERIS
1763 1104 2080 1167 AVXILIO
2124 1103 2438 1166 PVERIS.

324 1238 604 1296 Prmstare
627 1255 742 1296 non
775 1255 1018 1312 possum
1041 1255 1194 1296 anno
1225 1238 1428 1295 eadem
1459 1239 1564 1294 787
1593 1237 1768 1294 hosce
1788 1237 1970 1296 versi-

2079 1235 2214 1292 simi
2245 1238 2436 1302 erunt,
2471 1235 2573 1291 sed
2598 1233 2878 1306 temporis
2927 1236 3066 1290 nota
3113 1235 3401 1310 carentes,
3440 1247 3656 1310 versus
3685 1235 3740 1293 in

324 1326 486 1408 culos
518 1327 700 1408 fuisse
728 1297 849 1384 illic
878 1328 1127 1401 scriptos
1161 1345 1173 1384 :
1207 1330 1465 1389 attamen
1512 1326 1688 1384 verba
1725 1325 1825 1382 illa
1873 1328 1974 1383 istc
2079 1323 2306 1382 musivo
2337 1297 3064 1396 scripti,quos-Panvinius
3108 1297 3360 1395 legebat‘
3385 1297 3457 1384 in.
3481 1297 3742 1402 claustro

323 1399 560 1472 Datbeus
586 1399 874 1474 viventem
905 1399 1074 1474 illum
1103 1416 1362 1473 indicare
1383 1415 1845 1483 videntur.Quod
1871 1414 1970 1472 ubi

2081 1413 2419 1471 monasterii
2450 1411 2859 1470 Lateranensis
2909 1427 3112 1474 exesos
3134 1411 3263 1491 jam
3292 1413 3472 1485 atque,
3519 1412 3736 1488 caden-

321 1507 570 1590 statuas,
592 1506 724 1589 jam
741 1509 1213 1580 tenes,quantam
1231 1504 1643 1578 antiquitatem
1665 1505 1974 1578 praeferant
2083 1507 2174 1559 tes
2211 1521 2223 1560 :

319 1609 704 1679 vers.us,quos
730 1611 885 1652 nunc
915 1595 1180 1653 Leoninos
1192 1593 1574 1668 appellamus.
1586 1596 1670 1650 Ita
1690 1593 1972 1666 antiquis-

760 1721 1215 1784 CANONICAM
1258 1721 1592 1806 FORMAM
1636 1718 2077 1807 SVMIEN'I‘ES,
2121 1718 2383 1780 DICI'I‘E
2427 1694 2804 1790 NORMAM,

760 1811 982 1883 QVAM
1024 1805 1470 1886 PROMISTIS,
1516 1810 1672 1884 HOC
1711 1805 2176 1872 CLAVSTRVM
2222 1808 2544 1880 QVANDO
2589 1805 2968 1869 PETISTIS.

320 1943 565 2018 Reliqua
594 1943 800 2001 eodem
831 1946 1112 2000 concentu
1128 1943 1564 2002 continuantur.

358 2013 669 2092 "Pluribus
709 2033 1093 2107 congerendis
1109 2032 1483 2105 tempero.Ad
1515 2031 1758 2088 alteram
1786 2033 1966 2088 versi-

320 2123 532 2196 ﬁcandi
562 2123 846 2180 rationem
879 2121 1035 2194 quod
1083 2120 1310 2190 attinet,
1363 2120 1627 2177 videlicet
1672 2121 1966 2177 statuendi

316 2199 576 2273 consona
599 2211 776 2268 verba
803 2209 864 2266 in
895 2211 1010 2267 fine
1031 2209 1399 2284 geminorum
1429 2226 1728 2276 versuum,
1778 2225 1966 2282 neque

317 2285 413 2390 hic
441 2297 1142 2390 desiderantur_exempla
1188 2297 1361 2390 longe
1393 2301 1526 2354 ante
1558 2298 1777 2390 Leonis,
1806 2299 1962 2390 Pari-

317 2367 532 2471 sie’nsis
559 2391 810 2445 atatem.
844 2367 1100 2445 Profecto
1150 2367 1380 2444 circiter
1408 2405 1630 2444 annum
1663 2389 1823 2455 1055,
1856 2388 1965 2444 hoc

316 2481 406 2567 est
430 2480 666 2536 centum
688 2476 936 2567 anniset
958 2476 1112 2534 ultra
1123 2476 1470 2567 priusquam
1493 2478 1602 2567 beo
1637 2476 1733 2533 ille
1750 2494 1964 2567 nomen

314 2564 800 2638 suumParnasso
830 2565 1013 2638 daret,
1051 2582 1257 2623 versus
1307 2565 1367 2620 in
1417 2564 1581 2622 Italia
1623 2566 1966 2623 conﬁciebat

312 2638 822 2736 celebratissimus.
839 2655 929 2711 vir
958 2659 1198 2736 sanctus
1222 2655 1430 2711 Petrus
1451 2653 1737 2722 Damiani,
1763 2660 1966 2728 postea

313 2723 958 2830 Οέιὶὲῃβῖρξθρῖὲρόρυε.
988 2730 1178 2817 Atque
1225 2759 1294 2799 ex
1341 2759 1408 2799 eo
1457 2743 1742 2799 habemus
1763 2723 1964 2800 —multa

311 2827 596 2903 carmina,
625 2833 878 2907 hymnos
909 2837 966 2890 et
1013 2832 1322 2904 rhythmos
1369 2831 1514 2888 varii
1557 2833 1747 2899 metri,
1779 2849 1962 2906 eaque

313 2923 432 2980 fere
461 2925 672 2979 cuncta
700 2921 976 2978 consonis
1005 2921 1245 2978 vocibus
1275 2923 1561 2978 contexta.
1593 2921 1701 2978 Sed
1735 2917 1966 2993 potissi-

311 3027 478 3068 mum
503 3010 966 3090 considerandus
998 3007 1168 3067 nobis
1207 3012 1297 3066 est
1324 3010 1452 3081 ejus
1482 3007 1769 3082 rhythmus
1801 3027 1964 3083 super

313 3099 947 3186 $ql_utati;:aneb'ngelica,
981 3101 1142 3155 nu‘m.
1168 3099 1258 3168 63,
1291 3097 1348 3154 in
1383 3115 1498 3171 quo
1537 3095 1774 3171 perfecti
1818 3101 1960 3157 Leo-

313 3170 672 3270 servatas
699 3170 1038 3270 οέοψῖνιίιιι-

330 3261 352 3275 τ’
371 3259 717 3380 ’Ᾰρθηῡᾶυἰά
737 3259 888 3367 ﬁlia,
917 3261 1108 3334 sancta
1134 3277 1338 3334 mundo
1368 3281 1520 3333 nata.

1995 1949 2044 2015 B

2188 1943 2341 2011 Virgo
2355 1938 2623 2012 prudens,
2653 1939 2856 2008 sobria,
2882 1937 3076 1998 Ioseph
3103 1937 3448 2011 desponsata,
3570 1958 3572 1961 '

2183 2030 2276 2086 Ad
2301 2030 2536 2086 salutem
2563 2029 2813 2084 omnium
2841 2029 2902 2083 in
2929 2029 3243 2100 exemplum
3270 2027 3420 2096 data,

2183 2119 2556 2192 Supernorum
2581 2115 2786 2174 civium
2814 2133 3032 2190 consors
3055 2117 3180 2189 jam
3206 2117 3460 2190 probata.

2071 2209 2268 2278 Maria,
2297 2211 2528 2266 miseria
2556 2225 2653 2280 per
2681 2216 2732 2264 te
2764 2209 3118 2278 terminatur,
3441 2192 3452 2202 Δ

2181 2299 2244 2354 Et
2270 2297 2647 2356 misericordia
2673 2313 2770 2370 per
2798 2301 2848 2353 te
2875 2303 3182 2366 revocatur,
3214 2298 3326 2360 etc.

2072 2386 2222 2442 Audi
2243 2390 2300 2444 et
2328 2387 2457 2458 ejus
2487 2402 2722 2442 carmen
2751 2385 2848 2459 64ζ
2877 2385 2951 2442 ad
2981 2384 3257 2455 eamdem
3285 2384 3728 2459 sanctissimam

2071 2457 2372 2548 Virginem
2409 2493 2422 2530 :
2842 2457 2847 2459 ⁷
3591 2457 3596 2463 ’

2075 2565 2114 2620 0
2143 2566 2465 2620 miseratria:
2493 2593 2517 2605 -
2551 2579 2582 2620 0
2609 2563 2950 2634 dominatrix:
2982 2593 3005 2605 -
3036 2563 3271 2636 praecipe
3298 2561 3470 2630 dictu.
3509 2580 3512 2584 '

2071 2655 2146 2710 Ne
2173 2653 2512 2710 devastemur
2539 2683 2568 2694 -
2598 2669 2667 2709 ne
2697 2653 3008 2725 lapidemur
3035 2683 3063 2694 -
3091 2653 3386 2722 grandinis
3407 2655 3544 2724 ictu,
3576 2656 3685 2716 etc.

2071 2746 2202 2797 Haec
2231 2741 2466 2798 videant
2494 2741 2595 2814 qui
2627 2741 2990 2812 contendunt
3008 2741 3261 2812 majores
3287 2743 3582 2809 nostrosa
3600 2759 3732 2816 pro-

2071 2831 2418 2887 vincialibus
2447 2830 2724 2888 didicisse
2773 2847 2948 2902 usum
2997 2831 3453 2898 consonantium
3493 2847 3723 2900 vocum,

2071 2920 2444 2978 Mabillonius
2474 2937 2709 2994 quoque
2737 2919 2799 2976 in
2837 2917 3158 2988 Annalibus
3180 2909 3578 2986 Bcnedictinis
3599 2921 3718 2996 epi-

2068 3009 2336 3083 taphium
2367 3008 2844 3083 prodidit,adhuc
2875 3025 3166 3066 marmore
3197 3006 3594 3082 insculptum,
3631 3009 3724 3070 A’l-

2070 3100 2214 3156 berti
2247 3098 2476 3155 abbatis
2506 3097 2998 3176 Migiasensis,qui
3031 3114 3184 3154 anno
3213 3097 3354 3157 4036
3368 3099 3717 3178 naturade-

2069 3188 2259 3244 hitum
2291 3187 2482 3255 solvit,
2516 3205 2634 3244 non
2666 3185 2920 3244 absimili
2952 3203 3160 3243 vocum
3202 3185 3585 3252 collocatione
3607 3187 3723 3246 dis-

2067 3276 2317 3334 tinctum
2351 3295 2364 3334 :

752 3403 886 3468 HIC
923 3404 1162 3466 IACET
1203 3402 1662 3476 ALBERTVS,.
1707 3403 2096 3476 QVONDAM
2142 3403 2484 3466 REGALIA
2531 3403 2962 3478 SPERNENS,

752 3492 1119 3573 PBVDENS
1162 3493 1422 3564 ATQVE
1468 3492 1664 3564 PIVS,
1709 3492 2038 3554 TANTVM
2084 3491 2508 3554 COELESTIA
2549 3491 2934 3564 CERNENS,

747 3582 997 3644 MVNDI
1044 3581 1382 3642 DlVITlAS
1425 3580 1584 3642 CVM
1628 3581 1918 3643 REGALI
1962 3581 2286 3642 DlTIONE

749 3668 1144 3751 GEMETICA
1186 3669 1482 3732 PRIMAS
1528 3671 1865 3732 spaevrr
1906 3671 2062 3732 PRO
2108 3669 2552 3742 sumemus,
2599 3674 2720 3730 etc.

299 3823 751 3900 acrobatanno
782 3819 923 3878 1095
951 3817 1258 3878 Baldricus
1283 3820 1714 3878 Andecavensis
1749 3820 1952 3888 abbas,

298 3895 470 3986 cujus
497 3895 762 3996 carmina
789 3905 971 3990 edidit
1002 3908 1080 3966 du
1102 3907 1634 3966 Chesniustom.IV
1665 3909 1944 3982 Scriptor.

297 4003 502 4086 Eranc.
535 3993 727 4086 Iuliis
755 3997 1024 4078 quaedam
1067 4001 1412 4056 concentum
1464 4015 1674 4055 vocum
1724 3999 1784 4053 in
1835 3999 1950 4054 {ine

296 4071 587 4182 versuum.
605 4073 898 4178 exhibent.
927 4071 1106 4164 Primi
1137 4087 1580 4162 epigrammatis
1600 4087 1725 4144 bini
1745 4103 1951 4146 versus

301 4169 444 4239 sunt
471 4169 534 4239 hi
567 4169 594 4236 Ξ
641 4173 667 4181 ’”
781 4169 791 4178 ³
1048 4169 1054 4178 ’

461 4237 639 4326 rdiulo
665 4267 832 4324 multi
856 4283 983 4324 cum
1008 4266 1383 4324 sollicitudine
1402 4264 1638 4339 quadam
1710 4247 1716 4253 ’

617 4359 826 4440 seriem
843 4372 1057 4440 semper
1082 4356 1367 4413 metantur
1395 4356 1463 4411 ab
1495 4354 1686 4422 Adam,
1719 4357 1828 4410 etc.

299 4450 388 4506 Ita
424 4441 486 4505 ii:
531 4433 892 4527 carminibus
921 4433 1021 4503 "de"
1057 4449 1244 4502 morte
1293 4443 1592 4502 Mathildis
1639 4443 1951 4500 abbatissae

298 4533 720 4596 Condomensis
750 4553 902 4594 anno
934 4535 1078 4606 4012
1095 4533 1460 4607 compositis,
1482 4537 1540 4590 et
1561 4550 1596 4588 a
1625 4549 1806 4606 supra
1833 4532 1954 4588 lau-

297 4627 433 4712 dato
455 4625 794 4712 Manillonio
813 4630 974 4710 tome
1005 4622 1245 4697 quincto
1275 4622 1486 4679 Annal.
1519 4621 1948 4680 Benedictinor.

297 4697 604 4792 evulgatis,
635 4703 791 4796 idem
823 4706 1144 4796 cencentus
1174 4713 1430 4770 occurrit
1463 4729 1476 4770 :

299 4805 359 4863 Si
669 4796 926 4892 cuiquam
942 4804 1184 4887 caelestia
1211 4818 1384 4880 regna
1407 4808 1688 4875 pararent,

298 4881 630 4968 Defunctum
639 4881 967 4969 queinquam
993 4893 1045 4949 si
1061 4893 1316 4949 carmina
1334 4894 1522 4948 nostra
1532 4893 1814 4964 juvarent,
1839 4893 1946 4949 etc.

2065 3819 2288 3878 Floruit
2305 3821 2508 3878 eodem
2531 3817 2741 3876 saeculo
2758 3816 2971 3876 Christi
2994 3815 3302 3876 undecimo
3331 3815 3561 3874 Gualdo
3593 3822 3730 3876 Cor-

2057 3910 2314 3968 beiensis
2364 3907 2714 3976 monachus,
2767 3905 2870 3979 qui
2931 3905 3127 3964 Vitam
3180 3904 3371 3963 sancti
3415 3906 3728 3978 Anseharii

2059 3999 2317 4073 episcopi
2347 3995 2912 4070 Hammaburgensis
2933 3999 3123 4052 metro
3155 3993 3476 4062 contexuit,
3505 3995 3728 4054 editam

2058 4105 2093 4144 a
2123 4087 2450 4144 Lambecio.
2482 4089 2539 4142 Is
2571 4085 2630 4141 in
2660 4084 3006 4160 praefatione
3039 4083 3184 4140 lusit
3220 4082 3492 4152 versibus
3521 4086 3724 4142 eadem

2061 4175 2222 4234 ﬁnali
2245 4175 2630 4233 consonantia
2661 4173 2979 4232 distinctis.
3002 4174 3088 4230 En
3121 4173 3426 4230 exordium
3459 4191 3474 4228 :

2130 4266 2298 4322 Dulce
2324 4266 2458 4332 tuis,
2491 4264 2731 4335 Alberte,
2759 4263 2942 4331 decus,
2967 4261 3138 4336 jubar
3165 4263 3578 4334 igniuaporum,

2129 4355 2389 4414 Ecclesiae
2419 4355 2613 4422 turris,
2644 4354 2804 4425 regni
2821 4351 3074 4408 diadema
3103 4349 3382 4420 decorum,

2135 4445 2320 4502 Gloria
2341 4443 2692 4516 pontiﬁcum,
2713 4457 2906 4514 regum
2931 4440 3246 4516 venerabile
3275 4456 3505 4509 numen,
3609 4445 3615 4449 '

2135 4533 2284 4604 Quod
2313 4533 2420 4590 tibi
2444 4537 2622 4589 mater
2650 4533 2758 4588 init
2791 4530 3034 4598 Corbeia,
3066 4544 3222 4586 sume
3238 4529 3514 4585 volumen.
3541 4533 3662 4586 etc.

2059 4623 2206 4680 Vide
2237 4623 2412 4680 etiam
2443 4619 2810 4694 epitaphium
2845 4618 3000 4675 beati
3027 4617 3354 4690 Lanfranci,
3397 4617 3728 4691 archiepis—

2061 4712 2191 4786 copi
2217 4709 2656 4774 Cantuariensis
2685 4706 3075 4774 celeberrimi,
3124 4723 3160 4764 ε.
3207 4710 3413 4764 sancta
3451 4707 3728 4766 Anselmo

2061 4801 2266 4873 itidem
2295 4798 2735 4873 archiepiscopo
2765 4795 2996 4854 circiter
3025 4812 3247 4853 annum
3276 4794 3731 4870 {089.composi-

2059 4895 2212 4947 tum.
2235 4891 2320 4946 En
2352 4887 2576 4962 primos
2606 4903 2812 4946 versus
2847 4904 2862 4943 :

742 5018 1344 5084 ARCHIEPISCOPI
1389 5018 1548 5079 NON
1592 5017 1936 5080 DIVI'I‘IAS
1981 5017 2132 5079 NEC
2176 5013 2542 5077 HONORES

743 5107 1261 5184 LANFRANCVS
1307 5107 1592 5180 SVBIIT,
1635 5107 1786 5173 SED
1829 5106 2078 5174 CVBAS
2124 5105 2392 5177 ATOVE
2435 5103 2820 5165 LABDRES.

745 5199 1004 5260 NATVS
1050 5199 1127 5260 IN
1173 5196 1455 5269 ITALIA,
1503 5195 1868 5264 PAPJENSI
1913 5195 2026 5261 DE.
2065 5192 2430 5272 REGIONE,

745 5286 1049 5348 CIVIBVS
1093 5285 1484 5358 EGREGIIS,
1531 5285 1633 5344 ET
1679 5283 2043 5344 llONESTA
2084 5281 2584 5353 CONDITIONE,
2631 5285 2752 5339 etc.

304 5433 631 5509 Rhythmos
660 5447 894 5503 quoque
923 5431 1076 5488 Petri
1097 5432 1328 5490 abbatis
1347 5429 1748 5488 Cluniacensis
1770 5445 1959 5502 nuper
1985 5433 2033 5499 D
2135 5434 2344 5488 Lumen
2379 5427 2593 5484 clarum
2625 5457 2647 5468 -
2681 5391 3034 5482 tenebrarum
3061 5453 3086 5467 -
3117 5423 3337 5498 sedibus
3368 5422 3729 5500 resplenduit,

303 5525 660 5583 memoratos
687 5519 836 5576 vide.
869 5519 1024 5576 Inter
1052 5525 1290 5578 caeteros
1320 5537 1511 5577 unum
1561 5534 1956 5577 commemoro

375 5615 452 5670 De
481 5609 874 5667 resurrectione
901 5608 1138 5678 Domini,
1163 5607 1222 5664 in
1241 5625 1355 5678 quo
1388 5608 1448 5664 hi
1477 5623 1680 5664 versus
1717 5622 1728 5663 :

2135 5520 2276 5575 Dum
2303 5515 2518 5571 salvare
2549 5546 2570 5556 -
2608 5529 2855 5596 recreare
2883 5546 2908 5557 -
2936 5514 3076 5591 quod
3095 5514 3300 5570 creavit
3327 5513 3504 5592 voluit
3531 5531 3550 5568 :

2136 5607 2276 5664 Hinc
2297 5607 2544 5664 Greater.
2582 5636 2605 5647 -
2637 5621 2708 5661 ne
2717 5613 3018 5683 peccator;
3051 5607 3374 5680 moreretur,
3397 5603 3660 5676 mpriiur,
