3896 6216
385 389 508 454 795

1125 386 1315 455 SEC.
1359 387 1438 453 XI
1480 387 1712 454 AUCT.
1757 383 2072 450 INCEBTI
2116 385 2308 450 ANNI
2353 387 2452 452 ET
2494 387 2794 454 SCRIPT.
2837 399 3062 449 ’Aanxll.

3691 391 3818 458 796

387 542 665 596 rum,non
695 541 831 585 vero
853 524 1137 601 temporis
1166 523 1628 584 observationem
1659 524 2027 598 quaerebant;
2058 518 2114 588 Α
2143 539 2312 580 suam
2342 522 2514 581 debet
2537 521 2783 583 historia
2811 525 3023 583 Italicas
3072 539 3337 600 poeseos,
3369 521 3432 586 in
3462 523 3814 588 Comment.

386 621 596 690 satque
624 616 836 674 artiﬁci
861 616 920 672 in
952 615 1026 674 iis
1046 614 1421 674 conficiendis
1444 619 1568 672 erat
1583 613 1913 671 demulcere
1935 630 2034 670 au-

385 707 642 763 ditorum
669 721 842 762 aures
871 706 1126 778 quodam
1149 707 1809 777 concentu,erumpente
1825 720 1895 760 ex
1917 721 2034 760 una

385 795 768 869 dispositione
799 811 864 849 ac
895 793 1141 867 puritate
1157 793 1372 866 pedum
1391 792 1450 849 in
1469 791 1722 865 singulis
1742 792 2029 858 versibus,

383 884 538 940 idem
571 899 802 956 quoque
833 899 867 938 a
893 881 1224 955 vulgarium
1254 881 1589 954 linguarum
1608 881 1793 953 poetis
1809 881 2029 938 factum

383 973 513 1030 fuit.
547 973 734 1037 Quare
765 987 900 1026 cum
932 969 1188 1042 primum
1219 968 1367 1033 Itali,
1401 968 1572 1038 Galli,
1605 975 1740 1037 ete.,
1781 970 2029 1026 condere

383 1079 586 1119 versus
616 1064 933 1134 cmperunt,
975 1059 1210 1132 propria
1253 1057 1480 1132 vulgari
1529 1057 1731 1132 lingua
1780 1063 2026 1127 utentes,

381 1150 557 1215 hosce
585 1148 955 1224 appellarunt
984 1148 1287 1220 rhythmos,
1321 1165 1450 1219 qua:
1486 1164 1595 1204 vox
1642 1148 1797 1220 apud
1831 1147 2026 1218 Italos,

379 1237 598 1304 Gallos,
653 1236 871 1310 Anglos
917 1235 1180 1308 aliosque
1227 1235 1494 1309 populos,
1546 1235 1654 1292 levi
1705 1237 2027 1292 mutatione

379 1327 551 1394 facta,
585 1325 875 1399 appellata
906 1325 1034 1393 fuit,
1063 1330 1120 1382 et
1149 1325 1342 1381 adhuc
1372 1323 1702 1398 appellatur
1731 1325 2024 1381 rima.Non

379 1433 472 1473 me
501 1414 653 1489 fugit
682 1432 785 1489 per
814 1432 1011 1472 vocem
1039 1415 1195 1471 hanc
1223 1415 1369 1470 rima
1392 1430 1509 1470 non
1541 1431 1574 1468 a
1605 1413 2024 1470 recentioribus

376 1505 736 1573 tantum,sed
767 1509 825 1560 et
852 1521 886 1560 a
916 1503 1273 1576 quibusdam
1295 1503 1556 1575 antiquis
1581 1501 1790 1560 Italicas
1813 1502 2024 1576 linguae

379 1593 762 1666 scriptoribus
818 1592 1138 1666 significari
1175 1599 1561 1663 ὸμοιοτίλιυτον,
1619 1610 1722 1648 seu
1767 1594 2026 1648 similiter

376 1683 592 1748 eadm,
659 1699 775 1754 quo
827 1681 1204 1754 potissimum
1273 1697 1413 1738 suos
1481 1699 1685 1738 versus
1759 1680 2024 1755 vulgares

377 1786 611 1842 quoque
667 1773 846 1842 poetas
903 1786 1110 1826 ornare
1174 1775 1618 1826 consueverunt.
1679 1770 1892 1826 Verum
1953 1786 2021 1826 ex

2142 617 2284 669 tom.
2317 613 2514 688 prim.,
2546 631 2672 688 cap.
2705 617 2760 682 2,
2790 613 2967 671 veluti
2999 631 3124 672 rem
3154 614 3630 674 evidentissima:
3691 620 3816 675 sta-

2142 701 2276 771 tuit,
2308 701 2533 759 Siculos
2562 719 2596 758 a
2616 701 3074 776 provincialibus
3103 704 3318 778 poetis,
3346 721 3604 778 quorum
3637 705 3817 764 Vitas

2141 791 2561 847 Nostradamus
2593 791 2844 866 scriptas
2873 791 3340 866 reliquit,utpote
3368 793 3470 868 qui
3504 798 3693 852 antea
3715 794 3821 852 ﬂo-

2141 897 2327 948 ruere,
2360 879 2690 938 universam
2733 897 2976 953 poeseos
3021 882 3407 940 oeconomiam
3437 882 3648 948 fuisse
3675 901 3816 942 mu-

2139 969 2441 1026 tuatos.Et
2471 987 2668 1027 revera
2688 969 3131 1043 provincialium
3163 971 3428 1028 carmina
3457 971 3578 1029 fere
3601 973 3818 1030 omnia

2139 1056 2548 1130 complectitur
2575 1059 2868 1131 pretiosus
2900 1059 3162 1116 Estensis
3191 1059 3560 1117 bibliotheca:
3613 1063 3812 1120 codex

2139 1163 2316 1202 manu
2350 1151 2620 1203 exaratus
2651 1165 2803 1204 anno
2853 1148 3011 1216 1254,
3065 1164 3284 1222 eosque
3333 1149 3610 1206 novimus
3656 1151 3810 1208 εει-ἰν

2137 1235 2328 1308 psisse
2357 1253 2559 1292 versus
2590 1236 2662 1292 ab
2693 1253 2846 1292 anno
2878 1237 3016 1292 illo
3046 1253 3232 1310 usque
3261 1237 3332 1293 ad
3364 1239 3646 1296 eumdem
3693 1256 3812 1296 an-

2137 1342 2300 1393 num,
2334 1342 2469 1380 cum
2499 1332 2701 1381 contra
2751 1324 3082 1382 Italicorum
3131 1331 3440 1398 poetarum
3471 1328 3800 1401 vestigium

2134 1415 2227 1470 vix
2256 1418 2388 1487 post
2411 1430 2632 1470 annum
2654 1413 2867 1469 Christi
2893 1415 3032 1469 1200
3049 1431 3204 1470 nunc
3220 1414 3807 1490 inveniamus,utque
3862 1455 3877 1463 -

2133 1519 2335 1559 eorum
2368 1507 2642 1574 praeterea
2670 1501 2905 1574 pauculi
2925 1502 3436 1577 versus,incompti
3459 1505 3711 1562 omnino
3738 1523 3805 1562 ac

2133 1592 2328 1659 rudes,
2361 1591 2652 1648 nascentis
2691 1607 2933 1664 poeseos
2982 1590 3289 1648 intanliam
3338 1593 3614 1666 prodant.
3663 1594 3804 1652 Cla-

2133 1679 2404 1736 rissimus
2436 1684 2632 1736 autem
2677 1679 3067 1737 Fontaninius
3107 1679 3166 1735 in
3198 1679 3300 1736 lib.
3333 1681 3526 1754 primo
3555 1681 3641 1740 De
3675 1681 3800 1740 elo-

2131 1773 2332 1840 quent.
2367 1767 2578 1836 Italic.,
2603 1786 2731 1842 cap.
2758 1770 2793 1822 7
2821 1773 2879 1828 et
2911 1772 3204 1841 sequent.,
3235 1769 3796 1841 ostendit,Brunetti

379 1857 742 1916 institutione
773 1875 882 1914 sua
911 1858 1326 1928 rhythmus,seu
1362 1860 1526 1926 rima,
1550 1864 1774 1932 emptus
1805 1865 1894 1916 est
1923 1877 2020 1916 no-
2051 1895 2098 1960 Β
2132 1857 2321 1914 Latini
2353 1857 2698 1915 auctoritate
2747 1858 2951 1926 l‘retus,
2983 1857 3286 1931 vulgarem
3336 1858 3797 1917 Provincialium

376 1947 589 2003 minari
621 1947 844 2020 integer
871 1963 1074 2004 versus
1105 1947 1381 2021 vulgaris,
1417 1965 1518 2004 seu
1557 1964 1813 2018 carmen,
1845 1953 2022 2022 atque
2051 1946 2097 1960 ⁵’
2131 1965 2232 2004 seu
2276 1947 2629 2004 Francorum
2669 1946 2932 2020 linguam
2983 1963 3134 2004 anno
3186 1947 3326 2004 l260
3366 1948 3546 2006 fuisse
3575 1949 3635 2006 la
3692 1952 3797 2022 piu

377 2035 686 2116 poe_ma,ad
713 2036 1098 2092 imitationem
1131 2035 1538 2108 rhythmorum
1571 2036 1906 2094 Latinorum
1932 2037 2018 2092 lu-

375 2124 708 2193 cubratum,
738 2125 808 2180 de
839 2125 1054 2197 quibus
1085 2124 1369 2182 hactenus
1398 2125 1770 2198 egimus.Hac
1797 2127 1867 2182 de
1889 2143 2021 2182 cau-

373 2228 439 2268 sa
467 2212 776 2269 Petrarcha
804 2213 1017 2269 cecinit
1042 2229 1055 2268 :

553 2329 664 2395 Voi,
695 2327 778 2383 ch’
806 2329 1066 2384 aseoltate
1093 2330 1155 2383 in
1181 2330 1334 2386 Rime
1369 2345 1556 2401 sparse
1578 2331 1620 2385 il
1648 2345 1834 2386 suone.

367 2433 536 2501 Nam,
570 2435 635 2489 ut
659 2450 840 2508 supra
867 2451 936 2490 ex
968 2434 1216 2492 0thlono
1244 2433 1796 2503 vidimus,similiter
1821 2436 2017 2494 cadens

368 2521 509 2578 olim
538 2521 943 2596 appellabatur
968 2539 1264 2580 consonum
1295 2525 1537 2592 verbum,
1571 2542 1672 2582 seu
1713 2542 2014 2582 comarum-

365 2613 444 2668 tia
475 2616 753 2679 vocum,ut
781 2613 1068 2670 Antonius
1089 2613 1160 2670 de
1181 2613 1320 2670 Tem
1329 2630 1401 2687 po
1425 2615 2015 2687 testatur.Scriptoris

366 2699 545 2772 hujus
577 2699 792 2756 librum
823 2701 1013 2757 adhuc
1034 2700 1162 2756 luce
1183 2706 1560 2768 carentem,et
1584 2703 1640 2758 in
1662 2701 2017 2760 bibliotheca

366 2788 595 2846 Estensi
626 2805 692 2844 ac
721 2789 1107 2847 Ambrosiana
1125 2794 1623 2864 asservatum,ego
1637 2791 1765 2861 jam
1788 2791 2012 2848 dudum

368 2877 686 2933 memoravi
718 2876 822 2933 lib.
854 2876 1066 2950 primo,
1100 2893 1224 2950 cap.
1256 2878 1310 2943 3,
1343 2878 1422 2934 De
1450 2879 1686 2951 perfect.
1707 2880 1867 2952 poesi
1902 2881 2012 2937 Ita-

368 2965 489 3034 lic.,
523 2965 692 3037 cujus
721 2965 816 3022 his
843 2964 1051 3022 titulus
1084 2982 1098 3022 :
1132 2967 1356 3023 Summa
1383 2970 1519 3023 artis
1545 2967 1846 3041 rhythmici
1890 2970 2011 3025 vul-

365 3055 516 3127 garis
569 3053 904 3121 dictaminis,
956 3057 1245 3128 composita
1292 3056 1362 3112 ab
1407 3057 1644 3114 Antonio
1691 3057 1757 3113 de
1798 3059 2008 3131 Tempe,

367 3143 567 3214 iudice,
592 3145 709 3201 cive
735 3143 1017 3212 Paduano,
1049 3144 1118 3200 ad
1167 3145 1441 3201 illustrem
1465 3147 1772 3218 principem
1820 3148 2008 3204 Alber-

367 3241 486 3290 tum
623 3232 1066 3332 hiscala.‘Anno
1097 3235 1495 3332 Domini.l33?.
1545 3238 1626 3291 Ac
1675 3235 1918 3332 proinde
1955 3237 2008 3332 is
2041 3263 2085 3332 α

365 3321 628 3379 carmina
657 3322 980 3379 Petrarcha:
1019 3339 1128 3379 sua
1176 3322 1580 3381 lucubratione
1607 3325 1922 3398 praecessit.
1955 3327 2009 3383 Is

335 3426 500 3486 ‘ergo
530 3411 909 3484 rhythmorum
956 3413 1273 3484 vulgarium
1315 3417 1519 3484 septem
1561 3429 1756 3486 genera
1787 3431 2009 3472 enume-

363 3508 472 3567 rat,
502 3507 773 3569 sanetum,
801 3500 1084 3569 ballatam,
1115 3504 1426 3558 mulionem
1453 3507 1755 3569 extensam,
1786 3506 1896 3560 etc.
1929 3505 2011 3560 Ex

363 3604 480 3660 quo
507 3589 670 3646 vides
699 3587 1061 3647 carminibus
1081 3589 1228 3661 ipsis
1246 3605 1460 3648 nomen
1489 3591 1738 3664 rhythmi
1756 3591 2010 3649 inditum

363 3677 799 3734 fuisse.Rursus
831 3677 929 3732 ille
958 3677 1163 3734 scribit
1187 3677 1248 3734 in
1279 3681 1438 3736 rubr.
1471 3697 1490 3736 ι
1523 3697 1538 3736 :
1572 3681 1874 3753 Rhythmus
1897 3683 2012 3738 vulo

361 3768 512 3839 garis
557 3773 636 3822 est
675 3781 848 3838 genus
887 3766 1156 3838 quoddam
1198 3767 1532 3836 dictaminis,
1588 3773 1699 3826 etc.
1735 3772 2012 3828 Litteralis

363 3855 654 3928 rhythmus
682 3855 764 3927 (id
797 3858 881 3911 est
912 3855 1173 3929 Latinus)
1193 3857 1499 3914 secundum
1527 3861 1916 3930 grammaticos
1933 3864 2010 3917 est

362 3958 665 3999 consonans
690 3945 901 4016 paritas
929 3944 1290 4017 syllabarum,
1315 3954 1458 4002 certo
1501 3963 1728 4004 numero
1767 3964 2008 4020 compre-

364 4031 678 4088 hensarum.
712 4033 777 4088 Et
805 4033 991 4090 eadem
1017 4034 1302 4108 dispositio
1327 4035 1476 4091 cadit
1523 4038 1581 4090 in
1631 4037 1868 4108 quolibet
1895 4038 2012 4092 vul-

362 4121 490 4194 gari
513 4120 788 4194 rhythmo,
820 4125 1092 4196 praecipue
1138 4126 1200 4180 in
1246 4131 1394 4179 motu
1421 4125 1682 4195 confecto,
1713 4129 1823 4180 etc.
1857 4125 2014 4182 Infra

361 4209 565 4267 subdit
599 4228 611 4267 :
644 4212 885 4280 Quilibet
911 4214 1201 4285 rhythmus
1224 4212 1422 4270 habeat
1445 4213 1638 4269 saltem
1674 4229 1845 4270 unam
1887 4231 2013 4271 con-

361 4301 676 4358 sonantiam
703 4317 829 4358 cum
854 4302 1110 4366 dictione,
1135 4318 1252 4375 qua
1284 4301 1486 4358 habeat
1531 4301 1813 4358 diversum
1845 4305 2013 4376 signi-

359 4389 606 4461 ﬁcatum,
634 4393 744 4447 etc.
775 4393 924 4445 Sunt
953 4389 1034 4444 ibi
1064 4393 1258 4446 tamen
1286 4393 1344 4446 et
1373 4389 1488 4446 alia
1518 4389 1645 4447 loca
1690 4390 1750 4447 in
1794 4392 2012 4464 quibus

361 4477 608 4552 rhythmi
633 4494 744 4535 vox
773 4477 929 4534 idem
961 4476 1292 4550 significare
1321 4478 1551 4536 videtur
1565 4495 1632 4535 ac
1653 4479 1822 4536 nobis
1841 4482 2008 4536 rima.

361 4567 474 4625 Sed
505 4567 904 4642 quandonam,
932 4570 990 4623 et
1019 4567 1174 4640 apud
1205 4584 1353 4640 quos
1383 4571 1520 4624 nata
1551 4567 1750 4625 Italica
1780 4568 2012 4642 poesis?

353 4657 641 4714 Omnium
671 4655 1037 4713 eruditorum
1064 4654 1286 4714 calculo
1309 4657 1436 4730 jam
1458 4657 1756 4714 firmatum
1785 4656 2014 4729 est,pri-

362 4763 490 4804 mos
521 4746 581 4802 in
614 4744 782 4804 Italia
809 4743 1036 4802 Siculos
1082 4744 1384 4820 vulgarem
1431 4744 1716 4819 linguam,
1749 4745 2012 4803 Italicam

361 4835 997 4910 nimirum,usurpasse
1028 4836 1098 4893 ad
1133 4835 1467 4896 condendos
1498 4837 1863 4903 versus.Quaa
1889 4852 2014 4893 om-

363 4925 530 4982 nium
559 4925 962 4983 vetustissima
983 4928 1253 4998 poemata
1293 4922 1504 4981 Italicis
1547 4923 1762 4998 linguas
1807 4941 2013 4998 super-

364 5017 526 5082 sunt,
552 5011 764 5071 Siculis
792 5014 979 5086 poetis
1007 5014 1368 5072 tribuuntur.
1419 5012 1665 5086 Insuper
1706 5013 2016 5070 Petrarcha

364 5101 424 5158 in
453 5101 760 5175 Triumph.
791 5105 1012 5172 Amor.,
1044 5118 1172 5175 cap.
1207 5104 1260 5170 4,
1294 5101 1522 5160 Italicos
1567 5105 1769 5175 poetas
1816 5118 2012 5159 recen-

364 5207 502 5249 sens
534 5195 954 5249 commemorat
986 5193 1007 5246 i
1036 5191 1314 5248 Sioiliani.

561 5307 668 5364 Ohe
693 5309 790 5379 fur
815 5307 906 5377 gia
927 5307 1129 5379 primi,
1157 5321 1188 5362 e
1216 5306 1372 5378 quivi
1399 5321 1532 5360 eran
1561 5305 1626 5360 de
1644 5319 1816 5360 δέκεο.

434 5409 936 5471 UndeveroSiculi
951 5411 1256 5469 hauserint
1279 5426 1552 5467 versuum
1579 5426 1645 5466 ac
1677 5412 2009 5483 poematum

363 5501 692 5576 vulgarium
725 5500 1293 5574 formam,usumque
1313 5497 1762 5554 consonantium
1784 5515 2012 5570 vocum,

362 5597 535 5648 antea
562 5587 926 5660 disputatum
957 5593 1048 5647 est
1074 5589 1226 5645 inter
1254 5585 1488 5644 Italicos
1517 5585 1795 5644 eruditos.
1827 5588 2014 5646 Joan-

366 5695 470 5738 nes
500 5675 717 5735 Marius
747 5674 1340 5746 Crescimbenius,cui
1362 5691 1542 5749 supra
1563 5681 1800 5738 cwteros
1821 5677 2013 5736 lucem

2127 2037 2428 2093 dilettevole
2457 2053 2486 2092 e
2511 2037 2567 2091 la
2586 2037 2688 2108 piu
2717 2035 3066 2104 comune,che
3088 2038 3222 2092 tutti
3249 2037 3334 2106 gli
3359 2037 3495 2094 altri
3533 2037 3798 2110 linguag-

2127 2129 2188 2196 gi
2201 2143 2288 2195 ;ac
2320 2129 2624 2198 propterea
2649 2123 2808 2182 illius
2839 2124 3128 2182 sententia
3153 2130 3244 2181 est
3271 2141 3386 2181 non
3411 2123 3608 2182 solum
3629 2142 3702 2184 ex
3725 2143 3796 2184 ea

2127 2215 2332 2290 lingua
2362 2213 2538 2271 Italos
2582 2214 2876 2271 derivasse
2905 2219 3092 2269 artem
3139 2213 3552 2286 rhythmorum
3583 2214 3792 2289 vulga-

2127 2304 2304 2373 rium,
2329 2305 2431 2361 sed
2461 2304 2638 2360 etiam
2669 2302 2767 2359 che
2812 2303 2870 2358 la
2912 2302 3106 2374 lingua
3147 2303 3483 2359 Provenzale
3515 2303 3576 2358 in
3607 2303 3788 2360 realta

2123 2397 2190 2464 fu
2233 2393 2426 2448 matlre
2454 2395 2513 2447 in
2541 2408 2682 2462 gran
2711 2395 2868 2464 parte
2917 2390 3046 2446 dell’
3087 2392 3331 2448 Italiana
3377 2391 3514 2464 dopo
3543 2393 3589 2448 il
3616 2393 3791 2450 secolo

2124 2480 2723 2554 undecimo.Equidem
2756 2479 3027 2552 suspicor
3049 2479 3464 2536 Fontaninium
3484 2479 3788 2537 neminem

2126 2576 2243 2628 tam
2293 2568 2520 2627 enormi
2552 2567 2856 2624 sententia:
2904 2566 3367 2624 consentientem
3409 2566 3789 2638 habiturum,

2123 2675 2463 2734 quanquam
2515 2662 2574 2713 et
2620 2655 2912 2713 Varehius
2966 2655 3288 2724 censuerit,
3333 2655 3786 2716 Provincialium

2122 2748 2385 2822 linguam
2417 2755 2649 2803 matrem
2683 2762 2887 2818 magna
2915 2761 2986 2802 ex
3009 2749 3168 2818 parte
3193 2748 3368 2818 fuisse
3396 2745 3611 2802 Italica
3656 2752 3791 2820 post

2121 2853 2344 2893 annum
2379 2837 2533 2894 1200.
2569 2835 2767 2908 Neque
2813 2835 2971 2892 enim
3022 2839 3142 2890 tam
3193 2851 3323 2891 sero
3362 2835 3628 2906 emersit,
3661 2839 3782 2892 sta-

2121 2932 2366 2998 tumque
2396 2924 2614 2998 accepit
2643 2923 2844 2981 Italica
2872 2923 3222 2998 linguazimo
3239 2923 3362 2980 hac
3393 2941 3428 2980 a
3448 2924 3788 2982 Provincia-

2122 3015 2276 3072 libus
2309 3013 2545 3071 nonnisi
2565 3029 2754 3086 pauca
2772 3011 3057 3070 vocabula
3079 3013 3419 3086 accepit,uti
3431 3013 3562 3086 jam
3585 3013 3783 3086 palam

2118 3105 2339 3161 factum
2369 3107 2456 3160 est
2485 3120 2665 3175 supra
2694 3102 2754 3158 in
2779 3101 3200 3158 Dissertatione
3239 3119 3398 3158 xxxii
3443 3102 3510 3160 de
3563 3102 3788 3176 Origine

2121 3195 2347 3266 Linguae
2395 3193 2618 3250 Italica.
2668 3192 2735 3248 Et
2789 3207 3129 3264 quanquam
3190 3189 3410 3248 multas
3470 3207 3642 3248 voces
3705 3207 3777 3248 ex

2118 3283 2473 3340 Francorum
2521 3285 2624 3337 aut
2669 3278 3120 3337 Provincialium
3149 3279 3354 3354 lingua
3401 3279 3460 3337 in
3503 3279 3773 3338 Italicam

2121 3371 2408 3446 migrasse
2435 3371 2732 3437 daremus,
2764 3387 2877 3425 non
2910 3372 3222 3442 propterea
3243 3371 3383 3442 jura
3431 3369 3641 3427 matris
3691 3369 3778 3426 illi

2120 3461 2432 3519 tribuenda
2461 3460 2667 3517 forent.
2704 3458 2947 3516 Huetius
2999 3457 3144 3531 ipse,
3193 3459 3280 3514 vir
3328 3459 3779 3532 spectatissima

2119 3549 2486 3617 eruditionis,
2521 3547 2656 3605 licet
2685 3546 2908 3614 Gallus,
2931 3546 2991 3604 in
3030 3545 3132 3604 lib.
3166 3547 3248 3604 De
3276 3547 3485 3621 origin.
3521 3547 3772 3605 fabular.

2120 3641 2497 3706 Romanens.,
2530 3640 2761 3694 nostros
2794 3636 2945 3693 ridet
2989 3637 3143 3709 quod
3195 3635 3377 3693 nimia
3425 3633 3777 3694 liberalitate

2121 3728 2338 3785 multas
2371 3725 2584 3800 lingua:
2615 3729 2828 3782 nostrae
2874 3742 3043 3782 voces
3095 3724 3556 3784 Provincialibus
3600 3726 3776 3784 veluti

2119 3820 2388 3890 acceptas
2417 3815 2693 3882 referant,
2728 3831 2876 3888 quas
2908 3818 3105 3872 tamen
3154 3831 3289 3870 cum
3343 3814 3429 3872 illi
3482 3819 3612 3872 tum
3659 3832 3772 3872 non

2121 3906 2284 3962 Latio
2313 3904 2618 3962 debemus.
2649 3902 2925 3977 Exempla
2953 3907 3010 3960 et
3037 3920 3143 3976 ego
3174 3901 3345 3960 attuli
3388 3903 3450 3959 in
3501 3903 3662 3961 notis
3703 3903 3775 3961 ad

2119 3994 2385 4052 carmina
2411 3992 2613 4050 Italica
2641 3992 2984 4049 Petrarcha.
3020 3991 3275 4064 Denique
3305 4007 3406 4049 eos
3433 3991 3616 4050 etiam
3665 3993 3776 4051 im-

2119 4083 2384 4158 probavit
2411 4086 2622 4138 Dantes
2651 4079 2938 4154 Aligerius
2969 4081 3030 4137 in
3059 4080 3350 4151 Convivio,
3383 4081 3487 4154 qui
3533 4081 3776 4139 Provin-

2119 4171 2358 4230 cialium
2389 4169 2652 4243 linguam
2684 4168 2896 4226 Italica:
2912 4169 3606 4243 praeferebantilcterum
3620 4171 3774 4243 quod

2119 4266 2209 4318 est
2237 4260 2310 4317 ad
2339 4258 2683 4316 Italicorum
2712 4258 2958 4331 poesim,
2977 4274 3093 4314 non
3127 4259 3234 4316 abs
3264 4274 3325 4314 re
3353 4257 3581 4315 Marius
3598 4259 3774 4334 Equi-

2121 4349 2478 4417 cola,Petrus
2510 4347 2786 4416 Bembus,
2818 4345 3160 4419 Speronius,
3185 4345 3774 4421 Sansovinus,atque,

2119 4443 2187 4494 ut
2203 4436 2352 4494 alius
2379 4433 3029 4507 omittam,prwlaudati
3060 4433 3534 4492 Crescimbenius
3553 4440 3615 4492 et
3633 4436 3779 4493 Fon-

2119 4524 2382 4583 taninius
2413 4523 2682 4580 arbitrati
2710 4521 3164 4596 sunt,originem
3200 4522 3372 4580 istius
3397 4539 3433 4579 a
3452 4522 3776 4581 Provincia-

2043 4631 2090 4698 D
2119 4614 2266 4672 lium
2297 4611 2624 4669 imitatione
2654 4627 2784 4668 esse
2829 4611 3069 4668 omnino
3115 4611 3550 4668 arcessendam.
3587 4612 3780 4670 Liceat

2122 4710 2321 4761 tamen
2341 4705 2400 4759 et
2429 4699 2574 4758 mihi
2603 4699 2818 4757 addere
2850 4717 2864 4756 :
2897 4699 2952 4756 id
2989 4699 3376 4773 quidem'veri
3403 4698 3626 4770 simile,
3671 4702 3777 4759 mi-

2123 4793 2283 4849 nime
2300 4807 2435 4848 vero
2456 4792 2680 4847 certum
2702 4787 2987 4846 esse.Jam
3011 4787 3259 4862 produxi
3282 4787 3384 4846 lib.
3411 4788 3628 4861 primo,
3653 4806 3777 4864 cap.

2121 4885 2176 4949 3,
2209 4880 2362 4937 Delta
2389 4879 2625 4952 perfetta
2652 4878 2860 4950 poesia,
2891 4876 3070 4934 verba
3098 4875 3442 4944 Petrarcha,
3471 4889 3606 4948 quo
3653 4893 3779 4934 rur-

2122 4985 2228 5026 sus
2273 4967 2370 5025 hic
2415 4965 2842 5024 consideranda
2885 4965 3150 5022 veniunt.
3203 4968 3270 5022 In
3321 4962 3664 5037 praefatione
3711 4965 3780 5022 ad

2122 5056 2400 5132 epistolas
2428 5073 2566 5114 suas
2598 5053 2918 5112 familiares
2957 5055 3030 5112 de
3082 5053 3250 5112 libris
3281 5070 3316 5110 a
3344 5067 3409 5110 se
3437 5054 3778 5128 compositi

2121 5146 2220 5204 ille
2249 5143 2766 5220 agens,rhythmos
2796 5144 2974 5200 etiam
3005 5143 3233 5218 vulgari
3258 5141 3464 5217 lingua
3487 5159 3522 5199 a
3543 5141 3781 5201 selucu‘

2120 5237 2321 5292 bratos
2351 5235 2512 5292 hisce
2543 5233 2733 5290 verbis
2764 5233 3044 5290 describit
3074 5251 3088 5290 :
3119 5235 3262 5290 Pars
3290 5231 3600 5290 mulcendis
3634 5233 3782 5306 vulgi

2121 5325 2354 5382 auribus
2383 5327 2614 5390 intenta,
2646 5325 2761 5378 suis
2791 5330 2842 5378 et
2882 5324 3002 5395 ipsa
3051 5324 3260 5396 legibus
3301 5322 3574 5380 utebatur.
3625 5322 3780 5398 Quod

2119 5429 2290 5486 genus
2320 5412 2466 5486 apud
2512 5410 2719 5468 Siculos
2766 5412 2856 5481 (ut
2900 5413 3057 5484 fama
3098 5415 3200 5482 est)
3250 5427 3363 5468 non
3412 5411 3610 5468 multis
3653 5416 3776 5468 ante

2120 5503 2343 5560 seculis
2373 5501 2815 5569 renatum,brevi
2839 5516 2940 5574 per
2968 5516 3184 5558 omnem
3211 5501 3432 5558 Italiam
3463 5516 3528 5556 ac
3560 5500 3771 5572 longius

2121 5590 2368 5646 manavit
2413 5605 2432 5642 :
2483 5587 2630 5660 apud
2658 5587 2967 5646 Graecorum
3013 5590 3149 5646 olim
3187 5606 3253 5647 ac
3278 5589 3608 5646 Latinorum
3636 5593 3774 5646 vetu-

2123 5679 2389 5736 stissimos
2419 5677 2787 5744 celebratum;
2815 5677 3088 5752 siquidem
3133 5683 3184 5737 et
3230 5680 3503 5737 Romanos
3532 5679 3775 5754 vulgares
