3896 6216
124 380 239 443 ⁸197

1421 379 1784 446 RHYTHMI
1825 379 2206 447 VETERES.

3400 375 3518 473 793

127 512 422 589 rhythmico
453 518 666 570 tantum
688 512 933 571 carmine
962 513 1045 572 uti
1072 511 1254 573 solitos
1274 518 1597 589 accepimus.
1632 516 1762 573 Haec
1792 527 1847 594 Α
1875 512 2174 589 scripserit
2201 529 2270 572 ex
2298 514 2485 589 ipsius
2506 510 2708 572 Dentis
2730 511 2901 572 verbo
2935 530 2948 571 :
2981 511 3376 588 Rhythmorum
3397 517 3515 573 vut-

128 603 427 661 Petrarcha
473 602 700 659 circiter
742 619 963 660 annum
994 603 1209 660 Christi
1250 606 1380 661 1360
1398 607 1705 663 “scribebat
1745 621 1757 660 :

129 706 247 767 quas
275 691 562 748 Ludovico
585 692 930 749 Castelvetro
952 693 1266 750 Mutinensi
1289 692 1347 749 in
1366 695 1759 751 Additament.

130 783 194 838 ad
222 780 320 837 lib.
352 781 613 854 primum
645 781 1021 838 Pros.Bembi
1043 783 1172 854 jam
1203 784 1304 839 diu
1334 783 1761 853 animadversa,

130 874 555 944 persuaserunt,
574 868 867 926 immerito
899 870 1114 927 obtruli
1145 872 1530 928 Provinciales
1563 878 1763 944 poetas

127 965 396 1032 tanquam
428 962 703 1031 parentes
728 964 830 1014 aut
852 958 1167 1031 magistros
1194 960 1405 1016 Italicae
1429 962 1763 1032 poeseos.Et

130 1066 190 1106 ea
215 1047 445 1120 quidem
478 1047 592 1103 sibi
623 1048 897 1120 opposuit
923 1049 1416 1117 Crescimbenius;
1450 1050 1550 1104 sed
1586 1065 1764 1121 quan-

128 1138 205 1193 vis
230 1134 416 1193 multa
445 1140 877 1192 commentatus
910 1137 1101 1206 fuerit,
1131 1138 1351 1194 nemini
1373 1138 1655 1193 hactenus
1679 1138 1760 1191 vi-

131 1226 320 1281 deatur
347 1223 657 1281 debilitata
686 1227 899 1282 nedum
936 1226 1206 1281 confossa
1251 1226 1580 1281 Castelvetri
1630 1241 1760 1281 sen-

130 1313 467 1370 tentia.Nam
504 1313 659 1385 quod
685 1313 846 1368 nulla
865 1298 1195 1370 Siculorum
1219 1315 1480 1371 carmina
1499 1314 1765 1387 vulgaria

128 1402 435 1459 habeamus
485 1405 623 1457 ante
674 1419 892 1459 annum
939 1404 1077 1459 1200
1120 1404 1356 1475 scripta,
1389 1419 1762 1476 nequaquam

128 1491 483 1548 inferendum
506 1495 600 1548 est
618 1491 779 1547 nulla
801 1509 1002 1564 reapse
1031 1492 1355 1565 composita
1375 1495 1510 1549 ante
1540 1509 1762 1549 annum

123 1578 283 1635 illum
312 1580 519 1637 fuisse.
553 1582 704 1646 Quot
730 1580 888 1636 enim
917 1586 973 1637 et
1004 1586 1224 1654 quanta
1272 1581 1439 1638 nobis
1487 1583 1765 1654 eripuerit

125 1668 421 1741 tempus,is
448 1673 686 1726 tantum
721 1669 949 1741 ignorat
977 1669 1077 1742 qui
1102 1670 1315 1742 hOSpes
1346 1669 1404 1724 in
1438 1670 1763 1726 eruditione

125 1773 350 1830 prorsus
380 1763 493 1824 est,
529 1762 594 1814 ut
622 1758 908 1822 omittam,
944 1750 1119 1831 plura
1142 1759 1309 1813 condi
1346 1759 1604 1832 potuisse
1637 1776 1761 1832 qua:

126 1845 320 1903 litteris
350 1847 599 1903 minime
623 1847 841 1903 fuerint
865 1848 1227 1921 consignata.

186 1935 732 2009 Perspectissimum
784 1953 915 1992 vero
966 1937 1278 1992 Patrarcha
1308 1936 1531 2008 habuit,
1567 1942 1763 2010 utpote

126 2039 219 2096 per
245 2040 428 2080 annos
461 2023 797 2096 complures
848 2024 905 2079 in
959 2024 1257 2080 Provincia
1303 2029 1589 2094 versatus,
1622 2030 1764 2098 quot

124 2117 309 2184 poetas
338 2129 407 2169 ea
437 2114 602 2186 regio
626 2111 1100 2186 tulerat,quoque
1133 2118 1390 2187 tempore
1424 2115 1462 2171 ii
1495 2115 1759 2171 ﬂoruere.

124 2201 303 2258 Nihilo
332 2206 532 2259 tamen
564 2202 899 2268 secius,non
927 2205 998 2259 ab
1029 2203 1100 2259 iis
1131 2203 1355 2260 Siculos
1382 2203 1656 2260 didicisse
1679 2220 1766 2259 ar-

122 2292 230 2345 tem
258 2290 672 2364 rhythmorum
724 2291 948 2361 scribit,
983 2294 1081 2348 sed
1134 2293 1327 2364 potius
1377 2311 1411 2348 a
1457 2292 1676 2349 Latinis
1709 2297 1765 2347 et

124 2376 346 2448 Graecis,
376 2380 538 2453 apud
586 2396 835 2452 quorum
886 2381 1093 2451 vulgus
1136 2382 1194 2436 in
1242 2398 1353 2437 usu
1404 2380 1541 2436 olim
1584 2383 1765 2437 fuisse

124 2465 441 2540 Rhythmos
471 2469 599 2542 ipse
632 2469 941 2526 Petrarcha
971 2475 1290 2542 acceperat.
1316 2472 1430 2526 Cur
1460 2488 1566 2526 nos
1607 2472 1764 2526 atﬁr-

124 2558 531 2629 memus,quod
556 2557 606 2613 is
630 2557 800 2631 longe
832 2558 1066 2632 prepior
1088 2558 1530 2615 Provincialium
1556 2560 1761 2633 poetis,

121 2646 171 2696 et
197 2643 348 2701 inter
362 2649 560 2718 patres
572 2645 782 2701 ltalicze
806 2663 1046 2719 poeseos
1078 2649 1766 2721 numeratus,ignoravit‘?

119 2732 190 2786 Ac
202 2733 496 2807 praecipue
514 2750 649 2790 cum
668 2735 1317 2793 LeonardusArrelinus
1341 2737 1396 2791 in
1412 2737 1541 2792 Vita
1562 2738 1764 2793 Dantis

1794 1896 1840 1961 B

1869 607 2092 676 garium
2148 606 2464 661 Italicorum
2520 609 2705 661 artem
2760 602 2989 660 circiter
3040 621 3227 662 annos
3282 610 3517 663 centum

1873 694 2299 767 quinquaginta
2321 698 2453 750 ante
2473 694 2747 750 eumdem
2771 692 3087 766 Aligerium
3112 694 3397 766 originem
3419 694 3517 751 ha.

1874 781 2331 854 buisse.Epocha
2352 784 2466 837 ista
2489 782 2549 837 in
2570 799 2669 838 eos
2692 782 2852 854 ipsos
2874 798 3058 838 annos
3080 783 3368 853 convenit,
3388 783 3518 856 qui-

1873 871 1984 925 bus
2005 876 2062 926 et
2082 869 2529 926 Provincialium
2555 876 2861 943 poetarum
2878 871 3050 944 primi
3067 872 3522 939 floruere.Quid?

1872 959 2026 1030 quod
2059 963 2116 1014 et
2147 957 2362 1014 ibidem
2395 960 2866 1015 Crescimbenius
2894 965 3110 1032 partu,
3134 959 3267 1016 libri
3292 962 3521 1019 nCom-

1874 1052 2119 1103 mentar.
2153 1053 2356 1104 auctor
2383 1053 2494 1119 est,
2527 1048 2752 1104 Tuscia:
2784 1065 2898 1103 non
2947 1049 3204 1105 defuisse
3248 1049 3522 1122 vulgares

1874 1141 2071 1209 poetas
2104 1153 2257 1192 anno
2288 1137 2461 1192 etiam
2512 1137 2671 1193 I200.
2722 1135 2867 1192 Cum
2906 1154 3038 1193 vero
3088 1137 3367 1209 Etruscis,
3419 1139 3522 1196 Pe-

1873 1226 2104 1280 trarcha
2131 1230 2295 1289 teste,
2331 1225 2658 1297 praeiverint
2679 1224 3177 1297 Siculi,reliquum
3208 1232 3299 1283 est
3318 1231 3384 1283 ut
3404 1245 3520 1300 quo

1874 1317 2134 1385 tempore
2183 1313 2631 1369 Provincialium
2663 1314 2856 1386 poesis
2904 1312 3154 1387 vigebat,
3190 1314 3518 1373 Siculorum

1874 1418 2105 1475 quoque
2154 1404 2347 1475 poesis
2390 1401 2606 1457 usitata
2655 1403 2808 1474 apud
2854 1402 3123 1476 vulgares
3163 1404 3338 1461 fuerit
3387 1422 3399 1461 :
3454 1422 3521 1462 ac

1873 1491 2112 1562 proinde
2139 1491 2378 1547 veritate
2408 1490 2533 1556 niti,
2568 1492 2723 1563 quod
2772 1491 3082 1547 Petrarcha
3129 1492 3227 1560 ait,
3256 1493 3522 1551 videlicet

1873 1580 2283 1653 rhythmorum
2316 1583 2499 1636 artem
2546 1579 2691 1651 apud
2741 1580 2951 1636 Siculos
3005 1596 3113 1635 non
3157 1582 3347 1638 multis
3395 1586 3523 1639 ante

1872 1670 2351 1741 sa'culis(duobus
2382 1668 2866 1736 saltem)renatam
2894 1670 3086 1739 fuisse.
3119 1669 3315 1741 Neque
3366 1671 3520 1742 inju-

1874 1758 1960 1813 ria
1992 1758 2190 1814 subdit
2221 1757 2335 1823 ille,
2369 1756 2597 1814 Siculos
2645 1772 2676 1812 e
2723 1755 2934 1813 Graecis
2985 1760 3158 1830 atque
3202 1757 3425 1816 Latinis
3463 1759 3522 1815 in

1874 1863 2059 1920 genus
2092 1863 2331 1918 poeseos
2362 1846 2657 1913 didicisse,
2683 1862 2815 1901 cum
2845 1848 3019 1901 antea
3048 1846 3524 1918 conspexerimus

1874 1935 2191 1993 familiares
2223 1935 2401 1991 fuisse
2435 1952 2568 1989 cum
2600 1933 2815 1990 Graecis
2875 1938 3003 1989 tum
3057 1933 3277 1991 Latinis
3322 1935 3523 2011 rhyth-

1875 2043 2024 2093 mos,
2080 2043 2145 2081 8.0
2218 2029 2493 2097 prretcrea
2549 2034 2755 2079 VOCllln
2833 2040 3265 2080 consonaruum
3325 2042 3523 2094 usum,

1874 2132 2023 2187 quas
2076 2130 2233 2170 nunc
2289 2116 2428 2169 rime
2475 2129 2910 2184 nuncupamus,
2979 2130 3106 2168 sera
3179 2115 3528 2188 antiquitate

1875 2203 2469 2275 commendari.Apud
2497 2202 2658 2275 ipsos
2685 2200 3150 2269 Siculos,smeulo
3181 2202 3526 2262 duodecimo

1876 2292 2236 2357 decurrente,
2270 2290 2560 2362 ejusmodi
2591 2305 2796 2346 versus
2844 2306 2879 2345 a
2927 2289 3151 2346 Latinis
3199 2292 3387 2363 poetis
3430 2308 3527 2349 ex-

1876 2381 2084 2447 cultos,
2122 2380 2323 2452 paucis
2373 2379 2694 2435 ostendam.
2734 2376 2979 2451 Rogerio
3010 2377 3031 2433 I
3068 2377 3279 2451 inclyte
3318 2379 3527 2437 Siciliae

1876 2475 1932 2527 et
1961 2469 2236 2525 Calabriae
2268 2467 2489 2534 comiti,
2517 2465 2617 2540 qui
2649 2483 2801 2523 anno
2835 2466 2966 2522 1101
3001 2456 3225 2523 naturae
3263 2468 3527 2527 debitum

1877 2559 2069 2627 solvit,
2101 2557 2369 2614 tumulus
2399 2557 2507 2612 hac
2538 2555 2855 2630 epigraphe
2884 2559 3127 2613 ornatus
3159 2556 3339 2613 Mileti
3369 2561 3528 2632 posi-

1878 2652 1971 2703 tus
2004 2648 2130 2713 fuit,
2166 2645 2394 2703 Boccho
2426 2645 2585 2700 Pirro
2617 2647 2763 2700 teste
2799 2642 2854 2698 in
2887 2643 3235 2718 Chronolog.
3272 2661 3392 2720 reg.
3437 2645 3526 2703 Si-

1880 2736 2023 2792 ciliae
2051 2754 2063 2792 :

648 2859 999 2923 LINQVENS
1035 2862 1431 2932 TERRENAS,
1472 2861 1827 2919 MIGRAVIT
1866 2861 2006 2915 DVX
2043 2860 2137 2915 AD
2173 2859 2508 2915 AMOENAS

648 2947 1003 3029 ROGERIVS
1045 2950 1286 3019 SEDES,
1327 2951 1480 3007 NAM
1520 2951 1680 3008 COEI
1720 2951 2029 3007 DETINET
2068 2949 2289 3005 JEDES.

110 3083 218 3140 Par
245 3088 339 3140 est
390 3085 752 3158 epitaphium
805 3089 1085 3161 Raynaldi
1136 3091 1385 3151 comitis.
1421 3109 1573 3149 anno
1628 3093 1767 3148 1126
1797 3094 1839 3160 C
1874 3092 2089 3149 Notitia
2117 3092 2423 3147 Catanens.
2459 3088 2848 3146 Ecclesiae.lta
2878 3086 3172 3144 Guilielmi
3205 3087 3227 3144 Ι
3256 3087 3411 3162 regis
3443 3106 3531 3147 se-

113 3173 288 3229 rebus
320 3173 606 3231 humanis
635 3180 909 3249 exempti,
942 3179 1097 3248 apud
1152 3180 1422 3235 eumdem
1471 3180 1668 3236 Pirum
1710 3180 1768 3235 in
1880 3180 2105 3253 pulcro,
2138 3196 2291 3235 anno
2322 3179 2462 3234 ll'lO
2492 3176 2794 3250 inscriptio
2817 3176 2940 3231 haec
2970 3175 3156 3230 incisa
3183 3181 3271 3230 est
3304 3192 3316 3231 :

649 3299 767 3356 HIC
805 3301 951 3356 TVA
992 3301 1256 3357 ROGERI
1298 3303 1447 3358 DVX
1488 3303 1835 3367 QVONDAM
1875 3302 2218 3359 TEMPORE
2259 3301 2510 3355 PATRIS
2738 3370 2747 3373 _

627 3389 822 3459 OSSA
859 3391 1095 3446 TENE'I‘
1134 3391 1447 3459 TVMLVS,
1490 3392 1792 3447 TVMVLO
1832 3390 2301 3448 CONTERMINA
2340 3388 2626 3453 MATRIS,

646 3478 996 3535 VNDECIES
1036 3479 1327 3536 CENTVM
1366 3481 1613 3537 DECIES
1658 3482 1812 3547 SEX,
1853 3481 1961 3536 BIS
2002 3479 2224 3535 MAGIS
2262 3478 2475 3544 ANNO,

644 3565 967 3624 MIGRANS
1006 3568 1184 3623 POST
1224 3569 1593 3626 CHRISTVM
1632 3570 1888 3625 NATVM
1929 3569 2067 3623 SVB
2106 3567 2392 3622 HERODE
2432 3565 2793 3633 TVRANNO,
2837 3568 2943 3620 etc.

118 3701 335 3779 Reliqui
365 3724 571 3765 versus
602 3711 804 3766 eodem
839 3711 1112 3785 rhythmo
1158 3716 1503 3786 procedunt.
1535 3714 1757 3770 Similis
1784 3718 1872 3770 est
1902 3712 2207 3785 inscriptio
2241 3728 2393 3767 anno
2428 3711 2564 3766 1183
2595 3709 2785 3782 posita
2816 3708 3138 3784 Margaritm
3172 3709 3383 3783 reginas
3418 3726 3430 3765 :

641 3834 759 3890 HIC
799 3834 1066 3892 REGINA
1103 3838 1310 3894 JACES
1354 3839 1751 3895 REGALIBVS
1790 3838 2005 3894 EDITA
2044 3837 2276 3903 CVNIS,

645 3923 1086 3993 MARGARITA,
1129 3928 1270 3983 TIBI
1312 3928 1560 3984 NOMEN
1599 3927 1789 3991 QVOD
1829 3926 2150 3984 MORIBVS
2190 3925 2376 3993 VNIS,
2418 3929 2527 3980 etc.

118 4034 261 4096 Nihil
288 4059 425 4117 ergo
460 4062 607 4118 opus
636 4047 749 4102 fuit
778 4049 990 4104 Siculis
1014 4050 1459 4107 Provincialium
1492 4051 1754 4124 discipli-

119 4139 197 4181 nae
223 4145 346 4188 sese
375 4135 643 4199 tradere.
662 4140 727 4191 ut
758 4141 941 4192 artem
974 4139 1315 4195 contexendi
1353 4156 1557 4196 versus
1595 4149 1758 4212 ὁμοιο-

115 4222 355 4285 τιλέυτους
387 4223 792 4280 edocerentur.

176 4306 355 4379 Atque
380 4310 479 4368 hic
504 4313 843 4369 addendum
871 4320 962 4371 est
993 4332 1107 4371 non
1141 4317 1377 4372 Latinos
1422 4322 1652 4373 tantum
1702 4324 1757 4375 et

118 4377 329 4478 Graecos
355 4399 675 4473 rhythmici
728 4402 1008 4459 carminis
1054 4405 1321 4477 exempla
1369 4406 1581 4462 Siculis
1614 4424 1756 4478 prze-
1788 4377 1835 4441 D

116 4476 320 4555 buisse,
350 4493 418 4546 ut
450 4489 763 4548 Petrarcha
792 4493 1019 4550 erudite
1042 4476 1578 4561 animadvertit,sed
1612 4476 1758 4551 alios

117 4582 333 4655 quoque
356 4578 609 4650 populos
633 4579 694 4635 in
724 4580 832 4636 hac
863 4586 986 4639 arte
1014 4583 1202 4639 eidem
1234 4589 1291 4639 et
1321 4583 1562 4655 reliquis
1594 4583 1753 4640 Italis

114 4653 285 4718 facem
310 4666 650 4725 ministrare
679 4671 960 4741 potuisse.
995 4672 1140 4728 Nam
1190 4672 1346 4727 ultra
1394 4653 1508 4727 duo
1539 4672 1753 4729 szecula

115 4746 218 4803 sub
245 4750 667 4814 Saracenorum
697 4760 954 4815 Arabum
979 4760 1124 4833 jugo
1171 4760 1368 4815 Sicilia
1418 4761 1641 4833 gemuit
1677 4762 1748 4817 ad

113 4846 318 4921 annum
347 4859 541 4915 usque
588 4847 745 4915 1060,
780 4863 896 4919 quo
951 4849 1219 4905 Messana
1264 4849 1348 4905 eis
1396 4851 1594 4921 erepta
1638 4855 1746 4906 est.

113 4917 264 4980 Anno
292 4934 489 4987 autem
506 4931 533 4988 4
540 4933 640 4988 091
658 4917 883 5007 integra
897 4935 1091 4992 insula
1104 4938 1160 4992 in
1176 4917 1530 5010 principium
1544 4938 1752 4995 North-

115 5020 449 5075 mannorum
481 5020 761 5079 ditionem
796 5026 1148 5097 venit.Atqui
1173 5031 1396 5083 eertum
1417 5031 1508 5083 est
1528 5029 1747 5085 Arabes

117 5108 333 5174 quoque
358 5107 680 5167 delectatos
704 5112 1051 5186 rhythmicis
1076 5115 1518 5188 versibus,quos
1539 5116 1599 5171 in
1622 5134 1749 5173 mod

118 5196 227 5255 rem
253 5199 588 5263 nostrorum
618 5204 1077 5259 consonantibus
1106 5203 1296 5261 verbis
1324 5205 1742 5262 terminabant.

119 5269 254 5365 §tlnt
279 5286 431 5356 apud
462 5304 563 5344 eos
607 5291 1024 5365 antiquissima
1071 5292 1333 5350 carmina
1379 5311 1507 5365 quae
1555 5295 1747 5352 adhuc

119 5356 278 5458 ﬁdem
308 5374 387 5430 rei
417 5356 844 5453 facinnLquue
871 5381 955 5440 vel
982 5381 1168 5453 ipsius
1189 5356 1503 5438 Maumetis
1520 5388 1744 5456 tempo-

118 5448 269 5538 ribus
295 5458 578 5529 familiare
604 5467 886 5538 fuit;nam
919 5473 1166 5527 testante
1196 5470 1510 5527 Marraccio
1536 5470 1595 5528 in
1618 5448 1749 5529 Pro-

118 5532 329 5641 SE'OEDO,
358 5553 457 5609 ubi
489 5555 559 5611 de
589 5532 872 5616 Alcorano
926 5558 1068 5632 agit,
1117 5576 1243 5631 cap.
1275 5563 1331 5624 '2,
1373 5560 1539 5632 impii
1591 5560 1748 5617 illius

116 5619 236 5685 Ῑὼτί
286 5637 469 5712 signa,
527 5645 646 5703 sive
695 5647 988 5715 versiculi,
1027 5650 1081 5704 in
1113 5648 1428 5719 rhythmum
1465 5648 1745 5721 desinunt,

1866 4054 1962 4125 qui
2006 4055 2063 4107 ut
2104 4051 2415 4123 plurimum
2461 4064 2764 4106 consonans
2813 4056 2912 4116 est,
2946 4048 3119 4104 vocali
3156 4047 3374 4120 affecta,
3404 4062 3529 4102 cum

1866 4157 1981 4196 una
1999 4141 2259 4196 extribus
2303 4140 2701 4210 quiescentibus
2741 4136 3101 4209 praecedente,
3134 4145 3194 4192 ut
3239 4152 3372 4202 una,
3405 4136 3523 4203 ina,

1865 4228 2315 4300 ano,etc.Usque
2347 4227 2491 4282 adeo
2523 4227 2581 4283 id
2614 4229 2838 4282 certum
2884 4229 2994 4293 est,
3028 4229 3092 4280 ut
3138 4221 3526 4280 eruditissimi

1868 4316 2058 4372 Huetii
2093 4317 2153 4371 in
2186 4316 2320 4371 libr.
2356 4316 2436 4371 De
2467 4315 2676 4389 origin.
2712 4314 2957 4371 fabuler.
3002 4314 3353 4370 Romanens.
3391 4328 3524 4366 sen-

1867 4405 2050 4461 tentia
2082 4405 2274 4471 fuerit,
2309 4421 2404 4460 nos
2432 4405 2502 4460 ab
2531 4404 2773 4459 Arabum
2798 4404 2998 4475 papula
3038 4402 3303 4473 accepisse
3352 4406 3525 4455 artem

1866 4492 2364 4566 rhythmandi,hoc
2395 4497 2502 4559 est,
2523 4492 2971 4549 consonantium
3004 4490 3314 4546 verberum
3347 4502 3522 4543 usum

1867 4581 1927 4636 in
1957 4580 2322 4647 versibus,cx
2343 4597 2458 4652 quo
2480 4580 2747 4635 videlicet
2770 4578 3021 4635 nefanda
3051 4592 3194 4650 gens
3218 4574 3522 4631 meliorem

1869 4670 2161 4743 HiSpaniee
2196 4673 2419 4742 partem
2463 4670 2609 4741 jugo
2658 4684 2764 4724 suo
2816 4683 3078 4739 premere
3110 4663 3282 4736 cmpit
3313 4680 3326 4719 :
3363 4664 3522 4736 quod

1860 4759 2098 4815 ineunte
2129 4756 2339 4814 saeculo
2369 4761 2567 4813 octavo
2598 4756 2866 4828 contigit.
2899 4755 3114 4810 Eadem
3143 4769 3379 4826 quoque
3412 4770 3519 4809 saa-

1855 4848 1983 4904 culo
2014 4864 2164 4904 nono
2196 4845 2395 4901 sedem
2418 4844 2542 4899 fixit
2566 4844 2624 4899 in
2646 4842 2841 4898 Sicilia
2862 4847 3037 4915 atque
3087 4840 3369 4898 Calabria.
3411 4842 3511 4897 In-

1858 4954 2105 4993 numera
2134 4934 2251 4990 dixi
2285 4933 2476 4989 adhuc
2520 4933 2766 4989 existere
2796 4931 3053 4989 Arabica:
3088 4930 3281 5006 gentis
3303 4930 3514 4988 carmi-

1858 5044 1966 5094 na;
2000 5018 2175 5098 idque
2206 5022 2381 5078 etiam
2415 5020 2779 5078 Derbelotius
2810 5038 2914 5077 nos
2947 5020 3294 5078 docuit.1mo
3326 5021 3518 5095 Span-

1858 5117 2093 5174 hemius
2107 5118 2309 5172 auctor
2322 5116 2409 5169 est
2429 5112 2613 5185 poetis
2636 5110 2752 5169 illis
2775 5128 2889 5168 non
2917 5111 3250 5169 inventione
3263 5114 3515 5179 tantum,

1858 5208 1958 5263 sed
1991 5212 2047 5262 et
2077 5220 2320 5260 numero
2353 5204 2687 5275 poematum
2721 5218 2786 5258 ac
2817 5218 3092 5259 vemuum
3126 5199 3294 5274 copia
3323 5200 3396 5255 ab
3431 5198 3516 5255 eis

1858 5291 2563 5369 scriptorum,quemlibet
2595 5290 2776 5347 alium
2805 5292 3089 5366 populum
3113 5289 3285 5362 longe
3315 5303 3519 5343 conce-

1857 5386 2012 5442 dere.
2048 5386 2117 5440 Et
2145 5382 2397 5456 profecto
2433 5380 2575 5436 mihi
2607 5398 2891 5453 perquam
2922 5377 3237 5437 verisimile
3284 5375 3516 5431 videtur

1857 5492 1963 5530 nos
1995 5490 2168 5546 posse
2201 5488 2315 5527 non
2345 5473 2561 5526 temere
2610 5470 2908 5526 Abrabum
2958 5467 3175 5543 populo
3212 5465 3511 5536 acceptam

1858 5564 2072 5620 referre
2104 5564 2289 5617 artem
2311 5557 2852 5631 rhythmicam,sive
2873 5575 3046 5614 usum
3061 5553 3511 5614 consonantium

1855 5668 2068 5708 vocum
2101 5649 2160 5706 in
2190 5649 2305 5705 ﬁne
2344 5663 2645 5719 versuum,
2679 5647 2915 5718 quando
2962 5642 3174 5701 eruditi
3225 5644 3514 5699 testantur
