3896 6216
296 368 414 438 ’199

1031 363 1224 431 SEC.
1271 363 1354 432 XI
1397 365 1626 432 AUCT.
1673 361 1992 428 INCERTI
2035 358 2226 424 ANNI
2269 360 2370 426 ET
2413 358 2711 424 SCPIPT.
2763 348 2986 420 'lurzn.

3596 353 3726 422 800

297 499 782 576 antiquissimum
811 515 941 560 esse
969 501 1124 576 apud
1155 517 1284 560 eam
1309 505 1545 576 gentem
1561 495 1939 573 rhythmandi
1969 498 2032 566 Α
2052 493 2270 570 populo
2299 493 2556 552 ediscere
2580 493 2758 552 etiam
2779 492 2948 552 licuit
2973 489 3450 568 8iculis,quando
3471 507 3724 552 consen-

297 608 543 662 morem,
577 608 753 665 quem
781 591 973 648 adhuc
1005 591 1278 660 retinent,
1308 595 1366 648 et
1394 590 1616 647 celebre
1662 587 1773 645 fuit
1800 585 1942 644 olim

297 699 501 743 eorum
529 697 740 739 nomen
759 699 789 737 e
805 681 1134 740 litterarum
1165 678 1774 750 studiis,multumque
1795 693 1948 732 com-

299 770 500 830 mercii
531 771 616 827 eis
645 774 768 827 erat
799 787 932 825 cum
959 769 1280 842 Europaeis,
1315 785 1380 825 ac
1423 767 1709 841 praecipue
1761 765 1944 822 Italis.

299 859 586 920 Fortassis
617 863 674 915 et
703 859 775 917 ab
807 860 890 914 eis
921 858 1256 932 accepimus
1285 857 1475 914 varias
1516 873 1792 913 versuum
1832 857 1946 911 for-

299 967 449 1019 mas,
484 965 632 1022 quas
662 947 940 1005 describit
968 947 1253 1020 Agapitus
1282 964 1315 1001 a
1343 945 1504 1002 Valle
1551 945 1947 1001 Flammarum

298 1037 488 1096 ordin.
521 1036 728 1094 Minor.
762 1036 822 1092 in
854 1033 1050 1092 libello
1098 1035 1178 1091 De
1225 1040 1348 1092 arte
1399 1033 1641 1090 metrica
1667 1033 1944 1089 ArabUm.

298 1127 512 1188 Preter
538 1125 684 1184 alios
725 1124 854 1196 eius
883 1122 1074 1198 gentis
1099 1123 1281 1179 libros
1302 1121 1360 1178 in
1387 1123 1538 1180 hanc
1559 1137 1679 1178 rem
1703 1120 1948 1178 celebris

297 1220 384 1272 est
443 1217 727 1275 tractatus
773 1212 952 1269 Bader
1028 1211 1222 1269 Aldini
1277 1211 1616 1268 Πανηαηίαηί
1677 1211 1949 1283 ρνίησψίςς

291 1307 576 1378 poetarum
603 1301 760 1375 apud
781 1301 1131 1374 Arabes,qui
1154 1304 1422 1358 accurate
1441 1301 1514 1355 de
1533 1317 1643 1355 usu
1666 1298 1949 1371 rhythmo-

297 1410 420 1448 rum
449 1390 981 1466 scripsit.Antiquis
1013 1406 1147 1446 vero
1179 1388 1410 1448 saeculis
1430 1392 1564 1461 post
1589 1389 1861 1444 abactum
1879 1405 1949 1444 ex

296 1479 465 1538 Italia
491 1483 825 1538 Grecorum
853 1478 1190 1552 imperium,
1217 1479 1474 1534 Arabum
1502 1477 1768 1536 doctrina
1789 1479 1950 1533 tanto

297 1567 456 1636 Italis
485 1568 544 1628 in
577 1568 796 1628 honore
827 1567 959 1636 fuit,
983 1573 1048 1624 ut
1077 1567 1115 1623 ii
1147 1565 1436 1640 praecipue
1465 1565 1794 1623 litterarum
1825 1582 1948 1622 ma-

295 1657 464 1732 gistri
499 1660 906 1725 censerentur;
940 1656 1096 1728 quod
1121 1660 1179 1712 et
1197 1655 1778 1712 commemorandum
1803 1653 1947 1710 mihi

296 1747 407 1806 erit
430 1746 585 1806 intra
605 1745 666 1802 in
687 1743 1110 1802 Dissertatione
1137 1762 1268 1801 xuv
1286 1744 1350 1802 de
1371 1744 1682 1801 litterarum
1701 1747 1945 1816 fortuna.

295 1835 464 1893 Addo
493 1851 610 1892 non
644 1834 829 1890 levem
860 1834 1030 1890 nobis
1053 1834 1392 1908 suspicandi
1417 1850 1654 1890 causam
1677 1831 1945 1906 praeberi,

294 1925 514 1988 Arabes
545 1941 580 1981 a
607 1922 1008 1980 vetustissimo
1039 1921 1252 1996 populo
1273 1922 1516 1979 Judaico
1537 1921 1944 1996 rhythmorum

296 2017 482 2072 artem
513 2017 572 2071 et
601 2029 776 2070 usum
807 2013 1044 2068 edoctos
1070 2011 1469 2083 tuissc.Supra
1487 2010 1745 2067 vidimus
1767 2009 1947 2066 dicte-

297 2105 453 2168 riuin
484 2101 802 2161 mulierum
832 2101 1204 2157 Hebraaarum
1236 2100 1297 2156 in
1327 2099 1464 2156 Saul
1489 2115 1669 2156 causa
1695 2099 1951 2156 victoriae

297 2211 333 2248 a
360 2191 542 2252 David
572 2190 785 2248 relatae.
820 2189 902 2247 lbi
935 2188 1319 2250 consonantia
1345 2205 1574 2245 vocum.
1625 2188 1744 2244 Hac
1787 2188 1859 2244 de
1890 2205 1950 2244 re

297 2279 620 2355 disputatio
651 2279 912 2353 proxime
941 2279 1250 2351 praeteritis
1281 2277 1452 2335 annis
1470 2278 1658 2350 viguit
1678 2277 1830 2334 inter
1849 2277 1949 2333 do-

295 2369 635 2431 ctissimum
652 2369 848 2426 virum
871 2367 1136 2425 Blasium
1167 2366 1524 2436 Garofolum,
1545 2383 1611 2422 ac
1642 2365 1788 2434 alios
1817 2383 1949 2422 eru-

297 2458 471 2522 ditos,
509 2459 676 2526 Quod
721 2457 876 2527 novi,
906 2457 1271 2532 Augustinus
1318 2455 1685 2528 Eugubinus,
1735 2453 1952 2512 Meibo-

300 2548 816 2617 mius,Ludovicus
845 2545 1135 2620 Capellus,
1169 2544 1448 2614 Clericus,
1482 2543 1748 2615 Huetius,
1771 2547 1828 2600 et
1855 2541 1952 2600 alii

298 2637 795 2708 sensere,Judaaos
813 2635 886 2692 ab
905 2633 1335 2708 antiquissimis
1355 2633 1584 2690 smculis
1603 2637 1952 2690 concentum

303 2727 462 2784 hunc
489 2725 804 2783 verborum
837 2739 1154 2796 usurpasse
1174 2722 1233 2779 in
1255 2723 1380 2778 suis
1401 2721 1954 2796 carminibus,hym-

305 2815 421 2882 nis,
454 2817 512 2871 et
541 2813 807 2871 canticis.
865 2812 1053 2878 Quid?
1111 2812 1264 2884 quod
1324 2811 1738 2868 Fourmontius
1777 2811 1845 2866 V.
1877 2811 1949 2868 cl.

299 2901 543 2962 Parisiis
573 2919 726 2958 anno
758 2901 898 2962 me
929 2899 1400 2958 dissertationem
1431 2899 1618 2956 edidit
1647 2901 1708 2956 in
1748 2901 1951 2957 eadem

303 2993 449 3050 urbe
474 2991 630 3064 typis
648 2990 1000 3064 impressam
1023 2989 1244 3046 tom.VI
1265 2989 1546 3046 Mdmoires
1565 2991 1632 3046 de
1661 2989 1952 3047 l’Académ.

307 3081 398 3137 des
455 3081 826 3153 Inscriptious.
890 3078 973 3136 Ibi
1029 3093 1160 3152 pag.
1229 3079 1328 3133 160
1384 3077 1572 3134 multa
1627 3078 1954 3135 eruditione

302 3167 642 3237 ostendit,in
672 3167 912 3243 poeticis
943 3167 1110 3225 libris
1141 3166 1367 3224 Veteris
1394 3167 1754 3225 Testamenti
1795 3168 1952 3240 ejus-

2057 584 2168 643 tire
2199 582 2479 654 nolimus,
2503 583 2576 640 ab
2606 582 2852 640 Arabica
2875 587 3046 658 gente
3067 599 3166 641 eos
3190 583 3494 658 accepisse
3514 581 3736 660 vulga-_

2057 673 2212 731 rium
2245 673 2575 730 carminum
2606 673 3252 747 artem.Rhythmorum
3286 673 3546 746 profecto
3589 671 3720 729 vul-

2057 765 2180 838 gari
2213 763 2416 837 lingua
2437 763 2803 820 conditorum
2827 763 2982 838 apud
3003 767 3206 837 gentes
3229 757 3723 838 septentrionales

2058 835 2354 926 antiquior
2374 855 2465 908 est
2489 868 2634 909 usus
2660 867 2838 924 quam
2864 835 3315 908 Provincialium
3333 854 3390 908 et
3409 849 3718 928 Italorum.
3789 835 3816 851 ’

2059 941 2388 998 Ostendunt
2439 941 2711 998 Germani
2761 939 3074 1015 Evangelia
3121 940 3396 1012 rhythmi:
3435 940 3724 998 Theotisca

2057 1046 2089 1086 e
2118 1028 2319 1086 Latino
2350 1028 2579 1086 reddita
2621 1045 2724 1102 per
2775 1028 3068 1085 Otfridum
3099 1029 3459 1086 monachum
3489 1029 3724 1087 circiter

2058 1134 2279 1175 annum
2328 1118 2462 1187 880;
2515 1135 2644 1192 quae
2698 1117 2926 1175 cantica
2971 1118 3246 1176 brevibus
3293 1117 3602 1193 versiculis
3661 1117 3722 1176 in

2055 1225 2225 1265 voces
2255 1211 2642 1264 consonantes
2666 1206 3074 1265 desinentibus
3098 1211 3390 1264 constant.
3403 1207 3536 1264 Alia
3573 1223 3722 1282 quo-

2057 1313 2171 1370 que
2199 1296 2466 1369 ejusdem
2512 1296 2744 1369 generis
2789 1299 3061 1370 poemata
3106 1295 3206 1352 ille
3249 1296 3541 1370 procudit,
3591 1313 3722 1370 quae

2059 1385 2251 1442 adhuc
2281 1402 2424 1443 mss.
2458 1390 2762 1441 servantur
2813 1385 2875 1440 in
2929 1383 3359 1458 antiquissimis
3411 1383 3726 1463 codicibus

2057 1474 2328 1532 Caesareae
2372 1473 2842 1530 Vindobonensis
2899 1473 3266 1531 bibliothecis
3297 1490 3365 1530 ac
3395 1473 3722 1542 Vaticana,

2057 1563 2176 1620 imo
2205 1563 2361 1636 typis
2391 1563 2569 1620 etiam
2599 1563 2776 1620 aeneis
2827 1580 2861 1620 a
2916 1563 3140 1620 Joanne
3186 1561 3472 1620 Scbiltero
3502 1562 3744 1620 tradita-

2057 1657 2343 1725 prostant.
2375 1653 2524 1710 Sunt
2553 1655 2610 1708 et
2638 1651 2754 1709 alia
2779 1651 2934 1725 apud
2963 1651 3178 1719 Danos,
3209 1651 3428 1709 Succos
3447 1655 3723 1709 cmteros-

2056 1757 2172 1814 que
2203 1742 2526 1798 Germanos
2554 1742 2684 1813 ejus
2713 1740 2944 1813 generis
2973 1739 3400 1798 vetustissima
3425 1739 3722 1798 carmina.

2055 1830 2342 1902 Georgius
2373 1829 2574 1886 itidem
2608 1829 3093 1896 Hickesius,inter
3119 1828 3433 1886 Britannos
3459 1846 3725 1888 summa

2056 1919 2145 1974 vir
2173 1918 2542 1987 eruditionis,
2573 1917 2633 1974 in
2664 1917 2949 1975 Thesaur.
2983 1916 3236 1991 linguar.
3270 1921 3446 1975 veter.
3473 1921 3721 1992 septen-

2057 2007 2291 2064 trional.
2325 2024 2665 2081 quanquam
2696 2007 2934 2075 scribat,
2953 2006 3012 2062 in
3043 2005 3476 2080 antiquissimis
3496 2004 3724 2082 Anglo-

2058 2098 2354 2154 Saxonum
2385 2095 3087 2170 pseudo-rhythmos,hec
3117 2099 3208 2153 est
3231 2096 3280 2152 le
3309 2097 3728 2167 rime,minime

2060 2185 2302 2260 reperiri
2355 2204 2368 2242 :
2429 2190 2686 2243 attamen
2735 2202 2864 2258 cap.
2917 2188 2986 2241 24
3047 2184 3456 2242 Grammaticis
3502 2183 3724 2258 Angloo

2059 2276 2269 2332 Saxon.
2299 2275 2626 2350 specimina
2655 2276 2822 2332 affert
2851 2275 3204 2345 carminum,
3237 2291 3369 2348 qua
3397 2273 3528 2348 ipse
3557 2277 3724 2346 semi-

2061 2365 2332 2420 Saxonica
2353 2363 2730 2436 appellat,ubi
2754 2364 3016 2420 similiter
3042 2364 3238 2421 cadens
3259 2363 3726 2438 occurrit,quale

2061 2453 2120 2508 in
2140 2453 2309 2511 nobis
2331 2455 2390 2510 in
2413 2454 2528 2510 ﬁne
2543 2469 2820 2510 versuum
2843 2452 3460 2526 usurpatur.Usserius
3480 2468 3724 2526 quoque

2061 2559 2186 2616 cap.
2224 2544 2312 2614 17,
2347 2558 2478 2616 pag.
2513 2543 2637 2612 450,
2668 2542 3015 2616 Antiquitat.
3065 2542 3328 2599 Britann.
3379 2541 3610 2612 eccles.,
3653 2558 3724 2600 ex

2059 2619 2192 2688 Vita
2219 2631 2375 2688 beati
2405 2631 2571 2689 Albei
2601 2631 2725 2688 haec
2756 2631 2924 2688 affert
2951 2649 2964 2686 :
2997 2631 3128 2688 Inde
3149 2636 3370 2689 sanctus
3409 2633 3721 2701 Patricius,

2063 2723 2470 2796 arehiponlifex
2514 2726 2564 2778 et
2617 2726 2884 2794 patronus
2931 2723 3098 2778 totius
3148 2722 3451 2792 [liba-nias,
3504 2737 3724 2779 versum

2060 2819 2369 2886 sequentem
2411 2812 2619 2868 Scotica
2672 2812 2888 2882 lingua,
2919 2813 3082 2884 quasi
3127 2811 3398 2884 quoddam
3434 2812 3726 2868 oraculum

2064 2903 2200 2973 legis
2227 2903 2467 2974 vigorem
2496 2901 2720 2968 habens,
2752 2901 3014 2957 cantavit.
3048 2901 3218 2971 Quem
3247 2916 3465 2958 versum
3491 2901 3723 2974 familia

2064 2992 2251 3048 Sancti
2287 2991 2442 3047 Αιὺεὶ
2471 2998 2522 3046 ct
2546 2990 2768 3063 familia
2805 2992 2998 3048 Sancti
3022 2991 3252 3046 Declani
3293 2991 3596 3048 noluerunt
3618 3006 3724 3064 pro

2059 3097 2114 3137 se
2150 3080 2235 3137 vel
2264 3080 2692 3153 rhythmice,seu
2720 3081 2942 3137 metriae
2973 3081 3038 3136 in
3063 3081 3324 3137 Latinum
3349 3089 3711 3148 verterem;

2061 3169 2155 3226 sed
2181 3171 2410 3242 majoris
2438 3169 2780 3226 auctoritatis
2807 3169 2862 3225 ei
2887 3168 3256 3226 conciliandae
3300 3171 3504 3242 gratia,
3557 3169 3730 3226 illum

303 3259 461 3318 modi
491 3241 838 3316 concentum
871 3258 931 3314 in
965 3258 1079 3314 ﬁne
1106 3273 1381 3315 versuum
1414 3257 1952 3314 occurrere.Exem-
1983 3241 2028 3312 C
2059 3241 2286 3332 proprio
2315 3266 2367 3315 et
2391 3260 2650 3330 genuino,
2697 3274 2802 3330 quo
2847 3259 3268 3332 pronuntiatum
3287 3265 3339 3315 et
3363 3261 3728 3332 compositum

303 3347 417 3422 plis
439 3363 636 3420 parco.

374 3439 511 3505 Qum
569 3436 670 3493 ubi
725 3439 1058 3493 statuamus
1103 3435 1230 3508 jam
1289 3438 1448 3508 patet
1497 3435 1949 3492 consonantium

301 3543 512 3585 vocum
542 3542 718 3584 usum
749 3525 807 3582 in
837 3525 1313 3598 versibus,supra
1343 3541 1520 3598 quam
1549 3523 1726 3598 vulgo
1755 3525 1951 3581 creda-

302 3621 418 3685 tur,
446 3615 617 3690 longe
647 3614 1129 3688 antiquissimum
1161 3619 1518 3688 esse,utpote
1548 3614 1648 3687 qui
1681 3613 1954 3670 aJudaeis

303 3707 360 3762 in
390 3707 568 3780 Syros
595 3708 652 3762 et
681 3705 900 3761 Arabes
932 3703 1172 3760 ﬂuxisse
1199 3703 1446 3761 videtur.
1479 3704 1695 3760 Deinde
1721 3721 1791 3760 ex
1811 3705 1952 3760 Ara-

303 3795 446 3852 bum
477 3797 648 3867 gente
675 3792 794 3850 veri
824 3793 1054 3848 videtur
1082 3791 1276 3849 simile
1305 3793 1467 3866 ipsos
1497 3793 1824 3850 Occidentis
1847 3809 1954 3866 po-

303 3883 474 3958 pulos
504 3887 691 3940 artem
721 3881 874 3938 hanc
905 3881 1199 3952 didicisse,
1231 3881 1342 3938 nisi
1370 3883 1636 3939 eamdem
1668 3900 1702 3939 a
1722 3882 1956 3957 populis

304 3969 862 4046 septentrionalibus
891 3975 1062 4028 antea
1091 3969 1423 4028 didicerint.
1455 3971 1602 4027 Nam
1633 3975 1693 4028 et
1721 3972 1794 4028 ad
1823 3971 1956 4028 illos

304 4063 365 4118 in
393 4060 557 4120 hisce
588 4059 1008 4134 investigandis
1031 4058 1232 4116 oculos
1261 4062 1673 4117 convertamus
1704 4063 1953 4134 oportet.

305 4151 470 4208 Certe
501 4152 637 4223 post
659 4149 880 4206 Arabes
899 4148 1215 4223 imperium
1238 4147 1446 4204 Siciliae
1471 4149 1768 4221 arripuere
1784 4149 1961 4206 comi-

305 4244 420 4310 tes,
445 4239 626 4300 duces
656 4255 721 4295 ac
753 4255 918 4312 reges
968 4237 1357 4294 Northmanni
1416 4254 1430 4294 :
1475 4253 1620 4311 gens
1669 4255 1878 4312 nempe
1925 4258 1961 4297 a

305 4327 498 4403 gelido
529 4328 932 4401 Septentrione
961 4325 1192 4384 olim'in
1225 4325 1496 4396 Galliam,
1528 4345 1594 4384 ac
1623 4328 1864 4386 demum
1897 4330 1960 4386 in

307 4419 577 4492 Magnam
594 4415 1252 4490 Britanniam,Apuliam
1277 4418 1453 4489 atque
1471 4417 1728 4475 Siciliam
1751 4419 1958 4491 effusa,

307 4494 704 4566 dominatione
733 4507 806 4564 iis
837 4507 897 4562 in
931 4505 1074 4562 locis
1105 4503 1424 4562 fortissime
1452 4507 1843 4564 oonstabilita.
1873 4509 1958 4564 Ad

2059 3353 2138 3405 est
2167 3366 2200 3404 a
2227 3350 2411 3404 sancto
2440 3348 2707 3415 Patricio,
2736 3345 3017 3414 idiomate,
3044 3363 3148 3420 pro
3175 3347 3444 3418 dignitate
3481 3350 3730 3421 profore.

2061 3453 2184 3494 mus
2211 3439 2273 3492 in
2302 3435 2653 3492 mediumJta
2679 3436 2882 3493 Scotice
2912 3438 3139 3492 canitur
3167 3437 3268 3494 ille
3293 3453 3477 3494 versus
3507 3455 3527 3494 :

2201 3526 2358 3582 Ailbe
2385 3527 2558 3593 umal,
2591 3527 2783 3582 Patrio
2803 3527 3046 3594 Muman,
3071 3540 3160 3583 mo
3183 3526 3320 3599 gach
3344 3525 3471 3582 rath

2208 3615 2440 3672 Thcclan
2469 3616 2657 3672 Patrio
2683 3615 2968 3682 Nandeisi,
2999 3633 3070 3686 ag
3099 3615 3319 3672 thcclan
3347 3631 3412 3688 go
3443 3615 3605 3672 brath

2062 3705 2148 3762 Ad
2180 3703 2302 3760 haec
2331 3702 2712 3761 Mabillonius
2740 3709 2884 3761 tom.
2920 3704 2995 3761 III
3022 3704 3232 3761 Annal.
3265 3703 3746 3774 Benedictinort,

2063 3811 2198 3869 pag.
2247 3795 2374 3863 684,
2422 3793 2692 3866 producit
2739 3792 3080 3867 rhythmum
3140 3793 3460 3850 Teutonica
3521 3792 3731 3868 lingua

2064 3881 2631 3956 confectum,in’quo
2659 3883 2934 3940 eumdem
2959 3899 3168 3940 vocum
3203 3900 3309 3940 con
3320 3886 3560 3940 centum
3579 3882 3735 3941 inve-

2064 3973 2216 4029 nies.
2248 3972 2380 4028 Hinc
2404 3971 2682 4045 profecto,
2711 3970 2870 4029 ultra
2909 3986 3090 4046 quam
3121 3971 3293 4029 multi
3322 3970 3444 4030 sint
3471 3971 3730 4046 opinati,

2065 4061 2478 4135 rhythmorum
2497 4060 2830 4135 vulgarium
2853 4061 3266 4135 antiquitatem
3287 4060 3506 4136 oppido
3533 4068 3748 4119 seram

2065 4151 2572 4208 evincuntzFranci
2601 4149 2737 4225 ipsi,
2768 4154 3084 4224 antequam
3115 4149 3568 4208 Provinciallum
3596 4159 3732 4224 poe-

2066 4245 2262 4298 tarum
2292 4239 2584 4298 celebrata
2621 4240 2828 4298 cohors
2857 4245 3180 4315 emergeret
3207 4240 3502 4314 ejusmodi
3524 4253 3756 4298 venus:

2067 4329 2445 4388 elucubrasse
2472 4329 2762 4388 videntur.
2795 4329 3026 4387 Bulaeus
3080 4330 3140 4386 in
3192 4329 3406 4388 Hister.
3459 4329 3730 4387 Univers.

2067 4419 2436 4476 Paris.refert
2463 4418 2830 4494 epitaphium
2859 4419 3097 4476 Gallicis
3125 4417 3734 4493 rhythmis‘F‘rodbar-

2069 4510 2146 4565 do
2175 4508 2444 4566 Remensi
2478 4509 2760 4566 historico
2793 4508 3074 4581 positum,
3097 4507 3199 4581 qui
3230 4521 3383 4566 anno
3401 4505 3532 4564 965'
3551 4508 3730 4564 tinem

307 4615 530 4658 annum
551 4595 1442 4686 usquetOQiNortbmannorum
1472 4612 1680 4686 regum
1699 4597 1960 4670 potentia
1987 4621 2036 4686 Β
2065 4597 2296 4656 vivendi
2327 4597 2482 4656 fecit.
2513 4598 2670 4656 Duos
2709 4601 2942 4655 tantum
2989 4613 3194 4654 versus
3242 4590 3534 4657 delibatos
3562 4596 3730 4654 ‘in'de'

307 4704 382 4745 ac
421 4689 594 4746 sedes
641 4687 796 4762 apud
847 4685 1076 4743 Siculos
1113 4685 1464 4759 perduravit.
1501 4686 1588 4743 Ab
1619 4685 1730 4744 hoc
1757 4691 1956 4746 autem
1988 4685 2021 4686 ί
2066 4687 2287 4761 accipe.

1059 4827 1335 4894 VEQVIT
1369 4827 1598 4886 CASTE
1638 4828 1887 4903 CLERC,
1929 4831 2070 4890 ΒΟΝ
2110 4829 2356 4898 MOINE,
2397 4827 2715 4888 MEILLEV
2753 4815 2958 4897 ABBE,

1271 4919 1364 4974 ET
1403 4917 1730 4977 D’AGAPIT
1768 4919 1860 4976 LY
1898 4921 2178 4980 ROMAIN
2219 4921 2358 4978 FVT
2403 4905 2618 4989 AVBE,
2657 4921 2766 4976 etc.

309 5045 473 5105 Idem
529 5041 903 5102 Mabillonius
951 5043 1008 5099 in
1061 5045 1186 5101 Act.
1245 5043 1508 5102 Sanctor.
1570 5045 1962 5118 Benedictin.,

311 5131 534 5197 Saeculo
562 5151 617 5202 ν,
651 5132 760 5191 hos
789 5149 992 5190 versus
1023 5149 1132 5190 non
1165 5135 1320 5208 longe
1349 5135 1418 5191 ab
1465 5135 1580 5192 illis
1628 5137 1962 5209 temporibus

308 5225 538 5296 scriptos
561 5226 622 5280 et
649 5222 776 5297 ipse
806 5223 1143 5282 arbitratur.
1176 5223 1343 5298 Apud
1393 5240 1492 5281 eos
1547 5225 1624 5281 sit
1676 5225 1840 5282 ﬁdes.
1878 5225 1962 5280 En

312 5328 452 5387 ergo
467 5312 624 5373 unde
642 5311 884 5370 alteram
907 5327 1172 5368 normam
1190 5312 1520 5386 vulgarium
1553 5313 1962 5388 rhythmorum

312 5401 548 5463 haurire
575 5399 874 5476 potuerint
901 5399 1099 5471 Siculi,
1129 5419 1200 5458 ex
1235 5402 1659 5460 Northmannis
1701 5401 1967 5460 videlicet

309 5487 516 5550 Siciliae
546 5489 660 5564 ipsi
711 5489 1158 5562 imperantibus,
1198 5495 1302 5548 aut
1343 5509 1416 5549 ex
1443 5491 1596 5549 .aliis
1641 5489 1964 5548 Germaniae

314 5578 570 5653 populis,
601 5583 919 5652 antequam
951 5581 1132 5650 poetae
1163 5580 1224 5635 in
1252 5579 1552 5638 Provincia
1578 5580 1800 5638 famam
1841 5579 1965 5638 suis

315 5666 678 5726 carminibus
725 5667 840 5730 sibi
886 5673 1230 5743 quaererent.
1281 5669 1642 5731 Francorum
1669 5674 1868 5731 autem
1898 5687 1968 5728 ac

2073 5045 2674 5115 Germanorum,adde
2687 5048 2746 5100 et
2759 5043 3174 5102 Britannorum
3189 5037 3736 5112 mores‘et’ling'uam

2072 5134 2464 5193 Northmanni
2485 5133 2666 5208 probe
2689 5132 3061 5202 edocti,hunc
3081 5130 3258 5188 etiam
3285 5137 3536 5204 possess
3553 5133 3732 5187 usum

2073 5224 2132 5280 in
2183 5223 2443 5282 Siciliam
2493 5219 2784 5278 invexisse
2861 5239 2976 5280 non
3041 5219 3336 5277 immerito
3381 5217 3731 5275 credantur.

2074 5315 2441 5386 QuantOpere
2468 5327 2602 5368 vero
2631 5311 2922 5382 ejusmodi
2945 5309 3240 5386 rhythmis
3259 5297 3738 5367 oblectdWs’fu'ev

2073 5401 2413 5459 ritcirciter
2439 5415 2662 5456 annum
2693 5398 2912 5458 Christi
2944 5401 3050 5458 ΗΟ
3077 5388 3411 5457 Gaufrcdus
3452 5386 3730 5455 'Mlil'atler-

2075 5507 2160 5561 ra,
2211 5488 2404 5564 patria
2438 5489 2859 5560 Nortmannus,
2903 5490 3007 5548 sed
3056 5489 3271 5546 naviter
3313 5489 3516 5559 factus;
3551 5488 3732 5545 ,διτα-

2075 5582 2184 5649 lus,
2215 5596 2397 5654 supra
2425 5579 2614 5636 innui.
