3896 6216
138 295 241 366 80!

1433 294 1797 361 RHYTHMI
1843 295 2233 361 VETERES.

3433 284 3553 356 802

202 425 281 482 Ad
305 422 631 498 vulgarium
649 424 983 484 Italicorum
1003 428 1331 491 carminum
1354 429 1600 488 formam
1625 432 1779 505 quod
1807 432 1863 501 Α
1893 434 2196 505 propterea
2226 430 2482 488 evadunt
2528 428 2977 503 dodecasyllabi,
3030 426 3296 499 ejusdem
3346 431 3543 484 tamen

142 513 351 580 attinet,
381 531 453 571 ne
482 514 633 571 hanc
651 516 890 589 quidem
922 534 1159 575 necesse
1190 518 1300 575 fuit
1330 524 1395 576 ut
1417 519 1597 577 Siculi
1623 524 1784 578 caste-

138 604 293 677 rique
324 601 506 669 Italici
539 620 573 660 a
600 605 1065 667 Provincialibus
1103 608 1291 681 poetis
1351 612 1782 665 mutuarentur.

139 691 593 761 Crescimbenius
635 692 736 759 lib.
787 695 977 768 primo
1021 696 1234 757 Histor.
1285 696 1507 772 vulgar.
1543 715 1785 773 poeseos

141 780 439 854 scripserat
474 798 487 837 :
518 782 643 850 Egli
671 786 700 838 ὀ
747 784 941 840 chiara
987 800 1132 855 casa,
1193 786 1293 842 che
1348 786 1787 845 I’endecasillabo

140 864 344 942 volgare
370 887 542 937 venue
569 873 630 927 in
659 874 819 929 Italia
852 874 998 931 della
1031 880 1326 933 Provenm.
1369 879 1588 932 Verum
1638 876 1784 949 ipse,

143 977 196 1017 re
225 958 557 1034 diligentius
591 961 877 1034 inspecta,
908 964 982 1021 ab
1023 964 1313 1036 ejusmodi
1363 964 1635 1039 opinione
1666 964 1785 1021 dis-

144 1049 304 1121 cessit
333 1050 391 1106 in
422 1054 817 1109 Commentar.
850 1052 953 1109 lib.
986 1053 1198 1128 primo,
1240 1072 1367 1129 cap.
1424 1053 1650 1129 quinto,
1685 1053 1785 1110 ubi

144 1137 339 1195 diserte
369 1137 588 1195 fatetur
616 1156 680 1196 se
699 1156 933 1214 quoque
963 1158 1278 1215 agnoscere
1301 1142 1635 1199 Italicorum
1666 1158 1788 1198 ver-

144 1244 233 1284 sus
260 1244 328 1283 ex
353 1217 685 1297 imitatione
744 1230 1085 1288 Latinorum
1144 1232 1486 1304 processise.
1531 1231 1594 1286 Id
1651 1246 1784 1286 vero

144 1314 266 1372 ante
289 1314 457 1381 illum
488 1316 719 1372 erudite
750 1318 1059 1374 adnotarat
1089 1322 1287 1377 noster
1309 1318 1699 1376 Castelvetrus
1730 1323 1787 1375 et

141 1404 379 1473 Jacobus
406 1404 746 1462 Mazzonius
777 1406 878 1465 lib.
911 1425 972 1475 ιι,
1006 1424 1133 1481 cap.
1165 1409 1254 1477 33,
1283 1407 1344 1463 in
1392 1407 1633 1482 Apolog.
1676 1408 1787 1465 Co-

142 1493 303 1551 moed.
336 1494 569 1550 Dantis.
600 1496 761 1551 Addo
810 1512 916 1570 ego
947 1513 1062 1552 non
1094 1514 1123 1552 e
1152 1497 1352 1553 metris
1401 1501 1627 1552 tantum
1658 1515 1785 1570 pcr-

141 1581 409 1657 fectisque
430 1582 780 1640 Latinorum
802 1584 1067 1642 versibus
1083 1585 1331 1641 derivari
1353 1585 1613 1659 potuisse
1636 1585 1789 1642 Itali-

143 1688 330 1729 corum
356 1671 634 1742 formam,
669 1672 771 1728 sed
805 1672 981 1730 etiam
1003 1689 1071 1729 ex
1086 1672 1401 1746 incomptis
1426 1674 1787 1748 rudibusque

1895 521 2175 593 temporis
2207 524 2380 595 atque
2438 519 2933 594 hendecasyllabi,
2965 518 3258 575 sdruccioli
3288 516 3483 575 Italice
3517 535 3552 574 a

1896 610 2066 666 nobis
2098 608 2371 683 appellati
2407 610 2682 683 (quorum
2716 609 3018 665 inventum
3051 606 3244 664 nescio
3275 623 3379 662 cur
3408 607 3552 663 Var-

1896 698 2066 755 chius
2092 699 2150 754 in
2172 698 2496 756 Herculano
2522 698 2790 756 tribuerit
2806 694 3549 768 Sannazario),eorumdem

1893 804 2169 844 versuum
2201 788 2496 862 specimen
2530 803 2599 845 ex
2624 787 2813 862 ipsius
2836 785 3146 844 Walafridi
3179 782 3540 842 carminibus

1868 900 1871 903 ’
1897 893 2066 934 θιθω
2093 895 2106 933 Ξ

2107 1013 2333 1082 Legistis
2362 1011 2614 1067 meminit
2643 1020 2821 1066 vestra
2847 1012 3121 1079 sagacitas

2110 1102 2175 1155 At
2202 1101 2389 1157 malus
2418 1108 2623 1171 egomet
2651 1100 2902 1155 sordibus
2931 1100 3159 1164 obsitus,

2109 1190 2319 1245 Donari
2349 1190 2567 1245 veniam
2588 1188 2746 1244 credo
2774 1190 3073 1256 sagaciter,
3100 1190 3208 1242 etc.

1896 1321 2048 1376 Sane
2080 1320 2138 1375 in
2169 1319 2329 1376 hisce
2360 1320 2735 1393 antiquorum
2769 1316 3274 1392 hendecasyllabis
3306 1334 3437 1373 raro
3458 1316 3559 1372 de-

1897 1408 2266 1482 prendendas
2297 1407 2731 1465 collocationem
2755 1412 3103 1464 accentuum
3135 1407 3411 1479 (posaiure
3451 1421 3560 1461 nos

1908 1496 2183 1567 dicimus)
2203 1498 2262 1554 in
2285 1497 2547 1554 versibus
2571 1496 2787 1553 Italicis
2806 1496 3035 1552 facilem
3048 1499 3221 1567 atque
3242 1496 3557 1567 patentem.

1894 1588 2163 1643 Attamen
2195 1603 2329 1642 cum
2361 1585 2536 1658 primi
2561 1590 2738 1658 poetae
2761 1584 3032 1657 vulgares
3052 1581 3319 1640 versibus
3340 1598 3554 1655 pauca-

1897 1692 2028 1731 rum
2059 1673 2417 1748 syllabarum
2448 1673 2736 1747 praecipue
2757 1690 2994 1749 operam
3015 1673 3244 1743 darent,
3274 1688 3341 1728 ac
3363 1674 3565 1744 postea

143 1754 331 1872 earum
352 1752 814 1861 rhythmisJam
834 1779 1014 1836 supra
1038 1763 1352 1832 ostendi,et
1372 1762 1533 1820 nullo
1555 1764 1787 1838 negotio
1817 1806 1866 1872 Β
1896 1782 2131 1822 versum
2162 1764 2573 1838 conquirerent
2603 1764 2694 1819 cui
2727 1762 2951 1835 aliquid
2986 1759 3318 1872 maj'estatils
3340 1776 3408 1862 es
3436 1759 3569 1833 plu-

145 1848 488 1929 luculentius
553 1851 857 1913 ostendere
917 1868 1124 1909 rursus
1180 1868 1435 1925 possem,
1484 1852 1789 1927 rhythmos

146 1939 369 1997 Latinos
391 1939 586 2005 fuisse
606 1941 966 2013 compositos
988 1940 1418 2014 tetrasyllabos,
1447 1941 1795 2016 pentasylla-

145 2029 261 2101 bos,
282 2032 415 2099 etc.,
440 2045 665 2103 eosque
690 2028 861 2103 longe
893 2034 1029 2086 ante
1054 2035 1316 2103 tempora
1337 2035 1638 2105 poetarum
1664 2032 1796 2087 Pro-

142 2116 499 2195 vincialium.
533 2118 647 2173 Sed
670 2118 796 2197 jam
828 2118 973 2174 satis
1005 2135 1295 2193 superque
1316 2119 1662 2175 Dissertatio
1686 2119 1797 2175 ista

146 2206 405 2275 excrevit.
439 2207 632 2270 Quare
678 2223 865 2267 unum
923 2223 1265 2280 persequar,
1313 2225 1549 2264 versum
1591 2208 1797 2264 videli-

146 2298 227 2351 cet
252 2294 956 2369 hendecasyllabum,quo
987 2296 1362 2370 potissimum
1388 2296 1587 2354 Italica
1606 2298 1798 2371 poesis

146 2384 484 2453 delectatur,
519 2388 906 2458 prmierquam
938 2386 1091 2458 quod
1128 2386 1281 2459 apud
1301 2389 1529 2443 Graecos
1561 2392 1616 2443 et
1646 2386 1798 2442 Lati-

148 2490 245 2529 nos
294 2474 573 2545 occurrit,
622 2492 657 2530 a
705 2474 1146 2549 rhythmopmiis
1198 2477 1373 2532 etiam
1426 2494 1492 2532 ac
1542 2476 1799 2532 metricis

147 2562 324 2635 poetis
356 2562 659 2619 excultum
713 2564 915 2631 fuisse,
975 2564 1117 2619 dum
1177 2564 1483 2621 barbarica
1539 2569 1803 2637 tempora

148 2649 410 2709 ﬂuerent.
447 2650 604 2708 Inter
637 2650 822 2708 Goera
849 2651 1159 2709 Walafridi
1181 2653 1506 2720 Strabonis,
1531 2654 1700 2724 cujus
1715 2658 1803 2709 est

145 2739 298 2796 fama
328 2739 579 2797 celebris
611 2740 762 2797 inter
802 2741 1117 2813 scriptorcs
1149 2741 1346 2797 saeculi
1379 2742 1538 2810 noni,
1591 2742 1806 2814 legitur

147 2828 415 2901 ejusdem
440 2827 538 2899 pia
555 2829 758 2896 oratio,
778 2845 810 2884 e
831 2844 946 2899 quo
970 2825 1284 2886 nonnulfos
1304 2847 1508 2887 versus
1521 2831 1766 2903 decerpo
1788 2849 1800 2887 :

367 2934 409 2989 0
440 2949 627 2988 rerum
655 2934 819 2990 Sator
846 2937 1092 2991 omnium
1117 2936 1411 3003 tranende,

364 3022 511 3077 Dum
533 3038 722 3093 pomus
751 3026 927 3079 crucis
960 3025 1215 3079 innocens
1247 3025 1442 3091 luisti;

361 3109 428 3165 In
458 3126 562 3181 quo
590 3110 675 3165 nil
707 3111 821 3167 nisi
849 3113 1086 3182 repperis
1114 3114 1358 3180 ruinam,
1392 3117 1501 3168 etc.

145 3228 202 3283 in
231 3225 329 3284 bis
357 3241 478 3283 non
510 3229 745 3285 tantum
777 3226 977 3299 pedes,
1008 3226 1110 3283 sed
1142 3230 1199 3282 et
1257 3244 1568 3285 numerum
1621 3228 1800 3287 habes

145 3313 623 3387 hendecasyllabi
653 3313 837 3370 Italici
872 3331 884 3368 :
921 3315 1075 3386 quod
1109 3321 1164 3371 et
1194 3315 1480 3389 contingit
1514 3316 1573 3372 in
1622 3317 1800 3376 Hora-

148 3404 304 3461 tiano
336 3402 442 3459 illo
472 3420 486 3459 :

357 3514 492 3569 Jam
520 3512 655 3566 satis
685 3512 849 3566 terris
870 3512 1035 3581 nivis,
1069 3514 1232 3582 atque
1259 3511 1414 3577 dirae,
1443 3516 1551 3568 etc.

153 3627 217 3681 Et
245 3625 529 3699 quoniam
561 3626 754 3699 poesis
782 3630 982 3683 nostra
1030 3644 1134 3700 pro
1184 3628 1459 3701 spondam
1509 3626 1806 3701 dactylum

153 3714 428 3772 adhibere
450 3717 641 3788 potest
663 3714 721 3771 in
745 3716 859 3771 fine
880 3715 981 3788 huj
994 3717 1223 3773 usmodi
1245 3716 1648 3790 versuum,qui
1670 3720 1807 3773 tunc

1903 1854 2057 1910 rium
2088 1852 2445 1927 syllabarum
2469 1870 2643 1910 cursu
2663 1853 2981 1921 accederet,
3015 1849 3245 1907 nullum
3275 1849 3552 1924 aptiorem

1902 1943 2171 1999 invenere
2202 1960 2380 2015 quam
2411 1940 3123 2014 hendecasyllabum,sive
3153 1941 3204 1996 is
3234 1956 3304 1996 ex
3334 1938 3563 1996 duobus

1905 2032 2265 2088 brevioribus
2296 2031 2560 2088 versibus
2590 2032 2896 2099 conflatur,
2929 2029 3049 2086 sive
3080 2028 3193 2086 alio
3215 2028 3422 2086 ordine
3440 2044 3567 2084 coa-

1905 2120 2128 2189 lescat;
2167 2119 2330 2176 illius
2361 2125 2557 2177 autem
2589 2118 2925 2191 exemplum
2959 2118 3113 2190 apud
3147 2116 3562 2190 rhythmorum

1907 2207 2219 2281 scriptores
2248 2208 2483 2265 obvium
2515 2207 2790 2265 habuere.
2822 2210 3010 2278 Atque
3041 2204 3136 2261 hic
3166 2202 3387 2277 publici
3410 2201 3566 2275 juris

1908 2299 2128 2353 factum
2162 2297 2286 2354 volo
2334 2296 2677 2370 rhythmum
2734 2295 3020 2351 hactenus
3065 2293 3196 2349 luce
3244 2295 3563 2358 carentem,

1909 2387 2079 2458 cujus
2111 2386 2468 2442 mentionem
2523 2384 2628 2441 feci
2661 2383 2721 2440 in
2769 2381 3185 2441 Dissertatione
3213 2399 3232 2438 ι
3260 2380 3326 2438 de
3353 2378 3565 2437 exteris

1907 2476 2175 2547 gentibus.
2212 2476 2357 2531 Eum
2388 2472 2673 2546 descripsi
2720 2489 2825 2545 ego
2856 2489 2887 2528 c
2909 2470 3313 2527 vetustissimo
3370 2467 3567 2525 codice

1912 2582 2025 2621 ms.
2058 2563 2297 2637 capituli
2327 2562 2743 2621 canonicorum
2776 2559 3224 2617 Mutinensium.
3256 2559 3409 2615 Tum
3435 2574 3563 2630 quas

1912 2654 2265 2727 praecedunt,
2296 2655 2423 2709 tum
2469 2650 2789 2724 antiquitas
2838 2648 3074 2717 codicis,
3110 2648 3254 2704 satis
3305 2646 3568 2703 indicant

1914 2743 2109 2815 ipsum
2132 2742 2313 2797 fuisse
2333 2740 2723 2812 compositum
2743 2739 2853 2795 sub
2873 2737 3111 2793 initium
3132 2735 3330 2793 saeculi
3352 2733 3566 2791 decimi

1913 2850 1947 2888 a
1971 2830 2198 2887 Christo
2230 2834 2405 2886 nato:
2440 2846 2555 2901 quo
2585 2832 2866 2901 tempore,
2900 2829 2965 2881 ut
2996 2825 3075 2881 ibi
3101 2824 3378 2898 praefatus
3406 2839 3564 2890 sum,

1915 2920 2174 2993 Hungari
2208 2922 2290 2974 tot
2320 2918 2740 2991 impressiones
2790 2916 2846 2970 in
2880 2915 3129 2982 Italiam,
3163 2918 3220 2969 et
3261 2910 3568 2986 presertim

1915 3008 1975 3064 in
2030 3008 2390 3064 Mutinenses
2442 3007 2646 3063 fecere.
2672 3002 3110 3076 Dodecasyllahi
3159 3006 3300 3059 sunt
3339 3017 3566 3069 versus,

1917 3098 2018 3152 sed
2029 3138 2042 3164 ,
2056 3102 2172 3152 tem
2180 3095 2340 3168 poris
2358 3094 2579 3150 ratione
2592 3096 2948 3165 computata,
2958 3107 3127 3163 pares
3138 3088 3572 3161 hendecasylla-

1832 3173 1875 3240 C
1914 3186 2024 3241 bis.
2046 3184 2213 3239 ,Inter
2244 3184 2404 3256 ipsos
2434 3186 2629 3238 autem
2661 3180 2946 3253 quosdam
2977 3178 3195 3235 sentias
3221 3179 3302 3232 ita
3334 3179 3567 3233 contex-

1909 3278 2021 3339 tos,
2055 3278 2120 3327 ut
2150 3270 2499 3328 familiarem
2526 3269 2585 3325 in
2608 3268 2681 3324 iis
2706 3271 2993 3324 texturam
3022 3283 3086 3322 ac
3109 3281 3321 3322 sonum
3344 3268 3570 3321 nostro~

1913 3378 2044 3417 rum
2074 3376 2351 3417 versuum
2384 3358 2813 3431 deprehendas.
2843 3357 2927 3412 Ad
2961 3356 3082 3411 haec
3114 3353 3331 3427 singuli
3361 3368 3569 3409 versus

1915 3449 2135 3521 aliquid
2170 3446 2408 3504 Leonini
2438 3447 2775 3519 przeferunt,
2808 3461 2944 3499 cum
2975 3444 3033 3498 in
3066 3459 3244 3499 unam
3276 3442 3570 3499 eamdem-

1915 3555 2031 3611 que
2058 3536 2313 3593 vocalem
2343 3553 2411 3594 ac
2442 3535 2568 3609 pari
2598 3537 2882 3591 concentu
2904 3532 3199 3591 desinant.
3224 3531 3312 3587 Tu
3343 3528 3571 3603 experi-

1916 3630 2185 3684 mentum
2217 3625 2411 3683 facito.

1525 4028 2229 4127 RHYTHMUS

739 4233 1051 4297 Canendas
1083 4233 1366 4296 militibus
1396 4234 1749 4298 Matritensis
1778 4233 1944 4297 urbis
1971 4233 2306 4298 custodibus
2335 4232 2576 4295 circiter
2602 4249 2824 4293 annum
2853 4231 2998 4293 925.

1649 4405 2073 4417 ᾠη-

336 4523 341 4527 ⁴
440 4498 484 4554 0
514 4503 578 4555 tu
609 4499 709 4571 qui
742 4517 938 4556 servas
969 4500 1149 4557 armis
1180 4500 1294 4558 ista
1326 4500 1558 4570 moenia,

363 4586 498 4643 Noli
528 4587 801 4659 dormire,
836 4605 1063 4657 moneo,
1096 4590 1196 4646 sed
1231 4588 1421 4661 vigila.

364 4676 522 4732 Dum
554 4676 766 4732 Hector
803 4677 943 4749 vigil
1000 4677 1222 4733 exstitit
1251 4678 1309 4732 in
1343 4678 1535 4749 'l‘roja,

363 4764 495 4821 Non
526 4781 656 4821 eam
687 4764 841 4837 cepit
868 4764 1240 4821 fraudulenta
1270 4765 1504 4821 Graecia.

366 4852 571 4913 Prima
597 4853 793 4925 quiete
824 4852 1150 4910 dormiente
1182 4854 1376 4924 'I‘roja,

364 4942 607 5001 Laxavit.
634 4943 815 5000 Sinon
846 4941 1023 4998 fallax
1052 4941 1313 4998 claustra
1335 4943 1575 5015 perﬁda.

372 5031 484 5087 Per
511 5031 713 5093 funem
743 5032 909 5104 lapsa
938 5031 1225 5091 occultata
1255 5031 1494 5106 agmina

370 5119 662 5181 Invadunt
689 5121 895 5178 urbem
924 5124 981 5178 et
1003 5120 1323 5178 incendunt
1352 5120 1634 5196 Pergama

348 5208 550 5284 'Vigili
569 5226 707 5266 voce
737 5210 861 5266 avis
891 5227 1063 5267 anser
1092 5209 1347 5267 candida

374 5298 619 5371 Fugavit
646 5298 841 5356 Gallos
869 5315 937 5355 ex
966 5298 1439 5369 arceliomulea;

374 5387 484 5443 Pro
515 5404 633 5461 qua
658 5387 870 5449 virtute
901 5388 1051 5445 facta
1080 5390 1168 5444 est
1197 5392 1488 5462 argentea,

320 5492 325 5495 ‘
374 5475 445 5532 Et
473 5493 507 5533 a
535 5476 816 5534 Romanis
846 5477 1089 5534 adorata
1119 5481 1188 5533 ut
1211 5477 1339 5534 dea.

376 5564 494 5627 Nos
524 5565 835 5629 adoremus
865 5565 1020 5626 celsa
1049 5564 1262 5625 Christi
1292 5567 1560 5645 numina,

1842 4508 1889 4572 D
2135 4499 2223 4556 Illi
2256 4516 2470 4557 canora
2497 4497 2707 4554 demus
2739 4498 2938 4552 nostra
2959 4491 3174 4564 jubila.

2131 4589 2295 4645 Illius
2329 4604 2542 4659 magna
2570 4586 2661 4642 tisi
2691 4585 2804 4641 sub
2834 4581 3121 4647 custodia,

2128 4678 2257 4733 Haec
2288 4676 2596 4749 vigilantes
2619 4672 2947 4744 jubilemus
2977 4668 3263 4725 carmina.

2205 4765 2428 4832 Divina,
2460 4761 2663 4817 mundi
2696 4777 2795 4815 rex
2824 4758 3072 4825 Christe,
3102 4753 3371 4810 custodia

2132 4854 2254 4909 Sub
2284 4858 2385 4907 tua
2416 4867 2582 4907 serva
2611 4848 2732 4905 hinc
2761 4851 2954 4903 castra
2983 4842 3199 4918 vigilia.

2131 4944 2217 4998 Tu
2251 4958 2457 4996 murus
2489 4938 2608 4995 tuis
2638 4937 2723 4994 sic
2753 4932 3246 5008 inexpugnabilis,

2004 5028 2025 5043 ⁸
2132 5030 2227 5087 Sic
2258 5026 2513 5084 inimicis
2543 5025 2731 5082 hostis
2764 5029 2826 5081 tu
2857 5020 3159 5080 terribilis;

2132 5120 2213 5175 Te
2241 5117 2539 5191 vigilante,
2576 5116 2739 5173 nulla
2767 5120 2934 5173 nocet
2963 5112 3155 5180 fortia,

2133 5207 2241 5274 Qui
2272 5212 2483 5263 cuncta
2513 5206 2682 5279 fugas
2713 5201 2916 5279 procul
2947 5218 3127 5259 arma.
3143 5199 3375 5257 bellica.

2133 5298 2220 5352 Tu
2250 5295 2417 5369 cinge
2447 5296 2570 5351 hinc
2598 5299 2815 5362 nostra,
2850 5286 3479 5359 Christe,.munim'm8.

2132 5385 2457 5442 Defendens
2486 5401 2555 5441 ea
2582 5388 2686 5440 tua
2715 5382 2853 5438 forti
2882 5380 3105 5446 lancea,

2133 5475 2345 5532 Sancta
2376 5472 2579 5540 Maria,
2614 5472 2797 5528 Mater
2825 5468 3039 5526 Christi
3072 5462 3399 5540 splendida.

2136 5563 2268 5625 Hec
2301 5578 2437 5624 cum
2467 5562 2711 5633 Joanne,
2745 5559 3088 5628 Theotocos,
3122 5554 3411 5634 impetra:
