3896 6216
352 303 476 366 803
1084 303 1275 366 ΞᾹΞΟ.
1320 303 1403 366 XI
1445 301 1674 368 AUCT.
1720 303 2040 367 INCERTI
2083 299 2274 366 ANNI
2317 303 2420 365 ET
2465 298 2764 366 SCRIPT°
2809 314 3036 362 ’AAEEII.
3563 322 3567 326 '
3647 306 3773 379 80“

566 436 825 500 Quorum
855 435 950 492 hic
984 441 1187 494 sancta
1214 453 1562 494 veneramur
1591 437 1853 511 pignora,
2025 438 2081 504 Α
2111 441 2268 492 stum
2281 437 2528 509 ejusque
2545 438 2674 509 conj
2687 453 2858 510 ugem
2871 437 3238 509 rejiciunt,ut
3253 436 3760 512 exErchemperto,

567 527 636 582 Et
665 525 878 598 quibus
909 525 1020 581 ista
1049 531 1188 582 sunt
1217 531 1446 583 sacrata
1468 527 1712 582 numina
1731 527 1830 598 (l).
2112 543 2180 582 ex
2217 525 2543 582 Annalibus
2593 526 2946 587 Bertinianis
2977 531 3035 582 et
3063 545 3131 582 ex
3160 527 3465 600 Anonymo
3508 527 3765 584 Salerni-

564 615 687 680 Quo
717 613 865 670 duce
893 613 1098 671 victrix
1129 620 1217 671 est
1247 617 1304 671 in
1341 614 1491 672 bello
1522 616 1776 682 dextera,
2111 619 2269 680 tano,
2302 632 2336 670 a
2367 632 2458 670 me
2488 615 2642 672 edito
2691 619 2840 688 part.
2872 633 2910 670 ιι
2955 615 3097 671 tomi
3130 615 3180 670 II
3221 615 3351 672 Rer.
3407 615 3765 685 Italicarum,

563 704 634 760 Et
665 703 791 760 sine
819 701 948 776 ipso
981 703 1128 759 nihil
1159 703 1586 775 valentjacula.
2109 701 2418 758 sudlucere
2451 707 2661 775 potest.
2693 704 2764 760 Et
2791 719 2989 759 revera
3017 721 3154 760 cum
3185 702 3461 778 Adelgiso
3492 703 3643 760 nihil
3676 705 3766 760 in-

631 791 820 848 Fortis
843 793 1144 864 juventus,
1170 791 1354 848 virtus
1381 792 1571 856 audax
1599 791 1831 860 bellica,
2108 795 2331 848 tentare
2363 796 2567 848 contra
2596 791 2870 847 Ludovici
2899 791 3080 848 vitam
3132 791 3368 849 animus
3394 843 3400 848 .
3429 792 3631 861 fuerit,
3667 795 3767 851 sed

567 885 774 938 Vestra
803 898 907 954 per
934 898 1135 937 muros
1165 880 1482 938 audiantur
1509 881 1773 938 carmina
2107 882 2376 937 timorem
2409 881 2815 937 tantummodo
2847 897 2912 936 ac
2939 881 3054 936 vim
3085 880 3137 937 ei
3161 879 3394 951 inferre,
3426 885 3494 938 ut
3522 897 3596 938 ex
3624 882 3768 939 urbe

561 972 632 1026 Et
660 971 737 1026 sit
768 969 826 1024 in
859 969 1040 1026 armis
1070 969 1294 1026 alterna
1315 968 1534 1042 vigilia,
2107 975 2162 1024 et
2185 969 2418 1041 regione
2451 970 2858 1026 Beneventana
2883 970 3204 1036 excederet,
3237 969 3570 1044 excogitare
3593 969 3769 1028 liceat

561 1061 642 1115 Ne
674 1060 835 1114 fraus
866 1057 1099 1114 hostilis
1130 1057 1251 1116 hac
1279 1059 1514 1115 invadat
1544 1059 1778 1114 moenia.
2108 1075 2219 1113 non
2253 1058 2507 1114 defuisse
2538 1056 2799 1131 aliquam
2821 1058 3116 1130 justzeiraa
3147 1075 3410 1129 causam,
3433 1062 3537 1116 aut
3555 1075 3766 1116 ansam

561 1147 820 1205 Resultet
841 1146 984 1202 echo
1006 1162 1238 1204 comes:
1270 1147 1394 1213 Eia,
1425 1146 1619 1219 vigila.
2103 1146 2350 1218 principi
2385 1147 2810 1203 Beneventano.
2855 1148 3126 1204 Attamen
3167 1146 3256 1203 vir
3301 1164 3474 1205 nemo
3512 1149 3628 1204 fuit
3664 1145 3764 1222 qui

556 1237 664 1292 Per
686 1252 886 1291 muros
907 1235 997 1292 eia
1027 1235 1182 1292 dicat
1211 1235 1353 1292 echo
1379 1253 1392 1292 :
1425 1235 1634 1308 Vigila.
2105 1252 2221 1291 non
2252 1235 2563 1301 horruerit,
2601 1236 2846 1292 audiens
2879 1240 2966 1292 tot
2993 1235 3326 1308 opprobriis
3355 1241 3668 1294 oneratum
3699 1255 3765 1295 ao

1137 1353 1206 1364 -—
2103 1323 2302 1380 dolose
2325 1329 2586 1396 captum,
2611 1329 2676 1380 ut
2696 1325 2850 1380 idem
2873 1325 3326 1397 Erchempertus
3351 1325 3768 1400 scribit,Augu-

414 1413 822 1472 Dissertationi
843 1412 980 1469 huic
1006 1416 1364 1484 postremam
1398 1429 1642 1468 manum
1669 1413 1990 1485 imponam,
2105 1422 2248 1468 slum
2279 1415 2686 1470 sanctissimum
2717 1416 2921 1482 virum,
2959 1415 3282 1470 salvatorem
3328 1414 3544 1472 scilicet
3589 1417 3765 1472 Bene-

342 1503 662 1578 colophone
692 1501 889 1558 addito
912 1518 1026 1556 non
1045 1499 1304 1573 vulgaris
1325 1501 1514 1573 pretii,
1535 1501 1808 1575 rhythmo
1832 1518 1994 1558 nem-
2101 1507 2347 1558 venimus
2375 1505 2688 1575 provincias,
2723 1504 3014 1558 Beneventi
3043 1505 3197 1575 infra
3223 1505 3435 1560 mania
3483 1503 3766 1576 degentem

342 1611 413 1668 pe
438 1592 717 1650 historico
745 1589 1032 1661 evulgato.
1066 1605 1239 1676 quem
1285 1605 1353 1644 ex
1383 1590 1586 1644 eodem
1618 1590 1745 1661 ipso
1798 1591 1993 1646 codice
2101 1609 2166 1646 nc
2193 1608 2379 1648 secure
2399 1593 2777 1663 quiescentem.
2803 1591 3172 1648 Hanctamen
3197 1593 3574 1649 sanctitatem
3606 1593 3761 1649 infra

340 1680 742 1738 vetustissimo
789 1677 1029 1750 capituli
1085 1678 1499 1734 canonicorum
1545 1679 1995 1747 Veronensium,
2102 1679 2157 1734 in
2193 1680 2397 1735 eodem
2429 1679 2717 1735 Ludovico
2757 1680 3003 1735 minime
3031 1680 3298 1752 agnoscit
3351 1679 3628 1736 laudatus
3661 1681 3764 1736 Er-

343 1771 500 1827 unde
530 1769 678 1826 alter
705 1771 780 1823 De
828 1765 1086 1866 laudibus
1117 1767 1406 1822 Mediolani
1447 1767 1832 1840 depromptus
1881 1772 1992 1836 est,
2041 1767 2493 1870 Bchempertus.
2531 1772 2649 1824 Hoc
2679 1784 2814 1840 ergo
2873 1767 3100 1823 facinus
3131 1772 3334 1824 auctor
3366 1767 3645 1842 .rhythmi
3678 1769 3761 1825 a1-

340 1857 698 1931 descriptum
731 1857 802 1912 ad
835 1872 928 1910 me
959 1853 1119 1910 misit
1148 1872 1328 1928 supra
1366 1855 1640 1911 laudatus
1684 1856 1992 1912 Bartholo-
2041 1853 2394 1928 "phabetici
2427 1873 2530 1912 seu
2564 1856 2910 1926 abecedarii,
2944 1873 3100 1912 nunc
3119 1855 3446 1929 evulgandi,
3468 1857 3765 1914 describit

340 1965 522 2004 manus
548 1943 962 2019 Campagnola,
996 1943 1197 1999 multis
1216 1943 1402 2000 titulis
1431 1944 1502 2000 de
1531 1960 1624 2000 me
1643 1945 1791 2000 bene
1816 1944 1985 2000 meri-
2102 1944 2470 2017 synchronus
2490 1944 2776 2016 profecto,
2796 1949 2861 2000 ut
2891 1961 2983 2001 res
3007 1949 3064 2001 et
3094 1944 3350 2002 narratio
3370 1945 3498 2018 ipsa
3521 1945 3759 2016 suadet,

336 2042 454 2093 tus.
484 2038 652 2091 Anno
681 2031 892 2089 Christi
921 2033 1020 2087 871
1069 2031 1295 2090 Italiam
1325 2037 1531 2100 totam,
1583 2033 1701 2088 imo
1747 2039 1804 2088 et
1851 2033 1982 2089 reli-
2094 2034 2194 2090 sed
2217 2033 2694 2090 simulsermonis
2708 2033 2894 2089 Latini
2915 2033 3540 2108 imperitissimus.Ego
3563 2033 3763 2108 rhyth-

339 2141 522 2198 quum
538 2126 890 2180 Francorum
905 2121 1242 2192 imperium,
1257 2121 1552 2176 concussit
1571 2121 1873 2177 detestand
1886 2139 1915 2176 u
1927 2139 1981 2178 m
2093 2139 2147 2177 ιι]
2160 2139 2255 2177 um
2280 2121 2696 2194 ipsum,qualis
2716 2121 2776 2177 in
2801 2123 3120 2179 ms.codice
3137 2121 3460 2178 Veronensi
3481 2121 3759 2190 habetur,

339 2215 566 2282 facinus
594 2210 850 2282 Aldegisi
882 2210 1162 2282 principis
1181 2209 1588 2279 Beneventani,
1621 2211 1720 2282 qui
1745 2212 1986 2267 Ludovi-
2093 2210 2540 2266 accuratissime
2569 2211 2950 2281 descriptum,
2987 2227 3059 2267 ne
3103 2227 3221 2267 una
3268 2211 3511 2284 quidem
3561 2202 3758 2267 littera

337 2321 473 2359 cum
495 2303 545 2358 ll
565 2304 920 2374 Augustum,
945 2315 1284 2371 quanquam
1307 2299 1706 2355 totbeneﬁciis
1738 2300 1796 2354 in
1823 2300 1983 2376 ipsos
2093 2301 2431 2366 immutata,
2464 2299 2666 2355 lectori
2697 2299 2906 2356 sistere
2953 2301 3206 2369 decrevi,
3253 2291 3555 2357 distinctis
3603 2301 3754 2358 dun-

334 2385 766 2448 Bcneventanos
788 2386 1337 2457 collatisillustrem,
1363 2392 1566 2460 utpote
1587 2387 1686 2460 qui
1717 2393 1981 2444 Sarrace-
2093 2393 2250 2444 taxat
2280 2387 2566 2456 versibus,
2602 2387 2660 2444 in
2693 2405 2804 2444 ms.
2838 2388 3188 2459 indiscretis,
3213 2393 3280 2444 ut
3307 2387 3416 2444 hoc
3437 2405 3615 2446 onere
3645 2387 3756 2444 cla-

335 2480 476 2536 nicze
502 2478 692 2552 gentis
723 2493 944 2533 cornua
1001 2475 1268 2551 fregerat,
1302 2477 1547 2549 ejusque
1605 2477 1866 2533 acinaces
1909 2494 1977 2532 ex
2093 2476 2396 2532 rissimum
2426 2477 2824 2533 marchionem
2856 2477 3152 2534 Mali‘eium
3183 2477 3390 2532 levem.
3423 2477 3534 2534 Sed
3569 2481 3630 2532 et
3659 2477 3752 2534 ille

334 2585 536 2626 eorum
557 2567 766 2640 jugulo
797 2569 1100 2634 averterat,
1134 2583 1318 2621 ausus
1371 2571 1460 2621 est
1513 2565 1795 2621 seditione
1825 2583 1977 2620 com-
2094 2565 2186 2622 hic
2217 2566 2391 2622 etiam
2427 2565 2701 2637 inspiciat
2731 2565 2904 2622 velim
2937 2570 3078 2638 quot
3109 2566 3428 2636 erroribus,
3485 2567 3750 2623 abundet

335 2663 494 2714 mota
523 2655 1030 2728 comprehendere,
1064 2657 1120 2708 et
1148 2653 1206 2708 in
1233 2653 1559 2709 custodiam
1581 2655 1985 2709 tradere.Sunt
2095 2655 2412 2710 frustulum
2445 2655 2602 2710 istud
2633 2654 3023 2727 antiquitatis,
3070 2655 3282 2726 partim
3327 2655 3578 2723 auctori,
3625 2673 3749 2730 par-

336 2746 436 2819 qui
467 2745 764 2801 hominem
789 2747 1086 2807 excusant,
1111 2741 1458 2814 culpamque
1481 2743 1537 2796 in
1574 2743 1767 2814 ipsum
1791 2745 1986 2816 Augu-
2093 2743 2228 2809 cim,
2261 2747 2488 2798 vetusto
2515 2742 2752 2798 librario
2783 2743 3132 2798 tribuendis.

408 2872 484 2942 (4)
511 2873 598 2925 An
635 2869 840 2924 mania
857 2871 883 2920 Υ

1699 3100 2390 3194 RHYTHMUS

333 3306 424 3370 De
471 3300 772 3366 Ludovico
820 3297 889 3360 ΙΙ
946 3296 1304 3378 imperatore
1359 3313 1471 3376 per
1525 3293 1834 3379 Adeleliim
1861 3342 1877 3369 ,
1920 3316 2021 3357 seu
2051 3296 2422 3379 _Arlelgisum
2445 3343 2460 3370 ,
2524 3297 2851 3358 Beneventi
2892 3297 3222 3378 principem
3251 3343 3266 3372 ,
3325 3304 3501 3379 capto
3527 3341 3544 3370 ,
3586 3315 3744 3358 com-

1565 3377 1793 3457 positus
1838 3395 1994 3438 anno
2042 3377 2156 3438 871
2209 3385 2318 3438 aut
2359 3378 2500 3438 872.

723 3617 954 3687 Audite,
987 3628 1192 3670 omnes
1223 3612 1368 3669 fines
1395 3616 1584 3682 terras,
1620 3613 1695 3685 (5)
1729 3629 1923 3670 errore
1948 3629 2080 3669 cum
2110 3614 2370 3684 tristitia,

867 3701 1046 3768 Quale
1075 3699 1268 3758 scelus
1299 3702 1422 3757 fuid
1451 3703 1672 3758 factum
1706 3703 2026 3760 Benevento
2056 3704 2281 3760 civitas.

867 3791 1234 3848 Lbuduicum
1267 3791 1762 3863 comprenderunt
1791 3797 2014 3860 sancto,
2048 3793 2144 3864 pio
2173 3795 2435 3866 Augusto
2465 3795 2564 3863 (6).

722 3879 1110 3940 Beneventani
1139 3895 1202 3936 se
1231 3880 1570 3936 adunarunt
1599 3880 1671 3935 ad
1703 3897 1890 3936 unum
1920 3880 2252 3937 consilium.
2302 3932 2310 3941 ,

865 3967 1154 4026 Adalferio
1187 3967 1262 4041 (7)
1293 3967 1660 4039 loquebatur,
1693 3971 1751 4022 et
1779 3967 2050 4026 dicebant
2075 3969 2319 4042 principi
2346 3987 2359 4025 :

867 4060 926 4116 Si
953 4075 1052 4114 nos
1072 4074 1198 4114 eum
1225 4058 1411 4113 vivum
1439 4057 1768 4125 dimitemus,
1809 4065 1950 4116 certe
1974 4074 2076 4114 nos
2099 4061 2423 4131 peribimus.

762 4151 915 4208 Celus
943 4147 1018 4220 (8)
1050 4161 1315 4217 magnum
1337 4147 1680 4216 praeparavit
1707 4147 1768 4202 in
1797 4147 1960 4202 istam
1983 4150 2323 4219 provintiam
2345 4167 2362 4202 :

865 4239 1112 4306 Regnum
1143 4233 1220 4304 (9)
1245 4235 1494 4288 nostrum
1522 4234 1682 4290 nobis
1712 4235 1856 4290 tollit
1886 4252 1905 4289 :
1930 4251 2028 4291 nos
2055 4238 2214 4293 habet
2237 4253 2336 4309 pro
2366 4237 2628 4294 nihilum.

861 4327 1054 4384 Plures
1083 4323 1098 4394 (
1115 4322 1194 4390 I0)
1223 4320 1373 4376 mala
1397 4321 1554 4376 nobis
1579 4323 1730 4394 fecit.
1763 4324 1984 4380 Rectum
2013 4327 2111 4387 est,
2142 4333 2201 4381 ul
2233 4325 2449 4382 moriad
2475 4328 2519 4397 (t
2541 4327 2608 4398 1).

756 4414 1162 4489 Deposuerunt
1190 4413 1390 4466 sancto
1412 4409 1525 4482 (12)
1557 4411 1651 4483 pio
1675 4412 1747 4468 de
1777 4429 1886 4470 suo
1915 4412 2132 4470 Palatio
2158 4432 2171 4482 ;

860 4499 1148 4559 Adelferio
1180 4497 1346 4554 illum
1379 4499 1628 4556 ducebat
1655 4518 1844 4574 usque
1873 4503 1944 4558 ad
1973 4501 2294 4559 Pretorium
2331 4521 2343 4558 :

861 4592 964 4647 Ille
993 4605 1124 4645 vero
1155 4587 1343 4660 gaude
1372 4588 1484 4660 (13)
1513 4589 1705 4645 visum
1737 4594 2017 4662 tanquam
2049 4591 2122 4646 ad
2154 4591 2508 4647 martirium.

755 4683 1032 4742 Exierunt
1065 4678 1176 4750 (14)
1207 4676 1358 4733 Sado
1391 4681 1449 4733 et
1477 4677 1730 4734 Saducto
1760 4679 1875 4750 (15)
1904 4677 2239 4735 inoviabant
2270 4679 2542 4750 imperio.

863 4772 934 4827 Et
961 4769 1086 4843 ipse
1111 4771 1309 4824 sancte
1340 4766 1474 4839 pius
1504 4765 1821 4839 incipiebat
1851 4767 2041 4824 dicere
2074 4785 2087 4823 :

399 4935 478 5006 (5)
513 4922 1610 5006 ῐιρεςθηςιυωρυῐιολιοννρνξκ,ω,Μ
1815 4989 1851 5006 ,ί
1894 5005 1925 5006 η

2208 4922 2265 4988 2)
2294 4919 2403 4974 Pro
2431 4919 2882 5006 san-cgimlpiam,
2914 4918 2972 5006 id
3003 4921 3095 4974 est
3134 4917 3740 5006 Ludovicumﬂdu‘gul-

399 4936 458 5006 (5
513 4935 849 5056 Legendum
879 4935 1290 5005 putoliorrqre.
2000 4935 2042 4958 υ
2151 4935 2265 4990 (ιζ)
2294 4935 2403 4974 t'ro
2431 4935 2678 4974 sanciam
2704 4935 2882 4988 pium,
2914 4935 2972 4972 ια
3003 4935 3095 4974 eet
3134 4935 3486 5003 Ludovicum
3535 4935 3741 5045 augu-

399 4935 478 5078 (ϐξ
509 5003 586 5078 Si-
620 5001 831 5078 δείμας
856 4994 1069 5078 Mem»
1094 4987 1632 5078 ξεξιμοιρξξεξῐιξιιξφι
1650 4991 1763 5078 sit:
1795 4989 1980 5078 φέρτε
2089 4995 2467 5078 sese???
2491 4987 3433 5078 θίτβεεξξξςθιξξρςνιυεδαησιιεειπωηι
3459 4989 3638 5062 avre!
3664 4993 3744 5045 αι»

326 5057 832 5134 ειίὸ’ἑεὲίι›έῐι³ἀιιω
861 5066 988 5124 erit.
1020 5061 1238 5134 Sediis
1269 5057 1498 5134 lésibus
1545 5064 1766 5116 veteres
1795 5057 1980 5132 rigide
2157 5057 2933 5134 (¹3>Ι⁴ἶοτὲθνθααάςηιῖίδαίκ
3033 5131 3042 5134 Α
3257 5131 3265 5134 Α
3430 5101 3432 5103 ‘

329 5128 806 5204 se'obstrinxisse
837 5137 1081 5194 minime
1111 5128 1400 5212 videntur.
1535 5200 1575 5212 ﬁ
1804 5204 1812 5212 ι
1852 5128 1876 5132 ⁷
1907 5200 1917 5211 .
2158 5128 2269 5202 (14)
2299 5131 2460 5212 S_ado,
2487 5128 2599 5212 seu
2629 5128 2864 5212 Sadoan,
2897 5129 3460 5212 Stigdan,_princeps_
3497 5133 3744 5212 Sarace-

418 5200 484 5287 ἧ)
507 5213 842 5287 Adet/crius,
873 5224 1028 5287 unus
1056 5221 1090 5287 _e
1131 5200 1485 5276 primatibus
1521 5200 1973 5263 Beneventanis.
2087 5200 2294 5258 norum
2327 5207 2466 5287 tunc
2486 5201 2795 5287 Beneventi
2818 5200 3366 5287 _captivus..“Narrat
3385 5200 3566 5287 etiam
3593 5205 3744 5284 ᾼηο-

420 5271 477 5349 8)
511 5286 619 5342 Pro
644 5271 842 5349 Scelus,
878 5283 944 5333 ut
965 5271 1174 5349 puto;
1417 5345 1427 5349 _
1479 5343 1490 5349 Α
1869 5340 1900 5349 ἡ
2086 5290 2298 5342 nymus
2326 5271 2728 5349 Salernitanus
2779 5271 2919 5344 ejus
2947 5273 3193 5330 consilio
3235 5275 3308 5330 ad
3353 5273 3461 5329 hoc
3513 5273 3745 5330 facinus

420 5339 477 5416 ὗ)
507 5339 935 5412 VideAnnales
961 5339 1348 5408 Bertinianos,
1377 5345 1436 5396 et
1461 5343 1832 5410 Anonymum
1867 5340 1978 5397 Sa-
2085 5339 2260 5416 usum
2290 5359 2418 5416 esse
2446 5339 2806 5416 Adelgisum.

329 5413 694 5486 lernitatum.
2154 5413 2522 5486 (t5)gSaduclo
2552 5413 2891 5486 inoviabant.
2919 5413 3089 5478 Quid.
3109 5414 3204 5470 hic
3233 5414 3614 5472 scribendum
3637 5415 3738 5481 sit,

460 5216 478 5441 ξ

423 5481 758 5564 ἶόῘΡίιω-εδ,
793 5486 982 5564 scribe
1007 5487 1192 5564 plura_.
1344 5551 1384 5564 ﬁ
1420 5549 1430 5562 .
1508 5548 1520 5564 ο
1607 5549 1619 5563 ο
1765 5550 1775 5562 _
2083 5481 2290 5564 majori
2319 5481 2436 5564 otio
2467 5482 2794 5564 frigentibus
2825 5485 3210 5544 divinandum
3241 5485 3534 5564 relinquo.
3583 5486 3738 5546 Num

423 5501 491 5556 10
542 5501 758 5558 Plures,
793 5501 982 5545 scribe
1007 5501 1192 5560 plura.
1420 5549 1430 5562 .
1765 5550 1775 5562 .

399 5501 515 5654 (41)
544 5567 608 5639 ιὰ
632 5567 722 5626 est
747 5559 970 5631 morial,
1003 5572 1137 5618 cum
1167 5555 1322 5612 bona
1344 5548 1624 5614 Prisciani
1648 5565 1833 5615 venia.

2083 5501 2290 5555 majori
2319 5501 2436 5538 οιιο
2467 5501 2777 5540 ιτιιεηῐιουε

1239 5567 1322 5609 ina
1344 5548 1624 5614 Prisciani
1648 5550 1833 5615 venia.
2081 5556 2179 5632 qui
2205 5553 2500 5617 obviabant
2527 5555 2777 5638 imperio.
