3896 6216
113 283 241 353 805-

1414 282 1779 350 RHYTHMI
1824 280 2208 351 VETERES.

3393 290 3512 355 806

609 410 902 491 Tamquam
921 412 990 476 ad
1021 420 1287 476 latronem
1313 420 1541 475 venistis
1568 435 1693 474 cum
1721 418 1922 491 gladiis
1954 429 2005 476 et
2033 420 2275 492 fustibus

466 508 591 564 Fuit
601 509 724 582 jam
748 525 985 583 namque
1014 517 1243 582 tempus,
1275 524 1366 566 vos
1388 508 1645 565 allevavit
1664 508 1787 581 (16)
1818 510 1880 564 in
1906 510 2159 566 omnibus
2185 527 2198 565 :

572 660 577 671 ε
617 597 764 655 Modo
791 614 919 654 vero
945 601 1265 655 surrexistis
1294 597 1553 654 adversus
1580 612 1665 653 me
1689 598 2002 655 concilium.

607 687 793 743 Nescio
818 701 918 759 pro
944 687 1056 759 (17)
1088 687 1219 758 quid
1246 703 1470 743 causam
1499 687 1666 742 vultis
1691 701 1778 742 me
1801 687 2058 743 occidere.

464 771 754 832 Germrario
776 774 1017 832 cruciatis
1045 775 1159 848 (18)
1190 776 1315 831 veni
1343 774 1667 844 interﬁcere,

608 864 842 920 Ecclesie
872 881 976 937 que
1001 866 1203 921 sanctis
1234 866 1329 919 Dei
1362 865 1517 919 venio
1545 864 1792 935 diligere,

614 952 896 1022 Sanguine
923 955 1051 1009 veni
1080 952 1380 1019 vindicare,
1412 952 1557 1024 quod
1583 969 1745 1025 super
1774 956 1980 1009 terram
2006 955 2162 1024 fusus
2190 961 2284 1010 est.

468 1039 711 1098 Kalidus
734 1042 850 1109 ille,
878 1046 1152 1099 temtator
1176 1043 1287 1114 (19)
1312 1046 1503 1098 ratum
1536 1042 1726 1113 adque
1757 1041 1993 1099 nomine

618 1129 903 1186 Coronam
938 1130 1167 1203 imperii
1200 1130 1313 1186 sibi
1345 1130 1404 1184 in
1436 1134 1611 1204 caput
1633 1134 1807 1203 ponet
1838 1131 1948 1202 (20)
1980 1134 2040 1186 et
2069 1130 2296 1187 dicebat
2325 1131 2542 1205 populo
2569 1150 2581 1188 :

610 1220 739 1274 Ecce
765 1235 952 1274 sumus
979 1220 1277 1291 imperator
1307 1236 1325 1273 :
1357 1234 1576 1290 possum
1608 1219 1720 1291 (21)
1751 1218 1900 1275 vobis
1927 1235 2129 1291 regere.

470 1308 613 1363 Leto
635 1305 830 1361 animo
861 1306 1111 1362 habebat
1143 1309 1256 1379 (22)
1287 1307 1358 1361 de
1389 1306 1490 1362 illo
1516 1323 1631 1379 quo
1663 1307 1893 1363 fecerat.
1933 1328 1940 1335 ·

611 1398 655 1450 Α
683 1395 964 1451 Demonio
994 1397 1108 1468 (23)
1141 1401 1399 1463 vexatur,
1433 1396 1503 1450 ad
1534 1399 1745 1451 terram
1778 1396 2086 1451 ceciderat.

610 1482 885 1540 Exierunt
918 1483 1114 1539 multm
1146 1489 1352 1539 turma:
1382 1484 1575 1539 videre
1607 1482 1917 1538 mirabilia.

473 1571 727 1645 Magnus
759 1572 1040 1628 Dominus
1068 1574 1179 1645 (24)
1208 1573 1380 1628 Jesus
1410 1572 1675 1627 Christus
1706 1571 1983 1643 iudicavit
2004 1570 2320 1643 judicium.

619 1660 803 1715 Multa
833 1676 977 1734 gens
1008 1677 1333 1734 pugnorum
1367 1660 1485 1716 exit
1510 1660 1567 1715 in
1599 1661 1712 1731 (25)
1744 1659 2029 1727 Calabria,

621 1750 809 1821 Super
838 1748 949 1821 (26)
980 1748 1219 1806 Salerno
1254 1752 1637 1822 pervenerunt
1666 1749 1964 1821 possidere
1993 1748 2231 1804 Civitas.

463 1838 741 1895 Juratum
772 1837 886 1909 (27)
908 1840 965 1892 et
996 1838 1067 1892 ad
1099 1841 1298 1893 sancte
1328 1836 1429 1893 Dei
1459 1836 1702 1909 reliquie

616 1930 748 1998 Ipse
775 1941 1019 1998 regnum
1049 1925 1502 1996 defendendum,
1535 1931 1590 1981 et
1622 1924 1803 1981 alium
1835 1925 2146 1997 requirere.

177 2078 287 2143 (16)
318 2076 426 2132 Pro
460 2077 720 2132 allevavi.
758 2076 1046 2131 Beneficia
1076 2075 1273 2130 innuit
1318 2075 1376 2130 in
1412 2077 1769 2132 Beneventa-

124 2164 223 2203 nos
261 2146 501 2204 collata.

212 2220 290 2291 l7)
313 2218 634 2293 Elegantia:
665 2217 971 2274 Tullianae.
1006 2217 1205 2273 Scribe
1232 2233 1333 2290 pro
1366 2234 1469 2290 qua
1499 2234 1685 2273 causa.

182 2220 292 2362 (18)
342 2290 492 2348 Veni
541 2289 710 2362 illurn
759 2288 1106 2362 interficere,
1165 2288 1266 2360 qui
1314 2288 1429 2362 huc
1474 2290 1651 2362 venit,

1951 2078 2065 2150 (2(1)
2101 2077 2427 2150 Scriberem
2457 2078 2705 2145 domnus,
2740 2084 2806 2133 ut
2856 2096 3133 2135 mensura.
3157 2079 3371 2150 prioris
3398 2096 3523 2135 ver-

1879 2147 2049 2223 siculi
2073 2148 2289 2223 rectius
2316 2151 2677 2223 procederet.
2694 2150 2976 2223 Sedleges
3000 2147 3524 2223 syllabarumvideo

1880 2217 2016 2293 alibi
2038 2217 2369 2293 neglectas.
2405 2219 2788 2276 Scribendum
2840 2217 3072 2293 quoque
3124 2222 3269 2276 foret
3308 2220 3526 2293 judicat

211 2288 311 2372 18)_
342 2288 492 2348 Veni
541 2289 728 2372 illan-1‘
759 2288 1106 2372 interficere,
1165 2288 1266 2360 qui
1314 2288 1429 2372 huc
1474 2290 1651 2371 venit,
1703 2293 1770 2372 ut
1865 2288 2169 2372 judicjum'.

119 2359 385 2419 scelesias
415 2365 656 2418 sanctas
688 2360 788 2416 Dei
821 2377 852 2415 e
881 2359 1307 2416 Saracenorum
1330 2361 1478 2431 jugo
1498 2360 1765 2431 eriperet.

120 2431 379 2504 Hostium
397 2438 639 2490 tuorum
662 2432 1035 2504 sanguinem,
1055 2432 1155 2503 qui
1181 2438 1584 2504 superterram
1599 2432 1767 2487 fusus

120 2506 220 2570 est,
248 2503 383 2559 veni
415 2504 731 2559 vindicare.

185 2573 294 2646 (19)
326 2575 473 2646 Quis
502 2579 738 2646 tentatur
768 2573 1097 2646 iste‘lNum
1125 2572 1457 2646 Adelgisus,
1508 2591 1583 2646 an
1631 2578 1764 2646 seo-

119 2643 246 2712 dan,
276 2643 382 2701 aut
407 2645 560 2701 alius
591 2645 942 2718 quisquam?
969 2645 1207 2718 Noctem
1234 2643 1453 2700 faciunt
1472 2645 1645 2700 verba
1667 2644 1765 2699 illa

116 2718 489 2789 ratumatque
518 2717 637 2789 (pro
692 2717 875 2788 atque)
903 2717 1142 2771 nomine.

175 2786 410 2927 (20)Pro
439 2786 620 2871 ponit.

195 2857 290 2925 21)
323 2858 535 2913 Latine
563 2875 620 2914 vc

195 2856 290 2925 21)
323 2856 535 2929 Latine
563 2858 766 2929 volens
795 2857 998 2912 elferre
1028 2856 1289 2929 Italicum
1321 2860 1376 2914 vi
1399 2874 1559 2929 posso
1579 2874 1765 2929 regere

108 2925 438 3009 ignoravit,
455 2944 531 2982 an
563 2926 710 2983 illud
744 2928 799 2982 vi
813 2927 1144 2984 accusativo
1168 2925 1542 3001 responderet
1566 2925 1763 3001 potius

107 2997 283 3070 quam
313 2997 540 3053 dativo.
1263 2997 1282 3001 “
1566 2997 1586 3001 “

107 3068 285 3194 ra(22)
318 3068 431 3123 Pro
496 3069 704 3139 abibat,
733 3073 798 3124 ut
824 3072 985 3140 puto,
1010 3068 1178 3125 laetus
1195 3071 1266 3125 de
1288 3069 1408 3136 illo,
1434 3070 1589 3142 quod
1614 3070 1759 3127 fece-

107 3155 212 3195 rat.

173 3209 284 3284 (2_3)
305 3206 376 3284 Et
406 3209 512 3266 hic
543 3210 868 3284 incertum,
886 3209 1137 3284 fueritne
1170 3210 1436 3267 Adelchis
1466 3211 1757 3284 princeps,

112 3281 190 3337 an
208 3281 472 3350 Seodan,
505 3285 746 3337 vexatus
775 3298 809 3337 a
838 3282 1144 3338 daemonio.

1950 2361 2065 2431 (25)
2100 2360 2207 2415 Pro
2239 2375 2268 2415 e
2297 2359 2583 2416 Calabria.

1948 2434 2064 2503 (26)
2104 2432 2357 2486 Exeunte
2370 2448 2550 2503 supra
2572 2438 2892 2488 memorato
2915 2449 3069 2489 anno
3088 2434 3187 2487 871
3214 2432 3523 2490 Salernum

1876 2501 2182 2558 obsidione
2216 2501 2488 2574 pressum
2526 2506 2617 2558 est
2664 2519 2697 2558 a
2727 2503 3053 2572 Saracenis,
3105 2520 3284 2574 quam
3304 2504 3526 2561 solvere

1876 2521 2182 2558 onsiuione
2216 2521 2488 2574 pressum
2526 2521 2617 2558 est.
2664 2521 2697 2558 a
2727 2521 3053 2572 Saracenis,
3146 2521 3284 2559 nam
3304 2521 3524 2561 scivere

1875 2574 2114 2628 demum
2131 2573 2313 2646 coacti
2330 2577 2488 2639 sunt,
2501 2589 2770 2646 regresso
2783 2574 3059 2630 adversus
3074 2521 3207 2630 illos
3236 2575 3524 2632 Ludovico

1873 2646 2158 2714 Augusto.
2192 2644 2303 2715 Pro
2329 2644 2604 2715 possidere
2633 2645 2947 2701 scriberem
2979 2646 3237 2701 obsidere.

1942 2716 2056 2788 (27)
2088 2714 2342 2788 Stropha
2372 2714 2495 2788 hinc
2526 2720 2796 2788 spectans
2826 2716 2898 2788 ad
2922 2715 3201 2772 litterami
3224 2733 3404 2788 supra
3433 2717 3527 2772 de-

1873 2787 2184 2842 sideratur.
2218 2785 2423 2842 Nescio
2456 2803 2528 2841 an
2560 2785 2668 2842 suo
2706 2787 2831 2842 loco
2855 2786 2932 2842 sit
2949 2785 3330 2843 restituenda.
3354 2787 3524 2843 Vide-

1874 2863 1971 2928 tur
1982 2863 2177 2912 autem
2192 2857 2286 2913 hic
2298 2857 2461 2912 innui
2482 2863 2919 2928 sacramentum
2940 2873 2973 2928 q
2985 2874 3057 2912 uo
3075 2873 3203 2914 sese
3218 2859 3528 2914 obstrinxit

1875 2927 2221 3001 Ludovicus,
2252 2944 2307 2984 se
2335 2928 2638 2985 vindictam
2668 2927 2913 3001 aliqvam
2940 2927 3011 2984 ex
3033 2929 3332 2996 calumnia,
3366 2945 3529 3001 quam

1872 3003 2000 3071 tunc
2049 2999 2381 3071 patiebatur,
2437 3016 2724 3071 nunquam
2762 2999 3100 3071 ‘exaturum,
3148 3004 3233 3071 fut
3322 2999 3526 3071 scribit

1874 3070 2428 3152 Begino.nCzsterum
2459 3070 2667 3152 manca
2697 3075 2787 3152 est
2815 3070 2935 3126 haec
2982 3070 3259 3152 stropha,_
3291 3074 3363 3152 et.
3403 3070 3528 3127 alias

1871 3139 2105 3214 integra;
2118 3140 2367 3214 fortasse
2379 3139 2753 3214 desiderantu
2764 3159 2789 3196 r
2811 3156 3029 3212 :neque
3042 3139 3197 3214 enim
3214 3141 3527 3214 rhythmus

1870 3227 1973 3283 per
2000 3210 2279 3283 reliquias
2312 3210 2361 3266 al
2372 3211 2608 3283 phabeti
2637 3211 2866 3268 litteras
2898 3210 3291 3283 progreditur.

745 3566 1263 3661 CARMEN
1332 3568 1495 3661 DE
1559 3567 2031 3662 JOSEPH
2104 3568 2905 3662 PATRIABCHA

255 3770 473 3842 (Edidit
503 3776 569 3828 D.
601 3771 861 3838 ΟΖΑΝΑΜ,
895 3776 1225 3830 Documents
1256 3772 1457 3829 incdit:
1475 3789 1619 3845 pour
1645 3772 2175 3900 sermgatgtsl’histoire
2201 3773 2267 3829 de
2295 3771 2516 3842 l’Italie,
2558 3775 2694 3840 etc.,
2726 3789 2783 3845 p.
2812 3774 2900 3842 46,
2932 3787 3001 3828 ex
3033 3771 3159 3828 cod.
3192 3770 3380 3829 Vatic.

1683 3861 1740 3900 n.
1920 3888 1933 3900 .

1683 3861 1719 3899 n
1729 3887 1740 3900 .
1774 3861 1933 3900 5320.

1608 4002 2022 4018 ψ

186 4150 424 4228 Joseph,
455 4154 576 4212 Deo
606 4154 879 4212 amabilis

122 4236 269 4296 Patri
304 4243 499 4301 dulcis
530 4248 587 4301 et
617 4244 852 4312 habilis,

121 4325 262 4386 Puer
288 4332 546 4392 formose
567 4332 784 4389 indolis

122 4414 183 4473 Et
200 4422 380 4491 gratis
412 4420 763 4496 multiplicis
780 4422 864 4477 !...

182 4509 324 4567 Hinc
352 4510 470 4585 ipsi
504 4528 649 4568 nova
675 4512 906 4567 somnia

116 4594 223 4650 Celi
252 4601 605 4670 promebant
634 4601 848 4668 sidera,

116 4682 195 4738 Ad
215 4685 394 4745 futuri
422 4688 668 4755 indicia,

119 4768 230 4843 Ipsi
261 4778 430 4849 quasi
454 4777 815 4851 supplicia...

185 4860 446 4927 Intentus
473 4870 565 4925 est
594 4868 857 4941 auspicio

1284 4157 1364 4212 Ac
1395 4156 1444 4213 si
1472 4156 1574 4213 Dei
1604 4155 1836 4230 negotio
1860 4174 1875 4226 ;

1289 4246 1599 4301 Fraternus
1630 4245 1773 4301 livor
1804 4245 1999 4302 invido

1286 4334 1543 4389 Advertit
1572 4334 1674 4389 sed
1705 4333 1814 4390 hoc
1839 4336 2034 4391 animo

1357 4422 1572 4496 Joseph
1605 4423 1762 4478 domi
1794 4423 2077 4493 residens,

1283 4510 1384 4567 Rei
1415 4509 1631 4583 private
1664 4510 1993 4583 providens,

1281 4599 1532 4662 Jubetur
1560 4615 1696 4655 mox
1724 4597 1973 4656 invisere

1281 4692 1576 4745 Cunctane
1605 4692 1814 4761 gerant
1841 4704 2178 4761 prospere...

1354 4775 1466 4832 Nec
1496 4792 1663 4833 mora
1696 4795 1709 4833 :
1741 4779 1808 4833 ut
1836 4777 2204 4850 conspiciunt

1281 4890 1308 4917 ‹‹
1343 4866 1427 4923 En
1448 4865 1802 4937 Somniator,
1834 4865 1999 4923 aiunt
2031 4883 2049 4922 :

2458 4155 2669 4215 Necem
2702 4157 2868 4223 ferte,
2899 4159 2965 4213 ut
2989 4160 3190 4228 pareat

2456 4249 2544 4302 An
2566 4245 2789 4318 juvarit
2817 4245 2973 4318 quod
2996 4245 3317 4302 somniat...
3350 4266 3379 4293 ››

2619 4334 2864 4407 Culpam
2893 4333 3079 4390 vitant
3103 4331 3361 4400 sceleris,

2457 4423 2538 4479 Ne
2566 4423 2957 4479 criminentur
2984 4421 3313 4495 sanguinis,

2451 4514 2695 4584 Sumpto
2726 4511 2917 4584 pondo
2941 4508 3339 4578 numismatis,

2454 4598 2547 4655 Sic
2580 4599 2844 4654 vendunt
2872 4597 3275 4671 Agarenicis...

2629 4687 2898 4759 Segardus
2927 4686 3025 4743 hoc
3052 4686 3325 4743 dictamen
3361 4684 3515 4762 fecit.
