1948 3108
41 186 93 215 809

41 295 115 322 laude
130 292 233 321 debita.

87 338 124 365 10.
141 337 227 370 Quem
243 336 344 364 laudat
359 336 401 364 sol
418 339 505 372 atque
516 336 596 370 luna,
609 335 735 375 dignitas
746 335 847 363 adorat

40 381 165 417 angelica.

84 426 123 453 11.
131 425 210 452 Nunc
219 425 486 460 omncsjubilemus
493 424 650 452 altithrono
659 424 846 452 Dominolau-

41 471 84 498 des
99 470 126 497 in
140 468 260 497 excelsis
273 478 279 497 :

86 515 125 542 12.
143 514 191 541 Eia
200 515 227 541 et
245 514 294 541 Eia
305 522 405 541 omnes
417 513 504 541 simul
516 513 702 540 modulemur
712 511 848 549 organica

38 559 139 587 cantica
153 558 227 586 dulci
247 558 382 586 melodia.

83 603 121 631 13.
138 603 158 630 0
173 603 339 630 veneranda
357 603 465 635 unitas,

81 649 120 675 14.
137 648 158 675 0
172 647 325 675 adoranda
339 647 480 674 Trinitas:

79 693 117 720 15.
132 692 184 719 Per
198 694 225 719 te
244 699 348 719 sumus
363 692 463 725 creati,
480 700 547 719 vero.
563 691 716 718 aeternitas
732 700 738 718 :

78 737 118 764 16.
135 736 185 764 Per
199 737 228 763 te
243 744 347 763 sumus
363 736 515 771 redempti,
534 744 652 763 summa
668 738 697 762 tu
709 735 846 762 Charitas.

79 781 119 807 17.
135 779 280 815 Populum
298 783 436 806 cunctum
456 782 485 806 tu
501 781 629 815 protege,
647 778 727 806 salva
744 778 847 811 libera,

35 825 104 860 eripe
119 826 145 852 et
158 824 297 852 emunda.

77 870 116 896 18.
132 869 169 896 Te
179 869 342 896 adoramus
355 868 555 903 Omnipotens,
568 867 619 894 tibi
635 868 783 903 canimus,
798 867 849 894 tibi

38 913 93 941 laus
106 916 133 941 et
141 913 247 949 gloria.

78 959 116 985 19.
134 958 185 985 Per
201 958 229 985 in
237 957 319 984 finita
333 956 438 984 szecula
455 956 639 984 saeculorum.

213 1001 264 1029 Ill.
284 1002 313 1028 In
330 1001 427 1029 Octava
442 1002 623 1028 l’cnleroslrs.

76 1045 227 1074 Benedicto
244 1046 353 1081 gratias
369 1045 426 1073 Deo
443 1054 496 1073 nos
513 1046 684 1078 referamus,
701 1048 756 1073 etc.

197 1090 245 1118 lV.
258 1090 374 1118 Sabbato
389 1090 651 1125 Scpluagcsz’mwfl).

75 1134 98 1161 1.
115 1134 275 1162 Cantemus
291 1134 386 1161 cuncti
404 1133 550 1161 melodum
568 1142 645 1160 nunc
663 1133 798 1161 Alleluia.

74 1179 99 1205 2.
115 1178 146 1206 In
162 1178 301 1206 laudibus
318 1178 416 1206 aeterni
435 1178 521 1214 [tegis
537 1178 596 1205 haec
620 1178 702 1213 plebs
728 1177 849 1205 resultet

30 1222 155 1251 Alleluia.

74 1268 98 1294 3.
116 1267 174 1295 Hoc
191 1267 318 1303 denique
334 1267 458 1295 cmlcstis
475 1267 555 1294 chori
571 1268 687 1295 cantent
703 1267 731 1293 in
756 1266 846 1294 altum

29 1311 156 1345 Alleluia,

72 1356 97 1382 4.
114 1358 175 1383 Hoc
191 1356 345 1383 beatorum
363 1365 413 1392 per
428 1357 511 1392 prata
535 1355 719 1391 paradisiaca
743 1355 849 1391 psallat

24 1402 175 1427 concentus
191 1399 328 1428 Alleluia.

68 1445 93 1471 5.
113 1443 189 1476 Quin
203 1447 236 1471 et
248 1446 392 1471 astrorum
406 1444 544 1472 micantia
557 1444 850 1481 luminariajubilent

23 1487 107 1516 altum
124 1487 268 1515 Alleluia.

65 1534 93 1559 6.
114 1530 213 1559 Nubiu
225 1540 253 1559 m
270 1540 383 1565 cursus,
401 1534 554 1559 ventorum
565 1532 688 1565 volatus,
700 1532 849 1568 fulgurum

21 1576 183 1604 coruscatio
200 1579 236 1603 et
251 1576 414 1603 tonitruum
427 1576 540 1603 sonitus
552 1576 635 1603 dulce
648 1577 852 1605 consonentsi-

22 1621 78 1648 inul
94 1619 236 1648 Alleluia.
867 1616 888 1649 C

70 1667 96 1692 7.
110 1664 239 1692 Fluctus
248 1666 275 1691 et
287 1665 382 1697 undae,
395 1664 490 1691 imber
501 1666 528 1691 et
539 1664 684 1700 procellm,
693 1666 852 1700 tempestas

25 1711 47 1736 et
63 1709 223 1742 serenitas,
240 1717 353 1740 cauma,
370 1708 447 1745 gelu,
464 1709 522 1742 nix,
541 1709 663 1745 pruina),
682 1709 786 1743 saltus,
804 1718 854 1737 ne-

30 1762 105 1781 mora
121 1755 256 1789 pangant
272 1752 403 1780 Alleluia.

76 1799 101 1825 8.
115 1797 190 1825 Hinc
200 1797 284 1824 varia?
296 1796 427 1825 volucres
439 1797 604 1825 Creatorem
618 1797 753 1825 laudibus
761 1797 856 1825 conci-

31 1842 84 1869 nite
101 1850 170 1870 cum
185 1841 319 1870 Alleluia.

80 1914 118 1948 (2}
135 1912 401 1940 Preeclarissimum
420 1921 537 1940 carmen
555 1913 590 1940 ad
609 1921 742 1940 normam
755 1912 859 1948 psalmi

32 1949 183 1977 centesimi
197 1948 416 1984 quadragesimi
430 1949 519 1975 octavi
531 1948 743 1980 contectum,in
755 1948 860 1976 Missa—

31 1984 105 2012 libus
123 1993 156 2012 ac
174 1983 390 2019 Séqucntihriis
407 1984 478 2011 satis
493 1986 536 2011 est
560 1993 667 2011 rarum.
699 1983 859 2019 Descripsi-

31 2028 93 2046 mus
106 2028 140 2047 ex
159 2020 249 2047 codd.
267 2019 343 2046 Mon.
360 2020 377 2046 6
400 2022 427 2046 et
454 2020 496 2050 11,
525 2028 619 2050 neque
645 2020 681 2047 ab
706 2019 751 2047 his
779 2019 862 2046 libris

587 2055 696 2082 v'indob.
723 2064 752 2083 ιι.
784 2056 862 2088 1485,

289 2090 338 2125 qui
369 2090 472 2117 Wolﬁo
500 2099 615 2117 sacrum
643 2091 863 2126 dithyrambum

30 2126 247 2162 suppeditavit.
264 2126 378 2162 Invenit
395 2129 532 2161 praeterea
546 2126 590 2152 vir
612 2126 714 2153 doctus
739 2126 766 2153 in
790 2126 865 2154 libro

29 2161 168 2198 liturgico
194 2161 389 2198 parvulorum
415 2161 690 2198 usuiaccomodato
716 2162 765 2197 qui
801 2170 866 2197 pro~

29 2197 80 2224 diit
93 2195 220 2225 Iiasilea:
234 2196 310 2230 l3l6,
321 2199 409 2232 atque
420 2196 448 2223 in
459 2195 516 2224 alio
524 2197 680 2232 Hymnario
692 2195 866 2232 pervetusto.

32 2206 80 2224 [ιιιι
95 2206 220 2225 isasuea:
234 2206 310 2230 iam,
321 2206 349 2224 at
374 2206 409 2223 ne
420 2206 448 2223 in
459 2206 516 2224 ano
525 2206 680 2232 nymnario
692 2206 866 2232 pervetusto.

32 2232 63 2259 L't
79 2233 201 2261 videtur
222 2206 435 2267 uterqueriiber
450 2232 611 2260 clausulam
630 2234 660 2259 21
687 2232 727 2259 ita
750 2232 866 2268 legunt:

28 2269 99 2296 Laus
120 2269 266 2296 Trinifuti
284 2270 395 2295 ('L’lernae
419 2268 470 2295 All.
497 2269 550 2295 All.
577 2268 630 2295 All.
657 2268 710 2295 All.
735 2269 787 2295 All.
814 2268 867 2295 All.

30 2055 167 2083 abhorret
188 2055 283 2082 codex
300 2054 434 2082 biblioth.
455 2055 545 2082 Palat.

30 2091 137 2119 l'ol.50.
170 2100 198 2122 ιι,
230 2091 258 2124 Ii,

30 2305 218 2333 Cantabatur
232 2306 328 2331 autem
343 2303 521 2331 alleluiatica
534 2312 622 2339 quam
634 2306 737 2330 vocant
748 2311 872 2338 sequen-
887 2298 913 2331 D

31 2340 78 2372 tia,
97 2340 237 2380 Sebbato
253 2339 480 2380 ﬁeptuagesima:
497 2338 671 2375 priusquam
687 2338 811 2366 Alleluia.
827 2340 873 2366 de-

32 2375 203 2410 ponrhatur
224 2374 267 2401 \‘el
285 2374 488 2410 sepeliebatur.
596 2374 599 2375 ⁷
663 2382 669 2386 ·

90 2411 118 2445 (3
133 2411 165 2438 In
180 2410 251 2438 cod.
262 2410 417 2437 Ssecunda
426 2418 515 2437 manu
527 2410 675 2444 adjectnm
690 2412 734 2437 est
747 2418 875 2437 carmen.

35 2446 64 2473 In
83 2447 238 2482 margime
250 2445 424 2482 adnotatur:
441 2457 454 2470 (ι
470 2445 499 2472 In
511 2446 676 2473 coenobium
689 2445 766 2472 istud
782 2448 877 2482 trans-

35 2481 146 2509 tulerat
155 2480 300 2517 inortaliu
307 2490 333 2508 m
347 2489 395 2508 rex
407 2482 618 2509 invictissimus
630 2489 697 2517 regu
704 2490 730 2508 η]
739 2480 877 2509 Arnolfus

35 2516 226 2544 sanctissimi
246 2516 417 2543 thesaurum
435 2525 540 2552 corpus
563 2516 704 2552 Dionysii.
735 2528 748 2540 ι)
770 2516 809 2544 De
835 2517 877 2544 fa-

37 2561 123 2580 mosa
139 2553 201 2580 ista
219 2552 417 2580 controversia
429 2561 515 2587 quam
528 2553 563 2579 de
575 2561 695 2587 corpore
707 2553 734 2579 S.
751 2552 877 2587 Dionysii

35 2588 196 2615 habebant
213 2588 291 2614 inter
306 2596 336 2614 se
353 2587 487 2615 monachi
505 2588 533 2615 S.
551 2588 717 2615 Emmerani
748 2587 880 2615 Ratisbo-

36 2631 148 2651 nenses
164 2625 195 2651 et
213 2622 374 2650 claustrum
401 2624 429 2651 S.
457 2623 586 2659 Dionysii
612 2623 689 2659 apud
721 2622 877 2655 Lutetiam,

36 2660 130 2686 adeas
159 2659 312 2686 Radcrum
339 2659 438 2686 Bavar.
465 2659 562 2686 Sanct.
590 2660 614 2692 1,
643 2659 695 2685 419
714 2667 766 2694 ,sq.
802 2659 881 2686 Hanc

36 2703 143 2722 essum
158 2702 311 2721 sacrorum
323 2694 544 2721 translationem
552 2694 606 2727 vel,
618 2696 649 2720 ut
658 2694 878 2727 rectiusdicam,

36 2729 92 2758 hoc
110 2737 238 2758 sacrum
256 2729 365 2757 furtum
383 2731 480 2757 cantat
496 2738 583 2765 prosa
598 2729 695 2756 saeculi
717 2738 744 2756 x1
761 2738 795 2757 ex
814 2731 879 2757 cod.

38 2766 121 2793 Mon.
141 2765 311 2801 Emmerar.
328 2766 358 2792 E.
375 2765 467 2792 CXIII.
485 2765 570 2800 cujus
586 2765 783 2801 fragmentum
813 2765 883 2801 legi-

35 2804 89 2828 tur
106 2800 193 2834 apud
212 2799 363 2832 Wolﬁum,
381 2809 409 2835 p.
427 2801 499 2828 1:66:

33 2837 140 2865 Audite
158 2835 261 2872 fideles
276 2837 371 2871 populi
387 2844 499 2864 causam
512 2836 632 2872 rumoris
644 2836 774 2872 maximi,

37 2873 112 2912 Quae
123 2871 179 2901 sub
199 2872 367 2908 temporibus
382 2872 520 2901 modernis
533 2871 640 2901 Noricis
650 2871 764 2907 contigit
786 2872 880 2901 terris.

217 2969 348 3005 ΡΑτιιοῑ..
372 2969 444 3002 CLI.

752 180 995 217 SEQUENTIAE.

89 251 112 276 ε).
134 249 212 276 Nunc
237 249 332 275 omnis
358 251 507 283 \‘oxatque
522 247 845 283 lingual'ateaturnunc
862 249 883 280 Λ

865 933 888 965 Β

1663 179 1723 208 810

956 248 981 274 ε).
1002 248 1050 273 Ast
1067 246 1124 273 illic
1142 246 1335 281 respondeant
1352 253 1433 272 voces
1451 244 1514 272 alta:
1541 244 1723 272 diversarum

901 290 1061 319 bestiarum
1076 290 1208 317 Alleluia.

954 336 995 363 10.
1008 335 1097 363 Istinc
1108 334 1252 362 montium
1264 334 1332 362 celsi
1344 334 1464 361 vertices
1475 335 1579 361 sonent
1588 332 1723 360 Alleluia.

953 380 996 407 11.
1013 380 1084 407 Hinc
1099 379 1206 407 valium
1223 379 1436 415 profunditates
1454 377 1702 406 saltentAlleluia.

956 425 1051 452 12.1‘u
1068 432 1184 460 quoque
1195 423 1328 460 jubilans
1343 424 1446 459 abysso
1461 423 1505 450 dic
1520 422 1649 450 Alleluia.

953 469 996 496 13.
1013 469 1070 496 Nec
1086 478 1142 496 non
1161 471 1303 496 terrarum
1320 467 1407 496 molis
1423 466 1657 495 immensitates:
1671 465 1721 493 Al-

901 513 1000 541 leluia.

955 558 997 585 14.
1010 558 1092 585 Nunc
1098 565 1184 585 omne
1191 557 1450 593 genushumanum
1459 555 1725 584 laudansexsultet:

902 601 1035 629 Alleluia.

959 647 998 673 l5.
1017 648 1048 673 Et
1063 645 1184 673 creatori
1200 647 1296 682 grates
1307 645 1495 681 frequentans
1509 643 1723 672 consonetzAI-

904 690 1000 717 Icluia.

957 735 998 761 16.
1016 734 1074 761 Hoc
1089 733 1215 769 denique
1232 742 1338 761 nomen
1355 733 1456 761 audire
1467 733 1579 769 jugiter
1599 731 1724 760 delecta-

905 780 965 805 tur:
983 778 1117 805 Alleluia.

959 824 1000 849 17.
1018 823 1075 850 Hoc
1091 823 1179 850 etiam
1194 830 1310 849 carmen
1328 821 1440 849 caeleste
1466 820 1638 857 comprobat
1663 820 1725 856 ipse

904 867 1053 894 Christus:
1071 866 1203 893 Alleluia.

960 912 1001 939 l8.
1019 912 1101 938 Nunc
1116 919 1166 938 vos
1181 910 1251 938 socii
1268 913 1382 938 cantate
1397 910 1527 938 laetantes
1540 918 1546 937 :
1558 907 1690 938 Alleluia.

958 956 1000 982 19.
1018 956 1051 982 Et
1066 963 1117 982 vos
1132 955 1246 991 pueruli
1263 955 1435 990 respondete
1451 962 1567 991 semper
1578 953 1708 981 Alleluia.

957 1000 1001 1026 20.
1019 1000 1099 1027 Nunc
1116 1008 1217 1026 omnes
1235 999 1329 1026 canite
1345 997 1433 1027 simul
1448 998 1573 1027 Alleluia
1595 997 1725 1032 domino,

902 1043 1025 1071 Alleluia
1039 1043 1153 1071 Christo
1169 1043 1377 1079 Pneuinatique
1391 1042 1524 1070 Alleluia.

957 1089 998 1115 21.
1020 1088 1095 1115 Laus
1112 1088 1249 1115 Trinitati
1267 1090 1381 1115 acterna:
1393 1087 1423 1115 in
1439 1087 1586 1123 baptismo
1611 1086 1727 1114 Domini

903 1141 967 1169 quae
983 1132 1170 1160 clariﬁcatur.
1188 1132 1260 1159 Hinc
1276 1140 1434 1159 canamus:
1449 1130 1583 1159 Alleluia.

1159 1176 1191 1203 V.
1210 1176 1324 1204 Sabbato
1340 1177 1370 1203 in
1385 1176 1468 1203 Albis.

956 1222 1079 1249 Carmen
1095 1230 1147 1249 suo
1165 1220 1278 1254 dilecto,
1296 1222 1349 1248 etc.

1081 1266 1125 1293 VI.
1145 1266 1179 1293 Dc
1194 1266 1349 1293 inuentione
1363 1265 1390 1292 S.
1408 1265 1547 1301 Stephani.

957 1310 1182 1338 ChristiDomini
1191 1309 1293 1337 militis
1300 1309 1492 1345 martyrisque
1499 1308 1727 1345 fortissimipraa-

904 1356 951 1390 lia,
960 1357 1013 1383 etc.
1438 1350 1441 1353 ’

1115 1399 1188 1427 VIII.
1206 1399 1235 1426 In
1247 1401 1339 1426 octaua
1350 1398 1530 1426 Ascmsionis.

957 1444 1091 1473 Christus
1106 1444 1184 1471 hunc
1200 1443 1461 1479 dicmjucundum,
1475 1445 1528 1471 etc.

1087 1489 1198 1516 VIIIDe
1213 1488 1240 1515 S.
1259 1488 1455 1516 Burlholomzro
1472 1488 1543 1524 (Pr.)

959 1534 1040 1561 Dicm
1056 1535 1160 1560 festum
1171 1532 1373 1560 Bartholomaei
1385 1531 1491 1559 Christi
1501 1531 1599 1565 amici,
1611 1531 1726 1566 fratres,

906 1578 1036 1611 excolite,
1053 1580 1106 1605 etc.

1129 1621 1172 1649 IX.
1189 1623 1228 1649 De
1242 1621 1389 1648 Natiuitate
1403 1619 1508 1648 Μανίας.

961 1667 1032 1694 Ecce
1048 1665 1183 1693 sollemni
1199 1665 1253 1693 hoc
1266 1665 1313 1692 die
1329 1672 1469 1693 canamus
1486 1665 1569 1698 festa,
1585 1666 1639 1692 etc.

1077 1710 1109 1738 Χ.
1127 1710 1268 1737 Dominicu
1282 1714 1341 1745 post
1356 1708 1554 1737 Ascensionem.

965 1755 1004 1782 En
1024 1758 1157 1790 regnator
1171 1753 1344 1788 cmlestium,
1361 1755 1554 1788 terrenorum,
1571 1755 1626 1780 etc.

1016 1799 1054 1827 IX
1069 1800 1099 1826 In.
1114 1799 1219 1826 Natalis
1234 1797 1261 1825 S.
1280 1798 1404 1833 Dionysii
1418 1802 1443 1825 ct
1457 1798 1590 1825 saeiarum
1606 1797 1655 1834 (3).

968 1842 1190 1871 Exsultcmusin
1200 1843 1265 1877 ista,
1274 1842 1389 1876 fratres,
1400 1841 1607 1876 sollemnitate,
1618 1842 1742 1877 gaudeat

913 1914 1097 1942 Beatissimus
1112 1922 1230 1949 numque
1247 1914 1398 1949 Dionysius
1413 1914 1522 1954 athenis
1537 1912 1673 1954 quondam

1519 1957 1533 1976 e
1553 1957 1607 1976 zsco

916 1988 1003 2021 Quem
1028 1987 1140 2013 stultius
1166 1986 1287 2013 Clemens
1309 1985 1411 2013 diruit
1435 1986 1465 2012 in
1490 1949 1747 2020 thliampupfioptcr

1352 2021 1531 2056 [prwdicandi
1544 2021 1675 2056 gratiam,

920 2057 1075 2093 Ibidemque
1092 2058 1225 2092 martyrio
1249 2061 1394 2084 coronatus
1417 2057 1583 2092 comperitur
1605 2057 1747 2118 itttumu-

1618 2100 1635 2118 α
1648 2099 1680 2118 us

1608 2100 1680 2118 tarus

922 2129 969 2155 Hic
979 2128 1053 2156 idem
1068 2129 1117 2155 sub
1133 2132 1250 2163 temlmrc
1258 2129 1319 2164 jam
1341 2128 1486 2162 contingam
1598 2126 1751 2168 translatus

1519 2170 1546 2189 es
1589 2169 1674 2189 orwo.

922 2200 952 2226 In
969 2200 1138 2226 Emmerami
1154 2200 1226 2226 beati
1253 2199 1415 2231 coenobium,
1439 2162 1681 2225 satis[6::l1:b’:¢iwe’t
1703 2197 1747 2232 fa-

926 2270 977 2297 Sed
991 2270 1039 2296 hoc
1053 2270 1132 2304 quali
1144 2274 1328 2305 perpetratum
1342 2271 1443 2297 constet
1463 2233 1753 2305 inodbmiiglii?_brevi-

1479 2306 1530 2340 [ter
1544 2303 1693 2331 nunciabo.

928 2342 1081 2375 Imperator
1094 2341 1148 2375 fuit
1176 2340 1289 2375 quidam
1312 2341 1430 2368 eximius
1456 2338 1566 2367 nomine
1584 2340 1673 2401 (etilli?
1701 2338 1753 2366 Ar-

1596 2383 1631 2401 no
1657 2383 1688 2401 us

931 2412 972 2439 Ex
988 2411 1065 2438 illius
1079 2412 1207 2446 prompta
1222 2412 1335 2446 gloriosi
1347 2410 1484 2446 pontiﬁcis
1494 2374 1754 2446 quotidii’ir‘iii‘trtimlﬂ.

933 2448 1123 2475 Clarissimam
1137 2448 1231 2473 tenens
1246 2448 1340 2474 carnis
1363 2447 1497 2481 originem
1519 2446 1692 2482 ejusdemque
1717 2453 1757 2474 se-

1483 2490 1568 2517 quens
1578 2482 1705 2509 virtutem

933 2518 982 2546 Ille
995 2526 1057 2552 t’rgo
1073 2518 1205 2545 invitatus
1222 2518 1340 2553 conﬁnia
1352 2518 1431 2553 petiit
1443 2517 1633 2553 occidentalia,

935 2554 1132 2581 Commissurus
1159 2553 1260 2581 bellum
1295 2556 1391 2581 contra
1424 2553 1555 2590 quasdam
1588 2557 1680 2588 gentes
1699 2554 1760 2589 jam

1309 2590 1424 2622 [Gallica
1434 2598 1519 2624 regna
1525 2593 1686 2625 prementes.

936 2625 1007 2658 Quas
1023 2625 1123 2653 incolae
1146 2634 1201 2653 non
1227 2626 1313 2661 ipsius
1338 2626 1489 2659 provinciae
1510 2624 1560 2661 per
1588 2633 1616 2652 se
1640 2624 1756 2652 valebat.

1534 2669 1564 2687 su
1585 2668 1663 2687 crare

937 2695 1057 2731 Cumque
1076 2704 1124 2731 per
1150 2696 1346 2731 Omnipotentis
1371 2696 1509 2723 auxilium
1523 2661 1583 2736 [itap
1594 2696 1650 2736 vim
1663 2694 1761 2722 delere.

1555 2731 1676 2758 hostium

939 2767 969 2794 Ut
979 2766 1011 2793 de
1020 2767 1143 2793 exercitu
1153 2774 1246 2793 eorum
1254 2767 1385 2793 immenso
1392 2774 1446 2793 non
1458 2731 1571 2794 restat-[ct
1579 2750 1763 2793 unicus’homo

939 2801 1005 2828 Cum
1020 2802 1091 2829 tanti
1106 2801 1240 2837 triumphi
1252 2802 1342 2835 gloria
1362 2809 1484 2828 reversus
1507 2803 1583 2864 verlgil
1606 2800 1643 2842 uti
1668 2801 1766 2828 urbem

1565 2845 1679 2864 armas.

939 2872 997 2909 Qua
1007 2873 1066 2901 tum
1078 2880 1127 2909 per
1142 2871 1200 2900 dies
1216 2872 1321 2910 aliquot
1346 2871 1487 2900 resedisset
1502 2876 1527 2901 et
1541 2845 1697 2945 ἔξέἔᾎέἓ
1709 2873 1766 2899 tra-

1618 2914 1671 2935 vis:

1618 2915 1632 2935 υ
1635 2914 1671 2935 ιεε

1566 2969 1606 3002 26
