3896 6216
377 337 494 400 811

1572 341 1761 406 ΞιΕΟ.
1806 340 1882 405 XI
1933 340 2242 408 MONUM.
2290 345 2603 408 LITURG.

3677 337 3796 411 ale

381 473 600 545 pariter
645 475 838 532 omnis
889 475 1152 546 ecclesia,
1219 483 1329 534 etc.
1363 479 1568 534 ——Sed
1639 496 1752 533 non
1829 479 2025 534 minus
2057 483 2111 548 Α
2207 480 2260 533 5.
2301 477 2608 535 Fulserunt
2657 479 2940 535 immania
2985 484 3152 536 nocte
3210 478 3404 536 media
3453 482 3796 553 pastoribus

386 560 736 636 Radaspona
767 565 936 622 beata
965 582 1094 639 quae
1126 571 1272 623 nutu
1305 584 1519 640 supero
1549 565 1841 623 translata
1883 583 2038 623 nunc
2145 566 2390 637 Iumina,

387 666 525 706 ossa
551 650 726 709 habet
747 653 970 724 eadem,
995 659 1106 711 etc.

393 761 402 769 ·
810 741 955 799 XIII.
982 745 1059 800 De
1085 743 1339 817 S.jacobo
1363 762 1452 818 ap.
1484 744 1626 816 (Pr.)

459 827 660 886 Gaude
678 829 892 887 Christi
915 849 1152 904 sponsa,
1174 834 1336 907 virgo
1361 837 1545 888 mater
1591 831 1869 903 Ecclesia,
1925 838 2034 888 etc.

670 919 820 976 XIII.
853 922 913 976 In
942 926 1129 978 octava
1159 923 1469 978 Nativilalis
1498 923 1739 979 Domini.

456 1007 673 1075 Gaude,
707 1007 889 1064 Maria
916 1010 1078 1084 virgo
1111 1011 1209 1066 Dei
1233 1011 1502 1084 genitrix,
1546 1029 1674 1085 qua:
1727 1010 2037 1085 promissis

389 1095 675 1153 Gabrielis
704 1114 806 1170 spe
837 1099 1042 1155 devota
1071 1100 1393 1170 credidisti,
1429 1106 1537 1157 etc.

739 1186 880 1242 XIV.
923 1190 984 1244 In
1014 1198 1202 1246 octava
1229 1191 1486 1246 Paschali
1512 1191 1674 1264 (Pr.).

458 1273 588 1329 Haec
617 1277 707 1330 est
737 1280 940 1332 sancta
971 1277 1340 1336 sollemnitas
1390 1279 1870 1350 sollemnitatum,
1925 1282 2036 1335 etc.

821 1365 940 1421 XV.
972 1369 1132 1424 Feria
1158 1373 1313 1424 sexta
1345 1371 1401 1424 in.
1433 1370 1603 1424 Albis.

456 1450 512 1507 Is
542 1449 642 1524 qui
675 1453 840 1524 prius
869 1455 1140 1512 habitum
1173 1457 1382 1514 mortis
1415 1457 1620 1527 induit,
1641 1461 1750 1513 etc.

791 1542 932 1600 XVI.
965 1545 1025 1600 In
1055 1553 1243 1601 octava
1271 1547 1616 1618 Epiphania”.

458 1639 576 1694 Iste
601 1636 728 1693 dies
761 1633 1006 1690 celebris
1038 1639 1287 1703 constat,
1319 1640 1426 1692 etc.

624 1724 794 1780 XVII.
831 1725 1116 1781 Dominica
1139 1728 1259 1795 post
1286 1729 1532 1780 octavam
1555 1725 1795 1781 Pascha.

457 1814 729 1872 Judicem
780 1829 888 1870 nos
936 1811 1368 1885 inspicientem,
1439 1817 1641 1888 crypta
1707 1814 1900 1870 cordis
1963 1811 2038 1868 ri-
2070 1849 2116 1915 Β

389 1907 672 1974 mantem,
705 1905 814 1958 etc.

922 1989 1123 2046 XVIII.
1155 1991 1356 2047 Eadem
1384 1991 1493 2050 die.

464 2083 618 2137 Laeta
645 2082 841 2137 mente
869 2095 1152 2136 canamus
1182 2079 1428 2137 Domino
1459 2087 1678 2150 nostro,
1709 2086 1818 2138 etc.

699 2237 705 2243 ‘
896 2167 1030 2224 XIX.
1063 2169 1137 2225 De
1162 2172 1223 2225 S.
1257 2170 1503 2226 Nicolao.

463 2257 658 2314 Laude
689 2255 1188 2329 condignissimus
1219 2257 1344 2312 dies
1374 2274 1572 2314 annua
1603 2257 1794 2314 reddit
1822 2259 2038 2333 gaudia

387 2345 716 2420 praesentia,
748 2349 858 2402 etc.

809 2438 932 2490 XX.
967 2436 1127 2492 Feria
1157 2437 1353 2506 quinta
1391 2438 1451 2492 in
1482 2436 1658 2492 Albis.

458 2525 687 2581 Laudes
717 2523 966 2580 Domino
997 2525 1266 2580 concinat
1297 2525 1458 2582 orbis
1494 2526 1710 2600 ubique
1741 2529 1899 2582 totus
1939 2524 2040 2597 qui

393 2613 578 2687 gratis
607 2617 696 2669 est
726 2612 1030 2683 liberatus,
1063 2619 1172 2668 etc.

849 2700 988 2756 XXI.
1019 2703 1094 2756 De
1120 2703 1175 2757 S.
1211 2704 1569 2760 Emmeramo.

467 2791 696 2846 Laudes
727 2789 976 2846 Domino
1007 2795 1208 2848 nostro
1238 2793 1719 2848 nostraconcinat
1740 2791 2045 2849 harmonia

394 2893 461 2933 ac
497 2876 682 2950 patris
711 2876 1045 2945 venerandi,
1080 2882 1187 2934 etc.

631 2965 801 3021 XXII.
833 2967 1119 3022 Dominica
1145 2975 1266 3038 post
1296 2971 1540 3024 octavam
1565 2970 1812 3026 Pascha.

467 3055 620 3110 Laus
651 3053 755 3110 tibi
787 3054 882 3124 sit,
915 3073 948 3110 o
978 3054 1166 3112 fidelis
1197 3056 1376 3126 Deus,
1411 3061 1524 3114 etc.

853 3141 1040 3200 XXIII.
1073 3145 1150 3200 De
1174 3162 1281 3201 uno
1308 3149 1570 3219 martyre.

466 3229 636 3288 Miles
679 3230 892 3308 inclyte
939 3233 1248 3290 fortissimi
1291 3216 1714 3309 regis'Chrisli
1772 3253 1880 3293 nos
1945 3237 2041 3293 ad-
2071 3216 2114 3285 θ

384 3320 550 3394 juva,
583 3324 694 3378 etc.

485 3409 679 3466 XXIV.
702 3413 766 3468 In
792 3413 1084 3470 nativitate
1113 3413 1337 3475 Domini
1362 3413 1434 3470 ad
1458 3414 1598 3486 galli
1625 3419 1851 3471 cantum
1877 3415 1974 3488 (5).

461 3499 514 3554 1.
547 3499 694 3556 Nato
725 3505 946 3557 canunt
982 3503 1181 3558 omnia
1211 3503 1462 3558 Domino
1493 3503 1586 3576 pie
1617 3504 1856 3577 agmina

460 3591 516 3644 2.
549 3587 895 3662 Syllabatim
931 3595 1207 3646 neumata
1237 3591 1686 3664 perstringendo
1709 3593 2006 3664 organica.

465 3677 520 3735 3.
554 3676 685 3734 Hac
718 3677 844 3734 dies
893 3681 1124 3734 sacrata
1177 3678 1236 3735 in
1287 3697 1403 3752 qua
1449 3697 1598 3738 nova
1643 3686 1782 3738 sunt
1829 3683 2048 3755 gaudia

395 3767 619 3822 mundo
651 3765 820 3838 plene
849 3767 1062 3822 dedita.

465 3855 516 3908 4.
550 3854 669 3910 Hac
701 3859 868 3911 nocte
898 3855 1173 3928 praecelsa
1203 3858 1462 3914 intonuit
1489 3863 1546 3914 et
1575 3857 1764 3932 gloria
1793 3859 1854 3914 in
1902 3875 2040 3916 voce

397 3941 680 4014 angelica.

469 4155 639 4230 Coepit
659 4157 760 4215 hoc
777 4161 946 4216 etiam
971 4164 1173 4218 secreta
1204 4165 1440 4218 tractare
1472 4161 1898 4234 omnimodisque
1943 4177 2037 4218 ex-

463 4302 712 4375 Qualiter
731 4304 935 4360 valeret
948 4320 1142 4376 corpus
1153 4319 1218 4360 sa
1225 4231 1748 4359 nctissimg'lolbz'izge
1759 4305 2034 4372 Dionysii.

457 4379 538 4434 Ad
561 4379 672 4434 haec
689 4376 856 4431 mulli
879 4375 1262 4448 respondentes
1277 4376 1452 4430 multa
1472 4389 1642 4446 eaque
1659 4377 1814 4448 varia
1834 4376 2038 4432 dabant

391 4481 396 4486 -
649 4467 657 4477 ο
968 4447 977 4448 “
1600 4447 1849 4513 [consilia
1864 4464 1884 4508 .'

452 4521 561 4577 Sed

447 4588 784 4672 (4).l}lih_ilin
861 4588 969 4672 hoc
1011 4589 1295 4672 _carmi.ne
1360 4589 1696 4672 legiturnde
1741 4589 2036 4672 Hispanco

377 4659 585 4734 Jacobi
615 4661 822 4734 itinere
843 4660 938 4734 vel
993 4661 1066 4716 de
1113 4660 1352 4734 ossibus
1400 4659 1530 4734 ejus
1577 4659 2034 4734 Compostellam

372 4733 708 4794 translatis.
746 4730 969 4790 Ultimae
1001 4731 1253 4806 strophae
1287 4730 1649 4790 mentionem
1676 4730 1954 4806 injiciunt
1971 4735 2030 4790 S.

624 4528 854 4576 ostremo
887 4517 1110 4588 quidam
1143 4558 1157 4572 .
1203 4560 1214 4572 .
1263 4559 1275 4572 .
1322 4559 1334 4572 .
1381 4561 1394 4573 .

2213 658 2266 712 6.
2302 657 2451 712 Dum
2479 658 2674 715 fovent
2705 675 2813 714 sua
2843 663 3055 731 pecora
3089 658 3288 716 subito
3347 657 3546 716 divina
3593 638 3796 736 praeci-

2145 745 2316 818 piunt
2344 745 2600 802 monita:

2215 836 2264 890 7.
2302 835 2404 890 Est
2433 834 2725 892 immensa
2754 836 2812 892 in
2843 835 2988 892 cmlo
3017 835 3225 910 gloria,
3260 853 3370 910 pax
3401 840 3458 894 et
3489 837 3550 895 in
3603 843 3794 896 terra:

2215 922 2268 976 8.
2305 921 2488 978 Natus
2519 921 2674 978 alma
2698 921 2920 997 virgine
2951 923 3050 995 qui
3081 928 3271 982 exstat
3300 928 3435 981 ante
3467 925 3708 983 saecula.

2215 1011 2268 1066 9.
2301 1010 2390 1065 Sir:
2419 1026 2556 1083 ergo
2585 1010 2714 1066 οωιί
2753 1015 2982 1068 caterva
3011 1011 3298 1070 altissime
3319 1013 3516 1084 jubila

2220 1099 2305 1154 10.
2339 1098 2411 1154 Ut
2439 1104 2602 1156 tanto
2633 1117 2841 1156 canore
2869 1104 3083 1156 tremat
3112 1100 3229 1158 alta
3259 1101 3374 1174 poli
3408 1103 3710 1160 machina.

2221 1189 2307 1242 11.
2341 1191 2646 1244 Contracta
2674 1194 2813 1244 sunt
2840 1189 3086 1262 imperia
3105 1189 3294 1247 hostis
3324 1191 3759 1251 crudelissima.

2221 1279 2304 1332 I2.
2337 1275 2606 1332 Humana
2638 1283 2991 1349 concrepant
3022 1282 3230 1334 cuncta
3259 1279 3436 1336 deum
3469 1286 3675 1338 natum
3709 1281 3793 1338 in-

2149 1369 2323 1421 terra.

2222 1456 2305 1510 13.
2341 1455 2454 1510 Pax
2486 1455 2543 1510 in
2573 1458 2730 1511 terra
2784 1456 3029 1524 reddita,
3081 1472 3236 1512 nunc
3284 1456 3558 1514 laetentur
3602 1461 3798 1516 omnia

2147 1544 2267 1600 nati
2302 1561 2401 1616 [er
2431 1542 2684 1598 exordia.

2225 1633 2308 1687 14.
2345 1633 2523 1688 Sonet
2551 1635 2608 1686 et
2637 1648 2738 1703 per
2766 1631 2966 1688 omnia
2996 1632 3104 1689 hac
3139 1633 3196 1688 in
3228 1633 3323 1690 die
3349 1633 3540 1708 gloria
3557 1652 3697 1693 voce

2149 1719 2306 1776 clara
2339 1719 2588 1776 reddita.

2223 1811 2308 1865 15.
2341 1808 2507 1866 Solus
2535 1808 2634 1881 qui
2662 1814 2860 1866 tuetur
2887 1811 3106 1877 omnia,

2219 1898 2305 1952 16.
2341 1897 2514 1954 Solus
2543 1897 2644 1970 qui
2674 1899 2964 1970 gubernat
2993 1899 3211 1968 omnia,

2217 1987 2304 2040 17.
2340 1985 2470 2056 Ipse
2501 2003 2611 2041 sua
2642 1986 2864 2058 pietate
2895 1986 3078 2044 salvet
3104 1988 3302 2045 omnia
3331 1992 3536 2062 pacata
3564 2006 3766 2065 regna.

2568 2076 2736 2144 XXV,
2769 2080 2849 2132 De
2877 2079 2934 2134 S.
2969 2079 3138 2134 (ἔνεισι
3164 2079 3233 2134 Μ.
3258 2078 3376 2148 Η.)

2213 2161 2379 2219 Nunc
2410 2163 2600 2220 crucis
2631 2163 2790 2220 alma
2816 2168 2988 2221 canta
3015 2165 3250 2240 gaudia,
3282 2172 3390 2224 ctc.

2634 2251 2912 2311 XXVI.De
2941 2253 2996 2310 S.
3031 2255 3312 2312 Trinitate.

2215 2341 2385 2398 Prom
2391 2345 2491 2414 pta
2512 2345 2706 2397 mente
2726 2358 3010 2400 canamus
3030 2343 3304 2400 Trinitati
3326 2343 3670 2412 individuis,
3690 2350 3802 2406 etc.

2429 2429 2654 2486 XXVII.
2687 2433 2970 2488 Dominica
2995 2437 3115 2505 post
3144 2434 3547 2490 Ascensiomm.

2221 2519 2404 2584 Quam
2434 2519 2585 2575 mira
2615 2524 2773 2575 sunt.
2809 2520 2984 2588 Deus,
3019 2525 3122 2577 tua
3150 2526 3440 2594 portenta,
3473 2527 3588 2580 etc.

2593 2608 2831 2664 XXVIII.
2863 2610 2938 2665 De
2968 2609 3021 2668 S.
3058 2611 3368 2668 Benedicto.

2222 2696 2328 2762 Qui
2361 2697 2669 2752 Benedicto
2701 2697 2916 2771 cupitis
2947 2698 3062 2755 huc
3093 2699 3284 2756 festivi
3316 2701 3557 2768 currite,
3591 2706 3706 2768 etc,

2476 2785 2674 2841 XXIX.
2708 2787 2767 2841 In
2803 2788 3164 2844 translatione
3177 2788 3233 2845 S.
3257 2791 3512 2860 Quirini.

2231 2875 2498 2930 Romana
2528 2873 2710 2947 stirpe
2739 2875 3018 2942 Quirinus
3049 2881 3408 2950 procreatus,
3441 2883 3556 2936 etc.

2466 2963 2716 3020 XXX.De
2743 2964 3124 3038 Assumptione
3151 2967 3210 3022 Β.
3248 2967 3302 3023 ν.
3339 2967 3424 3030 (Η.
3451 2967 3545 3040 Η)

2226 3051 2396 3108 Salve
2425 3057 2592 3124 porta
2622 3057 2912 3126 perpetuae
2945 3052 3094 3111 lucis
3125 3053 3374 3128 fulgida,
3396 3059 3507 3113 etc.

2512 3140 2694 3198 XXXI.
2727 3146 2809 3198 De
2836 3142 2892 3198 S.
2920 3143 3178 3200 Mauritio
3201 3143 3292 3206 (Μ.
3315 3145 3432 3218 li.)

2225 3231 2419 3287 Sancti
2445 3229 2580 3287 belli
2605 3229 2968 3288 celebremus
2993 3232 3386 3305 triumphum,
3411 3245 3522 3290 etc.

2639 3319 2849 3376 XXXII.
2883 3321 2956 3377 De
2984 3321 3313 3393 virginibus.

2229 3407 2458 3465 Scalam
2472 3408 2547 3465 ad
2558 3407 2738 3464 coalos
2752 3409 3086 3466 subrectam
3098 3409 3407 3467 tormentis
3421 3410 3686 3470 cinctam
3705 3417 3807 3469 etc.

2583 3497 2831 3554 XXXIII.
2865 3499 3072 3554 Diebus
3099 3499 3423 3568 Dominicis,

2227 3587 2403 3643 Stans
2419 3603 2454 3643 a
2471 3584 2644 3660 longe
2657 3585 2755 3659 qui
2769 3585 3026 3660 plurima
3045 3588 3400 3661 perpetravit
3417 3588 3690 3648 facinora
3699 3595 3800 3648 etc.

2444 3675 2688 3730 XXXIV.
2717 3677 2783 3730 In
2811 3675 3182 3734 Decotlatione
3208 3675 3266 3733 S.
3297 3678 3556 3734 Joannis.
3623 3730 3626 3734 .

2225 3763 2536 3820 Summum
2559 3779 2880 3835 praeconem
2901 3763 3116 3821 Christi
3136 3763 3680 3825 collaudemuslaati
3695 3772 3797 3825 etc.

2647 3851 2855 3908 XXXV.
2890 3853 2964 3910 De
2990 3854 3347 3925 martyribus.

2217 3941 2472 3998 Turbam
2484 3941 2822 3998 bellicosam
2835 3958 3012 4014 quam
3031 3941 3129 3998 Dei
3145 3959 3261 3998 non
3272 3946 3803 4004 verentesservietc.

2147 4155 2575 4230 Christophorig
2597 4155 2696 4230 Μ.Δ
2725 4171 2900 4230 quem
2951 4170 3382 4230 commemoare
3411 4155 3696 4230 solebant
3709 4175 3795 4215 ac.

2149 4227 2338 4310 solent
2364 4225 2633 4284 catholici
2682 4225 2952 4284 homines
2999 4228 3130 4300 ipsa
3178 4227 3288 4284 hac
3334 4228 3589 4301 apostoli
3644 4230 3800 4286 festi-

2145 4304 2636 4495 vusegielleperitur
2664 4386 2837 4442 prosa
2864 4370 2923 4426 in
2955 4369 3082 4426 cod.
3115 4370 3270 4426 Mon.
3302 4371 3338 4426 6
3364 4374 3422 4427 et
3469 4370 3602 4427 cod.
3657 4370 3796 4428 bibl.

2148 4441 2226 4496 Pa
2252 4445 2312 4497 at
2339 4441 2588 4497 deob.
2621 4458 2682 4497 n.
2714 4441 2854 4497 1845
2884 4440 2986 4497 fol.
3032 4443 3099 4496 47
3149 4458 3202 4497 a.
3250 4457 3320 4497 ex
3365 4457 3486 4497 auo
3539 4457 3796 4497 commu~

2149 4445 2312 4497 Palat
2339 4445 2588 4497 Vindob.
2621 4445 2854 4498 n.1845
2884 4445 2986 4497 fol.
3032 4445 3099 4496 47
3149 4458 3202 4510 a,
3250 4457 3320 4498 ex
3365 4457 3486 4514 quo
3539 4457 3798 4499 commu-

2149 4513 2366 4586 nicavit
2397 4511 2712 4586 lectoribus
2726 4511 3007 4586 _Wol_fi_us.
3040 4513 3212 4568 Extat
3239 4528 3476 4586 quoque
3497 4514 3667 4586 apud
3691 4513 3800 4586 Cli-g

2147 4584 2493 4640 chtovaeum.
2559 4583 2621 4640 In
2688 4581 3027 4640 Missalibus
3092 4581 3398 4656 nusquam'
3452 4581 3801 4659 infestigavi

2148 4671 2384 4712 081⁵111611
2393 4698 2404 4711 .
