3896 6216
377 363 514 426 ,815
1578 363 1766 427 SEO.
1809 363 1889 428 XI
1933 363 2243 428 MONUM.
2293 362 2603 430 LITURG.

395 499 812 556 Constantinus
842 503 978 555 tunc
1007 502 1330 574 Augustus.

395 587 674 646 Hortatus
703 587 929 645 Christo
951 590 1206 658 credere,

397 676 656 734 Renatus
685 681 775 733 est
796 677 1166 751 baptismate.

467 767 649 831 Quem
682 771 746 822 ut
774 765 960 822 livinit
997 766 1332 832 chrismate,

394 856 441 912 A
471 856 672 912 morbo
703 855 1031 927 elephantie

396 943 498 1000 Est
527 945 878 1000 emundatus
911 943 1089 1011 illico,

395 1033 625 1090 Virtute
651 1033 843 1094 sancti
867 1033 1140 1106 Spiritus.

2732 495 2974 552 Advexit
2998 495 3105 550 celi
3132 492 3402 550 Domino.

2806 585 3039 657 Nosque
3060 601 3094 640 a
3123 581 3312 656 culpis
3343 581 3596 640 nexibus

2731 673 2898 730 Eruit
2929 672 3055 730 suis
3085 672 3378 747 precibus,

2737 763 2844 829 Qui
2877 780 2980 836 pro
3011 761 3294 820 Tonantis
3321 759 3510 835 gloria

2735 852 2872 924 Ejus
2903 867 3187 908 canamus
3215 867 3432 908 annua.

2802 942 2918 996 Deo
2947 940 3117 1014 patri.
3163 982 3176 996 .
3221 981 3236 994 .
3283 981 3298 996 .

1637 499 1857 555 Dehine
1887 505 2087 555 contra
2118 499 2520 555 incommodos

1565 587 1884 644 Judeorum
1916 586 2296 661 philosophos

1563 675 1645 732 De
1665 674 1861 732 eelesti
1885 675 2163 750 mysterio

1561 763 1795 821 Bellans
1823 761 1962 821 vicit
1996 765 2345 837 intrepidus.

1637 853 1782 910 Nam
1813 852 2086 909 draconis
2115 853 2371 928 pestiferi

1559 941 1836 999 Sevitiam
1868 941 2246 1014 compescuit,

1563 1033 1632 1087 Et
1660 1029 1908 1104 populos
1936 1030 2278 1087 innumeros

613 1157 851 1196 annvus
892 1158 928 1196 ιι
968 1156 1223 1196 ausos.“
1264 1155 1462 1198 SANCTI
1503 1157 1825 1196 SYLVESTRI.
2070 1140 2121 1204 Α
2263 1137 2595 1194 Exhorrens
2626 1138 2927 1210 Augustus
2956 1141 3076 1193 tam
3109 1137 3366 1192 immane
3397 1134 3616 1205 scelus,

3661 357 3824 422 816

505 1229 654 1285 Voce
676 1230 938 1300 jocunda
967 1245 1309 1286 resonemus
1339 1246 1564 1298 omnes,

506 1318 801 1374 Laudibus
832 1317 1051 1372 sanctis
1083 1317 1346 1374 studium
1381 1319 1650 1383 ferentes,

507 1406 678 1462 Urbis
709 1423 949 1462 romano
980 1406 1342 1464 modulanda
1375 1412 1599 1480 patrem

683 1495 878 1552 Laude
909 1495 1290 1568 Sylvestrum.

506 1584 610 1639 Hic
639 1584 774 1656 pius
806 1589 1006 1656 pastor
1031 1583 1228 1656 gregis
1257 1588 1435 1657 atque
1467 1589 1642 1653 tutor,

509 1673 630 1727 Lux
659 1671 767 1728 fuit
794 1672 966 1738 cecis,
997 1673 1360 1746 baculusque
1387 1675 1636 1741 claudis,

507 1765 586 1816 Ac
617 1761 787 1832 signa
814 1760 951 1814 fecit
981 1761 1347 1832 paradisiaca

686 1849 946 1904 Plurima
975 1849 1164 1907 terris.

509 1938 617 2002 Qui
647 1937 798 1995 viam
831 1939 1057 1995 cunctis
1088 1941 1478 1998 rectissimam
1511 1943 1630 2014 (sic)
1675 1942 2044 2007 monstravit,

507 2029 788 2085 Percusso
819 2028 938 2100 regi
971 2029 1161 2086 reddit
1191 2029 1524 2096 sanitatem,

511 2116 674 2172 Unde
702 2121 1006 2174 cernentes
1035 2135 1300 2175 meruere
1327 2119 1521 2175 cordis

689 2209 933 2261 Cernere
960 2204 1176 2263 lumen.

511 2296 758 2351 Summa
785 2295 1068 2353 virtutum
1099 2296 1282 2368 viguit
1312 2313 1414 2369 per
1443 2297 1637 2370 ipsum

509 2381 773 2452 Claritas,
803 2387 1080 2442 cunctum
1113 2385 1395 2442 radiando
1425 2388 1713 2443 mundum
1747 2403 1762 2444 :

510 2476 590 2528 Ac
621 2473 777 2528 sicca
805 2473 981 2530 cerda
1009 2473 1217 2545 rigavit
1247 2475 1413 2532 ﬁdele
1445 2478 1564 2548 (sic)

2258 1227 2426 1283 Letas
2459 1227 2685 1282 remisit
2715 1244 2846 1282 cum
2882 1231 3214 1299 matresque
3248 1226 3425 1292 natis,

2259 1317 2548 1372 Omnibus
2579 1316 2747 1372 donis
2779 1333 2886 1371 sua
2918 1316 3128 1388 pietate

2439 1405 2754 1460 Commoda
2785 1405 2914 1460 vite.

2258 1494 2455 1550 Gratia
2485 1494 2697 1549 Christi
2727 1511 2856 1550 vere
2889 1494 3230 1566 inspiratus,

2263 1585 2465 1638 l’cll‘us
2496 1601 2630 1638 cum
2663 1583 2842 1640 Paulo
2875 1582 3103 1638 monuit
3130 1582 3358 1655 piscina

2260 1677 2560 1744 Aquarum
2586 1673 2743 1728 unda
2773 1672 3159 1745 medendique
3207 1671 3318 1728 sibi

2439 1760 2613 1817 Salus
2647 1761 2927 1833 requirat.

2261 1849 2460 1907 Presul
2496 1855 2732 1906 vocatur
2759 1848 2956 1923 pepuli
2993 1848 3303 1923 benignus,

2262 1937 2548 2005 Placidus,
2579 1939 2836 1995 clemens
2863 1934 3169 2012 extititque
3199 1938 3372 2012 regis.

2263 2028 2420 2082 illico
2450 2029 2672 2084 sanctis
2703 2029 3049 2084 monstravit
3076 2027 3336 2101 loquaris
3365 2029 3486 2100 (sic)

2440 2118 2665 2172 Virtute
2695 2117 2928 2172 Christi.

2265 2206 2526 2262 Prcdicat
2553 2207 2783 2262 Christo
2815 2205 3098 2262 famulare
3127 2201 3380 2280 plebem,

2263 2295 2532 2351 Allevans
2561 2311 2792 2351 merens
2821 2295 3048 2351 dudum
3079 2296 3417 2363 exortando,

2261 2384 2578 2440 Commoda
2605 2389 2874 2457 prestans
2897 2385 3121 2458 jugiter
3149 2383 3372 2454 fideles,

2440 2475 2685 2546 Semper
2712 2473 2952 2529 orando.

689 2509 777 2528 ινα
805 2509 981 2530 suum
1009 2509 1217 2545 ιιδυηιι
1247 2509 1413 2532 unum
1445 2509 1564 2548 μιν)
2080 2509 2129 2575 Β
2440 2509 2674 2546 smnpm
2712 2509 2952 2529 υιιιμυυ.

689 2561 901 2616 Christi
932 2560 1180 2618 lavacro.
1231 2613 1236 2620 .
2264 2563 2472 2634 Sicque
2498 2563 2739 2618 devotus
2767 2561 3030 2618 veritatis
3061 2561 3212 2619 facta

511 2650 756 2706 Animas
788 2649 1006 2707 multas
1035 2653 1340 2723 conjunxit
1367 2653 1710 2725 angelorum
2265 2651 2535 2706 Crebrius
2567 2651 2815 2717 donans,
2849 2649 3190 2706 famulando
3219 2650 3338 2724 poli

511 2738 784 2804 Ecclesie,
817 2743 1130 2810 cetnmque
1151 2742 1504 2814 Dominique
1539 2742 1822 2814 templum
2267 2739 2392 2795 Vite
2421 2746 2478 2796 et
2508 2756 2752 2812 regnum
2781 2739 2994 2796 meruit
3021 2741 3257 2796 beatum

511 2829 592 2882 Ac
623 2827 1002 2882 decemcordo
1033 2828 1270 2885 reboare
1299 2829 1497 2902 nablo,
2443 2829 2730 2885 Scandere
2761 2829 2973 2884 clarus.

689 2915 926 2970 Noctem
958 2916 1078 2986 (sic)
1111 2917 1406 2990 diemque.
2265 2917 2490 2974 Gaudet
2511 2917 2762 2991 insignis
2787 2934 2896 2974 sua
2925 2916 3091 2989 plebs
3118 2921 3350 2973 sacrata

513 3003 712 3061 Gloria
741 3003 895 3058 Patri
923 3019 1270 3068 resonemus
1295 3024 1519 3080 omnes,
2264 3007 2526 3063 Romana
2548 3006 2784 3080 plaudet
2813 3010 3085 3064 renovata
3113 3005 3308 3073 undis,

512 3095 582 3150 Et
613 3093 738 3160 tibi,
772 3096 969 3153 sancte
998 3092 1203 3152 Genite
1231 3113 1504 3168 superne,
2265 3097 2420 3162 Quos
2449 3094 2570 3152 tuis
2594 3095 2814 3152 sanctis
2845 3094 3072 3152 meritis
3103 3093 3382 3168 antiquis.

512 3188 654 3239 Cum
686 3182 903 3254 quibus
933 3188 1172 3240 sanctus
1202 3185 1379 3241 simul
1409 3193 1468 3243 et
1493 3193 1720 3244 creator
2445 3185 2728 3242 Fraudem
2759 3185 3038 3241 devastat.

692 3271 944 3343 Spiritus
967 3278 1186 3345 regnet.
2264 3275 2470 3330 Favete
2495 3290 2700 3330 omnes
2725 3273 2831 3329 tibi
2861 3273 3198 3340 servientes,

622 3377 860 3416 HYMNUS
899 3377 962 3418 Ill
1001 3355 1258 3420 causam
1296 3380 1491 3422 suam
1529 3381 1853 3422 SYLVESTRI.

1822 3383 1853 3422 ι.
2265 3361 2460 3418 Hostis
2483 3360 2724 3435 maligni
2757 3361 3074 3435 quatiendo
3105 3362 3360 3432 fraudes,

515 3448 766 3519 Christe,
798 3466 894 3505 rex
928 3467 1152 3523 regum,
1182 3453 1536 3524 gubernator
1566 3470 1796 3527 magno,
2265 3453 2564 3516 Quatenus
2593 3451 2789 3508 cuncti
2820 3467 3153 3508 mereamur
3179 3467 3374 3508 veram

511 3537 700 3594 Patris
727 3537 1002 3596 immensi
1035 3539 1266 3597 soboles
1297 3542 1590 3614 perennis,
2441 3545 2686 3598 Cernere
2716 3539 2928 3597 lucem.

512 3626 859 3700 Supplicum
889 3631 1020 3683 vota
1045 3629 1378 3701 pariterque
1407 3632 1551 3688 odas
2266 3631 2587 3696 Poscimus,
2622 3629 2774 3686 alme
2805 3630 3054 3686 nimium
3086 3630 3273 3698 beate,

685 3715 927 3788 Suscipe
958 3715 1236 3774 clemens.
1365 3784 1370 3791 ι
2040 3783 2052 3794 ο
2266 3721 2372 3776 Pro
2405 3719 2573 3776 nobis
2603 3737 2704 3774 ora
2735 3719 3048 3775 Dominum
3080 3719 3339 3792 rogando

507 3805 594 3860 Tu
620 3804 806 3877 proba
835 3803 1038 3858 mundi
1073 3807 1357 3878 noxiaque
1384 3813 1638 3882 tergens,
2084 3875 2116 3882 _
2259 3809 2332 3864 Ut
2363 3807 2565 3865 mundi
2601 3807 2756 3864 mala
2775 3807 3075 3866 valeamus
3105 3825 3313 3867 omnes

508 3875 758 3964 Insuper
787 3890 936 3947 miro
969 3892 1203 3950 radians
1233 3875 1564 3969 splendore,
2075 3875 2118 3942 ί)
2439 3896 2656 3954 Pellere
2687 3896 2909 3970 procul.

505 3980 722 4036 Tribue
751 3977 1006 4036 clemens
1037 3981 1315 4040 bonitatis
1348 3985 1502 4041 dona

681 4067 949 4124 Preclara
979 4069 1108 4126 celi.

503 4158 545 4213 E
577 4157 792 4230 quibus
825 4159 1074 4216 summis
1105 4177 1452 4217 veneramur
1483 4162 1729 4230 almum,

505 4246 654 4302 Urbs
685 4263 898 4320 magna
927 4248 1098 4304 nobis
1119 4249 1298 4305 decus
1329 4249 1435 4306 hoc
1466 4253 1775 4320 concessit,

503 4335 657 4392 Gens
687 4335 1082 4393 Romanorum
1116 4338 1299 4409 patris
1331 4338 1534 4394 mundi
1567 4345 1688 4396 tota

679 4428 900 4480 Cuncta
932 4441 1033 4498 per
1062 4427 1283 4482 orbem.

501 4513 610 4580 Qui
641 4517 955 4587 postquam
979 4515 1202 4570 sanctis
1234 4522 1324 4572 est
1350 4519 1625 4590 profusus
1660 4520 1852 4586 undis,

506 4602 740 4658 Sanctis
769 4603 1034 4658 imbutus
1061 4602 1387 4678 litterisque
1415 4608 1640 4678 doctus,

497 4691 720 4765 Spiritu
749 4691 977 4747 fervens
1006 4691 1250 4750 Domino
1272 4695 1521 4766 jubante
1555 4699 1678 4770 (sic)

676 4779 924 4836 Cumula
953 4772 1190 4854 semper
1219 4770 1318 4857 (1)..

498 4871 578 4927 Te
610 4875 762 4926 recte
792 4870 1046 4943 parchus
1077 4876 1243 4943 pater
1273 4879 1532 4944 sanctus,
1567 4875 1831 4948 inquam,

499 4982 526 5008 ‹‹
560 4957 748 5016 Stulte
777 4958 886 5014 hac
918 4966 1085 5016 nocte
1117 4961 1374 5020 animam
1405 4965 1606 5021 eli‘abis
1640 4983 1654 5022 :

499 5047 687 5111 Quare
717 5064 831 5103 non
854 5065 1053 5105 cessas
1083 5067 1252 5122 paena
1281 5053 1542 5108 cruciare

671 5135 886 5192 Christi
915 5137 1207 5194 cultores?
1239 5162 1267 5189 ››

497 5223 827 5299 Statimque
856 5231 1056 5298 pastor
1085 5230 1395 5286 sanctitate
1427 5230 1643 5304 dignus

497 5313 742 5370 Romani
779 5314 1012 5370 tandem
1041 5317 1239 5390 populi
1273 5317 1514 5386 electus,

495 5401 743 5476 Tyranni
777 5417 912 5457 seva
943 5402 1179 5462 latitans
1211 5406 1453 5463 secessit

674 5490 792 5544 Suo
815 5505 947 5546 cum
980 5491 1153 5550 clero.

494 5628 569 5707 (1)
602 5630 786 5687 Locus
813 5637 1148 5708 corruptus,
1180 5639 1246 5696 ut
1277 5631 1375 5692 alii
1407 5633 1552 5694 bene
1581 5632 1775 5697 multi.

2064 5246 2113 5310 D

2258 3988 2346 4044 Sit
2372 3987 2475 4044 tibi
2506 3985 2656 4055 laus,
2687 3986 2947 4043 Trinitas
2973 3986 3287 4055 immensa,

2261 4077 2321 4134 In
2337 4093 2473 4149 Aque
2503 4075 2723 4132 exultat
2750 4092 2904 4131 nunc
2936 4075 3042 4133 celi
3074 4079 3322 4141 caterva,

2258 4134 2436 4220 Nobis
2468 4166 2533 4218 ut
2563 4163 2744 4219 dones
2774 4163 3142 4236 gratiamque
3167 4134 3367 4221 veram

2434 4256 2676 4325 Semper
2693 4251 2752 4307 in
2785 4268 2977 4309 evum.

2361 4358 2602 4398 aramus
2640 4358 2834 4398 SANCTI
2875 4358 3138 4400 ssvsami
3175 4358 3410 4400 ABams
3449 4344 3554 4415 (2).

2255 4431 2556 4488 Canticum
2586 4430 2778 4488 laudis
2807 4431 3054 4491 Domino
3085 4433 3380 4498 canentes,

2258 4521 2422 4576 Hunc
2445 4521 2603 4576 diem
2635 4521 2849 4576 festum
2880 4519 3244 4578 celebremus
3277 4537 3512 4591 omnes,

2255 4612 2410 4675 Quos
2439 4609 2750 4666 Severinus
2781 4609 3106 4682 penetravit
3136 4609 3330 4667 almus

2435 4697 2599 4755 Celse
2629 4687 2919 4772 polorum.

2255 4787 2395 4855 Quis
2425 4786 2574 4861 stylo
2589 4788 2752 4844 dives
2782 4787 3212 4862 modulansque
3241 4789 3482 4862 plectro,

2256 4879 2475 4933 Cuncta
2505 4876 2808 4950 signorum
2843 4877 3124 4950 replicare
3154 4878 3363 4950 possit,

2257 4969 2378 5034 Que
2405 4969 2610 5038 potens
2639 4965 2908 5023 Christus
2937 4967 3152 5023 studiis
3178 4967 3394 5039 opimis

2433 5054 2690 5110 Contulit
2719 5056 2850 5126 ejus
2869 5055 2898 5110 ‘I

2256 5143 2500 5200 inclitus
2532 5150 2691 5200 vates
2717 5143 3086 5218 nimiumque
3117 5144 3273 5214 felix,

2251 5233 2464 5305 Sepias
2491 5233 2586 5288 cui
2615 5230 2768 5288 Deus
2797 5231 3110 5292 intimabat

2250 5321 2412 5377 Tunc
2443 5319 2514 5376 ad
2547 5320 2811 5392 Oppressi
2843 5321 3043 5394 populi
3073 5321 3328 5380 salutem

2431 5407 2618 5464 Multa
2645 5408 2862 5466 futura.

2256 5496 2402 5552 Voce
2430 5511 2679 5570 presaga
2706 5498 2950 5571 laqueos
2975 5498 3268 5557 latronum

2254 5637 2332 5715 (2)
2361 5636 2508 5696 Vide
2537 5637 2800 5698 Bolland.
2833 5640 2906 5698 ad
2938 5641 3092 5699 diem
3122 5658 3222 5702 VIII
3250 5640 3384 5705 Jan.
