3896 6216
97 335 221 399 ὃίιτῖ
1333 335 1591 401 BYMNI

1333 335 1591 401 HYMNI
1634 334 2236 407 ECCLESMSTICL

192 469 374 543 Atque
404 462 728 542 predonum
758 466 1062 527 machinas
1095 471 1383 536 retexens,

194 557 369 615 Valde
397 558 629 615 tutabat
657 558 897 616 monitis
923 559 1195 633 supernis

330 648 558 722 Oppida
586 648 760 705 fessa.

192 738 364 796 Dulce
392 738 656 795 solamen
688 737 923 795 miseris
949 738 1315 805 ministrans,

192 827 493 885 Horridam
525 831 750 901 pestem
782 827 954 884 famis
985 828 1341 899 amputavit;

194 917 441 974 Barbara
470 916 672 990 plures
704 917 927 973 feritate
956 917 1142 974 victor

323 1005 509 1064 Solvit
541 1006 612 1063 ab
642 1006 829 1062 hoste.

188 1099 387 1171 Magne
416 1096 739 1166 confessor,
772 1094 1014 1153 humilis
1046 1096 1348 1170 magister,

186 1187 265 1242 Tu
295 1185 538 1259 quidem
573 1202 838 1243 normam
873 1185 1176 1242 monachis
1206 1185 1439 1244 dedisti.

186 1275 333 1334 Galle
360 1262 779 1332 demonstrans
808 1273 1001 1331 sobrie
1032 1291 1312 1348 sequaces

320 1362 615 1419 Scandere
645 1361 858 1419 celum.

184 1453 242 1509 In
270 1452 386 1508 tuis
419 1451 645 1508 sanctis
678 1451 953 1511 manibus
984 1452 1213 1508 refulsit

182 1541 395 1598 Celitus
422 1540 651 1607 lumen,
686 1542 1056 1613 reﬂuensque
1080 1542 1259 1597 erevit

181 1631 263 1687 Ad
298 1634 426 1687 tuos
453 1630 708 1686 haustus
741 1629 850 1687 olei
883 1630 1202 1704 liquameu,

321 1720 529 1776 Fontis
556 1720 628 1776 ad
656 1719 861 1775 instar.

182 1809 508 1867 Condolens
538 1812 780 1866 cunctos
805 1809 1011 1883 inopes
1041 1809 1288 1876 fovebat,

184 1899 517 1973 Languidos
549 1915 789 1970 sanans,
822 1898 1112 1955 relevabat
1139 1914 1309 1971 egros
1344 1914 1357 1954 :

182 1988 376 2046 Omnis
406 1989 695 2045 accedens
727 1988 1023 2045 salubrem
1057 1987 1346 2045 medelam

315 2077 586 2151 Sumpsit
613 2078 686 2134 ab
716 2076 835 2132 ille.

179 2168 377 2240 Tuque
407 2165 714 2240 Sylvinum
746 2164 936 2222 loculo
956 2165 1275 2236 jacentem,

170 2291 400 2332 HYMNUS
441 2291 643 2331 SANCTI
673 2289 851 2330 MARCI
880 2290 1029 2328 MAR-

456 2380 624 2420 'rrms
654 2364 751 2435 (3).

150 2453 378 2511 Festum
410 2452 567 2510 beati
598 2450 872 2525 martyris

90 2540 212 2597 Odia
240 2540 504 2599 celamus
535 2541 829 2610 consonis,

91 2629 254 2693 Quem
286 2631 454 2688 misit
483 2630 608 2687 orbi
638 2629 879 2702 provida

89 2719 243 2792 Regis
273 2737 535 2793 superna
562 2719 773 2793 gratia.

147 2810 304 2866 llunc
336 2809 399 2865 in
432 2807 735 2882 quaternis
762 2806 1023 2864 vultibus

84 2897 362 2971 Propheta
392 2898 692 2969 quondam
724 2895 986 2969 prescius

83 2986 227 3043 Vidit
255 2986 450 3042 leonis
484 2984 688 3041 inclita

81 3073 512 3149 Mysteriarchis
535 3076 654 3144 (sic)
690 3073 959 3130 formula.

138 3164 354 3222 Missus
387 3180 646 3236 superne
676 3180 918 3219 munere

81 3256 248 3312 Terra
275 3256 337 3310 in
364 3253 623 3311 Alexand
635 3255 739 3320 rie,

368 3378 608 3418 HYMNUS
638 3379 677 3417 Il
711 3378 967 3417 EIUSDEM
1000 3378 1194 3416 SANCTI
1227 3378 1423 3417 MARCI.

211 3452 341 3507 Jam
373 3468 533 3507 nunc
564 3468 667 3522 per
696 3467 869 3507 omne
899 3449 999 3505 lux
1030 3449 1281 3523 refulget
1310 3450 1598 3519 seculum,

153 3545 265 3595 Lux
293 3540 416 3605 illa,
454 3541 641 3596 Patris
672 3540 829 3597 lucet
854 3556 968 3611 que
998 3541 1070 3595 de
1099 3538 1266 3603 solio,

149 3629 263 3692 Que
292 3630 444 3694 fons,
478 3629 660 3702 origo,
695 3628 973 3701 splendor
1000 3628 1151 3684 lucis
1181 3646 1378 3694 aures,

152 3717 493 3790 Habensque
523 3734 756 3789 semper
783 3718 985 3775 lumen
1020 3716 1380 3783 indeﬁciens,

148 3805 338 3862 Colum
370 3810 623 3871 serenat,
658 3822 861 3863 arcens
893 3804 1099 3860 mundi
1130 3805 1420 3860 tenebras.

216 3896 402 3967 Hujus
434 3899 660 3952 sacrate
688 3894 838 3951 lucis
861 3894 932 3949 de
961 3893 1286 3949 vibramina

152 3984 414 4056 Suscepit
442 3983 666 4040 almum
699 3983 927 4039 radium
959 3983 1069 4038 sub
1102 3987 1333 4053 pectore

151 4073 393 4142 Marcus,
427 4074 868 4130 beatusdecter
896 4071 1290 4144 evangelieus,

150 4161 349 4221 Factus
377 4162 638 4229 lucerna,
673 4179 872 4218 amere
896 4161 1041 4216 tanti
1074 4160 1341 4225 luminis,

150 4249 364 4307 Ardens
392 4249 617 4324 fugavit
646 4249 827 4307 seculi
856 4248 1191 4321 caliginem.

215 4339 445 4411 Septem
480 4338 771 4395 columnis
806 4355 923 4393 una
953 4337 1022 4393 de
1053 4336 1406 4404 candidulis,

149 4428 345 4486 Aureis
374 4434 604 4502 septem
634 4444 820 4484 unum
845 4428 917 4483 de
946 4425 1336 4494 candelabris,

151 4516 449 4591 Cingitque
480 4522 671 4574 totum
702 4517 991 4572 mundum
1025 4513 1181 4571 claro
1214 4512 1433 4585 sidere;

151 4603 535 4664 Ecclesiarum
576 4606 783 4663 nititur
812 4606 922 4661 sub
952 4603 1230 4671 culmine,

153 4691 444 4752 Sustentat
474 4694 589 4752 alte
620 4695 1002 4751 fundamenta
1033 4693 1270 4749 fabrice.

220 4786 513 4849 Quantam)
546 4785 701 4857 quod
733 4783 871 4840 olim
901 4784 1127 4839 viderat
1153 4781 1437 4851 Ezechiel,

159 4869 447 4945 Propheta.
466 4877 731 4940 sanctus,
765 4872 983 4929 animal
1014 4871 1425 4941 lectissimum,

157 4959 307 5018 Vidit
332 4963 656 5027 Jehanues,
686 4978 789 5017 ceu
823 4961 1035 5019 Christi
1067 4959 1361 5017 recubitor

161 5047 358 5107 Leonis
388 5051 499 5107 hoc
530 5057 586 5106 et.
618 5052 790 5124 typici
826 5052 936 5107 sub
965 5049 1175 5123 specie,

160 5135 407 5197 Clamore
436 5139 623 5196 multo
652 5157 753 5213 per
783 5141 1011 5196 deserta
1044 5139 1327 5195 frendere.

224 5226 334 5295 Sic,
369 5247 402 5284 a
432 5230 601 5286 beato
633 5230 799 5286 Petro
834 5228 1072 5295 missus,
1107 5228 1254 5284 adiit

161 5313 581 5387 Aquileiensem
616 5319 844 5374 dudum
875 5317 1328 5374 famesissimam

163 5401 396 5474 Urbem;
433 5408 645 5465 sacrati
677 5408 835 5464 verbi
868 5405 1217 5480 pullulantia

166 5491 569 5553 Disseminavit
598 5502 753 5565 sata;
787 5515 901 5569 quo
928 5499 1094 5551 centu
1104 5493 1271 5567 plicis

168 5614 240 5690 (3)
267 5617 411 5676 Vide
440 5620 704 5679 Belland.
739 5621 810 5677 ad
841 5619 997 5678 diem
1026 5634 1139 5676 xxv
1166 5616 1401 5690 Aprilis.

1243 2272 1441 2329 Doctis
1468 2271 1697 2330 refulsit
1726 2273 1932 2330 incolis

1247 2361 1611 2435 Evangelista
1640 2362 1875 2419 nobilis.

1323 2452 1661 2524 Spargenda
1690 2451 1847 2525 plebi
1878 2451 2075 2509 lucida

1250 2541 1439 2598 Verbo
1464 2541 1672 2598 salutis
1704 2546 2020 2615 spermata,

1250 2630 1358 2687 Pro
1389 2630 1562 2704 Regis
1588 2630 1690 2688 alti
1722 2630 1958 2687 nomine

1251 2721 1340 2777 Fit
1373 2720 1669 2777 laureatas
1698 2721 1984 2795 sanguine
2018 2739 2030 2778 :

1320 2811 1500 2881 Cujus
1530 2809 1776 2868 sacratis
1806 2811 2052 2867 artubus

1250 2899 1471 2956 Salutis
1498 2904 1700 2956 auctor
1728 2901 2015 2970 omnium,

1250 2986 1518 3045 Christus
1548 2989 1827 3045 moderno
1858 2994 2119 3062 tempore

1248 3077 1509 3148 Cempsit
1537 3077 1730 3135 solum
1761 3078 2089 3135 Germanis.

1323 3166 1524 3222 Letare
1555 3164 1690 3222 felix
1713 3167 1921 3239 Augia,

1250 3255 1479 3311 Honore
1510 3259 1671 3311 tanto
1703 3252 1955 3328 predita;

1753 476 1811 545 Α
1947 468 2251 528 Fratribus
2282 485 2477 530 coram
2510 471 2781 546 precibus
2810 473 3081 548 peractis,

1944 561 2125 617 Morte
2157 561 2404 629 devicta,
2437 562 2625 619 redire
2654 563 2838 620 fecisti
2874 565 2947 622 ad

2081 649 2306 707 Gaudia
2327 652 2457 707 vitae

1944 740 2154 796 Cerees
2185 740 2425 797 ﬂamma
2456 740 2591 797 fidei
2623 748 2921 799 cremante

1942 829 2148 902 Arguit
2176 834 2416 886 sanctus
2448 835 2614 902 pater
2644 831 2908 887 infideles
2945 850 2959 888 :

1942 918 2178 990 Nosque
2209 919 2327 992 (sic)
2360 919 2773 977 ﬂammescunt
2800 921 3043 982 Deitatis
3074 923 3205 997 igne

2082 1006 2293 1081 Algida
2321 1009 2515 1064 corda.
2714 1060 2725 1067 κ

1943 1096 2123 1167 Cujus
2155 1096 2224 1151 ad
2260 1096 2439 1152 funus
2466 1095 2705 1153 veniens
2741 1103 3057 1169 sacratum,

1944 1183 2141 1239 Mutus
2172 1183 2394 1256 accepit
2422 1184 2693 1241 modulos
2724 1185 2974 1258 loquele,

1942 1272 2123 1328 Cecus
2153 1273 2376 1329 exultat
2405 1273 2604 1345 procul
2636 1274 3007 1333 ambulantes

2085 1361 2329 1418 Cernere
2361 1366 2549 1418 notes.

1943 1451 2234 1523 Neapolis,
2268 1450 2456 1523 gaude
2488 1450 2760 1508 redimita
2790 1454 2976 1521 festis,

1943 1538 2161 1597 Plaude
2189 1539 2460 1595 celestem
2494 1539 2751 1596 retinens
2782 1546 3116 1613 patronum,

1942 1631 2124 1695 Quem
2154 1628 2260 1684 tibi
2291 1645 2593 1685 summum
2626 1629 2802 1686 decus
2836 1634 3201 1703 etjuvamerr

2086 1718 2347 1775 Prestitit
2376 1722 2595 1777 auctor.

1944 1808 2132 1879 Hujus
2161 1825 2194 1864 o
2225 1807 2484 1864 clemens
2516 1807 2705 1862 meriti
2736 1808 2989 1878 Greater,

1944 1896 2202 1956 Gloriam
2234 1896 2402 1955 nobis
2430 1895 2781 1969 veniamque
2806 1902 3022 1969 confer,

1942 1989 2065 2054 Quo
2094 1987 2181 2043 tui
2211 1985 2406 2043 cultus
2435 2000 2613 2058 super
2640 1990 2801 2046 astra
2828 2003 3065 2064 semper

2086 2078 2239 2134 Luce
2272 2079 2557 2137 fruamur.

2422 2278 2615 2333 Tuum
2644 2278 2848 2333 fovens
2879 2293 3083 2333 carum
3113 2275 3238 2334 solo

2428 2367 2615 2423 Habes
2644 2370 3076 2439 patronumque
3106 2365 3259 2439 polo.

2496 2456 2596 2525 Te,
2629 2456 2842 2523 Marce,
2872 2458 3008 2512 veto
3038 2454 3289 2528 supplici

2425 2543 2624 2616 Culpis
2654 2560 2930 2617 rogamus
2962 2543 3192 2618 perditi,

2423 2633 2563 2688 Tuis
2594 2633 2843 2707 benigne
2872 2632 3119 2690 servulis

2346 2756 2349 2759 ν
2425 2724 2581 2778 Laxa
2610 2722 2831 2778 malum
2862 2721 3236 2795 peccaminis.

2497 2813 2584 2869 Sit
2615 2812 2885 2869 Trinitati
2918 2811 3122 2885 gloria,

2425 2903 2493 2957 Et
2524 2901 2652 2959 laus
2682 2901 2920 2959 honoris
2952 2901 3227 2969 maxime,

2425 2991 2544 3054 Que
2576 2992 2676 3047 dat
2704 3008 2981 3048 coronam
3011 2990 3254 3063 martyri

1748 3364 1792 3430 ρ
1898 3362 2146 3418 Fructus
2177 3365 2246 3418 ad
2283 3362 2400 3418 alta
2426 3363 2577 3418 vexit
2608 3361 2741 3417 felix
2770 3362 2980 3418 horrea

1976 3450 2194 3506 Christi
2225 3451 2437 3507 dicavit
2471 3469 2602 3507 mox
2632 3450 2713 3506 ibi
2746 3450 3073 3515 ecclesiam,

1905 3539 2051 3594 Nam
2083 3541 2535 3595 fundamentum
2568 3539 2701 3596 fidei
2734 3540 3124 3596 fortissimum

1906 3627 2133 3683 Fixerat
2166 3645 2346 3684 unum
2381 3633 2603 3700 petram
2637 3645 2815 3700 super
2843 3628 3191 3701 lympidam,

1906 3718 2029 3782 Qua
2059 3717 2276 3773 ﬂumen
2309 3718 2541 3773 undau‘s
2575 3732 2676 3772 nec
2707 3722 3014 3773 ventorum
3049 3717 3297 3773 fulmina

1906 3807 2193 3871 Quassare
2224 3811 2493 3880 possunt,
2526 3812 2814 3863 torrentes
2846 3823 2951 3862 nec
2983 3805 3194 3880 pluvie.

1978 3895 2197 3951 Deinde
2229 3913 2433 3951 rursus
2465 3912 2600 3951 cum
2626 3910 2841 3951 corona
2866 3912 3136 3952 remeans

1904 3982 2137 4039 Athleta
2166 3983 2399 4051 Christi,
2424 3987 2660 4057 compta
2689 3983 2953 4057 pulchris
2982 3983 3144 4052 liliie,

1906 4071 2268 4145 Mixtumque
2298 4073 2532 4146 palmis,
2565 4073 2732 4130 laure
2762 4078 2940 4146 atque
2970 4072 3186 4130 rosulis

1910 4160 2181 4217 Portabat
2211 4163 2474 4234 gaudens
2504 4162 2774 4221 diadema
2800 4163 3034 4229 vertice,

1909 4254 2216 4323 Ingressus
2245 4253 2449 4308 urbem
2487 4252 2730 4309 Romam
2761 4251 2987 4309 Christe
3017 4251 3247 4308 comite.

1981 4337 2082 4394 His
2117 4338 2197 4395 ita
2227 4339 2427 4411 gestis,
2464 4341 2653 4413 pergit
2684 4339 3093 4396 Alexandriam
3128 4357 3141 4394 :

1912 4428 2123 4482 Sancte
2156 4426 2412 4498 repletus
2445 4428 2653 4500 spiritu
2687 4429 2997 4495 letissime,

1913 4516 2083 4571 Fines
2114 4532 2217 4588 per
2246 4533 2450 4573 omnes
2471 4516 2693 4589 jugiter
2722 4517 3128 4591 Memphiticos

1914 4602 2102 4660 Patris
2132 4605 2416 4660 tremendi
2449 4606 2789 4678 predieabat
2814 4606 3048 4662 unicum

1763 4728 1812 4794 Β
1914 4693 2157 4749 Venisse
2190 4693 2395 4749 mundi
2429 4710 2533 4766 pro
2565 4693 2753 4750 salute
2786 4693 3018 4750 Filium.

1985 4782 2183 4837 Turba
2213 4780 2464 4838 crudelis
2496 4782 2708 4837 Christi
2739 4781 2888 4838 circa
2919 4781 3164 4838 militem

1912 4871 2172 4926 Tumens
2201 4870 2447 4941 parabat
2480 4874 2903 4927 tormentorum
2936 4870 3181 4944 spicula.

1912 4959 2110 5015 Vinxit
2142 4958 2382 5024 catenis,
2417 4959 2708 5015 transfixit
2737 4960 2974 5028 aculeis,

1918 5047 2260 5104 Dilaniando
2292 5048 2490 5120 ﬂagris
2522 5054 2726 5106 sancta
2754 5049 2993 5118 viscera,

1916 5138 2175 5193 Carceris
2206 5136 2447 5193 umbras
2478 5138 2641 5196 misit
2671 5138 2743 5195 ad
2774 5139 3209 5213 phantasticas..

1985 5227 2217 5282 Primus
2250 5225 2493 5294 superni
2520 5228 2776 5285 neminis
2807 5229 3079 5286 notitiam

1914 5317 2085 5372 Dedit
2114 5316 2171 5370 in
2205 5317 2410 5372 urbem
2446 5316 2677 5372 Marcus
2706 5316 3116 5374 Alexandriam
3154 5336 3166 5372 :

1916 5404 2128 5461 Christi
2160 5405 2375 5461 dicavit
2408 5422 2541 5461 mox
2574 5406 2649 5462 ibi
2684 5407 3015 5473 Basilicam,

1914 5495 2099 5559 Quam
2134 5493 2388 5565 expiavit
2418 5493 2669 5565 pretiose
2702 5495 2988 5566 sanguine

2425 3080 2590 3135 Nunc
2620 3084 2678 3136 et
2707 3098 2810 3153 per
2838 3096 3011 3137 omne
3039 3079 3326 3136 seculum.

3135 3169 3338 3224 Amen.

3370 338 3512 407 8181
