3896 6216
371 366 492 434 819

482 504 729 564 Vallavit
759 505 911 564 alme
942 506 1075 564 fidei
1109 507 1451 563 munimine.

555 596 752 654 Gloria
779 598 954 664 Patri,
987 598 1164 653 decus
1195 602 1251 653 et
1281 595 1625 670 imperium!

482 687 589 754 Sit,
621 688 787 755 Nate,
821 704 1053 758 semper
1083 687 1186 742 tibi
1219 704 1394 758 super
1425 687 1615 740 sidera

485 776 700 839 Honor,
733 780 1008 848 potestas,
1036 777 1363 847 Sancteque
1393 774 1635 847 Spiritui

485 864 572 921 Sit
600 865 902 921 Trinitatis
929 866 1114 920 virtus
1145 865 1440 920 individua

488 954 594 1010 Per
620 953 853 1010 infinita
882 953 1212 1010 seculorum
1243 953 1468 1008 secula!

613 1059 850 1100 HYMNUS
881 1059 1075 1098 SANCTI
1108 1061 1364 1098 FLAVIANI
1394 1058 1792 1098 CONFESSORIS.

485 1131 648 1188 Alme
677 1131 994 1195 confessor,
1029 1131 1245 1187 summi
1281 1131 1453 1203 Regis
1488 1131 1703 1204 presul,

485 1221 750 1292 Audique
775 1220 934 1276 vocis
968 1219 1169 1275 famuli
1203 1223 1458 1286 tuorum,

661 1309 741 1365 Te
774 1309 1122 1382 ﬂagitantes.

485 1397 651 1454 Fides
682 1397 1002 1470 preclarus,
1037 1398 1326 1454 candidus
1355 1398 1413 1452 in
1448 1398 1566 1452 vita

483 1485 812 1543 Predicator
838 1505 1009 1544 verus
1041 1504 1218 1558 quam
1251 1487 1483 1558 spirans
1516 1486 1594 1541 illi
1632 1487 1786 1542 dedit

661 1575 914 1648 Spiritus
947 1593 1127 1632 sacer.

483 1663 527 1718 Ο
559 1663 709 1721 bone
737 1669 957 1738 pastor,
993 1665 1261 1720 Flaviane
1294 1681 1478 1728 sacer,

483 1752 725 1827 Protege
756 1753 922 1826 plebe
954 1754 1178 1826 tibique
1208 1755 1543 1819 commissa,

659 1842 920 1899 Athletas
953 1843 1073 1899 Dei.

486 1934 810 2004 Hostesque
841 1937 971 1987 tuos
1005 1932 1264 2005 undique
1296 1934 1615 2007 confligunt
1649 1952 1661 1989 :

487 2021 603 2078 Nos
635 2022 759 2077 sine
788 2022 895 2077 viri
926 2022 1283 2094 vernuloque
1313 2027 1444 2078 tuos

663 2112 744 2166 Ad
745 2111 768 2182 j
778 2128 903 2180 uva,
939 2107 1124 2167 Pater.

485 2200 842 2257 Ereticorum
874 2204 935 2254 tu
969 2200 1237 2272 sprevisti
1270 2202 1512 2274 dogmas

482 2292 550 2348 Et
580 2289 892 2347 confutasti
924 2290 1196 2362 uticeque
1225 2292 1433 2364 probat
1465 2293 1560 2362 (4),

658 2380 701 2436 Ο
734 2381 903 2436 Pater
933 2386 1153 2437 sancte.

481 2469 775 2525 Gaudium
808 2468 987 2524 intrat
1017 2468 1366 2542 Dominique
1394 2471 1512 2525 tuis

479 2558 808 2614 Commissa
840 2557 941 2615 tibi
972 2575 1105 2614 oves
1139 2565 1494 2631 representa,

662 2646 877 2705 Fidelis
911 2664 1090 2702 serve.

489 2736 596 2792 Pro
625 2735 855 2793 Christo
887 2753 1099 2808 passus
1131 2735 1316 2791 filium
1351 2736 1508 2791 fuisti
1547 2754 1558 2792 :

492 2823 573 2878 lbi
608 2823 666 2879 in
696 2839 870 2879 carne
900 2824 1196 2896 vitamque
1227 2825 1430 2889 finisti,

671 2911 838 2967 Celos
869 2916 1148 2984 receptos.

497 3000 844 3074 Aprutiense
874 3001 1137 3058 decoravi
1163 3002 1334 3059 tellus
1367 3021 1380 3058 :

495 3089 694 3148 Noluit
723 3091 1002 3148 Dominus
1030 3093 1266 3166 propria
1296 3095 1575 3149 frustrare

669 3181 848 3237 Nobis
879 3188 1140 3254 patrono.

489 3270 596 3338 Qui
630 3272 929 3344 quondam
961 3277 1104 3337 erat,
1138 3277 1335 3328 manet
1366 3273 1524 3327 urbis
1560 3272 1754 3344 presul
1791 3291 1802 3328 :

487 3360 667 3416 Nobis
697 3367 966 3417 coruscat
999 3361 1278 3417 miracula
1314 3361 1642 3433 sepulchris

665 3451 781 3507 Deo
803 3451 1069 3522 juvante.

487 3539 573 3596 Sit
602 3539 730 3596 laus
761 3539 867 3605 illi,
899 3535 1074 3595 decus
1108 3547 1280 3611 atque
1311 3540 1514 3604 virtus,

487 3629 593 3694 Qui
625 3646 804 3702 supra
835 3629 939 3684 celi
975 3627 1352 3700 residensque
1382 3629 1590 3684 throno

665 3716 880 3773 Trinus
910 3722 966 3771 et
997 3733 1171 3772 unus.
1205 3718 1408 3773 Amen.

415 3849 654 3890 sumus
686 3849 881 3890 sane?!
902 3849 1228 3899 JUVENALIS,
1253 3850 1592 3890 mammas
1623 3851 1872 3890 EPISCOPI
1894 3835 1991 3906 (5).

485 4028 778 4087 Clarescat
805 4031 977 4088 terris
1006 4031 1302 4088 Juvenalis
1333 4029 1549 4103 gloria;

483 4118 751 4176 Celorum
783 4121 1002 4176 sanctis
1033 4119 1132 4192 qui
1164 4119 1386 4176 exultat
1413 4119 1661 4181 cetibus,

483 4209 738 4265 Sacratis
767 4211 938 4281 cujus
969 4210 1194 4266 meritis
1221 4208 1396 4264 Narni
1432 4207 1636 4263 civitas

660 4300 811 4356 Tuta
839 4300 1106 4372 refulget.

483 4388 727 4445 Protulit
756 4390 935 4446 istum
969 4389 1161 4444 Africa
1189 4387 1493 4448 divinitus,

477 4477 680 4535 Virum
714 4479 1058 4552 prudentem
1093 4478 1356 4532 moribus
1390 4475 1798 4542 mitissimum,

474 4567 773 4642 Scripture
804 4583 968 4624 sacre
993 4567 1272 4621 cultorem
1306 4566 1626 4638 egregium,

652 4659 842 4714 Mente
873 4656 1169 4712 decorum.

473 4746 678 4804 Divina
706 4751 902 4803 tamen
937 4745 1124 4802 noluit
1157 4745 1523 4801 Providentia

473 4836 741 4893 Fertilem
774 4853 904 4892 esse
934 4834 1101 4890 illum
1132 4835 1258 4891 sine
1291 4833 1580 4890 fructibus
1615 4849 1627 4886 ε

472 4925 717 4984 Romam
749 4924 936 4998 coegit
965 4939 1276 4998 properare
1302 4921 1510 4978 celitus

649 5014 888 5088 Remige
911 5014 988 5070 Ch
999 5014 1158 5070 risto.

468 5104 612 5160 Ecce
643 5107 909 5160 matrona
938 5103 1182 5176 pulchra
1213 5100 1614 5173 Philadelphia

466 5193 632 5250 Tunc
661 5192 962 5251 Juvenalis
992 5195 1114 5264 (sic)
1145 5189 1403 5262 suscepit
1433 5189 1712 5259 hospitio,

463 5281 648 5340 Anxia
677 5298 910 5354 semper
941 5283 1208 5349 fratrum,
1243 5277 1455 5335 Christi
1487 5278 1693 5352 gloria,

640 5373 864 5428 Nomen
895 5370 1246 5442 adimplens.

465 5463 574 5518 Hec
607 5466 671 5516 ut
700 5458 975 5529 cognovit
1003 5459 1253 5530 hospitis
1283 5455 1676 5520 clementiam,

459 5547 791 5605 Summissa
822 5561 990 5614 prece
1021 5563 1262 5600 romano
1296 5543 1559 5600 Pontiﬁci

420 5681 494 5750 (4)
525 5681 738 5736 Textus
767 5683 1173 5747 corruptus...

1582 374 1771 437 SEC.
1814 374 1892 437 XI
1937 369 2225 437 MONUM
2267 371 2576 435 L-l'l‘URG.

2049 508 2106 574 Α

2050 4628 2095 4693 D

2241 506 2387 560 Eum
2421 506 2635 561 sacrari
2672 503 2926 577 postulat
2956 504 3296 579 episcopum

2420 596 2595 651 Νωηηί
2630 596 2954 651 ferendum.

2248 685 2466 740 Ibidem
2503 685 2941 756 nephandorum
2968 685 3140 742 idola.

2242 774 2522 829 Colebant
2551 776 2704 830 cives
2733 775 2892 830 Jovis
2922 792 2987 830 ac
3019 775 3312 839 Mercurii,

2245 864 2465 926 Martis,
2501 865 2758 929 Saturni,
2791 869 2846 920 et
2877 865 3149 931 Minerve,
3181 864 3411 933 Veneri,

2420 954 2666 1009 Lumine
2695 953 2866 1026 capti.

2244 1043 2548 1114 Ingressus
2579 1060 2832 1115 cumque
2861 1043 3073 1098 Christi
3106 1045 3264 1116 patet
3293 1043 3574 1099 famulus.

2245 1131 2416 1188 Urbis
2445 1149 2637 1187 errore
2660 1135 2783 1204 jam
2817 1133 3052 1205 dccepte
3083 1133 3268 1198 devio,

2244 1220 2474 1277 Clarum
2507 1223 2760 1278 ostendit
2785 1222 3044 1278 veritatis
3077 1221 3338 1293 pervium

2422 1311 2533 1365 lter
2562 1311 2810 1385 Olympi.

2244 1399 2458 1455 Stravit
2485 1399 2776 1456 culturam
2809 1400 3096 1457 idolorum
3123 1401 3421 1456 sordidam

2243 1489 2460 1544 Fractis
2492 1489 2726 1562 lapillis,
2761 1489 2975 1545 Christi
2999 1490 3172 1561 jussu
3201 1487 3408 1554 solido,

2154 1585 2164 1598 '
2243 1577 2469 1633 Abrahe
2501 1578 2718 1634 multos
2749 1578 3018 1634 excitavit
3046 1578 3215 1642 filios,

2419 1667 2528 1721 Ore
2560 1674 2822 1723 venusto.

2243 1754 2338 1820 Te,
2370 1755 2689 1811 Juvenalis.
2723 1762 2778 1811 te
2809 1757 3146 1812 summissis
3178 1756 3447 1829 precibus

2243 1842 2459 1898 Omnes
2491 1860 2747 1909 oramus,
2782 1851 2845 1900 ut
2876 1862 2978 1917 pro
3013 1845 3180 1901 nobis
3214 1845 3520 1901 Dominum

2245 1931 2540 1987 Christum
2574 1951 2794 2002 exores,
2821 1952 2936 2006 quo
2972 1952 3075 1990 nos
3106 1951 3310 1990 omnes
3343 1934 3545 1992 liberet

2422 2021 2604 2078 Morte
2635 2024 2911 2079 secunda.

2243 2109 2438 2166 Gloria
2471 2111 2622 2167 Patri
2656 2128 2994 2168 resonemus
3028 2129 3251 2180 omnes,
3279 2118 3390 2169 etc.

2926 2228 2992 2283 ll.

2244 2315 2431 2372 Verba
2461 2333 2595 2372 cum
2628 2317 2739 2372 vite
2769 2317 2994 2373 civibus
3019 2317 3390 2386 ditfunderet,

2244 2405 2527 2460 Sacerdos
2558 2406 2852 2477 quondam
2885 2406 3202 2461 demonum
3225 2405 3547 2477 sacrilegus

2249 2494 2494 2550 Victima
2523 2500 2698 2567 gustu
2733 2497 2854 2564 (sic)
2887 2495 3152 2550 hortatus
3185 2500 3248 2549 ut
3278 2501 3537 2550 sumeret

2425 2585 2534 2639 Ore
2561 2583 2648 2638 vel
2681 2583 2804 2655 ipse
2839 2601 2851 2638 :

2249 2672 2412 2736 Quod
2443 2673 2764 2738 Juvenalis,
2801 2671 2994 2744 presul
3027 2670 3242 2727 Christi
3273 2671 3590 2736 maximus,

2249 2760 2550 2816 Constanti
2582 2763 2746 2816 vultu
2773 2766 2830 2816 et
2860 2765 3052 2816 mente
3083 2759 3402 2832 purissima

2252 2850 2464 2905 Renuit
2495 2850 2737 2921 nephas,
2775 2856 2836 2906 ut
2866 2850 3078 2905 Christi
3110 2847 3438 2920 discipulus

2431 2938 2610 2995 Valde
2642 2939 2866 2996 beatus.

2254 3027 2441 3083 Iratus
2471 3027 2603 3084 inde
2628 3029 2810 3098 judex
2840 3029 2962 3100 ipse
2994 3027 3218 3084 concite

2145 3119 2155 3130 ‘
2251 3116 2535 3184 Cultrum,
2560 3117 2714 3188 quod
2746 3133 2950 3172 carnes
2981 3117 3158 3173 dabat
3187 3115 3510 3182 sacrificiis,

2255 3206 2538 3262 Dentibus
2568 3207 2786 3263 sanctis
2817 3207 2990 3262 audet
3021 3205 3180 3262 intus
3212 3222 3403 3262 serere

2428 3299 2560 3350 Arte
2592 3297 2918 3368 nephanda.

2255 3383 2452 3440 Divino
2485 3385 2692 3458 plenus
2721 3384 3022 3440 Juvenalis
3048 3384 3281 3457 spiritu,

2253 3475 2495 3546 Impiam
2531 3475 2756 3531 nollens
2784 3476 3094 3546 degustare
3125 3474 3445 3540 victimam,

2250 3564 2484 3637 Corpori
2518 3563 2730 3619 Christi
2763 3581 2909 3636 pura
2939 3579 3176 3619 servans
3208 3562 3386 3626 labia,

2425 3655 2605 3709 Sorde
2637 3653 2946 3709 malorum.

2251 3743 2463 3798 Furore
2486 3743 2669 3813 judex
2699 3759 2980 3798 accensus
3012 3741 3348 3814 multiplici,

2247 3831 2503 3887 Presulis
2526 3847 2624 3887 ore
2653 3831 2864 3888 evulsit
2888 3847 3022 3886 cum
3054 3832 3339 3904 gladium,

2247 3923 2473 3992 Impetu
2504 3919 2631 3992 ipso
2662 3919 2774 3976 sibi
2807 3925 2974 3976 necat
3002 3924 3240 3992 gutture
3272 3920 3386 3990 (sic)

2419 4008 2669 4065 Vulnere
2698 4009 2922 4066 mortis.

2244 4098 2463 4153 Civium
2497 4115 2708 4169 magno
2740 4099 2858 4169 (sic)
2889 4114 3024 4169 pars
3056 4095 3176 4153 viso
3208 4097 3491 4154 miraculo

2245 4187 2410 4243 Unda
2439 4187 2702 4260 poposcit
2729 4187 2937 4241 Christi
2971 4190 3110 4241 tunc
3137 4185 3512 4258 baptismatis

2243 4277 2464 4338 Lavari,
2499 4276 2681 4332 sancti
2716 4293 2780 4331 ac
2812 4275 2978 4347 sequi
3009 4275 3265 4346 episcopi

2417 4364 2445 4420 ,Ι
2457 4382 2592 4420 ussa
2620 4364 2794 4420 beati.

2243 4453 2375 4510 lstis
2407 4455 2652 4526 receptis
2681 4453 2849 4510 ovilis
2880 4454 2994 4523 (sic)
3029 4452 3358 4520 dominicis,

2241 4542 2509 4617 Martyris
2539 4560 2698 4598 aram
2733 4541 3018 4598 Valentini
3054 4543 3278 4606 adiens,

2235 4635 2442 4689 Sacras
2469 4636 2533 4688 ut
2563 4632 2642 4687 ibi
2675 4631 3008 4687 immolaret
3034 4630 3257 4686 hostias

2415 4721 2518 4777 Om
2529 4721 2866 4794 nipotentis,

2232 4811 2480 4867 Calicem
2511 4811 2639 4882 ejus
2669 4807 3123 4877 christallinum,
3157 4807 3511 4882 sanguinem
3534 4813 3654 4883 (sic)

2233 4900 2498 4967 Plenum,
2524 4900 2665 4954 dum
2698 4899 2922 4954 cunctis
2953 4897 3285 4971 porrigebat
3316 4899 3575 4972 populis,

2232 4991 2408 5046 Sacra
2437 4991 2742 5045 creverunt
2771 4988 3044 5043 decenter
3073 4985 3351 5042 libamina

2407 5077 2623 5134 Celitus
2655 5082 2846 5132 aucta.

2229 5171 2308 5224 Te
2337 5167 2655 5230 Juvenalis.
2691 5172 2798 5220 ctc.

2227 5257 2421 5313 Gloria
2449 5255 2625 5322 Patri,
2650 5261 2760 5312 etc.

2896 5364 2991 5420 III.

2223 5453 2438 5509 Christi
2469 5451 2682 5508 athlete
2713 5455 2777 5507 ut
2806 5452 3001 5508 ederet
3031 5452 3378 5519 certamina,

2223 5541 2537 5597 Obsidione
2567 5541 2875 5597 tenebatur
2904 5541 3110 5597 civitas

2183 5677 2261 5746 (5)
2293 5674 2437 5731 Vide
2470 5673 2730 5732 Bolland.
2769 5675 2840 5731 ad
2873 5676 3027 5730 diem
3061 5693 3116 5730 IV
3145 5673 3302 5730 Maii.

3672 370 3805 438 820
