3896 6216
96 367 223 442 δεῖ
1380 381 1635 446 HYMNI
1680 380 2282 449 EGCLESIASTICI.

3414 322 3545 461 θεέ

213 509 527 587 Tempore
559 509 743 571 multo
772 529 877 571 nec
907 510 1137 572 valebat
1166 516 1287 588 erip
1805 519 1861 587 Α
1997 517 2193 594 Signis
2222 514 2777 577 excelsisJuvenalis
2808 518 3036 587 claruit,

411 606 592 660 Peste
621 607 870 677 recepta.
2000 609 2472 683 Cunctipotentis
2508 610 2692 667 fuisse
2724 609 3072 684 discipulus.

207 691 508 748 Precibus
537 691 766 748 Christo
780 695 918 748 tunc
942 692 1168 766 magnis
1190 710 1323 749 cum
1368 692 1640 767 lacrymis
1996 698 2201 755 Gladio
2233 716 2339 756 suo
2361 701 2461 773 qui
2496 699 2731 756 Saulem
2766 704 3007 774 superat

207 779 519 838 Presiulis
541 781 713 837 miris
734 781 1034 838 Juvenalis
1057 781 1316 850 maximi,
2172 788 2342 844 Dedit
2372 805 2654 845 amorem.

204 868 472 926 Glutivit
506 873 664 925 terra
693 868 961 926 inimicos
992 869 1205 927 civium
1994 877 2350 951 Sanguinem
2374 879 2491 951 (sic)
2522 878 2735 934 Christi
2760 884 3000 936 exaucto
3032 879 3092 935 in
3123 878 3389 949 calicem,
3418 940 3421 941 ν

400 959 519 1015 Ore
543 959 802 1031 patenti.~
1993 966 2192 1038 Ipsum
2223 971 2522 1023 auctorem
2567 966 2890 1024 famulatur
2916 967 3207 1038 omnium,

200 1045 418 1104 Victor
446 1051 518 1103 ut
548 1046 709 1103 auxit
741 1048 889 1115 [exit]
926 1048 1315 1120 superborum
1345 1046 1629 1117 hostium,
1990 1055 2218 1111 Turbas
2249 1054 2348 1126 qui
2371 1055 2829 1128 pavitplurimas
2852 1057 2910 1112 in
2934 1056 3170 1113 heremo

206 1136 454 1194 Civium
488 1136 664 1192 turba
695 1153 729 1192 a
757 1152 930 1211 parvo
962 1153 1028 1192 ac
1057 1136 1333 1203 maximo,
2167 1143 2319 1199 Pane
2348 1143 2583 1216 pusillo.

201 1224 436 1283 Christi
470 1224 672 1282 Secuta
702 1225 996 1298 presulem
1029 1224 1356 1282 mirabilem
1985 1230 2275 1288 Faucibus
2299 1233 2512 1303 amplis
2544 1237 2699 1289 terra
2729 1234 2927 1291 hostes
2961 1236 3209 1303 sorbuit,

393 1314 582 1389 Signa
611 1314 915 1371 ferentem.
1984 1319 2210 1375 Dathan
2244 1323 2307 1375 ut
2336 1319 2475 1377 olim
2503 1322 2718 1378 Abiron
2750 1328 2815 1379 ut
2843 1324 3094 1397 legimus

205 1404 305 1461 Sic
339 1421 509 1460 unus
536 1403 725 1460 hostis
743 1404 1130 1477 interemptus
1151 1403 1344 1477 gladio
1985 1408 2229 1464 Domino
2261 1425 2490 1482 semper
2522 1411 2700 1467 fuisse
2752 1412 3030 1468 obnoxios

204 1493 462 1567 Proprio
497 1493 639 1559 ruit,
673 1498 735 1549 ut
759 1491 932 1549 multi
957 1493 1307 1566 baptismate
2161 1497 2320 1553 More
2351 1499 2637 1571 superbos

201 1586 468 1656 Surgere
492 1586 770 1655 possent:
807 1583 889 1637 sic
922 1582 1289 1655 consumptis
1311 1582 1588 1639 omnibus
1980 1585 2235 1641 Turbine
2266 1587 2443 1656 venti,
2475 1587 2813 1660 procellosis
2839 1589 3099 1645 nubibus

398 1672 618 1728 Omnia
647 1676 919 1745 surgunt.
1981 1675 2189 1743 Nauta,
2214 1677 2370 1749 quod
2397 1694 2563 1750 prece
2583 1676 2883 1733 Juvenalis
2919 1678 3132 1734 liberat
3161 1680 3307 1752 (sic),

200 1761 322 1817 Nec
356 1760 493 1818 suis
513 1764 747 1818 tantum
779 1760 1089 1819 subvenire
1113 1761 1339 1818 studuit
1982 1764 2329 1837 Magistrum
2362 1783 2635 1839 sequens,
2671 1768 2770 1839 qui
2803 1766 3041 1824 clientes
3073 1767 3226 1824 eruit

199 1849 356 1906 Ovili
380 1851 511 1923 (sic)
536 1853 754 1924 pastor,
787 1851 887 1907 sed
940 1849 1135 1908 nautis
1180 1848 1239 1906 in
1271 1849 1478 1923 pelago
1795 1903 1845 1968 Β
2160 1852 2325 1909 Peste
2348 1855 2594 1910 marina.

199 1939 532 1968 λῐη..ι’....ηζη
578 1942 748 1968 ..Ληιλ
771 1944 822 1968 ιιι
859 1938 1128 1968 ..-ηηηιιεη
1164 1938 1438 1968 ηιιιυίωεη
1980 1940 2057 1968 ἿΊΑ
2096 1941 2386 1968 ἵ....,ι....13,.
2449 1949 2534 1968 -ι-

196 1939 554 2013 Naufragis,
578 1942 749 1995 vento
770 1944 826 1995 et
859 1938 1130 2013 procellis
1164 1938 1440 1996 maximis

388 2030 582 2086 Morte
614 2029 977 2102 propinquis.

1980 1940 2060 1996 Te
2088 1941 2409 2009 Juvenalie,
2446 1949 2557 2000 etc.

1977 2028 2174 2086 Gloria
2202 2030 2380 2101 Patri,
2413 2035 2521 2089 etc.

199 2180 454 2220 HYMNUS
489 2179 688 2219 SANC'I‘I
719 2181 910 2219 APOLLI
919 2180 1047 2219 NARI
1056 2179 1083 2217 Β
1092 2205 1104 2217 .

167 2254 349 2310 Festa
378 2258 619 2310 sacrata
647 2251 897 2326 presulis

96 2340 470 2414 Apollinaris
492 2341 784 2415 martyris,

96 2428 246 2485 Anni
284 2447 530 2486 recursa
565 2429 773 2495 orbita,

95 2517 415 2575 Celebrare
440 2520 765 2591 jucundum
799 2523 905 2574 est.

161 2611 209 2664 A
238 2609 420 2665 Petro
454 2595 675 2666 missus
715 2608 993 2680 principe,

1280 2162 1643 2218 Seminecem
1674 2163 2004 2235 expositum
2031 2162 2173 2233 (sic).

1363 2251 1663 2324 Extemplo
1696 2251 2101 2324 Boniphatius,

1288 2340 1441 2397 Civis
1474 2340 1691 2397 Classis
1713 2339 2025 2396 obmutuit.

1289 2429 1478 2484 Indita
1507 2430 1684 2485 verba
1711 2428 1885 2486 labiis

1287 2517 1583 2588 Loquendi
1620 2534 1797 2574 usum
1826 2517 2059 2573 meruit.

1356 2609 1511 2663 Inter
1539 2607 1743 2663 eadem
1768 2605 1990 2662 famine

2465 2164 2685 2237 Martyr
2712 2164 2939 2221 refulsit
2969 2164 3222 2240 inclytus

2462 2254 2507 2307 A
2539 2253 2678 2308 flore
2710 2254 2958 2326 pueritie

2455 2342 2667 2397 Justus
2697 2342 2931 2398 nomine
2962 2347 3019 2398 et
3040 2360 3234 2416 opere.

2528 2428 2861 2501 Magnatius
2890 2432 3031 2485 tunc
3051 2430 3269 2501 impius

2459 2519 2697 2573 Famam
2729 2518 2938 2575 salutis
2970 2518 3234 2587 audiens,

2452 2609 2620 2663 Tetro
2651 2608 2893 2663 retrusit
2919 2623 3149 2664 carcere

2442 2696 2642 2751 Nervis
2668 2695 2934 2751 attritum
2957 2701 3292 2766 martyrem.

2511 2785 2739 2841 Sistens
2787 2784 3008 2842 athleta
3044 2783 3291 2854 fortiter,

2450 2874 2640 2929 Minas
2669 2874 2900 2947 tyranni
2932 2891 3238 2947 respuens,

2440 2962 2626 3018 Almis
2657 2963 2902 3020 canebat
2928 2963 3169 3019 vocibus

2447 3052 2651 3106 Grates
2680 3052 2921 3123 perenni
2943 3051 3151 3124 judici.

2522 3139 2759 3195 Mutans
2789 3140 2949 3196 dedit
2980 3140 3330 3197 sententiam

2444 3229 2693 3285 Demens
2723 3229 2935 3285 dehinc
2970 3229 3328 3301 Magnatius,

2446 3317 2663 3373 Ridens
2685 3316 2869 3389 jussit
2899 3318 3008 3373 sub
3042 3319 3299 3390 pondere

2448 3405 2605 3461 Colla
2636 3410 2866 3462 sacrata
2903 3422 3188 3478 premere.

1276 2696 1533 2751 Perrexit
1562 2695 1632 2750 ad
1668 2693 1937 2750 Emiliam
1961 2712 1976 2762 ;

1274 2784 1468 2855 Signis
1500 2784 1718 2839 ditatus
1747 2783 2007 2856 optimis,

1284 2873 1544 2928 Salutem
1576 2872 1731 2945 egris
1762 2872 2035 2928 reddidit.

1350 2962 1481 3016 Rufi
1512 2962 1735 3017 donum
1765 2961 1886 3033 (sic)
1925 2960 2155 3033 patricii

1280 3050 1418 3105 Filia
1447 3051 1649 3106 morbo
1680 3049 1977 3123 languida,

1283 3139 1460 3194 Morte
1489 3144 1764 3210 preventa
1792 3140 1988 3195 subita

1277 3227 1502 3282 Pestem
1533 3227 1785 3283 excludit
1804 3226 2080 3283 luridam.

1347 3315 1461 3370 Deo
1496 3315 1649 3370 Patri
1678 3314 1756 3372 sit
1773 3316 1976 3389 gloria.

1283 3418 1522 3458 HYMNUS
1553 3420 1748 3460 SANCTI
1774 3421 1933 3461 JUSTI
1980 3422 2266 3462 MARTYRIS
2298 3405 2372 3477 (6)

1346 3491 1524 3546 Adest
1553 3508 1719 3547 sacra
1743 3492 2044 3559 festivitas,

1274 3578 1335 3634 In
1368 3596 1486 3650 qua
1513 3579 1652 3634 tulit
1681 3580 2025 3637 discrimina

1266 3669 1474 3723 Justus
1505 3684 1761 3739 namque
1784 3669 2040 3734 celicola,

1273 3757 1515 3829 Propter
1546 3773 1802 3829 superna
1840 3758 2081 3829 premia.

1350 3847 1628 3902 Fervebat
1650 3845 1825 3901 ultrix
1854 3848 2077 3903 sanctio

1270 3934 1778 4007 Nequissimorum
1813 3935 2167 4007 principum,

1274 4024 1473 4080 Multis
1502 4023 1732 4080 sacellis
1763 4023 2031 4080 sordidas

1272 4114 1495 4184 Cogcns
1525 4129 1785 4169 cremare
1814 4113 2079 4169 victimas

1344 4203 1698 4274 Pregestinis
1730 4202 1787 4257 in
1820 4202 2037 4258 finibus

96 2700 449 2755 Ravennam
486 2698 686 2753 urbem
722 2696 869 2751 adiit
900 2713 912 2749 :

92 2788 295 2844 Virtus
328 2787 572 2859 quidem
608 2783 918 2858 prenuntia

95 2878 243 2933 Ante
274 2877 619 2949 ingressum
643 2873 851 2946 patuit.

160 2966 303 3023 Jam
338 2963 578 3020 Hirenei
604 2963 742 3030 ﬁlio,

88 3054 336 3110 Dudum
370 3052 579 3107 orbato
604 3050 845 3114 lumine,

87 3142 329 3199 Nubem
355 3155 739 3212 squamosam
762 3138 1060 3209 detegens,

89 3233 258 3289 Clara
288 3227 531 3286 refulsit
572 3227 739 3281 visio.

154 3318 360 3386 Tecla,
399 3320 672 3372 matrona
701 3312 936 3377 nobilis,

90 3410 318 3481 Conjux
344 3402 571 3463 tribuni
602 3402 829 3467 militis,

92 3498 198 3552 Per
226 3512 425 3552 annos
457 3510 631 3550 curva
661 3491 968 3565 plurimos,

88 3587 340 3642 Gressus
374 3582 701 3654 resumpsit
731 3580 1032 3652 pristinos.

155 3676 275 3732 Nec
306 3672 487 3730 Tecle
518 3672 618 3727 diu
649 3670 838 3743 gratia

92 3764 411 3836 Signorum
447 3762 604 3817 fama
630 3759 822 3815 latuit.

95 3853 298 3909 Fertur
320 3850 395 3907 ad
431 3866 603 3905 aures
636 3847 867 3921 tyranni

94 3940 398 3997 Saturnini
426 3943 565 3996 tunc
588 3936 805 4008 judicis
830 3955 843 4003 ;

160 4030 307 4085 Seva
335 4030 514 4100 cujus
554 4026 843 4098 rapacitas

94 4116 376 4174 Grassata
407 4116 565 4173 circa
595 4118 933 4185 martyrem,
961 4133 965 4137 ·

94 4204 248 4262 Telis
279 4206 596 4278 profusum
627 4202 902 4277 gravibus

2513 3494 2660 3549 Nam
2691 3493 2843 3549 lineo
2876 3493 3210 3550 subtemine

2438 3583 2634 3638 Massa
2666 3583 2989 3638 revinctum
3020 3582 3299 3655 plumbea
3390 3592 3393 3597 ‘

2444 3671 2764 3727 Restrinxit
2784 3670 2972 3728 almos
2990 3662 3292 3738 humeros,

2448 3760 2648 3815 Mcrsit
2677 3760 2966 3832 profundo
3012 3759 3296 3816 ﬂuminis.

2517 3850 2697 3920 Cujus
2728 3865 2960 3905 sacrum
2983 3849 3401 3921 corpusculum

2446 3939 2642 4009 Equor
2670 3936 2926 3994 reddidit
2946 3937 3155 3994 littori:

2446 4025 2826 4083 Sebastianus
2858 4027 3162 4101 presbyter

2453 4113 2609 4170 Istud
2643 4115 2954 4188 sepulchro
2986 4114 3248 4171 tradidit.

2518 4203 2713 4259 Gloria
2743 4204 2917 4273 Patri,
2951 4207 3061 4260 etc.

382 4355 509 4394 HYM
518 4353 628 4392 NUS
662 4352 860 4392 SANCTI
890 4351 1205 4390 CLEMENTIS
1215 4376 1226 4388 .

237 4424 562 4482 Clementis
597 4424 809 4481 festum
843 4422 1173 4479 celebratur
1202 4423 1395 4491 hodie,

203 4515 413 4571 Venite
466 4513 664 4587 plebes
714 4517 770 4568 ct
814 4512 1020 4569 mirate
1046 4512 1393 4584 principem,

200 4603 517 4662 Adseclam
541 4602 689 4658 Petri
713 4600 936 4658 domini
968 4599 1214 4674 apostoli

202 4695 467 4749 Romane
498 4691 655 4747 sedis
688 4690 868 4746 totius
894 4689 1238 4757 antistitem,

205 4782 388 4845 Quem
426 4780 537 4837 sibi
563 4778 826 4835 Christus
847 4778 1205 4835 consecravit
1238 4782 1571 4849 martyrem.

1785 4338 1827 4404 C

1975 4336 2058 4391 lbi
2094 4337 2311 4408 peregit
2333 4335 2565 4409 insigne
2604 4336 2977 4393 miraculum.

2043 4426 2340 4497 Aquarum
2374 4442 2552 4481 venas
2583 4442 2649 4481 ex
2691 4427 2903 4499 abysso
2935 4426 3156 4485 eduxit.

1970 4515 2039 4569 Et
2067 4514 2297 4570 satiavit
2326 4515 2590 4571 sitientes
2615 4515 2857 4581 incolas,

1971 4603 2077 4669 Qui
2101 4619 2202 4673 per
2225 4604 2461 4659 metalla
2491 4604 2836 4660 excidebant
2878 4620 3191 4669 marmora,

1973 4693 2078 4746 Pro
2108 4692 2320 4747 Christi
2354 4694 2586 4747 nomine
2618 4698 2916 4765 portantes
2949 4691 3260 4764 supplicia.

2040 4780 2123 4835 0b
2158 4781 2267 4837 hoc
2289 4787 2584 4837 crescente
2617 4781 2812 4837 emula
2843 4781 3087 4848 invidia,

1968 4869 2262 4924 Profundo
2293 4870 2474 4924 maris
2528 4870 2807 4935 mergitur
2838 4886 2973 4923 cum
3017 4869 3294 4937 anchora,

1976 4958 2052 5013 lbi
2087 4957 2329 5013 limatur
2359 4955 2669 5028 sepulcrali
2694 4973 2942 5012 camera.

1974 5048 2135 5101 Hunc
2168 5047 2239 5101 ad
2271 5050 2569 5118 receptum
2602 5049 2758 5101 astat
2780 5063 2934 5101 nunc
2960 5045 3227 5102 ecclesia.

1977 5136 2056 5191 lbi
2091 5134 2291 5191 ﬁdeles
2321 5138 2655 5207 congruunt
2684 5150 2788 5207 per
2818 5133 3017 5190 secula

2036 5224 2143 5289 Qui
2175 5240 2384 5280 cursus
2416 5224 2532 5296 (sic)
2554 5223 2694 5279 anni
2713 5227 2903 5281 tectus
2933 5240 3086 5295 aqua
3102 5223 3319 5294 valida,

246 4870 345 4926 ilic
376 4868 699 4925 habitando
733 4868 791 4922 in
815 4869 957 4923 urbe
980 4866 1261 4923 Romulea

207 4957 630 5016 Annuntiando
661 4957 864 5012 Jesum
895 4956 1195 5012 Christum
1227 4955 1537 5011 Dominum

207 5045 571 5105 llluminavit
591 5046 898 5102 Theodore
927 5049 984 5102 et
1003 5045 1351 5118 Sisinnium,

210 5133 361 5192 Dum
378 5136 572 5192 visum
596 5135 830 5191 Petrum
852 5135 908 5189 in
931 5151 1137 5207 sopore
1160 5134 1463 5207 prospicit.

210 5222 422 5297 Sicque
451 5224 748 5281 Clemente
780 5224 1107 5297 baptizatus
1127 5223 1393 5279 credidit.

245 5311 350 5368 Hic
380 5313 735 5386 predicando
766 5313 976 5370 Christi
1001 5313 1391 5385 evangelium,

210 5399 446 5473 Trajani
469 5404 646 5475 jussu
678 5403 890 5460 ductus
911 5403 981 5458 ad
1014 5400 1252 5458 exilium

214 5487 400 5545 Trans
430 5491 678 5549 Pontum
711 5509 869 5548 mare
895 5490 954 5546 in
986 5493 1323 5563 preruptam
1344 5490 1674 5561 heremum,

1965 5313 2096 5369 Alto
2129 5313 2189 5367 in
2231 5311 2379 5368 mari
2413 5313 2595 5386 mergi
2631 5313 2823 5369 nudos
2857 5313 3086 5385 flagitat

1964 5404 2145 5474 Cujus
2192 5419 2500 5458 recurrens
2532 5419 2728 5458 annua
2767 5403 3075 5468 festivitas,

1966 5492 2261 5548 Recedens
2289 5508 2449 5547 mare
2470 5491 2541 5547 ad
2565 5492 2676 5546 tria
2708 5491 2911 5560 millia,

185 5664 262 5735 (6)
286 5666 428 5726 Vide
457 5668 934 5743 Martyrologium
965 5669 1297 5725 Romanum
1320 5669 1552 5727 Baronii
1582 5671 1654 5728 ad
1687 5671 1744 5728 d.
1778 5686 1820 5729 ll
1845 5671 1990 5728 Nov.
