3896 6216
202 312 331 377 837

1404 315 2132 384 SACRAMENTARIUM
2180 318 2455 383 VETUS.

3499 322 3617 387 838

203 450 424 506 bilium
457 468 654 508 amore
703 453 1021 526 rapiamur.
1086 452 1152 509 Et
1184 454 1311 510 ideo
1361 470 1493 509 cum
1547 455 1770 529 angelis
1806 462 1860 508 et
1893 459 1941 520 Α
1973 453 2143 507 stella
2173 454 2318 508 duce
2350 454 2639 521 revelasti,
2664 456 2913 510 concede
2936 456 3242 528 propitius,
3279 462 3343 512 ut
3375 458 3614 531 quijam

206 538 605 614 archangelis,
629 542 1003 598 cumthronis
1016 548 1073 597 et
1087 542 1863 615 dominationibus,cumque

208 629 378 684 omni
412 626 1190 689 militiacmlestisexercitus
1220 631 1506 705 hymnum
1537 632 1732 706 glorias
1752 639 1862 687 ιυω

208 717 488 775 canimus
518 718 644 776 sine
673 720 786 776 fine
815 720 1081 777 dicentes
1106 738 1118 776 :

284 808 444 878 Infra
464 810 750 864 actionem.
801 809 1334 873 Communicantes,
1381 814 1438 866 et
1479 810 1634 867 diem
1666 827 1867 866 sacra-

208 894 516 952 tissimum
548 896 1270 970 celebrantes,quzebeataa
1301 899 1492 955 Mt).le
1524 899 1868 955 intemerata

207 984 523 1058 virginitas
552 985 690 1041 huic
721 986 1527 1053 mundoediditSalvatorem,
1550 989 1649 1042 sed
1674 994 1728 1043 et
1743 1004 1867 1043 me-

212 1074 470 1131 moriam
498 1080 839 1133 venerantes
870 1077 1131 1148 ejusdem
1160 1076 1422 1151 gloriosa:
1455 1093 1685 1149 semper
1701 1076 1870 1149 virgi-

214 1161 312 1219 nis
334 1163 528 1219 Mariaa
557 1164 858 1237 genitricis
881 1165 980 1221 Dei
1010 1170 1067 1220 et
1095 1165 1523 1221 Domininostri
1554 1166 1691 1223 Jesu
1711 1165 1871 1221 Chri-

216 1252 317 1319 sti,
353 1253 454 1308 sed
486 1256 543 1308 et
570 1253 897 1309 beatorum.

290 1341 748 1397 Postcommum'a.
804 1342 1038 1407 Praesta,
1089 1360 1449 1415 quaesumus,
1501 1343 1869 1415 omnipotens

214 1429 399 1498 Deus,
430 1435 495 1486 ut
523 1432 697 1487 natus
727 1431 898 1487 hodie
930 1432 1193 1488 Salvator
1221 1433 1453 1500 mundi,
1484 1433 1635 1488 sicut
1665 1433 1871 1487 divina:

217 1519 395 1575 nobis
452 1519 843 1594 generationis
884 1525 975 1578 est
1022 1526 1243 1589 auctor,
1280 1522 1363 1577 ita
1411 1521 1870 1578 immortalitatis

216 1608 302 1665 sit
331 1608 457 1682 ipse
484 1608 743 1683 largitor.
779 1611 884 1677 Qui
920 1615 1112 1668 tecum
1145 1611 1299 1667 vivit.

511 1716 567 1755 IN
608 1716 764 1756 FEST.
807 1716 1003 1756 SANCTI
1046 1716 1322 1756 STEPHANI
1364 1715 1593 1755 LEVIT.E.

294 1789 379 1842 Da
408 1788 596 1856 nobis,
630 1784 991 1861 quaesumus,
1025 1788 1519 1855 Domine,imitari
1554 1789 1707 1862 quod
1733 1788 1872 1844 coli-

218 1891 380 1944 mus,
415 1879 479 1931 ut
517 1876 815 1934 discamus
862 1883 919 1934 et
949 1878 1221 1934 inimicos
1268 1876 1525 1951 diligere,
1578 1877 1717 1949 quia
1744 1879 1872 1950 ejus

218 1964 403 2020 natali
414 1964 493 2020 tia
516 1964 903 2034 celebramus,
937 1967 1034 2039 qui
1054 1968 1212 2023 novit
1242 1967 1415 2024 etiam
1432 1983 1535 2039 pro
1547 1970 1874 2038 persecuto-

221 2054 392 2110 ribus
421 2070 678 2111 exorare.
710 2055 817 2111 Per
845 2056 1181 2112 Dominum.

298 2142 532 2199 Secreta.
565 2143 826 2216 Suscipe,
876 2144 1143 2211 Domine,
1196 2161 1439 2200 numera
1488 2161 1589 2217 pro
1636 2149 1872 2199 tuorum

218 2231 776 2289 commemoratione
807 2237 1168 2301 sanctorum,
1217 2238 1280 2289 ut
1313 2234 1464 2306 quod
1517 2233 1648 2289 illos
1680 2233 1874 2305 passio

214 2318 532 2394 gloriosos,
564 2338 671 2377 nos
702 2322 927 2378 devotio
954 2322 1481 2379 reddatinnocuos.
1514 2322 1641 2379 Per.

297 2411 643 2467 Communia.
675 2410 1046 2468 Auxilientur
1075 2411 1266 2476 nobis,
1318 2411 1584 2481 Domine,
1638 2415 1876 2483 sumpta

213 2498 520 2572 mysteria,
558 2503 615 2555 et
644 2500 1037 2557 intercedente
1066 2500 1235 2556 beato
1282 2499 1574 2573 Stephano
1625 2504 1876 2572 martyre

214 2592 325 2643 tuo
360 2588 720 2660 sempiterna
750 2589 1104 2661 protectione
1135 2590 1500 2645 conﬁrment.
1535 2588 1658 2644 Per.

443 2694 502 2732 ΙΝ
542 2695 692 2734 FES’I‘.
736 2694 934 2734 SANCTI
972 2694 1207 2734 JOANNIS
1248 2695 1657 2734 EVANGELISTJE.

301 2765 621 2821 Ecclesiam
651 2770 836 2829 tuam,
889 2767 1153 2833 Domine,
1188 2767 1478 2839 benignus
1526 2765 1780 2832 illustre,
1816 2769 1877 2821 ut

224 2853 385 2909 beati
416 2854 662 2909 Joannis
702 2854 1066 2927 evangelista:
1112 2855 1442 2911 illuminata
1491 2855 1773 2911 doctrinis
1805 2856 1876 2912 ad

226 2943 392 2997 dona
421 2942 718 3012 perveniat
748 2944 1120 3015 sempiterna.
1155 2944 1280 2999 Per.

305 3028 538 3084 Secreta.
570 3029 814 3101 Suscipe
845 3047 1109 3103 munera,
1160 3032 1423 3098 Domine,
1475 3049 1603 3104 quae
1653 3033 1709 3088 in
1752 3034 1880 3104 ejus

220 3114 603 3173 solemnitate
630 3116 733 3172 tibi
761 3118 1101 3184 deferimus,
1151 3121 1321 3190 cujus
1369 3136 1475 3175 nos
1524 3121 1877 3177 confidimus

220 3204 552 3278 patrocinio
584 3203 843 3260 liberari.
877 3206 1002 3261 Per.

295 3295 645 3350 Communia.
680 3294 895 3351 Refecti
946 3296 1074 3350 cibo
1127 3298 1385 3368 potuque
1437 3297 1676 3363 caelesti,
1725 3297 1880 3354 Deus

221 3386 446 3450 noster,
481 3388 538 3438 te
570 3382 865 3455 supplices
887 3384 1290 3455 deprecamur,
1348 3390 1415 3441 ut
1466 3386 1525 3439 in
1558 3387 1726 3456 cujus
1759 3386 1880 3441 haec

224 3471 784 3527 commemoratione
814 3471 1203 3544 percepimus,
1246 3474 1375 3543 ejus
1429 3473 1787 3541 muniamur,
1824 3480 1881 3530 et

225 3558 522 3630 precibus.
556 3558 682 3615 Per.

246 3704 251 3707 _
764 3665 822 3704 IN
863 3666 1074 3704 OCTAVA
1116 3666 1343 3705 DOMINI.

301 3735 475 3806 Deus,
508 3736 608 3809 qui
641 3736 810 3793 nobis
864 3737 983 3792 nati
1027 3738 1342 3794 Salvatoris
1401 3738 1555 3793 diem
1589 3739 1878 3795 celebrare

226 3823 499 3885 concedis
530 3828 818 3893 octavum,
837 3825 923 3880 fac
943 3843 1068 3894 nos,
1090 3843 1430 3897 quaesumus
1460 3828 1588 3898 ejus
1602 3832 1880 3899 perpetua

222 3910 532 3969 divinitate
562 3915 798 3981 muniri,
835 3915 1005 3987 cujus
1036 3932 1244 3972 sumus
1275 3914 1494 3972 carnali
1526 3917 1877 3974 commercio

225 4016 287 4055 re
292 4002 507 4072 parati.
542 4003 665 4058 Per.

239 4149 253 4156 _
298 4089 532 4147 Secreta.
565 4091 802 4158 Prxsta,
835 4108 1197 4164 quassamus,
1232 4092 1493 4161 Domine,
1528 4098 1593 4149 ut
1621 4110 1725 4166 per
1754 4095 1876 4150 haec

222 4192 494 4245 munera,
528 4195 654 4251 quas
691 4179 923 4236 Domini
956 4180 1141 4235 nostri
1191 4180 1331 4236 Jesu
1381 4181 1596 4237 Christi
1654 4200 1875 4238 arcana:

222 4265 551 4322 nativitatis
608 4268 887 4341 mysterio
944 4269 1224 4340 gerimus,
1285 4270 1602 4342 purificatam
1661 4272 1876 4328 mentis

220 4353 675 4428 intelligentiam
708 4374 1160 4429 consequamur.
1196 4357 1323 4412 Per.

301 4443 641 4501 Communia.
717 4445 949 4509 Praesta,
1029 4462 1391 4517 quaesumus,
1472 4448 1732 4514 Domine,
1811 4456 1877 4506 ut

1971 548 2028 597 te
2059 558 2127 597 ex
2159 542 2271 597 ﬁde
2310 543 2711 616 cognovimus,
2764 561 2950 616 usque
2983 544 3053 600 ad
3108 546 3616 619 contemplandam

1974 632 2226 703 speciem
2261 634 2372 687 tua:
2404 632 2770 689 celsitudinis
2800 634 3205 705 perducemur.
3241 635 3366 690 Per.

2047 720 2277 776 Secreta.
2310 720 2573 777 Ecclesiae
2607 726 2740 789 tua,
2801 722 3142 793 quaesimus,
3192 722 3440 778 Domine
3468 724 3621 781 dona

1974 807 2264 881 propitius
2295 808 2539 875 intuere,
2575 811 2792 882 quibus
2814 810 2939 880 jam
2973 827 3087 863 non
3120 827 3351 874 aurum,
3394 812 3535 868 thus
3566 817 3623 868 et

1976 897 2214 968 myrrha
2243 899 2554 969 profertur,
2589 899 2687 954 sed
2722 898 2875 970 quod
2906 899 3125 954 eisdem
3158 899 3501 956 muneribus
3523 901 3620 956 de-

1976 986 2251 1055 claratur,
2286 986 2627 1043 immolatur
2654 992 2710 1043 et
2740 988 3015 1043 sumitur.
3051 989 3174 1044 Per.

2046 1075 2329 1145 Praefatio.
2359 1081 2385 1140 τι
2420 1077 2649 1133 ιἘιθιιηθ
2697 1081 2865 1143 Deus,
2915 1076 3053 1148 quia
3101 1094 3235 1133 cum
3284 1078 3622 1152 unigenitus

1979 1162 2161 1219 Filius
2190 1168 2327 1218 tuus
2359 1164 2416 1219 in
2451 1166 2781 1221 substantia
2804 1171 3015 1222 nostra:
3049 1166 3422 1224 mortalitatis
3452 1184 3623 1241 appa-

1978 1252 2114 1317 ruit,
2152 1269 2295 1307 nova
2328 1270 2432 1308 nos
2463 1253 2925 1310 immortalitatis
2968 1274 3086 1310 sua:
3134 1255 3263 1311 luce
3312 1257 3619 1330 reparavit.

1980 1340 2046 1395 Et
2076 1340 2225 1396 ideo.

2050 1431 2201 1501 Infra
2234 1431 2522 1485 actionem.
2573 1430 3085 1487 Communicantas
3128 1436 3185 1488 et
3224 1434 3375 1490 diem
3430 1452 3622 1491 sacra-

1978 1518 2277 1574 tissimum
2309 1519 2686 1587 celebrantes,
2721 1538 2837 1591 quo
2874 1521 3217 1593 Unigenitus
3267 1528 3403 1579 tuus
3436 1524 3490 1579 in
3524 1528 3626 1580 tua

1978 1611 2173 1663 tecum
2226 1606 2411 1681 gloria
2469 1612 2809 1671 coaeternus,
2873 1609 2929 1663 in
2980 1611 3221 1665 veritate
3270 1612 3465 1668 carnis
3517 1630 3624 1668 no-

1983 1699 2113 1750 strae
2143 1694 2450 1751 visibiliter
2503 1696 2820 1768 corporalis
2867 1698 3158 1769 apparuit,
3191 1699 3291 1753 sed
3321 1703 3378 1755 et
3407 1715 3627 1757 memo-

1982 1783 2153 1849 riam,
2186 1788 2295 1839 etc.

2056 1872 2392 1928 Cammunio.
2428 1873 2662 1940 Praesta,
2688 1892 3047 1945 qumsumus,
3072 1875 3318 1932 Domine
3348 1877 3502 1934 Deus
3524 1895 3628 1934 no-

1981 1964 2120 2025 ster,
2144 1966 2209 2016 ut
2229 1978 2355 2033 qua:
2385 1961 2628 2018 solemni
2664 1963 3030 2019 celebramus
3070 1964 3261 2021 ofﬁcio
3310 1967 3629 2039 purificataa

1984 2051 2197 2105 mentis
2228 2050 2611 2123 intelligentia
2643 2068 3095 2125 consequamur.
3130 2053 3252 2109 Per.

1984 2156 2060 2226 (8)
2087 2173 2413 2211 BENEDICTIO
2436 2174 2621 2213 super.
2641 2175 2851 2213 censos
2872 2176 2930 2213 Ix
2952 2177 3390 2216 PURIFICATIONE
3404 2178 3631 2218 SANCTJE

2703 2247 2917 2284 MARLE.

2055 2315 2294 2381 Exaudi,
2314 2333 2675 2388 quaesumus,
2696 2317 2958 2384 Domine,
2975 2318 3202 2391 plebem
3233 2324 3419 2386 tuam,
3434 2325 3491 2378 et
3504 2338 3631 2395 quae

1985 2405 2344 2461 extrinsecus
2374 2422 2574 2460 annua
2601 2406 2813 2462 tribuis
2844 2407 3148 2463 devotione
3179 2410 3459 2478 venerari,
3490 2410 3633 2466 inte-

1987 2493 2110 2549 rius
2142 2491 2376 2564 assequi
2408 2494 2607 2566 gratias
2638 2499 2749 2549 tua:
2781 2493 2912 2551 luce
2943 2497 3212 2553 concede.
3247 2498 3371 2554 Per.

2057 2581 2341 2638 Dominus
2368 2582 2690 2638 vobiscum.
2725 2584 2968 2640 Etcum.
2992 2589 3238 2642 Sursum
3264 2588 3459 2643 corda.
3489 2588 3633 2645 Gra-

1985 2672 2099 2726 tias
2131 2688 2377 2743 agamus
2411 2672 2654 2727 Domino
2685 2672 2800 2727 Deo
2838 2679 3056 2729 nostro.
3086 2680 3150 2743 ᾧ
3177 2677 3410 2731 ίΕῐθιιῐιθ
3462 2677 3631 2741 Deus,

1988 2764 2211 2817 creator
2241 2759 2367 2815 coeli
2400 2765 2457 2817 ct
2488 2766 2670 2828 terrae,
2706 2762 2823 2817 Rex
2853 2778 3080 2835 regum,
3112 2768 3168 2818 et
3220 2762 3504 2820 Dominus
3537 2765 3635 2821 do-

1988 2849 2361 2915 minantium,
2389 2867 2493 2906 nos
2525 2849 2816 2923 supplices
2840 2855 2972 2907 tuos
3002 2852 3074 2906 ad
3108 2856 3162 2907 te
3179 2850 3500 2909 clamantes
3521 2852 3635 2909 cle-

1989 2943 2214 2995 menter
2244 2939 3248 3012 exaudiredigneris,quiaomniaex
3279 2940 3461 2998 nihilo
3484 2959 3637 2999 crea-

1990 3028 2125 3094 asti,
2158 3031 2214 3081 et
2243 3029 2409 3098 jussu
2457 3033 2558 3083 tuo
2587 3045 2764 3100 opera
2810 3045 2987 3100 apum
3020 3029 3169 3084 hunc
3220 3028 3504 3100 liquorem
3563 3032 3634 3086 ad

1993 3116 2405 3188 perfectionem
2438 3116 2587 3171 cerei
2617 3116 2843 3172 evenire
2877 3117 3083 3185 fecisti,
3129 3122 3183 3171 et
3230 3118 3513 3174 hodierna
3543 3119 3636 3175 die

1909 3184 1950 3250 C
1988 3184 2323 3276 petitionem
2350 3204 2498 3275 justi
2516 3184 3095 3276 Simeonisimplesti.
3117 3206 3194 3261 Te
3225 3205 3635 3269 humiliterde-

1988 3309 2316 3365 precamur,
2350 3296 2413 3346 ut
2443 3292 2549 3347 has
2580 3292 2856 3348 candelas
2888 3294 2959 3348 ad
2998 3310 3169 3348 usum
3222 3292 3551 3360 hominum,
3581 3300 3639 3351 et

1987 3380 2295 3436 sanitatem
2329 3396 2636 3451 corporum
2670 3386 2725 3434 et
2757 3380 3087 3436 animarum
3112 3381 3468 3453 quicumque
3497 3385 3637 3438 tuus

1987 3467 2179 3524 fidelis
2199 3485 2302 3542 pro
2334 3467 2737 3523 benedictione
2772 3468 2895 3523 suis
2929 3469 3241 3541 gestaverit
3272 3469 3330 3524 in
3364 3471 3638 3528 manibus

1988 3556 2190 3612 sivein
2225 3561 2397 3622 terra,
2451 3555 2571 3611 sive
2604 3556 2660 3611 in
2712 3556 2884 3627 aquis
2936 3573 3041 3629 per
3093 3557 3516 3615 invocationem
3552 3560 3637 3616 tui

1988 3644 2344 3701 sanctissimi
2380 3644 2654 3710 nominis,
2685 3648 2745 3700 et
2769 3645 3245 3701 intercessionem
3278 3651 3493 3703 sanctis
3515 3647 3635 3705 Ma-

1988 3736 2083 3789 riis
2119 3733 2245 3789 Filii
2280 3733 2362 3789 tui
2394 3734 2713 3806 genitricis,
2736 3735 2907 3805 cujus
2929 3735 3335 3808 purgationem
3356 3734 3527 3793 hodie
3549 3753 3637 3793 ce-

1986 3823 2287 3879 lebramus
2319 3824 2616 3879 mentibus
2647 3822 2889 3891 devotis,
2922 3828 3095 3897 atque
3125 3824 3392 3881 omnium
3414 3830 3640 3882 sancto-

1986 3930 2118 3967 rum
2148 3916 2386 3968 tuorum
2418 3912 3316 3984 prece,etmeritisbenedi’rcere,
3345 3916 3634 3982 etsanctitL

1986 4002 2159 4057 ficere
2188 4005 2290 4057 tua
2317 4000 2532 4072 pietate
2560 4002 2841 4074 digneris,
2904 4008 2966 4057 ut
2995 4001 3117 4058 hinc
3166 4001 3330 4074 plebs
3382 4007 3506 4069 tua,
3534 4004 3637 4076 qui

1986 4090 2092 4146 hos
2111 4105 2316 4146 cereos
2336 4091 2651 4146 honorifice
2682 4091 2741 4146 in
2760 4090 3033 4146 manibus
3049 4095 3262 4163 portat,
3284 4095 3455 4164 teque
3476 4092 3634 4165 psal-

1984 4178 2158 4234 lendo
2190 4178 2394 4236 laudes
2425 4179 2719 4247 decantat,
2741 4184 2805 4234 tu
2826 4179 3105 4236 exaudias
3133 4196 3336 4235 eorum
3368 4196 3537 4236 voces
3562 4180 3635 4236 de

1985 4266 2126 4323 coelo
2149 4272 2351 4323 sancto
2383 4272 2505 4336 tuo,
2538 4272 2595 4324 et
2624 4268 2694 4323 de
2726 4269 2863 4324 sede
2894 4268 3222 4337 majestatis
3253 4273 3366 4323 tuze
3392 4286 3404 4335 ;
3438 4271 3634 4340 propi-

1984 4358 2219 4428 tiusque
2241 4356 2323 4411 sis
2341 4356 2618 4412 omnibus
2630 4356 3022 4412 clamantibus
3041 4356 3111 4410 ad
3130 4361 3204 4420 te,
3220 4372 3367 4428 quos
3379 4355 3636 4427 pretioso

1982 4444 2194 4500 Christi
2227 4443 2352 4499 Filii
2383 4444 2468 4500 tui
2501 4446 2789 4517 sanguine
2813 4445 3091 4517 dignatus
3115 4460 3177 4499 es
3208 4442 3511 4515 redimere,
3533 4444 3635 4516 qui

218 4531 381 4605 quod
412 4530 585 4588 Salva
608 4532 750 4589 toris
778 4533 958 4589 nostri
992 4534 1199 4590 iterata
1229 4533 1598 4592 solemnitate
1618 4539 1880 4611 percepi-
1910 4549 1958 4613 D
1990 4538 2183 4590 tecum
2215 4533 2370 4589 vivit.

222 4636 363 4676 mus
387 4625 680 4693 perpetuae
712 4621 879 4677 nobis
910 4622 1328 4696 redemptionis
1358 4624 1618 4679 conferat
1641 4626 1875 4682 medici-

221 4726 385 4765 nam.
420 4713 548 4766 Per.

715 4816 773 4854 IN
812 4816 1112 4857 EPIPHANIA
1155 4817 1381 4856 DOMINI.

294 4885 470 4956 Deus,
485 4886 585 4960 qui
607 4886 889 4944 hodierna
905 4889 996 4945 die
1011 4889 1385 4963 Unigenitum
1406 4894 1570 4945 tuum
1600 4890 1872 4964 gentibus

294 5028 563 5101 (8)C.erei
593 5029 919 5085 benedictio
970 5031 1026 5086 in
1061 5031 1152 5086 die
1203 5032 1630 5088 Purificationis
1678 5034 1870 5089 Marias

220 5099 513 5176 posterior
542 5101 707 5176 valde
736 5106 824 5176 est
853 5103 1212 5176 temporibus
1240 5103 1426 5160 sancti
1461 5104 1720 5176 Gregorii
1751 5106 1869 5161 Ma-

222 5171 344 5244 gni.
367 5171 692 5246 ﬁpnenim
724 5174 851 5244 ejus
883 5171 1151 5228 meminit
1172 5191 1359 5246 neque
1389 5171 1740 5244 Amalarius,
1775 5194 1872 5233 ne-

222 5241 339 5320 que
366 5241 715 5320 Walt‘ridus,
752 5241 938 5316 neque
967 5241 1381 5320 supposititius
1429 5241 1737 5312 Alcuinus,
1767 5247 1869 5320 qui

221 5313 422 5389 tamen
450 5313 1526 5389 meminitcarcerum—benedictorum,
1560 5334 1706 5389 quos
1725 5313 1869 5389 pon-

219 5384 362 5441 tifex
394 5385 688 5441 maximus
717 5385 1143 5442 distribuebatl
1179 5386 1362 5443 Multo
1394 5384 1594 5444 minus
1620 5390 1680 5445 in
1710 5384 1872 5445 Gela-

221 5455 414 5523 siano,
446 5455 504 5511 in
535 5457 910 5531 Gregoriano,
935 5457 999 5531 in
1027 5456 1357 5531 Gellonensi
1388 5458 1866 5531 aliisquesacra-

220 5531 557 5617 sese???
579 5528 745 5617 ιίιοζςίε
776 5529 846 5617 αθ
866 5528 1387 5617 Maesessum?
1408 5528 1621 5617 asas}:-
1646 5530 1709 5587 In
1732 5548 1871 5617 ίῑυο·

216 5599 357 5665 dam
389 5599 631 5677 antiquo
644 5598 1000 5661 Turonensis
1013 5598 1278 5663 Ecclesia:
1292 5598 1517 5662 missili
1546 5600 1694 5665 libro
1716 5598 1870 5665 circa

2059 4623 2324 4679 Oremus.
2358 4621 2664 4694 Praeceptis
2695 4620 3051 4678 salutaribus
3074 4620 3301 4689 moniti,
3331 4623 3441 4676 etc.
3465 4620 3641 4678 Pater

1985 4718 2183 4769 noster
2214 4711 2310 4784 qui
2344 4728 2406 4766 es
2435 4712 2493 4765 in
2526 4710 2708 4777 ccelis,
2742 4715 2850 4765 etc.

2054 4802 2183 4857 Alia
2211 4801 2403 4855 oratio.
2438 4798 2744 4865 Benetdic,
2762 4797 3027 4866 Domine,
3056 4798 3193 4854 Jesu
3211 4797 3457 4862 Christe,
3481 4798 3634 4854 hanc

1983 4894 2310 4946 creaturam
2345 4887 2493 4944 cerei
2516 4885 3044 4960 supplicationibus
3066 4887 3304 4954 nostris,
3321 4886 3634 4944 etinfunde

1978 5050 2014 5087 x
2045 5031 2323 5088 saeculum
2356 5031 2597 5103 scripto,
2622 5029 2803 5103 unica
2834 5033 3063 5103 tantum
3095 5029 3283 5103 oratio
3322 5030 3627 5103 repetitur,

1980 5104 2048 5159 ad
2105 5103 2409 5183 luminaria
2466 5101 2854 5183 benedicendo,
2898 5105 2966 5182 _et
3023 5101 3081 5182 in
3121 5101 3236 5157 alio
3284 5101 3631 5183 parentique

1983 5174 2319 5244 monasterii
2351 5172 2539 5228 sancti
2570 5172 2913 5228 Theodorici
2959 5171 3133 5228 unica
3177 5171 3396 5244 pariter
3447 5171 3630 5244 oratio

1977 5246 2048 5326 ad
2074 5243 2715 5326 bettedg'ggndasdcercos;
2738 5259 2893 5326 quas
2923 5240 3210 5326 c‘r‘atione—s
3260 5243 3433 5326 refert
3477 5240 3629 5326 Mar-

1976 5321 2108 5392 tene
2139 5317 2204 5386 (t.
2238 5316 2338 5392 Ili.
2365 5316 2543 5387 Antiq.
2579 5309 2909 5392 ecc._dz'scip.
2936 5313 3043 5392 lib.
3077 5331 3150 5375 IV,
3179 5331 3242 5392 _n.
3275 5309 3630 5392 5),_.cum_ali-

2022 5381 2198 5460 uibus
2229 5387 2437 5460 ritibus
2451 5381 2590 5441 sane
2604 5402 2679 5441 an
2688 5381 2867 5460 tiquis
2882 5386 2952 5460 ad
2969 5381 3623 5460 cerepsbenedicendos.

2031 5458 2134 5514 ibit
2162 5458 2232 5513 de
2266 5457 2395 5528 ipsa
2427 5458 2667 5528 insuper
2696 5452 3022 5528 in'_antiquo
3051 5452 3247 5509 libello
3295 5452 3625 5507 orationum

1978 5525 2695 5605 Gothiae-Hispanicarum
2727 5525 2872 5585 alias
2895 5525 3235 5583 memorato.
