3896 6216
294 373 412 433 839

1482 369 1668 434 SEO.
1713 366 1791 432 ΧῙ
1838 371 2150 434 MONUM.
2196 373 2510 436 LITURG.

3586 363 3708 428 840

294 507 344 562 ei
375 521 477 577 per
503 505 1004 560 virtutemsanctze
1018 503 1730 569 Crutcisbenedictionem
1747 502 1941 558 crrles-
1968 505 2018 568 Α
2054 503 2146 574 ple
2179 509 2265 558 est
2297 508 2700 576 prmeentatus,
2734 502 2816 557 ita
2847 517 2953 558 nos
2985 500 3166 556 facias
3219 497 3544 572 puriﬁcatis
3599 497 3704 552 tibi

293 597 434 659 tem,
467 596 534 650 ut
563 593 670 665 qui
697 609 828 650 eam
863 593 934 648 ad
967 591 1342 666 expellendas
1373 593 1642 648 tenebras
1687 591 1947 646 humano

293 681 491 756 generi
523 681 779 738 tribuisti
795 681 966 738 talem
981 681 1282 756 signaculo
1296 682 1523 747 cru’rcis
1539 686 1646 735 tua:
1663 679 1949 736 fortitudi-

291 789 427 828 nem
457 776 514 828 et
540 771 1006 827 benedictionem
1039 772 1303 842 accipiat,
1327 775 1391 825 ut
1423 771 1477 824 in
1497 771 1948 841 quibuscunque

293 861 436 918 locis
467 876 709 915 accensa
740 859 858 914 sive
889 859 1078 931 posita
1114 858 1304 925 fuerit,
1337 859 1597 913 discedat
1630 863 1688 913 et
1720 863 1944 913 centre-

293 949 504 1007 miscat
531 949 801 1005 diabolus
815 952 872 1004 et
899 947 1086 1020 fugiat
1105 947 1356 1018 pallidus
1391 963 1523 1002 cum
1543 946 1820 1002 omnibus
1835 945 1944 1001 mi-

292 1039 496 1095 nistris
526 1037 651 1094 suis
676 1038 747 1093 de
777 1036 1256 1102 habitationibus,
1309 1053 1414 1092 nec
1464 1040 1783 1108 praesumat
1815 1051 1944 1091 am-

288 1127 446 1200 plius
475 1125 719 1183 illudere
749 1125 1139 1182 servientibus
1169 1129 1302 1181 Deo.
1338 1123 1583 1180 Proinde
1613 1128 1669 1179 te
1707 1141 1943 1196 quaesu-

291 1233 446 1282 mus,
482 1213 811 1281 Domine,ut
841 1213 1042 1270 mittas
1059 1217 1328 1270 sanctum
1347 1213 1804 1287 angelumtunm
1839 1214 1944 1268 Ita-

291 1303 577 1377 phaelem,
599 1303 699 1376 qui
733 1302 945 1359 evulsit
962 1321 996 1359 a
1024 1304 1166 1359 Sara
1185 1306 1241 1360 et
1255 1303 1770 1359 Tobiadaamonem
1787 1319 1942 1357 mor-

289 1393 520 1448 tiferum
554 1409 652 1447 eos
683 1391 1348 1460 infestantem,conterat
1369 1392 1556 1460 illum,
1581 1397 1639 1448 et
1655 1392 1858 1464 perdat
1872 1392 1943 1447 de

287 1481 991 1538 cunctishabilatiouibus
1005 1481 1212 1536 colenti
1225 1499 1254 1536 u
1268 1498 1318 1535 m
1337 1481 1542 1548 Deum,
1559 1481 1628 1536 de
1645 1480 1938 1548 domibus,

287 1571 360 1626 de
389 1568 645 1642 angulis,
677 1571 748 1624 de
781 1569 1120 1636 lectulis,de
1135 1570 1534 1638 refectoribus,
1553 1571 1624 1626 de
1651 1569 1939 1626 universis

287 1658 431 1714 locis
452 1659 511 1714 in
541 1659 996 1730 quibuscunqne
1019 1659 1133 1714 Deo
1154 1657 1510 1714 famulantes
1524 1657 1941 1730 babitant,qui-

289 1750 516 1814 escunt,
549 1747 872 1812 dormiunt,
894 1746 1159 1818 vigilant,
1179 1747 1482 1802 ambulant
1509 1752 1565 1802 et
1586 1747 1940 1814 consistunt,

287 1852 393 1892 nec
423 1834 612 1890 valeat
643 1835 740 1890 ille
772 1834 1068 1906 malignus
1099 1836 1356 1908 amplius
1411 1836 1734 1907 inquietare
1785 1835 1936 1903 illos,

290 1941 436 1996 quos
467 1924 651 1980 sancti
685 1923 1022 1979 chrismatis
1038 1924 1124 1978 tui
1150 1925 1424 1980 unctione
1446 1924 1630 1980 fecisti
1660 1941 1788 1980 esse
1810 1942 1936 1978 mu-

291 2013 465 2069 nitos.
501 2012 788 2068 Benedico
822 2013 928 2068 hos
957 2030 1153 2068 cereos
1183 2013 1240 2068 in
1275 2013 1512 2068 nomine
1561 2013 1657 2069 Dei
1690 2019 1717 2078 +
1755 2013 1941 2068 Patris

289 2102 730 2172 omnipotentis,
763 2107 819 2156 et
846 2101 973 2156 Filii
996 2107 1022 2166 ’τ
1045 2103 1176 2172 ejus
1206 2101 1509 2174 unigeniti,
1543 2105 1599 2157 et
1630 2101 1885 2174 Spiritus
1911 2106 1936 2168 f

291 2189 476 2246 sancti
510 2189 808 2262 paracleti,
839 2194 904 2244 ut
935 2191 1011 2244 sit
1045 2191 1263 2262 ubique
1285 2190 1501 2245 diaboli
1534 2191 1827 2263 etTugatio,
1856 2196 1940 2246 at-

289 2295 402 2350 que
432 2279 696 2334 omnium
719 2279 1227 2334 cuntubernalium
1243 2295 1484 2334 suorum
1515 2279 1938 2343 exterminatio,

289 2366 607 2424 auxiliante
637 2367 1056 2422 eademsancta
1086 2371 1143 2421 et
1173 2366 1472 2422 individua
1497 2368 1940 2438 Trinitate,quae

291 2456 349 2511 in
385 2455 636 2511 Unitatis
667 2455 924 2510 essentia
949 2471 1181 2528 semper
1199 2456 1573 2528 permanetin
1601 2455 1812 2511 saecula
1834 2473 1941 2511 sae-

291 2543 579 2600 culorum.
611 2545 818 2600 Amen.

359 2648 618 2706 Sacerdos
645 2653 906 2723 primitus
955 2651 1212 2707 accendat
1259 2668 1472 2707 cereum
1501 2657 1554 2707 et
1600 2653 1809 2707 materia
1840 2654 1940 2706 tri-

291 2739 438 2807 buat,
497 2743 549 2794 et
603 2744 726 2811 post
784 2742 1158 2796 accensionem
1212 2740 1360 2795 dicat
1413 2741 1555 2794 hanc
1605 2743 1938 2796 orationem:

292 2827 673 2898 Omnipotens
686 2843 807 2883 sem
817 2828 1036 2900 piterne
1049 2828 1222 2892 Deus,
1250 2827 1346 2900 qui
1383 2829 1756 2901 Unigenitum
1770 2833 1872 2883 tuu
1885 2847 1940 2884 m

296 2915 572 2972 hodierna
603 2915 695 2969 die
728 2916 884 2972 ulnis
915 2915 1101 2972 sancti
1123 2916 1414 2972 Simeonis
1445 2917 1507 2972 in
1575 2917 1792 2990 templo
1843 2921 1942 2973 tuo

295 3009 496 3060 sancto
527 3005 965 3077 suscipiendum
998 3005 1382 3077 praesentasti,
1415 3011 1472 3062 te
1503 3005 1798 3079 supplices
1837 3006 1940 3062 dc-

297 3107 624 3164 precamur,
661 3095 722 3146 ut
748 3093 854 3148 hos
885 3109 1082 3149 cereos
1104 3098 1235 3150 tuos
1268 3111 1416 3166 quos
1436 3094 1638 3149 famuli
1673 3095 1756 3150 tui
1781 3096 1940 3150 omni

296 3181 730 3252 magniﬁcentia
760 3181 1148 3254 suscipientes
1171 3187 1398 3254 gestare
1413 3183 1684 3253 cupimus
1703 3183 1829 3238 luce
1853 3201 1943 3238 ac-

292 3283 518 3337 censos,
550 3270 931 3335 benefdicere
960 3274 1016 3326 et
1042 3271 1448 3336 sanctitticare
1480 3272 1942 3344 digneris,atque

290 3359 512 3414 lumine
541 3375 794 3431 superne
815 3359 1275 3426 benetdictionis
1289 3360 1622 3428 accendere,
1647 3367 1941 3433 quatenus

289 3465 388 3504 eos
420 3447 526 3504 tibi
587 3449 833 3505 Domino
882 3453 997 3505 Deo
1058 3454 1256 3505 nostro
1316 3450 1608 3506 oﬂ‘erendo
1668 3450 1851 3522 digni,
1885 3454 1941 3505 et

289 3543 493 3594 sancte
527 3539 660 3611 igne
691 3543 806 3594 tua:
856 3538 1186 3594 dulcedinis
1241 3538 1544 3595 charitatis
1598 3539 1848 3604 accensi,
1879 3538 1938 3592 in

289 3626 507 3698 templo
565 3633 767 3682 sancto
825 3627 1019 3698 gloria:
1075 3632 1189 3682 tua:
1261 3628 1658 3700 repraesentari
1719 3643 1939 3684 merea-

290 3732 443 3771 mur.
479 3715 605 3770 Per.

783 3845 952 3885 MISSA
990 3847 1050 3886 IN
1091 3847 1183 3886 DIE
1220 3847 1449 3887 SANCTO.

362 3962 746 4033 Omnipotens
777 3962 1126 4034 sempiterne
1156 3963 1329 4031 Deus,
1365 3965 1731 4034 majestatem
1779 3968 1941 4020 tuam

293 4049 590 4122 supplices
621 4066 947 4114 exoramus,
978 4056 1043 4106 ut
1075 4050 1579 4124 sicutunigenitus
1594 4052 1774 4107 Filius
1805 4057 1943 4108 tuus

295 4137 577 4195 hodierna
606 4137 700 4195 die
730 4156 861 4195 cum
885 4144 1098 4196 nostra:
1130 4140 1322 4195 carnis
1356 4140 1692 4196 substantia
1712 4141 1772 4196 in
1798 4147 1941 4197 tem-

359 4253 442 4324 (9)
473 4252 766 4308 Cathedrie
797 4255 994 4310 Sancti
1031 4255 1176 4310 Petri
1215 4255 1400 4310 festus
1423 4254 1546 4310 dies
1579 4255 1854 4311 recolitur
1886 4257 1944 4312 in

293 4331 491 4399 nostro
523 4326 744 4399 missali
777 4333 910 4399 post
955 4327 1227 4381 festivum
1288 4325 1716 4399 Puriﬁcationis
1764 4329 1946 4383 beata:

289 4395 484 4452 Maria:
529 4395 795 4469 virginis,
848 4397 1096 4469 ideoque
1149 4395 1347 4452 menSe
1404 4397 1736 4469 fcbruario;
1790 4399 1944 4469 quod

288 4468 657 4539 apertissime
687 4469 947 4524 ostendit
979 4468 1166 4540 neque
1187 4468 1550 4540 temporibus
1577 4470 1762 4525 sancti
1794 4468 1945 4526 Petri

286 4540 556 4594 Damiani
592 4541 648 4594 in
679 4539 989 4595 Ordinario
1022 4539 1282 4595 Remane
1314 4539 1617 4596 cathedrae
1671 4542 1944 4597 Romanae

289 4612 505 4666 festum
537 4611 717 4673 diem,
751 4609 852 4682 qui
880 4611 1162 4666 Januario
1188 4626 1388 4665 mense
1419 4611 1710 4676 recolitur,
1766 4612 1947 4669 fuisse
1977 4599 2024 4665 D

291 4682 818 4753 descriptum.lmo
843 4699 1127 4752 penesme
1152 4688 1238 4737 est
1267 4683 1575 4753 antiquum
1592 4683 1945 4739 breviarium

293 4755 806 4808 membranaceum
831 4753 1040 4808 saeculo
1070 4770 1163 4808 xw
1183 4755 1468 4811 scriptum
1503 4755 1599 4810 ubi
1633 4756 1816 4810 sancti
1843 4756 1945 4811 Pe-

289 4825 362 4878 tri
397 4823 686 4880 Catbedra
716 4842 829 4880 non
876 4824 1127 4880 habetur
1162 4842 1233 4879 xv
1282 4823 1573 4880 Kalendas
1622 4825 1944 4882 Februarii.

290 4895 621 4950 Putandum
655 4902 845 4952 tamen
880 4914 993 4950 non
1011 4902 1098 4950 est
1131 4895 1328 4950 haberi
1345 4895 1439 4950 hic
1463 4899 1674 4951 festum
1708 4897 1861 4952 diem
1879 4899 1948 4952 de

289 4965 411 5021 sola
449 4965 738 5022 Cathedra
793 4967 1173 5033 Antiochena,
1223 4967 1324 5037 qui
1385 4984 1585 5022 mense
1637 4967 1950 5024 Februario

287 5037 646 5109 celebratur.
677 5056 742 5093 eo
771 5037 854 5093 vel
889 5039 1142 5093 maxime
1184 5039 1323 5109 quia
1350 5039 1420 5092 de
1472 5039 1736 5094 Romana
1791 5040 1951 5094 nulla

290 5110 355 5162 lit
406 5107 689 5163 memoria
742 5109 800 5166 in
860 5110 1026 5165 libris
1083 5107 1588 5164 sacramentorum
1648 5111 1862 5166 Gelasii
1895 5115 1954 5165 et

289 5177 574 5252 Gregorii.
609 5179 922 5252 Menardus
951 5181 1137 5252 enim,
1163 5180 1482 5252 etquidem
1507 5197 1650 5236 sane
1683 5181 1952 5244 consilio,

292 5255 462 5322 putat
495 5250 611 5322 hac
631 5251 726 5306 die
757 5251 1089 5322 deutraquc
1111 5250 1953 5322 Catbedramemoriamrecoli

290 5320 364 5376 ab
398 5320 676 5384 Ecclesia,
710 5320 864 5392 quod
884 5320 1096 5392 revera
1122 5323 1466 5377 auctoritate
1490 5322 1675 5377 nostri
1701 5321 1954 5377 missalis

291 5392 422 5446 libri
479 5391 782 5463 probatur,
838 5391 935 5445 ubi
1005 5392 1187 5448 missa
1255 5394 1506 5448 habetur
1563 5393 1623 5446 in
1679 5392 1958 5448 cathedra

287 5461 496 5534 Sancti
532 5461 683 5534 Petri
718 5463 844 5515 sine
890 5463 1288 5534 expressione,
1345 5477 1420 5518 an
1450 5463 1549 5518 illa
1583 5463 1846 5518 Romana
1876 5465 1955 5520 sit

288 5532 376 5589 vel
410 5531 790 5588 Antiochena.
828 5533 904 5587 Ad
939 5531 1088 5588 hanc
1106 5534 1455 5590 sententiam
1490 5535 1955 5591 conﬁrmandam

293 5603 550 5660 multum
584 5603 892 5658 conterunt
937 5605 1291 5660 doctissimas
1335 5610 1488 5660 nota:
1540 5604 1730 5661 Patris
1785 5605 1958 5662 Blan-

293 5672 454 5750 ehini
485 5673 555 5750 ad
593 5671 849 5750 libellum
883 5676 1220 5750 orationum
1251 5675 1956 5750 Gothico-Hispanarum,

297 5747 358 5805 in
389 5759 504 5820 quo
535 5743 782 5805 habetur
812 5763 1016 5809 mense
1046 5745 1382 5822 Februario,
1413 5762 1518 5808 vm
1568 5743 1693 5807 Kal.
1741 5743 1956 5824 Martii,

2056 593 2353 649 mentibus
2388 591 2745 664 prmeentari.
2780 591 2886 647 Per
2912 591 3207 647 eumdem.

2129 683 2362 737 Secreta.
2396 681 2638 750 Exaudi,
2689 681 2954 746 Domine,
3000 695 3201 752 preces
3249 681 3503 741 nostras,
3553 677 3708 731 etut

2055 772 2232 844 digna
2261 773 2380 827 sint
2412 787 2674 838 munera,
2709 787 2834 842 qua:
2857 769 3042 826 oculis
3069 771 3184 824 tua:
3215 763 3546 840 maiestatis
3566 765 3709 821 offe-

2054 860 2262 927 rimus,
2297 860 2627 916 subsidium
2650 859 2819 914 nobis
2849 862 2962 914 tua:
2985 856 3222 930 pietatis
3245 855 3538 928 impende.
3572 851 3706 926 Per.

2056 944 2062 948 ’
2125 951 2468 1007 Communia.
2501 949 2870 1016 Quaesumus,
2911 946 3150 1002 Domine
3180 944 3335 1002 Deus
3384 947 3606 1012 noster,
3640 945 3708 998 ut

2053 1041 2425 1094 sacrosancta
2446 1036 2740 1110 mysteria,
2769 1053 2894 1109 qua:
2927 1053 3030 1109 pro
3061 1031 3447 1108 reparationis
3489 1031 3705 1088 nostra

2052 1127 2376 1182 munimine
2425 1125 2744 1192 contulisti,
2795 1125 3191 1180 intercedente
3239 1123 3412 1179 beata
3459 1119 3707 1194 Virgine

2053 1217 2234 1271 Maria
2264 1221 2322 1272 et
2351 1231 2607 1288 praesens
2664 1214 2832 1271 nobis
2884 1214 3207 1270 remedium
3261 1227 3393 1268 esse
3439 1210 3706 1268 faciaset

2050 1305 2334 1359 futurum.
2372 1304 2493 1360 Per.

2385 1394 2460 1465 (9)
2500 1409 2557 1448 IN
2605 1407 2898 1448 emacem
2939 1407 3136 1447 εΑΝρτι
3179 1405 3364 1445 PETRI.

2121 1483 2273 1538 Deus
2305 1482 2404 1554 qui
2436 1483 2604 1538 beato
2637 1481 2898 1552 apostolo
2934 1485 3032 1536 tuo
3060 1479 3225 1535 Petro
3256 1476 3494 1534 collatis
3525 1475 3702 1534 clavi-

2049 1573 2158 1627 bus
2194 1571 2352 1644 regni
2387 1570 2656 1636 ccrlestis,
2691 1569 2920 1627 animas
2948 1568 3169 1642 ligandi
3219 1571 3397 1640 atque
3437 1565 3701 1624 solvendi

2048 1661 2409 1732 pontiﬁcium
2447 1659 2759 1727 tradidisti,
2794 1658 3040 1715 concede
3083 1653 3523 1713 intercessionis
3566 1656 3705 1726 ejus

2048 1749 2262 1804 auxilio
2293 1766 2327 1804 a
2384 1755 2754 1821 peccatorum
2807 1753 3142 1803 nostrorum
3192 1744 3436 1802 nexibus
3484 1743 3704 1801 libere-

2051 1856 2200 1892 mur.
2231 1838 2302 1892 Pe
2340 1881 2352 1894 .

2121 1930 2354 1982 Secreta.
2394 1925 2654 1982 Ecclesiae
2686 1931 2818 1987 ture,
2853 1939 3212 1996 quaesumus,
3249 1922 3509 1993 Domine,
3559 1939 3698 1994 pre-

2049 2032 2146 2071 ces
2203 2021 2258 2070 et
2317 2016 2540 2072 hostias
2596 2015 2746 2070 beati
2805 2013 2954 2069 Petri
3017 2011 3262 2085 apostoli
3324 2009 3702 2067 commendet

2049 2105 2255 2171 oratio,
2290 2111 2354 2158 ut
2384 2105 2535 2176 quod
2572 2120 2675 2176 pro
2707 2102 2864 2158 illius
2892 2102 3076 2175 gloria
3106 2100 3492 2168 celebramus,
3527 2097 3701 2155 nobis

2051 2195 2235 2265 prosit
2267 2195 2336 2247 ad
2371 2194 2623 2248 veniam.
2658 2193 2782 2248 Per.

2123 2284 2456 2336 Communia.
2517 2285 2728 2337 Sancta
2757 2285 2860 2336 tua
2878 2297 3006 2344 nos,
3029 2278 3296 2344 Domine,
3329 2293 3696 2350 quaesumus,

2051 2375 2292 2442 sumpta
2322 2370 2634 2435 viviﬁcent,
2667 2375 2722 2424 et
2753 2370 3144 2425 intercedente
3166 2368 3335 2424 beato
3367 2367 3536 2422 Petro
3556 2383 3699 2440 apo-

2051 2459 2196 2513 stolo
2228 2462 2350 2523 tuo,
2383 2457 2792 2514 misericordiae
2824 2457 3190 2530 sempiternae
3239 2459 3570 2528 praeparent
3597 2471 3696 2511 ex-

2051 2547 2257 2619 piatos.
2295 2545 2417 2602 Per.

2378 2636 2490 2705 (10)
2533 2653 2587 2690 IN
2621 2653 2772 2690 FEST.
2816 2653 3010 2690 SANCTI
3051 2649 3370 2690 BENEDICTI.

2122 2724 2500 2796 Omnipotens
2541 2723 2894 2797 sempiterna
2951 2723 3126 2790 Deus,
3158 2723 3258 2795 qui
3291 2737 3396 2794 per
3439 2719 3699 2794 gioriosa

2051 2813 2201 2868 beati
2235 2812 2525 2868 Benedicti
2560 2813 2790 2868 abbatis
2821 2809 3086 2883 exempla
3111 2809 3464 2866 humilitatis
3488 2809 3697 2864 trium-

2051 2901 2219 2972 phale
2253 2901 2420 2956 nobis
2453 2901 2560 2956 iter
2588 2899 2914 2966 ostendisti,
2948 2901 3040 2966 da,
3076 2913 3440 2971 quaesumus,
3465 2895 3698 2954 utviam

2050 2990 2151 3044 tibi
2182 2988 2404 3062 placitae
2430 2989 2791 3054 obedientiae,
2825 3005 2928 3061 per
2956 3004 3133 3060 quam
3155 2985 3502 3043 venerabilis
3530 2986 3704 3042 Pater

2051 3077 2397 3134 Benedictus
2420 3077 2637 3134 illaesus
2667 3077 3068 3145 antecedebat,
3104 3094 3209 3133 nos
3241 3073 3536 3148 p'raachris
3568 3075 3698 3146 ejus

2053 3167 2279 3222 meritis
2309 3167 2492 3236 adjuti
2525 3167 2652 3222 sine
2682 3183 2874 3222 errore
2904 3166 3362 3237 subsequamur.
3393 3164 3523 3220 Per.

2118 3254 2621 3310 SecretaPaternis
2644 3254 3163 3310 intercessionibus
3175 3251 3472 3324 magnifici
3497 3257 3697 3324 pasto-

2052 3343 2132 3398 ris
2163 3343 2475 3410 Benedicti,
2510 3359 2848 3415 quaesumus
2893 3341 3124 3397 familia:
3153 3346 3290 3410 tum,
3323 3340 3697 3413 omnipotens

2050 3432 2224 3500 Deus,
2259 3433 2703 3487 commendetur
2731 3428 3694 3502 oblatio,cujusvitalibusdecora-

2050 3527 2146 3574 tur
2174 3519 2474 3591 exemplis.
2503 3521 2628 3576 Per.

2122 3610 2458 3664 Communia.
2491 3609 2804 3680 Perceptis,
2860 3609 3101 3664 Domine
3149 3607 3302 3664 Deus
3349 3611 3572 3674 noster,
3605 3622 3705 3662 sa-

2051 3699 2366 3752 cramentis
2397 3696 2756 3752 salutaribus
2797 3696 3132 3752 humilitate
3177 3697 3582 3769 deprecamur,
3615 3695 3706 3750 in-

2050 3787 2378 3843 tercedente
2411 3787 2575 3842 beato
2607 3786 2917 3842 Benedicto
2949 3787 3179 3852 abbate,
3230 3802 3358 3857 quae
3387 3799 3494 3858 pro
3543 3783 3708 3840 illius

2051 3875 2376 3930 venerando
2407 3874 2639 3948 agimus
2671 3874 2857 3942 obitu,
2883 3876 3050 3930 nobis
3102 3875 3410 3947 proﬁciant
3440 3874 3514 3930 ad
3547 3873 3709 3930 salu-

2057 3973 2194 4020 tem.
2230 3966 2354 4020 Per.
3079 3987 3088 3991 -

2267 4055 2378 4126 (il)
2411 4071 2469 4109 IN
2509 4070 2970 4109 ANNUNTIATIONE
3009 4071 3232 4110 sane”:
3271 4069 3488 4108 Maniaz.

2126 4148 2298 4210 Deus,
2332 4143 2431 4214 qui
2462 4142 2745 4198 hodierna
2773 4143 2864 4199 die
2891 4142 3150 4198 Verbum
3174 4147 3339 4198 tuum
3373 4141 3556 4196 beatae
3581 4135 3713 4196 Vir-

2055 4257 2339 4311 Cathedra
2368 4257 2560 4312 Sancti
2585 4257 2757 4326 Petri,
2788 4261 2852 4310 ut
2884 4256 2938 4310 in
2967 4259 3187 4320 nostro,
3220 4260 3276 4310 et
3305 4260 3506 4327 tamen
3547 4248 3726 4327 bme

2057 4345 2191 4394 nus,
2243 4327 2342 4398 qui
2384 4327 2463 4382 ibi
2522 4328 2754 4399 legitur,
2816 4333 3011 4399 aperte
3069 4327 3436 4382 demonstrat
3465 4326 3707 4399 festum

2055 4400 2217 4454 illum
2252 4397 2406 4454 diem
2439 4397 2881 4454 esse‘Statutum
2913 4399 2980 4454 ad
3015 4403 3320 4470 utramque
3368 4397 3714 4452 cathedram

2056 4470 2446 4537 recolendam,
2481 4487 2614 4525 cum
2646 4471 2910 4526 dicatur:

2375 4576 2532 4632 Adest
2559 4576 2692 4642 dies,
2727 4593 2830 4647 quo
2851 4577 3110 4632 Romulea

2374 4649 2437 4703 In
2463 4650 2598 4703 urbe
2626 4658 2960 4704 consecratus
2987 4665 3041 4703 es
3057 4667 3079 4702 .-

2058 4756 2392 4827 Opportune
2411 4753 2617 4827 subdit
2623 4753 2712 4827 vir
2736 4753 2832 4809 ille
2847 4753 3225 4827 doctissimus
3240 4753 3404 4825 (tom.
3423 4752 3464 4816 Ι,
3481 4768 3541 4824 p.
3569 4751 3714 4822 172):

2061 4851 2086 4877 ‹‹
2112 4824 2194 4881 E'n
2221 4827 2492 4881 Romanm
2510 4825 2798 4880 cathedrae
2825 4841 2958 4880 cum
2978 4824 3338 4880 Antiochena
3354 4838 3716 4878 commemo-

2061 4899 2208 4952 ratio
2238 4914 2315 4950 vn
2353 4897 2469 4951 Kal.
2505 4895 2718 4951 Martii.
2757 4919 2784 4945 »
2818 4896 3008 4967 Etiam
3040 4895 3242 4967 Pinius
3276 4896 3468 4967 (numr
3490 4894 3618 4966 444)
3647 4895 3719 4967 de

2059 4968 2345 5048 Cathedra
2371 4968 2566 5048 Sancti
2599 4967 2752 5048 Petri
2785 4966 2924 5048 agit,
2947 4971 3003 5048 et
3033 4954 3721 5048 quidem‘lucu‘ienterin

2063 5057 2170 5094 suo
2203 5044 2450 5093 tractatu
2503 5037 2912 5109 chronologico
2943 5039 3016 5092 De
3052 5037 3292 5109 iliturgia
3338 5039 3571 5108 antiqua
3624 5037 3719 5090 Ili-

2064 5127 2311 5165 svamm.

2089 5129 2358 5251 Ρῗῗὸἷαιᾷι)
2383 5180 2490 5236 hac
2522 5180 2706 5236 sancti
2742 5179 3033 5251 Benedicti
3051 5179 3282 5251 abbatis
3307 5171 3492 5234 missa
3514 5175 3722 5251 liquet,

2065 5247 2446 5323 ut'jarndixi,
2473 5249 3290 5323 huncrnissalcmlibrumed
3324 5265 3500 5304 usum
3534 5247 3722 5323 fu‘iSSc

2067 5319 2486 5378 monachorum
2519 5321 2742 5393 ordinis
2772 5322 2960 5378 sancti
2995 5319 3311 5388 Benedicti,
3344 5325 3402 5376 et
3433 5319 3724 5393 praecipue

2067 5412 2100 5449 a
2129 5394 2318 5466 prima
2347 5399 2404 5447 et
2434 5401 2466 5447 a
2497 5392 2756 5466 secunda
2787 5393 3068 5466 oratione,
3095 5393 3313 5465 quibus
3334 5397 3498 5466 Deus
3528 5392 3727 5466 exera-

2065 5462 2182 5529 tur,
2222 5470 2280 5538 ut
2307 5465 2564 5538 paternis
2614 5465 3092 5538 intercessionibus
3114 5462 3436 5538 'magriiﬁci
3485 5462 3728 5538 pastoris

2068 5535 2361 5592 Benedicti
2395 5535 2950 5607 oblatiomonaslicae
3003 5534 3258 5607 familia"
3299 5534 3725 5607 comﬂwndetur.

2070 5610 2131 5662 In
2163 5607 2290 5676 ejus
2320 5605 2570 5679 transitu
2606 5605 2852 5679 habetur
2897 5605 3134 5678 propria
3186 5605 3445 5679 praefatio
3491 5609 3743 5678 exarata,

2070 5679 2130 5735 in
2161 5681 2459 5750 postrema
2488 5677 2839 5750 Appendice.

2142 5746 2254 5831 (11)
2313 5746 2695 5808 Festas’dies
2767 5746 3244 5813 Annuntiationis
3301 5748 3484 5808 beate
3534 5746 3730 5812 Maria
