3896 6216
331 275 447 344 843

330 410 522 470 cuncti
550 409 1006 467 resurrexissent
1035 429 1068 466 a
1098 411 1366 468 mortuis.
1390 412 1693 484 Propterea
1719 416 1776 465 et
1803 411 1978 466 turba
2004 413 2060 477 Α

331 513 467 554 cum
481 497 659 554 ramis
670 498 1002 570 palmarum
1013 499 1312 556 obviantes
1326 499 1977 566 clamabant:Hosanna,

334 582 680 666 benedictus
711 588 810 662 qui
837 589 994 644 venit
1023 589 1082 645 in
1113 590 1348 645 nomine
1379 588 1609 645 Domini
1641 589 1760 644 Rex
1778 587 1974 642 Israel.

336 675 720 754 Quapropter,
769 693 1106 748 quaesumus
1156 677 1522 733 clementiam
1560 681 1746 744 tuam,
1781 681 1844 730 ut
1873 692 1979 730 nos

337 763 592 822 famulos
612 767 880 837 tuos,qui,
905 765 1085 838 hujus
1115 767 1195 822 rei
1225 766 1472 838 gratiam
1498 769 1554 821 et
1575 765 1748 820 ﬁdem
1771 764 1978 819 verita-

336 853 416 909 tls
445 853 826 927 percipimus,
860 871 1031 911 eruas
1053 858 1109 910 et
1133 871 1311 910 exuas
1342 855 1413 910 de
1443 869 1540 909 ore
1571 852 1866 919 interni,et
1885 852 1977 907 ad-

328 941 617 1012 jutorium
647 944 844 1016 gratiae
861 947 973 1000 tua:
997 943 1166 1000 nobis
1187 943 1438 999 tribuere
1457 943 1512 997 di
1521 941 1808 1015 gneris,ut
1819 942 1980 1013 juste

336 1022 395 1085 et
425 1030 518 1102 pie
539 1035 852 1104 sancteque
877 1031 1132 1088 viventes
1163 1048 1296 1087 cum
1328 1031 1529 1086 electis
1560 1030 1735 1086 facias
1766 1029 1979 1084 habere

335 1119 714 1194 consortium.
749 1120 856 1175 Per
885 1136 1060 1191 quem
1093 1119 1234 1188 haec,
1270 1119 1535 1186 Domine,
1568 1135 1799 1190 semper
1826 1119 1980 1174 bona

333 1214 517 1275 creas,
550 1207 938 1278 sanctitﬁcas,
971 1208 1284 1277 vivifﬁcas,
1327 1208 1660 1274 benefdicis
1707 1211 1764 1263 et
1812 1205 1980 1264 nobis

333 1295 517 1351 servis
547 1295 665 1352 tuis
691 1295 930 1369 largiter
961 1302 1224 1370 praestas.
1258 1303 1366 1352 Per
1395 1298 1590 1352 omnia
1621 1295 1833 1352 saecula
1875 1313 1977 1352 sa:-

332 1381 621 1440 culorum.
649 1387 856 1442 Amen.

374 1466 528 1528 Ἀιία
568 1477 760 1531 oratio.
811 1475 988 1542 Deus,
1032 1475 1134 1547 qui
1184 1474 1396 1532 Filium
1447 1478 1614 1530 tuum
1663 1475 1976 1531 Dominum

332 1555 601 1641 nostrum
656 1563 860 1619 Jesum
917 1564 1215 1620 Christum
1270 1582 1374 1636 pro
1425 1569 1628 1620 nostra
1683 1563 1870 1620 salute
1917 1563 1975 1618 in

332 1647 498 1724 hunc.
521 1653 812 1707 mundum
843 1653 1076 1720 misisti,
1123 1658 1188 1709 ut
1232 1670 1294 1710 se
1342 1653 1681 1710 humiliaret
1729 1653 1799 1708 ad
1849 1669 1976 1718 nos,

332 1729 390 1792 et
419 1745 714 1796 revocaret
761 1741 830 1796 ad
863 1745 940 1810 te,
973 1743 1072 1813 qui
1104 1743 1278 1798 etiam
1311 1743 1450 1798 dum
1480 1741 1836 1798 Hierusalem
1883 1757 1976 1797 ve-

331 1820 502 1896 niret,
537 1833 593 1884 et
615 1830 962 1902 adimpleret
993 1831 1346 1904 Scripturas,
1391 1831 1752 1887 credentium
1792 1847 1974 1902 popu-

329 1913 523 1989 lorum
555 1919 726 1986 turba
756 1919 1101 1976 ﬁdelissima
1131 1919 1451 1976 devotionis
1482 1937 1600 1974 suae
1629 1918 1977 1974 vestimenta

331 2019 465 2078 cum
497 2006 678 2062 ramis
733 2007 1066 2078 palmarum
1113 2009 1174 2064 in
1218 2009 1313 2064 via
1361 2009 1718 2079 sternebant,
1762 2013 1978 2080 praesta

329 2109 692 2167 quaesumus,
723 2099 788 2151 ut
826 2095 908 2150 illi
939 2097 1071 2152 fidei
1101 2098 1253 2153 viam
1285 2114 1700 2169 praeparemus,
1741 2096 1812 2152 de
1859 2113 1976 2168 qua

327 2186 548 2239 remoto
578 2182 771 2256 lapide
813 2185 1152 2242 otfensionis
1201 2191 1258 2242 ct
1309 2191 1472 2258 petra
1502 2185 1784 2253 scandali,
1815 2187 1972 2240 fron-

327 2269 463 2346 deat
491 2287 662 2344 opere
679 2273 922 2344 justitiae
954 2279 1243 2344 ramos,ut
1273 2277 1401 2346 ejus
1430 2273 1673 2348 vestigia
1695 2275 1972 2346 consequi

327 2373 678 2417 mereamur.
714 2361 838 2418 Per.

383 2448 516 2502 Ἠεεε
546 2454 626 2505 est
653 2451 770 2506 alia
800 2453 994 2507 oratio.
1027 2451 1288 2508 Petimus
1317 2457 1393 2521 te,
1428 2455 1628 2508 sancte
1657 2453 1825 2508 Pater
1845 2468 1971 2507 om-

323 2526 615 2615 nipotens,
648 2543 858 2596 (sterne
893 2545 1060 2608 Deus,
1096 2547 1158 2597 ut
1185 2541 1469 2614 respicere
1499 2541 1756 2614 digneris
1795 2558 1972 2613 super

321 2621 473 2678 hanc
503 2631 828 2682 creaturam
860 2627 1020 2684 oliva.-
1054 2635 1110 2684 et
1143 2630 1500 2702 palmaque:
1523 2647 1592 2684 ex
1620 2629 1766 2702 ligni
1793 2637 1972 2685 mate-

425 2713 654 2784 prodire
665 2717 690 2786 j
702 2717 1110 2788 ussisti,quam
1143 2717 1413 2774 columba
1433 2717 1663 2774 rediens
1679 2718 1751 2772 ad
1774 2735 1968 2774 arcam

323 2801 560 2872 proprio
599 2804 842 2875 protulit
887 2822 983 2860 ore
1028 2806 1406 2873 benetdicere
1463 2811 1520 2862 et
1565 2807 1970 2872 sanctitﬁcare

321 2890 604 2962 digneris,
637 2897 703 2948 ut
732 2893 1066 2966 quicunque
1096 2911 1164 2950 ex
1196 2911 1263 2950 ea
1292 2895 1672 2968 sumpserint,
1723 2895 1969 2966 accipiat

318 2979 434 3038 sibi
485 2979 558 3048 ad
595 2981 1005 3053 perfectionem
1055 2983 1263 3040 animae
1310 2989 1366 3040 et
1417 2985 1694 3056 corporis,
1727 2985 1964 3056 ﬁatque,

315 3067 582 3138 Domine,
617 3075 828 3126 nostra:
868 3070 1080 3129 salutis
1107 3071 1450 3140 remedium,
1481 3078 1594 3130 tua:
1619 3073 1818 3146 gratia:
1867 3090 1960 3129 sa-

1520 275 1712 340 SIEC.
1759 277 1840 340 XI
1885 273 2196 340 MONUM.
2241 275 2556 340 LITURG.

3617 275 3736 340 844

2161 410 2387 465 Secreta.
2447 415 2577 482 Ipse
2627 409 2752 477 tibi,
2801 427 3161 482 quaesumus,
3223 407 3466 466 Domine
3513 415 3758 480 sancte,“

2088 499 2254 554 Pater
2283 499 2672 570 omnipotens,
2697 499 3049 555 sacrificium
3095 501 3363 556 nostrum
3407 499 3616 556 reddat
3643 517 3738 556 ac-

2087 587 2446 659 ceptum,qui
2477 587 2782 660 discipulis
2813 587 2936 648 suis
2969 588 3026 643 in
3059 588 3150 644 sui
3184 587 3741 666 commemoratione

2087 675 2193 730 hoc
2228 675 2350 732 fieri
2390 675 2672 732 hodierna
2717 676 3032 732 traditione
3081 676 3448 734 monstravit.
3500 677 3609 744 Qui
3655 681 3740 734 te-

2087 780 2244 819 cum.

2157 853 2310 923 Infra
2338 854 2628 908 actionem.
2663 852 3176 909 Communicantee
3209 857 3264 909 et
3295 853 3448 908 diem
3475 853 3747 910 sacratis-

2087 940 2300 996 simum
2362 939 2742 1010 celebrantes,
2795 959 2911 1014 quo
2971 941 3255 998 Dominus
3311 945 3512 998 noster
3565 941 3740 998 Jesus

2085 1029 2354 1084 Christus
2388 1047 2488 1102 pro
2521 1030 2689 1086 nobis
2719 1034 2808 1086 est
2838 1031 3112 1099 traditus,
3143 1031 3244 1086 sed
3294 1033 3372 1086 et'
3391 1031 3740 1086 memoriam

2084 1121 2449 1174 venerantes.

2161 1207 2498 1262 Communia.
2542 1207 2754 1262 Refecti
2806 1206 3167 1264 salutaribus
3212 1205 3532 1274 alimentis,
3583 1223 3738 1280 quaa-

2087 1312 2316 1363 sumus,
2365 1295 2634 1366 Domine,
2685 1301 2836 1353 Deus
2894 1299 3110 1360 noster,
3157 1299 3222 1350 ut
3269 1296 3428 1368 quod
3477 1299 3742 1370 tempore

2086 1389 2296 1438 nostra!
2331 1383 2703 1439 mortalitatis
2733 1383 3599 1457 exsequimur,immortalitatis
3629 1389 3742 1441 tua;

2085 1490 2326 1528 munere
2355 1489 2808 1544 consequamur.
2844 1473 2973 1529 Per.

2673 1625 2730 1661 1N
2763 1623 3142 1662 PARASCEVEN.

2157 1738 2424 1802 Oremus,
2458 1737 2820 1794 dilectissimi
2871 1739 3062 1809 nobis,
3098 1755 3202 1811 pro
3245 1737 3503 1795 Ecclesia
3533 1741 3745 1796 sancta

2090 1826 2215 1894 Dei,
2250 1833 2313 1881 ut
2343 1844 2471 1882 eam
2504 1827 2655 1882 Deus
2685 1831 2743 1883 et
2771 1827 3055 1883 Dominus
3087 1831 3286 1883 noster
3331 1826 3638 1900 pacificare
3683 1832 3746 1883 et

2086 1917 2384 1971 custodire
2415 1916 2688 1987 dignetur
2715 1919 2834 1972 toto
2857 1917 2994 1972 orbe
3019 1915 3662 1988 terrarum,subjiciens
3686 1917 3740 1972 ei

2086 2004 2448 2076 principatus
2478 2012 2535 2059 et
2567 2008 2903 2076 potestates,
2942 2005 3154 2077 detque
3186 2005 3357 2061 nobis
3387 2004 3650 2077 quietam
3681 2011 3742 2062 et

2084 2092 2466 2163 tranquillam
2495 2092 2675 2148 vitam
2707 2093 3054 2166 degentibus
3081 2091 3406 2166 gloriﬁcare
3429 2097 3615 2149 Deum
3635 2093 3741 2150 Pa-

2085 2185 2233 2236 trem
2269 2181 2748 2253 omnipotentem.

2153 2270 2396 2326 Oremus.
2429 2271 2730 2326 Flectamus
2755 2287 2950 2342 genua.
2986 2270 3368 2344 Omnipotens
3388 2269 3742 2344 sempiterno

2085 2357 2260 2428 Deus,
2295 2357 2392 2430 qui
2423 2357 2670 2432 gloriam
2698 2363 2860 2415 tuam
2890 2360 3164 2416 omnibus
3198 2359 3259 2416 in
3289 2359 3522 2417 Christo
3554 2360 3740 2434 genti-

2081 2448 2196 2502 bus
2232 2447 2517 2514 revelasti,
2551 2447 2779 2503 custodi
2829 2464 3004 2520 opera
3051 2446 3464 2504 misericordia:
3503 2451 3641 2514 tuae,
3673 2454 3740 2504 ut

2080 2535 2340 2590 Ecclesia
2366 2540 2486 2590 toto
2517 2535 2655 2590 orbe
2685 2535 3118 2604 diffusa,stabili
3143 2536 3256 2592 fide
3279 2537 3336 2592 in
3368 2537 3735 2594 confessione

2079 2623 2170 2680 tui
2202 2623 2458 2680 nominis
2489 2629 2833 2696 perseveret.
2869 2625 2974 2681 Per
2997 2625 3292 2681 eumdem.

2154 2712 2400 2767 Oremus
2431 2717 2487 2768 et
2518 2729 2622 2784 pro
2654 2713 2990 2769 beatissimo
3013 2730 3164 2786 papa
3188 2718 3388 2770 nostro
3406 2713 3551 2768 N.ut
3579 2713 3737 2770 Deus
3776 2771 3788 2778 ,

2075 2804 2132 2855 et
2161 2799 2446 2854 Dominus
2479 2805 2678 2858 noster
2701 2801 2800 2872 qui
2831 2799 3006 2874 elegit
3026 2817 3161 2858 eum
3194 2800 3253 2856 in
3284 2801 3490 2858 ordine
3512 2802 3734 2874 episeo-

2078 2893 2252 2960 patus
2285 2887 2512 2944 salvum
2543 2893 2720 2960 atque
2741 2889 3091 2945 incolumem
3125 2889 3418 2946 custodiat
3459 2889 3728 2946 Ecclesia

2079 2982 2293 3033 sanctae
2325 2994 2444 3033 suae
2475 2978 2547 3033 ad
2576 2979 2894 3052 regendum
2925 2977 3209 3051 populum
3231 2983 3504 3034 sanctum
3535 2979 3657 3034 Dei.

2145 3070 2394 3124 Oremus.
2420 3065 3138 3140 Flectamus.0mnipotens
3169 3068 3528 3140 sempiterna
3549 3072 3726 3133 Deus.

1988 3141 2030 3208 C
2068 3157 2238 3227 cujus
2261 3155 2485 3226 judicio
2531 3155 2808 3212 universa
2835 3155 3409 3228 fundantur,respiee
3438 3156 3734 3229 propitius

2057 3245 2130 3299 ad
2161 3260 2360 3316 preces
2391 3249 2644 3312 nostras,
2675 3249 2733 3300 et
2781 3243 3034 3301 electum
3063 3243 3230 3300 nobis
3271 3245 3599 3302 antistitem
3630 3251 3736 3302 tua

2056 3331 2268 3410 pietate
2297 3349 2590 3401 conserva,
2624 3337 2691 3388 ut
2720 3332 2938 3390 Christi
2962 3349 3075 3390 ana
3103 3331 3288 3406 plebs,
3316 3349 3444 3404 quae
3475 3333 3580 3390 tali
3629 3351 3734 3408 gu-

2058 3421 2339 3476 bernatur
2394 3430 2648 3489 auctore,
2707 3422 2816 3478 sub
2869 3425 3034 3478 tanto
3061 3421 3335 3495 pontifice
3365 3421 3736 3480 credulitatis

311 3163 698 3214 cramentum.
725 3160 848 3215 Per.

800 3293 1011 3332 INCIPIT
1048 3295 1217 3334 MISSA
1254 3294 1315 3335 ΙΝ
1354 3296 1464 3334 DIE.

381 3369 764 3443 Omnipotens
794 3373 1152 3445 sempiterno
1197 3375 1372 3441 Deus,
1404 3374 1506 3446 qui
1549 3373 1807 3431 humano
1857 3392 1955 3450 ge-

313 3460 440 3517 neri
467 3461 540 3516 ad
570 3460 922 3517 imitandum
953 3462 1304 3518 humilitatis
1331 3463 1663 3536 exemplum
1694 3464 1956 3522 Salvato-

313 3565 439 3610 rem
485 3555 753 3607 nostrum
800 3567 1035 3606 carnem
1089 3567 1338 3620 sumere,
1380 3557 1438 3606 et
1483 3569 1715 3610 crucem
1759 3553 1955 3609 subire

309 3637 564 3709 voluisti,
598 3638 851 3694 concede
880 3639 1188 3710 propitius,
1224 3646 1287 3696 ut
1330 3646 1388 3696 et
1432 3642 1724 3714 patientiae
1767 3642 1954 3714 ipsius

309 3726 526 3808 habere
556 3728 906 3782 documenta
935 3731 991 3784 et
1024 3728 1463 3785 resurrectionis
1495 3730 1788 3786 consortia
1840 3747 1956 3786 me-

313 3830 572 3871 reamur.
603 3815 728 3870 Per.

385 3903 620 3958 Secreta.
675 3903 933 3960 Concede
977 3921 1338 3976 quaesumus,
1379 3905 1644 3972 Domine,
1679 3911 1743 3962 ut
1771 3905 1956 3964 oculis

313 3985 428 4054 tua:
461 3991 788 4062 majestatis
817 4009 1034 4049 munus
1081 3994 1342 4049 oblatum
1394 3999 1451 4050 et
1491 3995 1740 4067 gratiam
1785 3996 1956 4053 nobis

314 4083 430 4134 tua:
461 4079 781 4136 devotionis
811 4081 1070 4138 obtineat
1097 4087 1154 4138 et
1181 4083 1450 4138 eii‘ectum
1482 4083 1660 4138 beatae
1692 4085 1956 4156 perenni-

313 4165 454 4228 tatis
483 4168 765 4240 acquirat.
798 4169 926 4226 Per.

383 4259 936 4330 Prwfatio.t/l£terne
961 4265 1241 4330 Deus,per
1259 4276 1434 4332 quem
1456 4261 1625 4317 nobis
1647 4261 1744 4317 ind
1757 4261 1953 4334 algen-

311 4345 687 4420 tia'largitur,
721 4351 778 4402 et
807 4364 919 4420 pax
947 4363 1050 4420 per
1075 4363 1247 4403 omne
1272 4348 1550 4404 saeculum
1583 4351 1953 4422 praedicatur.

311 4436 587 4500 Traditur
615 4436 842 4491 cunctis
872 4435 1245 4491 credentibus
1272 4436 1604 4510 disciplina,
1637 4443 1703 4494 ut
1741 4439 1953 4494 sancti-

311 4516 516 4598 ﬁc'atos
539 4540 648 4580 nos
677 4524 864 4595 possit
911 4523 1036 4578 dies
1085 4529 1365 4580 venturus
1413 4527 1694 4599 excipere.
1727 4527 1800 4582 Et
1827 4527 1956 4585 ideo

316 4628 453 4670 cum
475 4610 718 4685 angelis.

374 4696 724 4758 Communia.
758 4701 864 4759 Per
892 4701 1092 4773 hujus,
1128 4704 1387 4771 Domine,
1411 4705 1805 4777 operationem
1835 4722 1957 4779 my-

313 4789 495 4869 sterii,
545 4794 604 4846 et
649 4788 787 4845 vitia
815 4796 1016 4848 nostra
1043 4798 1368 4865 purgentur
1398 4798 1456 4849 et
1473 4795 1640 4866 justa
1668 4794 1958 4850 desidciia

312 4877 735 4950 compleantur.
759 4880 884 4936 Per.

702 5002 880 5066 psam
917 5013 976 5064 v,
1015 5013 1073 5052 IN
1113 5014 1288 5053 conm
1326 4998 1562 5056 DOMINI.

380 5089 537 5148 Deus
567 5108 602 5147 a
631 5109 744 5165 quo
765 5097 822 5148 et
839 5093 870 5147 J
878 5093 1024 5149 udas
1054 5101 1248 5152 reatus
1269 5096 1360 5151 sui
1391 5114 1644 5169 pcenam,
1659 5101 1717 5153 et
1738 5098 1958 5154 confes-

309 5179 475 5236 sione
503 5183 606 5235 tua
634 5180 782 5236 latro
835 5183 1139 5251 praemium
1189 5185 1464 5258 sumpsit,
1497 5186 1748 5242 concede
1787 5185 1955 5242 nobis

309 5270 422 5322 tum
453 5267 886 5340 propitiationis
917 5271 1278 5341 eﬂ‘ectum,ut
1299 5275 1450 5330 sicut
1471 5275 1530 5330 in
1555 5273 1826 5346 passione
1848 5291 1956 5330 sua

306 5354 482 5412 Je'sus
511 5355 780 5410 Christus
811 5357 1091 5414 Dominus
1115 5367 1314 5416 noster
1333 5361 1562 5417 diversa
1583 5360 1846 5432 utrisque
1865 5363 1952 5418 in-

306 5443 446 5518 tulit
472 5441 772 5514 stipendia
799 5445 1254 5514 meritorum,ita
1283 5449 1451 5506 nobis
1478 5450 1669 5506 ablato
1697 5455 1955 5508 vetusta-

307 5531 390 5588 tis
416 5546 610 5586 errore
641 5533 1084 5593 resurrectionis
1113 5554 1230 5596 sua
1261 5539 1509 5613 gratiam
1539 5539 1956 5615 largiatur.Qui

307 5625 506 5688 te’eum
531 5622 688 5685 vivit.

2063 3525 2182 3564 suae
2206 3509 2431 3565 meritis
2460 3512 2760 3582 augeatur.
2794 3510 2916 3566 Per.

2137 3595 2384 3654 Oremus
2434 3602 2492 3654 et
2541 3615 2642 3669 pro
2691 3598 2966 3654 omnibus
2998 3597 3316 3671 episcopis,
3350 3599 3734 3674 presbyteris,

2059 3685 2426 3752 diaconibus,
2494 3685 2984 3757 subdiaconibus,
3038 3685 3342 3760 acolythis,
3402 3688 3734 3756 exorcistis,

2059 3773 2396 3839 lectoribus,
2427 3773 2706 3842 ostiariis,
2739 3775 3212 3841 confessoribus,
3260 3775 3615 3849 virginibus,
3647 3779 3736 3835 vi-

2061 3861 2216 3926 duis,
2247 3861 2543 3934 orphanis,
2573 3867 2632 3918 et
2663 3880 2765 3936 pro
2797 3863 2959 3920 omni
2996 3863 3212 3936 populo
3243 3869 3446 3921 sancto
3479 3865 3607 3922 Dei.

2133 3951 2372 4006 Oremus.
2397 3951 2735 4006 Flectamus.
2760 3951 3147 4024 Omnipotens
3171 3953 3528 4024 sempiterne
3551 3953 3732 4021 Deus,

2061 4041 2232 4110 cujus
2259 4037 2476 4110 Spiritu
2507 4043 2702 4096 totum
2731 4055 2943 4112 corpus
2966 4039 3232 4096 Ecclesiae
3253 4041 3660 4098 sanctiﬁcatur
3677 4047 3736 4099 et

2061 4126 2302 4200 regitur,
2324 4127 2533 4182 exaudi
2567 4143 2680 4182 nos
2716 4144 2817 4200 pro
2850 4129 3137 4185 universis
3166 4129 3476 4184 ordinibus
3508 4129 3736 4203 suppli-

2062 4219 2282 4281 cantes,
2314 4219 2380 4270 ut
2409 4215 2612 4289 gratias
2646 4220 2760 4272 tute
2784 4233 3027 4274 munere
3059 4217 3130 4274 ab
3169 4217 3446 4274 omnibus
3476 4217 3586 4274 tibi
3605 4235 3737 4294 gra-

2064 4303 2236 4360 dibus
2265 4303 2518 4360 fideliter
2553 4305 2860 4360 serviatur.
2896 4305 3020 4362 Per.

2135 4393 2383 4448 Oremus
2407 4396 2463 4448 et
2484 4409 2589 4464 pro
2617 4391 3122 4450 Christianissimo
3145 4393 3498 4468 imperatore
3525 4400 3734 4452 nostro

1989 4505 2036 4568 D
2065 4481 2132 4537 Ν.
2169 4484 2234 4536 ut
2263 4485 2414 4536 Deus
2445 4485 2504 4536 et
2533 4481 2820 4537 Dominus
2853 4485 3050 4538 noster
3093 4481 3361 4539 subditas
3415 4481 3502 4538 illi
3551 4481 3736 4540 faciat

2065 4586 2268 4626 omnes
2298 4569 2578 4626 barbaras
2628 4569 2894 4626 nationes
2939 4571 3012 4626 ad
3060 4576 3324 4628 nostram
3375 4576 3733 4644 perpetuam

2066 4675 2294 4730 pacem.

2136 4749 2380 4804 Oremus.
2404 4747 3116 4820 Flectamusﬂmnipotens
3145 4749 3501 4821 sempiterna
3535 4749 3724 4816 Deus,

2062 4836 2122 4892 in
2154 4837 2324 4909 cujus
2371 4854 2584 4893 manus
2635 4841 2776 4893 sunt
2813 4853 3018 4894 omnes
3065 4841 3402 4910 potestates,
3435 4840 3494 4893 et
3523 4837 3733 4895 omnia

2055 4926 2194 4997 jura
2223 4925 2784 4998 regnorum,respice
2815 4925 2887 4981 ad
2921 4926 3254 4982 Romanum
3282 4926 3580 5000 benignus
3612 4927 3732 4984 im-

2064 5014 2312 5086 perium,
2347 5020 2410 5069 ut
2438 5019 2662 5087 gentes,
2692 5031 2820 5085 qua:
2850 5014 2908 5070 in
2949 5031 3057 5070 sua
3107 5015 3337 5071 feritate
3389 5015 3725 5086 conﬁdunt,

2063 5103 2334 5174 potentiae
2363 5107 2476 5158 tuae
2506 5103 2744 5158 dextera
2773 5102 3256 5176 comprimantur.
3290 5102 3418 5160 Per.

2135 5190 2380 5247 Oremus
2419 5195 2476 5246 et
2524 5207 2627 5262 pro
2676 5191 3114 5249 catechumenis
3161 5191 3401 5260 nostris,
3449 5195 3517 5250 ut
3563 5192 3730 5249 Deus

2062 5284 2120 5334 et
2149 5279 2432 5336 Dominus
2463 5283 2661 5335 noster
2709 5282 2934 5352 aperiat
2979 5298 3152 5338 aures
3203 5281 3593 5354 primordium
3633 5281 3729 5354 ip-

2063 5383 2285 5434 sorum,
2309 5369 2678 5440 januamque
2709 5369 3145 5438 misericordias,
3177 5373 3242 5426 ut
3269 5385 3376 5442 per
3413 5367 3728 5426 lavacrum

2063 5456 2521 5528 regenerationis
2576 5462 2810 5532 accepta
2864 5457 3209 5516 remissione
3259 5457 3533 5514 omnium
3587 5473 3726 5530 pee-

2064 5548 2350 5614 satorum,
2373 5550 2430 5604 et
2457 5546 2572 5622 ipsi
2603 5545 2977 5608 inveniantur
3004 5547 3065 5608 in
3097 5547 3328 5609 Christo
3353 5545 3499 5608 Jesu
3531 5545 3752 5614 Domi-.

2064 5633 2140 5696 ne
2169 5636 2388 5700 nostro.
3780 5654 3789 5660 ·
