3896 6216
154 324 259 391 8&5

130 490 177 524 ,η
221 464 454 517 Oremus.
542 460 862 514 Flectamus.

152 552 311 618 Deus,
344 548 440 622 qui
456 548 946 605 Ecclesiamtuam
981 562 1369 618 novasempcr
1398 544 1557 616 prole
1581 544 1776 599 fecun-

151 641 264 711 das,
296 653 439 711 auge
466 638 639 693 {idem
671 632 1546 693 ctintellectumcatecbunicnis
1564 632 1778 688 nostris

149 735 208 784 ut
235 728 409 784 renati
470 726 626 782 fonte
675 725 1048 799 baptismatis
1108 722 1443 796 adoptionis
1498 725 1609 777 tua:
1642 720 1778 777 filiis

146 818 541 890 aggregentur.
578 816 703 871 Per.

208 906 465 971 Oremus,
481 904 848 961 dilectissimi
862 903 1049 972 nobis,
1066 904 1248 958 Deum
1263 906 1487 974 patrem
1506 899 1777 972 omnipo-

145 998 365 1062 tentem,
394 998 457 1049 ut
488 993 712 1050 cunctis
732 994 1019 1049 mundum
1039 996 1248 1065 purget
1277 989 1593 1051 erroribus.
1622 1006 1776 1045 mor-

144 1087 239 1141 bos
268 1084 509 1150 auferat,
542 1084 755 1139 famem
788 1081 1061 1154 depellat.
1094 1081 1317 1151 aperiat
1346 1094 1627 1143 carceres,
1650 1078 1777 1135 vin-

144 1173 265 1230 cula
291 1171 588 1239 dissolvat,
610 1170 1119 1244 peregrinantibus
1131 1169 1405 1235 reditum,
1433 1166 1780 1222 inﬁrmanti-

144 1264 240 1319 bus
270 1261 600 1329 sanitatem,
636 1260 1045 1333 navigantibus
1075 1262 1306 1332 portum
1341 1256 1550 1313 salutis
1580 1255 1775 1311 indul-

140 1355 282 1425 geat.

170 1470 175 1474 ι
201 1440 440 1496 Oremus.
478 1440 806 1494 Flectamus.
831 1437 1216 1510 Omnipotens
1247 1435 1602 1507 sempiterna
1626 1438 1779 1489 Deus

138 1533 469 1585 mmstorum
490 1526 832 1595 consolatio,
854 1525 1247 1581 laborantium
1271 1524 1546 1580 fortitudo
1580 1539 1778 1595 perve-

135 1618 291 1673 niant
320 1618 387 1673 ad
404 1621 459 1672 te
476 1632 673 1689 preces
693 1620 926 1695 nostra),
940 1615 1011 1669 de
1029 1630 1377 1686 quacunque
1404 1610 1779 1667 tribulatione

135 1707 528 1774 clamantium,
564 1710 628 1760 ut
658 1722 861 1760 omnes
892 1704 1000 1760 sibi
1053 1704 1111 1757 in
1163 1701 1610 1758 necessitatibus
1653 1701 1779 1756 suis

122 1795 590 1868 misericordiam
623 1798 785 1850 tuam
816 1794 1108 1866 gaudeant
1135 1792 1414 1847 adfuisse.
1449 1795 1575 1846 Per.

201 1885 445 1940 Oremus
479 1888 534 1939 et
566 1900 668 1955 pro
693 1882 977 1939 haereticis
1007 1886 1064 1937 et
1084 1879 1511 1944 schismaticis,
1543 1883 1608 1934 ut
1629 1878 1782 1934 Deus

134 1978 185 2029 et
213 1974 497 2029 Dominus
532 1976 729 2028 noster
758 1975 923 2026 eruat
951 1987 1049 2025 eos
1076 1970 1149 2025 ab
1162 1968 1464 2024 erroribus
1477 1966 1783 2034 universis,

134 2068 184 2118 et
212 2063 280 2119 ad
339 2066 613 2118 sanctam
664 2066 912 2116 matrem
962 2056 1274 2114 Ecclesiam
1327 2056 1670 2113 catholicam
1728 2058 1787 2111 et

136 2150 509 2224 apostolicam
542 2166 808 2206 revocare
839 2149 1132 2221 dignetur.

197 2239 447 2296 Oremus.
481 2240 805 2294 Flectamus.
841 2233 1591 2308 Omnipotenssempiterne
1613 2234 1784 2298 Deus,

130 2329 221 2402 qui
252 2328 444 2386 salvas
477 2344 701 2394 omnes,
734 2330 791 2382 et
805 2325 1097 2382 neminem
1128 2323 1213 2379 vis
1227 2323 1436 2396 perire,
1461 2339 1552 2377 res
1574 2321 1783 2393 picead

136 2419 358 2474 animas
391 2416 683 2474 diabolica
714 2416 916 2471 fraude
938 2415 1311 2485 deceptas,ut
1341 2409 1788 2468 omnibus-rstica

132 2507 413 2579 pravitate
445 2506 728 2578 deposita,
775 2504 1097 2559 errantium
1130 2503 1305 2559 corda
1335 2501 1704 2573 rcsipiscant,
1730 2505 1787 2554 et

133 2596 199 2651 ad
232 2596 496 2652 veritatis
530 2582 641 2649 tuae
670 2594 908 2648 redeant
938 2592 1242 2648 unitatem.
1276 2590 1401 2645 Per.

200 2685 454 2741 Oremus
484 2686 543 2738 et
574 2699 676 2754 pro
709 2681 948 2755 perlidis
974 2679 1214 2745 Judaeis,
1249 2684 1312 2734 ut
1341 2679 1495 2735 Deus
1512 2681 1568 2734 et
1592 2674 1781 2731 Domi-

137 2791 244 2830 nus
278 2779 478 2830 noster
507 2770 731 2827 auferat
761 2771 1021 2825 velamen
1054 2770 1123 2825 de
1168 2768 1439 2824 cordibus
1472 2782 1695 2834 eorum,
1723 2769 1787 2819 ut

133 2869 184 2919 et
216 2862 329 2936 ipsi
361 2865 718 2934 cognoscant
772 2864 826 2913 te
858 2858 1057 2914 Jesum
1119 2857 1415 2914 Christum
1469 2855 1783 2911 Dominum

137 2946 408 3009 nostrum
421 2991 433 3003 .

200 3042 300 3095 llic
330 3054 444 3093 non
471 3036 685 3092 dicatur
740 3037 1061 3091 Flectamus.
1116 3035 1497 3107 Omnipotens
1563 3032 1783 3105 sempi-

128 3132 292 3184 terne
318 3126 478 3182 Deus
517 3124 617 3197 qui
648 3123 824 3180 etiam
841 3123 1185 3196 perfidiam.)
1197 3122 1461 3179 udaicam
1494 3140 1527 3178 a
1554 3126 1656 3177 tua
1670 3121 1779 3176 mi-

129 3214 451 3272 sericordia
481 3230 593 3269 non
626 3211 877 3284 repellis,
910 3211 1117 3268 exaudi
1148 3228 1346 3283 preces
1378 3214 1606 3266 nostras
1628 3227 1774 3282 quas
1804 3190 1847 3258 Ο

129 3322 231 3378 pro
262 3302 429 3359 illius
458 3300 658 3375 populi
691 3299 1075 3357 obcaecatione
1114 3299 1453 3364 deferimus,
1496 3304 1559 3354 ut
1583 3300 1783 3371 agnita

128 3392 388 3451 veritatis
420 3395 530 3446 tuae
560 3389 708 3459 luce,
743 3407 870 3462 qua
887 3388 1156 3445 Christus
1184 3395 1293 3457 est,
1314 3405 1347 3443 a
1377 3388 1501 3444 suis
1530 3387 1782 3444 tenebris

133 3485 438 3539 eruantur.
474 3480 598 3535 Per.

200 3572 451 3627 Oremus
483 3573 540 3625 et
562 3587 664 3642 pro
691 3567 959 3641 paganis,
994 3572 1058 3622 ut
1083 3567 1236 3622 Deus
1265 3566 1490 3622 auferat
1510 3564 1784 3637 iniquita-

1308 320 2033 386 SECRAMENTARIUM
2082 318 2334 383 VETUS
2349 365 2364 380 .

957 458 1340 529 Omnipotens
1428 456 1780 527 sempiterne
1811 456 1862 522 Α
1894 454 2047 508 sicut
2080 454 2276 509 fumus
2299 454 2517 524 jccoris
2548 454 2745 525 piscis,
2781 470 2954 525 quem
2990 455 3242 528 Raphael
3281 458 3533 515 archan-

1811 1826 1858 1891 B

3418 326 3538 385 846

1886 540 2054 615 gelus
2086 547 2223 598 tuus
2252 542 2447 598 Tobim
2503 541 2724 598 famulo
2755 546 2855 599 tuo
2912 543 3110 599 docuit
3165 546 3401 602 accendi
3458 547 3531 603 ad

1886 635 2153 686 sanctam
2183 630 2606 687 liberationem.
2641 631 2967 688 Descendat
2996 649 3174 706 super
3215 633 3367 690 hanc
3397 650 3528 708 spe-

1887 719 2032 775 ciem
2056 720 2276 776 incensi
2292 720 2463 793 plena
2474 720 2860 792 benetdictio,
2875 724 2941 777 ut
2970 722 3048 779 sit
3076 722 3184 779 tibi
3203 728 3526 796 acceptum;

1887 808 2037 864 sicut
2067 809 2080 863 i
2089 808 2184 878 lle,
2199 808 2270 863 de
2301 826 2415 881 quo
2432 809 2607 866 David
2621 810 2906 884 propheta
2917 815 3056 867 tuus
3075 811 3289 869 cecinit
3307 811 3526 870 dicens:

1887 898 2184 971 Dirigatur
2215 897 2395 954 oratio
2429 916 2577 966 mea,
2611 900 2764 957 sicut
2789 899 3095 957 incensum
3126 901 3187 958 in
3217 904 3531 975 conspectu

1887 1004 2015 1043 suo.
2049 988 2138 1044 Sit
2167 989 2336 1045 nobis
2369 989 2511 1045 odor
2563 990 2981 1048 consolationis
3012 1009 3080 1048 ac
3134 992 3446 1049 suavitatis
3475 995 3534 1053 et

1886 1077 2106 1148 gratiae,
2140 1080 2205 1132 ut
2253 1078 2450 1134 fumus
2509 1080 2638 1151 ejus
2691 1080 2906 1153 elfuget
2935 1097 3138 1138 omnes
3189 1081 3532 1155 phantasias

1888 1166 2101 1221 mentis
2129 1171 2185 1221 et
2239 1167 2517 1239 corporis,
2551 1173 2617 1223 ut
2673 1169 2882 1237 simus,
2934 1169 3199 1243 Apostoli
3228 1170 3315 1227 tui
3371 1187 3530 1237 voce,

1889 1254 2023 1310 boni
2055 1254 2250 1310 odoris
2308 1254 2443 1321 Deo,
2501 1255 2742 1329 effugiat
2794 1275 2828 1312 a
2886 1258 3030 1315 facie
3074 1259 3253 1331 hujus
3308 1259 3533 1317 incensi

1888 1343 2079 1397 omnis
2111 1343 2442 1399 daemonum
2464 1343 2755 1412 incursus,
2770 1345 2923 1403 sicut
2937 1346 3330 1419 pulvisafacie
3351 1347 3531 1417 venti,

1887 1436 1943 1486 et
1973 1432 2124 1486 sicut
2155 1431 2353 1487 fumus
2385 1449 2417 1486 a
2448 1432 2591 1488 facie
2621 1434 2796 1505 ignis.
2850 1435 3065 1491 Praesta
3093 1436 3224 1506 hoc,
3271 1437 3536 1509 piissime

1888 1521 2074 1587 Pater,
2108 1538 2211 1593 per
2271 1520 2644 1594 Unigenitum
2703 1527 2894 1589 tuum,
2928 1540 3061 1579 cum
3117 1541 3234 1597 quo
3286 1526 3433 1582 vivis
3480 1528 3539 1583 et

1888 1626 2097 1681 regnas
2129 1626 2261 1665 cum
2295 1610 2515 1682 Spiritu
2547 1615 2749 1667 sancto
2781 1611 2936 1668 Deus
2964 1613 3025 1668 in
3055 1613 3270 1670 saecula
3302 1612 3540 1671 steculo-

1890 1716 2042 1754 rum.
2078 1701 2282 1755 Amen.

2355 1850 2689 1891 BENEDICTIO
2727 1850 2882 1892 IGNlS
2922 1852 3075 1892 NOVI.

1966 1967 2347 2039 Omnipotens
2396 1969 2770 2041 sempiterne,
2820 1973 3034 2026 aeterne
3089 1970 3243 2027 Deus
3312 1974 3544 2028 Greater

1896 2058 2161 2110 omnium
2194 2073 2410 2124 rerum,
2444 2062 2499 2112 te
2529 2057 2834 2114 humiliter
2862 2060 3265 2132 deprecamur,
3298 2063 3364 2116 ut
3380 2060 3541 2117 hunc

1895 2146 2088 2217 ignem
2120 2162 2357 2212 novum,
2404 2144 2546 2200 cmlo
2576 2151 2740 2202 terrae
2790 2146 3091 2222 largitum,
3142 2148 3543 2216 sanctifﬁcare

1895 2238 1953 2289 et
1984 2233 2360 2299 bene’rdicere
2417 2235 2698 2307 digneris,
2759 2239 2816 2292 et
2846 2238 2998 2293 sicut
3027 2237 3089 2292 in
3136 2238 3388 2294 adventu
3440 2242 3541 2294 tuo

1895 2321 2183 2378 elementa
2212 2323 2555 2396 contagione
2598 2329 2968 2396 peccatorum
3019 2324 3246 2399 polluta
3292 2342 3541 2399 purgare

1896 2411 2223 2483 polliceris;
2254 2412 2334 2466 ita
2365 2417 2420 2467 et
2450 2412 2546 2469 hic
2580 2413 2734 2484 ignis
2763 2431 2949 2469 novus
2978 2415 3374 2473 tabernaculis
3400 2416 3541 2474 fide-

1896 2499 2040 2554 lium
2070 2505 2303 2554 tuorum
2319 2499 2625 2555 habendus
2640 2500 3047 2574 purgationem
3063 2501 3379 2573 perfectam
3397 2502 3543 2559 obti-

1897 2593 2049 2655 neat,
2097 2592 2154 2642 et
2209 2588 2527 2644 obstaculis
2586 2588 2835 2645 invictus
2892 2593 3097 2646 contra
3150 2606 3386 2647 omnem
3445 2607 3543 2648 ne-

1896 2677 2143 2749 quitiam
2177 2675 2419 2750 maligni
2450 2677 2695 2749 spiritus
2725 2679 3082 2751 perficiatur.

1968 2768 2107 2821 Lect.
2138 2785 2172 2822 ι.
2210 2765 2271 2822 In
2303 2765 2586 2839 principio
2620 2768 2852 2822 creavit.

1967 2856 2171 2911 Oratio.
2207 2860 2377 2925 Deus,
2411 2856 2509 2928 qui
2544 2856 2890 2912 mirabiliter
2911 2856 3119 2914 creasti
3152 2857 3453 2915 hominem
3482 2863 3542 2917 et

1895 2944 2189 3000 mirabilia
2221 2944 2542 3016 redemisti,
2574 2945 2649 3001 da
2680 2945 2870 3012 nobis,
2923 2963 3284 3020 qumsumus,
3340 2952 3542 3005 contra

1894 3034 2320 3090 oblectamenta
2350 3034 2568 3105 peccati
2601 3035 2816 3090 mentis
2848 3035 3074 3092 ratione
3103 3036 3434 3109 persistere,
3477 3042 3543 3093 ut

1896 3140 2227 3178 mereamur
2256 3124 2323 3177 ad
2358 3122 2573 3194 gaudia
2600 3127 2816 3179 caterua
2839 3125 3156 3195 pervenire.
3189 3126 3316 3181 Per.

1959 3215 2100 3267 Lect.
2134 3227 2175 3267 Il
2227 3211 2467 3266 Factum
2524 3211 2700 3267 estin
2748 3211 2964 3284 vigilia.
3022 3214 3174 3285 Resp.
3225 3212 3542 3273 Cantemus

1890 3299 2159 3355 Domino.

1965 3390 2175 3445 Oratio.
2210 3388 2362 3443 Deus
2394 3388 2564 3458 cujus
2596 3388 2841 3460 antiqua
2867 3389 3151 3446 miracula
3179 3390 3238 3448 in
3268 3391 3541 3464 praesenti

1894 3494 2127 3550 quoque
2157 3476 2368 3532 saeculo
2401 3493 2707 3533 coruscare
2723 3477 3034 3548 sentimus,
3053 3484 3285 3552 priests,
3313 3497 3543 3553 quaesu-

1896 3583 2050 3634 mus,
2085 3571 2147 3621 ut
2178 3566 2329 3621 sicut
2359 3566 2612 3638 priorem
2643 3566 2926 3639 populum
2959 3567 3031 3623 ab
3062 3569 3348 3641 Egyptiis
3396 3568 3543 3629 libe-

134 3665 248 3716 tem
275 3661 347 3716 de
379 3658 656 3715 cordibus
686 3674 911 3725 eorum,
946 3662 1003 3711 et
1035 3656 1252 3712 relictis
1285 3655 1456 3711 idolis
1486 3655 1612 3710 suis
1650 3671 1786 3709 con-
1892 3654 2057 3723 rasti,
2092 3655 2200 3711 hoc
2234 3656 2305 3710 aut
2325 3653 2575 3710 salutem
2595 3654 2879 3729 gentium,
2900 3672 3200 3730 peraquas
3228 3658 3548 3732 baptisma-

132 3752 434 3806 vertantur
454 3747 523 3802 ad
557 3746 873 3803 Dominum
893 3745 1086 3801 vivum
1120 3750 1177 3800 et
1206 3762 1431 3811 verum,
1465 3749 1523 3800 et
1546 3743 1787 3799 unicum

134 3838 344 3894 Filium
377 3838 507 3909 ejus
537 3834 740 3892 Jesum
786 3833 1104 3902 Christum,
1140 3835 1324 3890 Deum
1377 3838 1434 3888 et
1473 3832 1788 3889 Dominum

137 3931 428 3992 nostrum,
460 3941 725 3997 cumquo
754 3923 1315 3997 vivitetregnatcum
1345 3923 1565 3995 Spiritu
1589 3925 1789 3978 sancto

136 4016 287 4072 Deus
318 4032 426 4088 per
456 4014 655 4070 omnia
683 4011 898 4068 saecula
931 4011 1296 4067 saeculorum.

207 4104 455 4178 Oremus.
474 4104 798 4158 Flectamus.
828 4101 1209 4172 Omnipotens
1233 4100 1586 4173 sempiterno
1614 4101 1791 4164 Deus,

136 4194 230 4265 qui
266 4209 385 4248 non
420 4195 667 4245 mortem
699 4193 1065 4261 peccatorum
1099 4189 1199 4244 sed
1233 4189 1410 4244 vitam
1443 4205 1677 4260 semper
1699 4188 1788 4242 in-

140 4281 348 4353 quiris,
387 4278 622 4349 suscipe
644 4276 967 4333 orationem
992 4281 1272 4343 nostram,
1301 4282 1357 4333 et
1388 4277 1573 4333 libera
1601 4294 1700 4333 eos
1722 4278 1793 4333 ab

139 4368 437 4426 idolorum
469 4365 718 4431 cultura,
753 4367 808 4420 et
842 4381 1091 4436 aggrega
1141 4364 1406 4420 Ecclesiae
1439 4370 1550 4421 tute
1582 4370 1794 4421 sanctae

145 4460 216 4513 ad
247 4457 491 4514 laudem
523 4459 581 4510 et
604 4453 851 4527 gloriam
887 4453 1142 4509 nominis
1174 4453 1277 4508 tui.
1312 4458 1438 4510 Per.

1896 3744 1973 3800 tis
2004 3745 2280 3817 opereris.
2317 3745 2442 3799 Per.

1968 3836 2108 3889 Lect.
2144 3832 2553 3905 Apprehendet
2584 3837 2807 3906 septem
2838 3833 3133 3892 mulieres.
3181 3836 3334 3909 Resp.
3364 3821 3550 3894 Vinea

1899 3922 2052 3979 facta
2081 3926 2190 3977 est.
3488 3961 3494 3966 .

1973 4010 2175 4066 Oratio.
2208 4009 2380 4077 Deus,
2416 4011 2516 4083 qui
2548 4028 2655 4067 nos
2687 4012 2758 4068 od
2808 4012 3223 4069 celebrandum
3274 4013 3549 4088 paschale

1902 4105 2332 4157 sacramentum
2347 4100 2652 4172 utriusque
2670 4100 3033 4157 Testamenti
3059 4100 3290 4175 paginis
3311 4102 3549 4171 intruis,

1904 4190 1978 4245 da
2009 4189 2175 4245 nobis
2205 4187 2527 4261 intelligere
2545 4188 3009 4245 misericordiam
3025 4193 3211 4258 tuam,
3247 4195 3306 4246 et
3325 4206 3393 4245 ea
3421 4207 3553 4263 per-

1904 4279 2168 4350 ceptione
2199 4278 2577 4350 praesentium
2609 4294 2921 4334 munerum
2954 4279 3126 4335 firma
3154 4279 3232 4335 sit
3259 4282 3555 4351 exspecta-

1903 4366 1983 4423 tio
2015 4368 2368 4423 futurorum.
2404 4367 2529 4422 Per.

1976 4459 2115 4513 Lect.
2147 4457 2277 4511 Hinc
2306 4461 2395 4512 est
2424 4456 2751 4513 hmreditas.
2784 4459 2936 4529 Resp.
2970 4458 3218 4513 Attende
3247 4455 3480 4513 cmlum.

142 4547 250 4618 (13)
317 4547 662 4601 BENEDICTIO
717 4558 1091 4598 'rmMiAMA'ris
1147 4560 1206 4597 IN
1261 4559 1508 4598 essene
1563 4558 1793 4598 smc'ro.
1828 4554 1875 4620 ι)
1979 4544 3001 4617 Oratio.Deus,quiEcclesiamtuam
3039 4545 3555 4619 sempergentium

210 4636 510 4691 .-Eternam
546 4637 603 4688 et
621 4630 1017 4704 justissimam
1034 4632 1309 4704 pietatem
1326 4637 1484 4687 tuam
1504 4632 1798 4703 deprecor,

144 4724 384 4780 Domine
418 4727 641 4787 sancte,
675 4721 841 4777 Pater
871 4720 1264 4793 omnipotens,
1297 4724 1507 4776 aeterne
1537 4719 1711 4785 Deus,
1737 4724 1802 4775 ut

147 4813 527 4880 benetdicere
569 4809 828 4884 digneris
877 4810 1025 4865 hanc
1074 4810 1327 4883 speciem
1376 4809 1800 4881 thymiamatis,

146 4900 230 4955 vel
264 4899 587 4972 cujuslibet
618 4899 852 4972 speciei,
888 4904 952 4953 ut
998 4900 1074 4954 sit
1120 4898 1423 4954 incensum
1479 4898 1803 4970 majestatis

147 4992 261 5044 tuae
292 4990 348 5044 in
379 4989 617 5044 odorem
679 4987 983 5044 suavitatis
1039 4991 1365 5060 acceptum.
1399 4991 1454 5041 et
1485 5004 1519 5041 a
1560 4991 1637 5053 te,
1692 4987 1803 5042 Do-

149 5078 326 5147 mine,
361 5075 768 5146 benedicatur,
800 5076 885 5132 ita
917 5077 1251 5149 ubicunque
1283 5076 1426 5131 odor
1457 5074 1803 5149 pervenerit,

151 5166 468 5223 extricetur
491 5169 549 5220 et
577 5165 864 5238 eti‘ugetur
905 5181 1077 5221 omne
1122 5182 1310 5239 genus
1358 5165 1803 5234 daemoniorum,

225 5414 336 5485 (l3)
372 5412 705 5469 Benedictio
738 5412 1139 5486 thymiamatis
1171 5414 1326 5486 apud
1351 5415 1609 5471 Martene
1639 5416 1812 5473 habe-
1870 5407 1875 5412 ’

152 5492 274 5551 tur,
303 5484 407 5541 Sed
443 5490 531 5559 est
564 5484 850 5559 posterior
880 5502 909 5540 s
931 5484 1067 5559 {neti
1111 5484 1372 5559 Gregorii
1420 5490 1809 5559 temporibus,

152 5568 261 5614 nec
292 5555 691 5628 reperiturin
718 5555 852 5628 ullo,
896 5556 1011 5628 alio
1059 5555 1310 5628 antiquo
1356 5555 1814 5616 sacramentario

151 5628 306 5688 libro
337 5626 396 5684 ἐι
429 5626 643 5687 saeculi.
682 5628 743 5684 In
779 5626 1002 5685 Missali
1058 5626 1435 5685 Moza’rabum
1494 5630 1663 5688 adest
1691 5632 1814 5688 haec

153 5698 435 5765 rubrica:
493 5698 695 5760 Deinde
751 5697 1026 5758 bmdz’cat
1080 5700 1322 5781 quinque
1399 5716 1575 5777 grana
1638 5704 1817 5763 thuris

1911 4634 2210 4689 vocatione
2235 4633 2613 4706 multiplices,
2655 4634 2903 4690 concede
2951 4632 3259 4706 propitius,
3311 4637 3379 4690 ut
3408 4650 3558 4706 quos

1909 4740 2061 4796 aqua
2089 4722 2462 4795 baptismatis
2494 4721 2706 4792 abluis,
2721 4723 2999 4779 continua
3014 4722 3370 4795 protectione
3390 4728 3558 4780 tuea-

1910 4812 2010 4868 ris.
2046 4811 2169 4867 Per.
3500 4810 3505 4813 ’

1985 4901 2137 4971 Resp.
2169 4899 2329 4955 Sicut
2359 4916 2583 4956 cervus.

1986 4989 2196 5045 Oratio.
2225 4983 2503 5057 Concede,
2528 4989 3280 5062 qumsumus,omnipotens
3310 4989 3565 5059 Deus,ut

1915 5078 2018 5151 qui
2050 5079 2197 5134 festa
2227 5077 2522 5150 paschalia
2536 5078 2769 5151 agimus
2785 5078 3120 5136 cmlestibus
3149 5079 3458 5138 desideriis
3479 5097 3568 5137 ac-

1916 5167 2099 5238 censi,
2132 5166 2289 5222 fonte
2317 5166 2444 5221 vita:
2477 5166 2780 5224 satiemur.
2816 5166 2942 5224 Per.

1920 5416 2200 5489 inﬁgenda
2228 5433 2396 5473 cerea.
2432 5418 2613 5483 Quem
2637 5416 2817 5489 ritum
2849 5420 3013 5489 notat
3044 5416 3101 5471 in
3120 5414 3382 5489 margine
3403 5412 3571 5489 Blan-

1922 5486 2155 5545 chinius
2187 5489 2418 5543 initium
2438 5488 2765 5560 sumpsisse
2780 5488 2991 5560 saculo
3021 5505 3074 5542 κ.
3105 5489 3177 5560 At
3199 5486 3357 5560 inea
3387 5486 3573 5542 missa

1923 5560 2085 5637 nulla
2116 5560 2408 5637 titmentio
2438 5557 3358 5637 debénedictionethymiamatis,
3384 5573 3574 5637 neque

1923 5631 2115 5693 thuris
2145 5630 2549 5690 comburendi.
