3896 6216
379 365 495 427 847

452 498 565 570 (14)
596 497 676 554 Ad
701 501 929 556 missam
957 502 1164 558 dicitur
1193 504 1376 560 Gloria
1407 505 1466 559 in
1493 504 1718 560 excelsis
1747 503 1871 558 Deo.

458 593 637 664 Deus,
668 591 768 664 qui
801 591 952 648 hanc
984 593 1442 650 sacratissimam
1461 597 1688 650 noctem
1719 590 1905 665 gloria
1925 595 2027 647 Do-

375 683 610 741 minicis
639 681 1084 741 resurrectionis
1133 681 1416 751 illustres,
1471 699 1747 738 conserva
1777 681 1832 736 in
1883 698 2027 736 nova

373 771 611 830 familiis
639 773 752 827 tua;
797 769 1071 843 progenie
1127 771 1456 842 adoptionis
1513 770 1806 843 spiritum,
1852 787 2024 842 quem

371 860 611 928 dedisti,
646 863 710 914 ut
740 875 982 932 corpore
1014 862 1070 915 et
1101 864 1293 916 mente
1326 859 1610 928 renovati,
1659 876 1867 932 puram
1895 859 2025 916 'tibi

373 949 690 1007 exhibeant
718 947 1082 1004 servitutem.
1116 949 1224 1004 Per
1251 949 1544 1004 eumdem.

446 1041 680 1096 Secreta.
713 1037 973 1109 Suscipe,
1007 1035 1270 1104 Domine,
1304 1054 1661 1109 quaesumus,
1695 1053 1893 1110 preces
1927 1053 2024 1108 po-

376 1127 499 1202 puli
531 1127 615 1182 tui
638 1143 772 1182 cum
785 1124 1180 1182 oblationibus
1193 1125 1520 1182 hostiarum
1532 1171 1545 1194 ,
1573 1125 2028 1198 utpaschalibus

374 1215 604 1272 initiata
633 1213 927 1288 mysteriis
959 1214 1030 1270 ad
1062 1214 1403 1271 aeternitatis
1434 1215 1604 1272 nobis
1653 1215 1939 1270 medelam
1971 1219 2028 1271 te

371 1308 646 1378 operante
677 1303 1001 1376 proficiant.
1037 1303 1163 1360 Per.

441 1394 728 1465 Praefatio.
764 1391 869 1464 (ιιι)
914 1396 1168 1464 Equum
1223 1395 1280 1447 et
1339 1391 1612 1460 salutare,
1665 1396 1721 1447 te
1767 1391 2024 1464 quidem,

373 1481 642 1550 Domine,
703 1480 865 1536 omni
917 1485 1199 1552 tempore,
1234 1481 1333 1535 scd
1394 1481 1451 1536 in
1495 1481 1602 1536 hac
1653 1481 2024 1554 potissimum

375 1574 542 1625 nocte
581 1568 892 1642 gloriosius
925 1569 1259 1640 praedicare,
1313 1586 1448 1625 cum
1495 1569 1712 1642 pascha
1761 1574 2026 1625 nostrum

373 1658 716 1714 immolatus
747 1662 834 1712 est
863 1657 1297 1732 Christus.1pse
1319 1659 1475 1714 enim
1506 1675 1675 1714 verus
1705 1660 2026 1731 estAgnus,

377 1745 479 1817 qui
509 1744 751 1800 abstulit
783 1747 1019 1816 peccata
1049 1746 1276 1814 mundi,
1327 1745 1423 1818 qui
1473 1751 1717 1802 mortem
1767 1750 2026 1801 nostram

1567 370 1753 431 SEC.
1799 367 1875 430 XI
1922 365 2228 430 MONUM.
2275 366 2590 432 LITURG.

2051 503 2108 572 Α
2135 501 2349 570 steriis,
2382 502 2452 558 ad
2486 501 2826 558 aeternitatis
2856 501 3026 558 nobis
3066 499 3356 559 medelam
3403 505 3461 559 te
3502 510 3816 578 operante

3667 369 3810 438 διε

2135 591 2461 664 proficiant.
2501 591 2626 646 Per.
3761 658 3768 666 ι

2203 679 2590 752 (-14)/Equum
2638 685 2697 737 et
2753 680 3029 738 salutare.
3091 682 3170 738 Te
3229 679 3503 754 quidem;
3565 685 3810 756 require

2136 777 2302 824 retro.

2205 857 2750 926 Communicantes;
2783 860 3001 930 require
3031 859 3089 914 in
3120 861 3272 916 nocte
3299 867 3508 915 sancta.

2208 945 2366 1001 Hanc
2402 944 2581 1018 igitur
2605 963 2619 1012 ;
2647 947 2926 1002 similiter.

2208 1035 2662 1090 Postcommunio.
2695 1033 2979 1107 Spiritum
2999 1037 3167 1092 nobis
3189 1035 3434 1093 Domine
3465 1041 3582 1094 tua
3601 1038 3813 1097 chari-

2134 1123 2270 1178 tatis
2327 1123 2588 1191 infunde,
2650 1129 2716 1179 ut
2773 1140 2921 1196 quos
2971 1125 3356 1182 sacramentis
3410 1127 3810 1200 paschalibus

2136 1213 2382 1281 satiasti,
2418 1216 2519 1268 tua
2551 1213 2728 1269 facias
2759 1213 2972 1286 pietate
3002 1215 3340 1272 concordes.
3375 1215 3501 1273 Per.
3757 1225 3764 1230 '

2641 1319 2808 1358 nam
2847 1319 2908 1369 ιι,
2951 1320 3005 1359 ιη
3043 1320 3279 1360 ΡΑειαιιΑ.

2209 1409 2380 1475 Deus,
2417 1409 2516 1481 qui
2548 1407 2916 1464 solemnitate
2965 1408 3227 1482 paschali
3273 1411 3494 1469 mundo
3536 1413 3806 1471 remedia

2136 1497 2456 1564 contulisti,
2489 1499 2769 1570 populum
2803 1503 2968 1553 tuum
2985 1497 3205 1554 caelesti
3241 1499 3392 1555 dono
3414 1506 3804 1582 prosequere,

2139 1592 2201 1640 ut
2231 1591 2288 1641 et
2315 1589 2629 1658 perfectam
2674 1586 3000 1643 libertatem
3052 1589 3332 1660 consequi
3383 1597 3706 1657 mereatur,
3741 1598 3803 1649 et

2138 1675 2206 1728 ad
2243 1673 2416 1730 vitam
2453 1674 2718 1746 proficiat
2748 1675 3193 1748 sempiternam.
3229 1677 3352 1733 Per.
3390 1685 3394 1688 '

2209 1767 2440 1819 Secreta.
2469 1763 2777 1820 Paschales
2795 1763 3016 1820 hostias
3039 1769 3427 1836 recensentes,
3447 1758 3803 1844 quaesumus

378 1833 678 1940 moriendo
709 1833 1013 1904 destruxit,
1045 1837 1103 1890 et
1131 1834 1310 1890 vitam
1331 1835 1688 1909 resurgendo
1720 1834 2025 1908 reparavit.
2063 1875 2110 1940 B
2144 1852 2405 1920 nomine,
2437 1853 2670 1926 utquod
2691 1853 3300 1926 frequentamugactu,
3327 1833 3803 1930 οοάιρι-θιηηάα-

377 1922 445 1978 Et
474 1922 626 1978 ideo.

446 2012 604 2082 Infra
633 2012 918 2068 actionem.
952 2011 1466 2068 Communicantes
1497 2017 1554 2068 et
1585 2017 1811 2068 noctem
1835 2029 2027 2068 sacra-

377 2099 669 2157 tissimam
701 2099 1060 2157 celebrantes
1093 2103 1540 2157 resurrectionis
1571 2101 1802 2157 Domini
1845 2101 2028 2158 nostri

372 2188 516 2245 Jesu
547 2188 762 2245 Christi
795 2189 1121 2246 secundum
1153 2205 1412 2256 carnem,
1445 2191 1542 2245 sed
1579 2199 1636 2246 et
1683 2191 2027 2246 memoriam

374 2281 718 2335 venerantes
731 2277 1024 2350 imprimis
1039 2278 1304 2352 gloriosae
1320 2296 1548 2352 semper
1568 2279 1810 2353 virginis
1832 2280 2027 2335 Mariis

374 2366 675 2440 genitricis
703 2368 969 2438 ejusdem
1004 2368 1097 2424 Dei
1113 2367 1413 2424 etDomini
1433 2368 1768 2425 nostriJesu
1789 2368 2027 2436 Christi,

375 2455 477 2512 scd
509 2459 567 2511 et
593 2455 898 2512 beatorum
929 2455 1348 2529 apostolorum.

450 2543 606 2600 lianc
631 2543 813 2617 igitur
839 2545 1195 2602 oblationem
1227 2544 1526 2602 servitutis
1557 2551 1792 2612 nostrae,
1837 2545 1940 2602 sed
1971 2551 2030 2602 et

375 2637 596 2689 cuncta:
628 2633 862 2690 familiae
895 2639 1025 2702 tum,
1059 2652 1420 2707 quaesumus,
1441 2635 1704 2702 Domine,
1724 2652 1900 2708 quam
1919 2635 2026 2690 tibi

377 2721 678 2778 offerimus
709 2739 812 2794 pro
843 2722 935 2778 his
957 2739 1190 2795 quoque
1211 2741 1358 2796 quos
1393 2741 1728 2796 regenerare
1751 2724 2026 2798 dignatus

377 2826 440 2866 es
471 2827 541 2866 ex
570 2827 726 2882 aqua
751 2814 810 2866 et
829 2811 1048 2882 Spiritu
1083 2817 1282 2868 sancto
1314 2812 1579 2869 tribuens
1616 2813 1700 2868 eis
1733 2812 2025 2869 remissio-

376 2914 511 2953 nem
544 2897 809 2954 omnium
841 2903 1236 2970 peccatorum,
1267 2917 1628 2972 quaesumus,
1667 2901 1928 2969 Domine,
1965 2908 2028 2957 ut

373 2984 640 3058 placatus
670 2985 797 3042 anei
804 2986 950 3060 pias.
987 2993 1113 3044 Per.

445 3077 902 3134 Pasicommunio.
937 3077 1224 3151 Spiritum
1259 3078 1448 3146 nobis,
1480 3079 1744 3146 Domine,
1769 3079 2026 3136 tuascha—

375 3163 563 3220 ritatis
593 3165 856 3234 infunde,
884 3171 951 3222 ut
1007 3184 1156 3240 quos
1204 3169 1588 3224 sacramentis
1644 3168 2025 3242 paschalibus

376 3253 625 3321 satiasti,
658 3257 760 3311 tua
785 3255 967 3312 facias
997 3255 1210 3329 pietate
1240 3258 1578 3314 concordes.
1615 3259 1785 3315 Per...
1818 3257 1876 3313 in
1901 3258 2026 3314 uni-
2055 3242 2098 3310 C

375 3345 494 3400 tate
523 3343 788 3416 ejusdem
818 3344 1068 3418 Spiritus
1097 3346 1282 3402 sancti
1307 3347 1482 3402 Deus.

661 3449 722 3489 IN
760 3449 854 3490 DIE
891 3451 1185 3491 DOMINICE
1220 3453 1449 3492 SANCTE
1487 3450 1736 3492 PASCHE.

449 3520 626 3589 Deus,
687 3523 789 3594 qui
833 3522 1116 3580 hodierna
1168 3525 1262 3580 die
1294 3541 1397 3597 per
1443 3524 1820 3597 Unigenitum
1847 3529 2022 3581 tuum

371 3609 713 3668 aeternitatis
743 3612 914 3670 nobis
945 3613 1171 3669 aditum
1217 3613 1443 3670 devicta
1488 3618 1675 3670 morte
1724 3614 2018 3687 reserasti,

368 3703 504 3756 vota
522 3705 744 3769 nostra,
777 3718 905 3773 qua:
939 3702 1344 3774 prieveniendo
1370 3701 1617 3774 aspiras,
1649 3703 1826 3759 etiam
1849 3705 2016 3776 adju-

365 3789 554 3845 vando
585 3806 955 3862 prosequere.
989 3791 1097 3846 Per
1124 3792 1417 3846 eumdem.

437 3875 669 3933 Secreta.
703 3878 967 3950 Suscipe,
989 3878 1253 3946 Domine,
1275 3895 1476 3951 preces
1535 3880 1733 3953 populi
1776 3880 2014 3939 tuicum

364 3963 759 4021 oblationibus
780 3965 1128 4035 hostiarum,
1165 3971 1228 4022 ut
1250 3967 1626 4039 paschalibus
1655 3969 1884 4026 initiata
1897 3987 2017 4044 my-

434 4115 547 4192 (μ)
579 4115 705 4192 l_)u_o
737 4117 796 4172 in
829 4117 939 4173 hac
970 4117 1150 4192 missa
1193 4123 1341 4192 sunt,
1381 4119 1756 4192 potissimum
1806 4122 2008 4178 adver-

359 4187 554 4262 tenda.
581 4187 862 4262 Primum,
895 4193 1027 4262 post
1057 4187 1521 4262 benedictionem
1552 4192 1744 4248 thuris
1786 4198 1845 4248 et
1877 4193 2008 4250 novi

355 4257 510 4343 ignis
545 4257 1134 4343 praecipiturzcantus
1185 4261 1387 4343 hymni
1433 4263 1684 4343 angelici.
1732 4263 1915 4320 Gloria
1948 4267 2008 4320 in

351 4331 580 4406 exceisis
609 4331 738 4387 Deol
761 4333 853 4406 _Ea
883 4332 992 4406 fuit
1024 4331 1333 4406 olimgerga
1353 4331 1638 4406 hymnum
1671 4335 1827 4391 hunc
1853 4353 2006 4392 reve-

353 4401 561 4476 rentia,
595 4403 832 4476 utgsolis
858 4404 1154 4476 episcopis
1173 4401 1326 4460 intra
1339 4401 1414 4460 an
1419 4423 1557 4461 num
1591 4407 2006 4464 concederetur

351 4471 538 4542 ipsius
569 4474 828 4531 recitatio
853 4471 915 4530 iri
947 4471 1164 4542 missa;
1197 4477 1420 4532 caeteris
1451 4494 1582 4533 vero
1599 4478 2002 4536 sacerdotibus

351 4489 368 4526 1
413 4489 538 4530 slus
569 4489 828 4531 recitatio
853 4493 911 4530 ιιι
947 4493 1164 4542 missa;
1197 4489 1420 4532 caeteris
1451 4494 1582 4533 vero
1599 4489 1996 4536 sacerdotibus

348 4489 440 4600 die
471 4550 699 4622 tantum
734 4546 978 4622 solemni
1011 4547 1250 4622 Pascha,
1303 4548 1403 4622 qui
1439 4566 1566 4604 mos
1617 4566 1805 4622 usque
1837 4550 1907 4606 ad
1939 4567 1996 4606 χι

2143 1957 2274 1995 mus
2303 1942 2534 1996 affectu.
2570 1941 2694 1998 Per.

2209 2030 2988 2103 I’osicommzmio.Impleatur
3003 2031 3062 2087 in
3078 2031 3268 2100 nobis,
3295 2049 3662 2106 quaesumus,
3678 2035 3797 2094 Do-

2140 2121 2314 2185 mine,
2349 2119 2698 2175 sacramenti
2731 2119 3026 2191 paschalis
3057 2125 3260 2176 sancta
3288 2119 3516 2193 libatio,
3565 2139 3797 2200 nosque

2137 2207 2207 2262 de
2239 2206 2486 2262 terrenis
2506 2208 2809 2264 affectibus
2840 2208 2912 2264 ad
2939 2207 3230 2266 caelestem
3265 2211 3581 2269 transferat
3622 2212 3793 2270 insti-

2137 2300 2353 2374 tutum.
2388 2295 2512 2352 Per.

2624 2384 2791 2424 ream
2830 2385 2913 2437 ιιι,
2955 2386 3014 2424 IN
3053 2386 3290 2426 pascua.

2207 2474 2382 2542 Deus,
2417 2473 2517 2546 qui
2551 2473 2868 2532 Ecclesiam
2886 2480 3049 2532 tuam
3082 2494 3478 2551 novosemper
3497 2479 3618 2541 fetu
3641 2481 3791 2538 mul-

2135 2562 2394 2635 tiplicas,
2425 2565 2673 2619 concede
2708 2564 2946 2620 famulis
2979 2565 3095 2622 tuis
3127 2570 3191 2622 ut
3231 2573 3672 2628 sacramentum
3695 2571 3785 2628 vi-

2135 2652 2321 2707 vendo
2353 2657 2607 2717 teneant,
2641 2653 2797 2724 quod
2825 2654 2939 2710 fide
2970 2660 3369 2728 perceperunt.
3403 2657 3531 2712 Per.

2205 2740 2440 2796 Secreta.
2474 2741 2737 2812 Suscipe,
2787 2743 3052 2812 Domine,
3108 2743 3370 2802 fidelium
3420 2762 3624 2818 preces
3653 2762 3791 2806 cum

2136 2829 2532 2886 oblationibus
2562 2830 2912 2900 hostiarum,
2941 2836 3006 2887 ut
3035 2849 3138 2905 per
3167 2832 3288 2889 haec
3319 2833 3428 2905 piae
3470 2834 3793 2896 devotionis

2135 2918 2348 2988 officia,
2381 2919 2452 2974 ad
2484 2918 2773 2976 ccelestem
2809 2919 3054 2993 gloriam
3085 2926 3477 2980 transeamus.
3512 2925 3638 2981 Per.

2206 3009 2662 3064 Posicommunio.
2697 3009 2977 3076 Concede,
3012 3026 3374 3082 quaesumus,
3415 3013 3790 3086 omnipotens

2134 3101 2309 3165 Deus,
2341 3101 2408 3153 ut
2438 3096 2732 3170 paschalis
2762 3099 3055 3171 perceptio
3084 3087 3458 3172 sacramenti,
3512 3105 3791 3163 continua

2135 3186 2194 3241 in
2218 3187 2436 3243 nostris
2467 3187 2764 3243 mentibus
2794 3193 3139 3260 perseveret.
3175 3188 3300 3246 Per.

2660 3293 2720 3332 IN
2760 3293 2966 3332 OCTAVA
3007 3294 3258 3334 PASCBJE.

2204 3366 2444 3434 Praesta,
2499 3381 2859 3438 quassumus,
2920 3366 3290 3440 omnipotens
3328 3371 3500 3438 Deus,
3555 3375 3625 3427 ut
3679 3372 3778 3446 qui

2132 3454 2430 3527 paschalia
2450 3457 2597 3512 festa
2625 3454 2960 3528 peregimus
2973 3454 3094 3511 haec
3111 3459 3168 3512 te
3195 3455 3482 3530 largiente
3513 3461 3777 3521 moribus

2131 3550 2188 3600 et
2218 3544 2334 3600 vita
2363 3548 2687 3601 teneamus.
2722 3545 2848 3600 Per.

2197 3637 2434 3690 Secreta.
2487 3633 2727 3706 Suscipe
2777 3645 3042 3701 munera,
3093 3652 3457 3707 quaesumus,
3511 3639 3772 3711 Domine,

2127 3721 2474 3778 exsultantis
2520 3721 2806 3788 Ecclesiae,
2866 3726 2926 3778 et
2953 3723 3046 3779 cui
3095 3740 3336 3781 causam
3388 3727 3535 3782 tanti
3582 3729 3778 3804 gaudii

2125 3811 2468 3884 prmstitisti,
2497 3815 2840 3884 perpetuum
2859 3812 3110 3868 fructum
3128 3813 3380 3869 concede
3409 3813 3648 3872 laetitia.
3675 3818 3779 3876 Per

2193 3901 2644 3962 Postrommunio.
2676 3899 3046 3968 Quaesumus,
3083 3901 3327 3957 Domine
3375 3901 3538 3959 Deus
3563 3911 3774 3977 noster,

2122 4001 2187 4053 ut
2216 4002 2588 4054 sacrosancta
2612 3996 2891 4070 mysteria
2905 4014 3030 4071 qua:
3046 4015 3148 4072 pro
3165 4000 3554 4072 reparationis
3568 4009 3774 4062 nostra

2117 4126 2236 4196 tres
2265 4122 2550 4196 duntaxat
2577 4122 2810 4196 missas.
2837 4123 2902 4179 Et
2924 4123 3500 4196 apuducardinalem
3553 4127 3771 4196 Bonam

2118 4193 2243 4275 (lib.
2278 4211 2316 4277 ι,
2349 4210 2400 4262 c,
2459 4194 2546 4262 ’l8;
2602 4194 2658 4264 5)
2715 4193 2991 4277 exempla
3023 4193 3400 4277 colliguntur_
3429 4195 3769 4277 sanctorum

2115 4263 2213 4338 qui
2249 4263 2446 4338 plures
2475 4263 2829 4338 unoquoque
2849 4263 2942 4321 die
2972 4263 3204 4338 sacrum
3236 4268 3552 4335 faciebant,
3573 4270 3768 4338 ibique

2115 4336 2413 4392 indoeitur
2435 4336 2648 4392 sanctae
2681 4336 2955 4394 Romanis
2983 4337 3253 4394 Ecclesia:
3284 4342 3650 4399 consuetudo
3677 4336 3766 4407 bis

2114 4413 2317 4486 terque
2349 4425 2468 4486 uno
2498 4409 2590 4486 die
2622 4408 3310 4486 sacrificiumnoil‘erendi
3333 4412 3510 4468 certis
3532 4413 3765 4486 quibus-

2113 4478 2248 4557 dam
2283 4479 2505 4557 festivis
2534 4479 2772 4557 diebus.
2794 4478 3116 4537 Concilium
3131 4481 3458 4557 Oxoniense
3486 4478 3753 4557 tempore

2111 4550 2344 4606 Honorii
2378 4551 2452 4606 Ill
2482 4551 2782 4607 mandavit
2814 4567 2994 4607 unam
3019 4557 3250 4608 tantum
3281 4553 3525 4610 missam
3551 4550 3754 4614 eodem

348 4616 651 4694 smculum,
683 4622 741 4673 et
769 4618 1008 4694 praecise
1039 4620 1110 4694 ad
1128 4613 1349 4673 annum
1377 4620 1524 4694 tum,
1543 4613 1800 4694 creditur
1818 4623 1997 4694 conti-
2025 4613 2072 4676 Ι)
2103 4623 2196 4694 die
2225 4622 2554 4694 dicendam,
2587 4623 2844 4694 exceptis
2873 4623 3082 4680 diebus
3114 4623 3336 4682 Natalis
3385 4629 3444 4681 et
3472 4624 3748 4685 Resurre-

346 4689 972 4772 ιιιιεῃςιιε..’.Ξίξειιιιιᾴιιιιιτζ
1005 4691 1590 4772 [nissa,_guamnhic-
1611 4691 1898 4772 habemus
1927 4693 1986 4748 in
2097 4693 2310 4772 ctionis
2339 4689 2751 4772 Domini,_etin
2766 4694 3058 4772 exsequiis
3083 4695 3469 4772 aesepultura
3489 4704 3746 4772 mortuo-

385 4758 640 4833 rivilegio
673 4761 902 4816 Paschze
934 4758 1396 4817 Resurrectibnis
1428 4762 1680 4829 Domini,
1727 4763 1988 4822 celebra-

2097 4783 2251 4821 rum.
2283 4766 2345 4842 _In
2371 4782 2547 4842 regno
2576 4764 3080 4842 Valentizeet'aliis
3105 4764 3392 4842 Hispaniae
3406 4769 3746 4842 regionibus

341 4774 640 4883 Erlvuegio
673 4774 902 4816 Paeonas
934 4774 1396 4817 ttesurrecuoms
1428 4774 1680 4829 Uomml,
1727 4774 1988 4822 celebra-
2097 4783 2251 4821 rum.
2285 4774 2345 4821 ιιι
2371 4782 2547 4838 regno
2581 4774 2850 4820 Valentize
2867 4774 2926 4820 et
2950 4774 3080 4822 aliis
3105 4774 3392 4893 Hispaniae
3406 4774 3746 4842 regionibus

237 4829 250 4838 ’
343 4899 354 4905 _
383 4836 515 4905 atur
543 4838 731 4905 nocte,
767 4838 832 4905 ut
861 4833 1063 4905 liquet
1092 4849 1161 4905 ex
1203 4834 1492 4905 precibus.
1527 4835 1650 4890 Non
1695 4835 1987 4893 immerito
2098 4837 2428 4894 sacerdotes
2461 4837 2550 4892 bis
2581 4842 2639 4892 et
2667 4841 2754 4893 ter
2783 4835 3156 4893 celebrabant
3225 4837 3276 4894 ie
3307 4838 3746 4897 Commemora-

339 4899 520 4979 igitur
549 4899 1092 4979 solemnishic'dies
1121 4899 1274 4979 inter
1294 4905 1726 4979 polyliturgicos
1747 4912 1835 4962 est
1857 4909 1986 4979 reji-

339 4973 605 5053 cniendus,
631 4975 792 5053 sicut
819 4973 1366 5053 NatalitiusChristi
1391 4973 1792 5053 mmini;_d'es
1827 4973 1982 5053 nol'y-

2094 4909 2272 4964 tionis
2301 4907 2566 4984 omnium
2580 4907 3252 4984 Defunctornmlsiveex
3282 4909 3606 4984 privilegio,
3631 4911 3747 4984 sive

2093 4997 2160 5034 ex
2191 4980 2632 5035 consuetudine.
2667 4979 2763 5034 SS.
2799 4979 2864 5034 D.
2894 4979 2962 5034 N.
2995 4979 3344 5050 Benedictus
3373 4979 3520 5038 ΧΙνῖ
3572 4982 3634 5038 Ρ.
3666 4983 3742 5040 Μ.

339 5041 594 5123 lit_uI_-gici
617 5045 667 5123 lii
703 5052 843 5123 sunt
869 5047 925 5102 in
945 5048 1254 5123 quihnsab
1274 5048 1441 5123 unico
1456 5051 1756 5123 sacerdote
1788 5041 1983 5122 plures
2092 5069 2200 5123 sua
2230 5052 2504 5108 decretali
2539 5041 3392 5123 novissimeeditahujusmo'di
3423 5059 3743 5110 consuetu-

337 5113 708 5195 celebrantur
728 5113 1372 5195 missmﬁiuorumduos
1404 5119 1760 5195 habemusin
1783 5113 1980 5195 nostro
2089 5121 2285 5195 dinem
2319 5124 2624 5195 confirmat
2647 5121 2980 5195 etampli‘at.
3013 5113 3282 5195 His'ergo
3306 5124 3458 5195 fixus
3499 5125 3740 5195 rationi-

337 5185 563 5266 missali
594 5187 764 5266 libro;
789 5189 940 5266 diem
965 5185 1175 5266 nempe
1201 5190 1250 5266 _N
1259 5189 1473 5266 ntalem
1487 5192 1726 5266 Domini
1743 5197 1798 5266 et
1823 5193 1980 5266 diem
2088 5194 2202 5266 bus
2222 5193 2373 5250 inter
2394 5185 2838 5266 polyliturgicos
2851 5192 3011 5266 dies,
3029 5193 3184 5251 sicut
3201 5185 3468 5266 Natalem
3484 5194 3738 5266 Domini,

335 5255 819 5315 Resurrectionis.
848 5262 1018 5317 Varia
1048 5255 1682 5319 sifntinecclesiasticis
1714 5263 1978 5321 historiis
2088 5264 2167 5320 ita
2199 5255 2413 5320 festum
2473 5255 2934 5320 Resurr'ectionis
2984 5255 3215 5321 Domini
3273 5282 3576 5324 recensere
3623 5255 3732 5325 non

2085 5335 2340 5408 ambigo.
2372 5338 2444 5390 At
2471 5334 2520 5390 si
2553 5334 2688 5408 quis
2716 5333 2891 5403 dicat,
2925 5339 2990 5391 ut
3019 5336 3260 5408 quidam
3314 5354 3577 5408 asserere
3620 5355 3732 5396 non

2083 5406 2376 5482 dubitant,
2414 5422 2528 5482 npn
2557 5406 3126 5482 ab_uno_sacerdot_e_,
3151 5409 3252 5482 sed
3282 5426 3318 5466 a
3347 5407 3621 5482 pluribus
3639 5427 3730 5466 sa-

2082 5477 2582 5552 criﬁciumolferri
2613 5475 2730 5552 illis
2786 5477 3008 5552 festivis
3057 5478 3286 5549 diebus,
3319 5475 3541 5552 q'uibus
3596 5481 3722 5544 dum

2082 5549 2274 5622 missae
2306 5549 2591 5622 adnotatas
2606 5547 3102 5622 gleguntur,_l_egat,
3117 5547 3355 5622 quasso,—
3369 5552 3724 5612 cardinal‘em

2082 5566 2274 5603 missae
2306 5566 2591 5605 annomtae
2619 5566 3102 5622 leguntumegat,
3159 5567 3334 5620 usaso,
3369 5566 3724 5612 carumat‘em

2079 5620 2297 5698 Bonam
2331 5619 2388 5675 in
2422 5619 2548 5698 suis
2578 5619 2868 5698 liturgicis
2917 5620 3084 5698 libris
3249 5623 3306 5696 8)
3358 5622 3474 5698 qui
3493 5640 3725 5691 summa

2076 5691 2403 5754 eruditione
2435 5692 2587 5752 hanc
2617 5691 2954 5770 opinionem
2987 5691 3218 5755 refellit.

331 5328 597 5411 exempla
624 5331 696 5384 de
726 5329 834 5384 hoc
863 5333 1273 5411 antiquissimo
1323 5333 1752 5411 ri_tu.___Ca_u_tum
1783 5339 1872 5390 est
1901 5337 1974 5411 ab

331 5351 597 5411 exempla
624 5351 696 5384 ae
726 5351 834 5384 nou
863 5351 1004 5386 antu
1031 5351 1273 5388 unssuno
1323 5351 1455 5388 ritu.
1507 5351 1752 5389 uaumm
1783 5351 1872 5390 eet
1901 5351 1971 5394 an

330 5398 693 5478 [Emeritense
721 5401 962 5478 concilio
993 5351 1142 5474 genu.
1185 5403 1266 5478 l9)
1298 5405 1408 5460 sub
1449 5404 1736 5478 Vitaliano
1785 5409 1971 5478 ponti-

326 5469 433 5550 fice
464 5477 622 5550 post.
653 5469 1013 5550 mediumvn
1073 5469 1373 5550 saeculum,
1416 5483 1509 5550 _ul_
1545 5469 1824 5550 presbyter
1878 5481 1976 5550 qui

316 5541 508 5620 piurés
536 5541 634 5620 sul)
663 5556 759 5620 suo
799 5546 1088 5620 regimine
1110 5547 1299 5620 habet
1320 5541 1613 5620 ecclesias,
1641 5541 1972 5620 in'singiitis

318 5612 682 5689 giie._domini
735 5612 948 5689 sacram
975 5619 1165 5687 faciat.
1207 5616 1760 5689 Salcgunstadiense
1813 5612 1968 5676 cele-

317 5681 552 5739 bratum
584 5698 738 5762 anno
772 5685 909 5762 1032
937 5681 1086 5762 (cap.
1117 5688 1174 5762 5)
1205 5681 1450 5762 praalixit
1487 5707 1796 5748 numerum
1825 5693 1962 5750 mis-

316 5766 514 5828 arum,
547 5760 604 5818 et
632 5754 886 5816 decrevit
913 5754 1122 5833 nequis
1151 5754 1476 5834 presumat
1547 5762 1962 5824 celebrarenisi
