3896 6216
142 337 263 423 eis

1329 348 2059 423 SACRAMENTARIUM
2107 359 2388 428 VETUS.

3446 345 3570 424 950

128 488 487 549 ‘munimine‘
515 489 835 562 contulisti,
869 495 926 550 et
963 508 1220 567 presens
1269 493 1439 551 nobis
1483 494 1809 551 remedium
1838 486 1893 559 A’
1920 494 2133 565 vimus,
2168 495 2410 571 implere
2440 491 2654 554 caelesti
2686 492 3067 569 inspiratione
3104 479 3565 554 valeamus.Per'

141 584 273 640 esse
299 576 489 640 faeias
520 586 578 639 et
607 582 894 640 futurum.
926 582 1051 640 Per.

297 686 416 762 (15)
446 707 506 744 IN
545 707 743 746 NATALI
783 707 974 748 SANC’I‘I
1017 709 1194 747 MARCI
1234 708 1647 749 BVANGELIS'M-Z.

211 788 403 862 Deus,
435 796 536 868 qui
569 795 722 853 hanc
752 797 927 865 diem,
951 797 1188 871 gloriosi
1235 799 1385 855 beati
1420 799 1595 855 Marci
1628 816 1805 855 evan-

139 884 367 959 gelistaa
400 883 487 939 tui
521 885 803 958 martyrio
823 886 1198 956 consecrasti,
1223 892 1805 960 praesta,qua3sumus

138 978 203 1031 ut
236 974 366 1047 ipse
399 974 557 1046 apud
578 977 635 1030 te
666 991 769 1047 pro
799 975 967 1031 nobis
997 975 1207 1032 existat
1236 976 1564 1050 praecipuus
1593 979 1801 1033 suifra-

137 1067 326 1137 gator,
379 1061 485 1135 qui
526 1062 822 1135 Unigeniti
880 1064 965 1119 tui
1006 1065 1130 1121 fieri
1166 1066 1381 1121 meruit
1431 1066 1801 1139 evangelieus

135 1151 510 1225 praedicator.
545 1151 655 1218 Qui
685 1156 899 1209 tecum.

201 1242 450 1297 Secreta.
488 1240 753 1314 Suscipe,
787 1259 1150 1315 quaesumus,
1185 1245 1449 1310 Domine,
1490 1246 1799 1317 dignanter

135 1329 354 1397 oblata,
391 1334 451 1386 et
480 1329 635 1386 beati
694 1330 876 1387 Marci
927 1332 1295 1405 evangelista:
1335 1333 1796 1406 suifragantibus

134 1418 363 1476 meritis
394 1418 473 1475 ad
506 1422 716 1475 nostra:
749 1419 957 1477 salutis
1004 1420 1284 1477 auxilium
1326 1421 1628 1494 provenire
1658 1438 1793 1477 eon-

129 1507 290 1565 cede.
325 1508 459 1564 Per.

198 1599 668 1653 Pastcammunia.
700 1597 1068 1667 Ccelestibus,
1115 1599 1377 1668 Domine,
1430 1601 1627 1657 refecti
1657 1616 1793 1657 mu-

128 1686 379 1745 neribus
409 1686 711 1760 supplices
733 1689 1132 1761 deprecamur,
1156 1693 1222 1745 ut
1240 1689 1393 1745 beati
1417 1690 1596 1746 Marci
1625 1706 1793 1746 evan-

125 1774 347 1850 gelista
377 1780 437 1832 et
470 1777 748 1848 martyris
777 1779 864 1833 tui
909 1782 1287 1851 protegamur
1323 1778 1577 1844 auxiliis,
1619 1779 1791 1851 cujus

125 1864 349 1921 devotis
381 1865 691 1921 mentibus
722 1865 1088 1923 celebramus
1120 1867 1509 1940 triumphum.
1544 1868 1668 1923 Per.

529 1989 589 2029 IN
627 1990 720 2029 DIE
757 1990 1120 2031 ASCENSIONIS
1159 1991 1384 2030 DOMINI.

191 2078 489 2149 Concede,
522 2097 884 2153 quasumus,
937 2080 1309 2154 omnipotens
1359 2085 1530 2146 Deus,
1581 2078 1785 2152 utqui

122 2167 410 2226 hodierna
441 2169 540 2225 die
572 2169 950 2243 Unigenitum
982 2175 1151 2225 tuum
1182 2171 1610 2242 redemptorem
1651 2186 1785 2225 nos-

121 2262 280 2315 trum
331 2259 407 2315 ad
443 2257 624 2316 caelos
673 2259 1008 2316 ascendisse
1047 2259 1363 2325 credimus,
1392 2258 1504 2332 ipsi
1553 2275 1785 2331 quoque

122 2351 316 2404 mente
345 2347 409 2402 in
443 2346 780 2405 caelestibus
811 2347 1161 2405 habitamus.
1204 2348 1312 2403 Per
1353 2349 1626 2404 eumdem
1676 2352 1783 2402 Do-

116 2435 356 2493 minum
389 2440 687 2493 nostrum.

189 2525 436 2582 Secreta.
471 2526 732 2598 Suscipe,
767 2526 1027 2595 Domine,
1062 2542 1327 2592 munera,
1360 2542 1486 2598 quze
1514 2543 1617 2598 pro
1656 2524 1783 2581 Filii

121 2613 207 2670 tui
236 2613 504 2687 gloriosa
533 2615 876 2671 ascensione
906 2616 1241 2683 deferimus,
1275 2619 1332 2671 et
1367 2616 1617 2672 concede
1656 2631 1784 2687 pro-

122 2701 405 2774 pitius,ut
437 2718 471 2757 a
495 2703 879 2774 praesentibus
927 2703 1202 2777 periculis
1248 2702 1587 2772 liberemur,
1624 2707 1680 2758 et
1710 2703 1781 2759 ad

121 2790 302 2846 vitam
327 2791 741 2863 perveniamus
772 2796 1068 2849 (sternam.
1105 2793 1209 2848 Per
1238 2793 1530 2848 eumdem.

187 2879 487 2951 Praefatio.
524 2879 604 2951 (χι)
633 2879 862 2935 Ᾰέιειιηθ
910 2885 1083 2948 Deus,
1115 2898 1217 2954 per
1263 2881 1555 2937 Christum
1587 2881 1781 2938 Domi-

119 2965 270 3023 num
308 2969 608 3022 nostrum.
658 2967 765 3031 Qui
798 2973 931 3041 post
979 2970 1459 3026 resurrectionem
1506 2970 1781 3027 omnibus

117 3052 449 3126 discipulis
482 3055 605 3111 suis
654 3057 1002 3112 manifestus
1041 3058 1333 3130 apparuit,
1365 3062 1422 3114 et
1469 3058 1613 3129 ipsis
1667 3076 1785 3115 cer-

119 3142 413 3200 nentibus
446 3148 536 3200 est
565 3143 820 3201 elevatus
852 3145 909 3200 in
943 3146 1171 3213 ccelum,
1204 3150 1268 3201 ut
1310 3164 1416 3202 nos
1459 3147 1780 3205 divinitatis

120 3250 239 3291 sum
267 3232 559 3288 tribueret
589 3249 719 3290 esse
750 3232 1082 3308 participes.
1114 3236 1185 3291 Et
1212 3235 1362 3291 ideo.

187 3320 717 3379 Communicantes
747 3326 803 3380 et
817 3323 971 3379 diem
994 3323 1461 3381 sacratissimum
1494 3324 1782 3381 celebran-

120 3413 228 3479 tes,
262 3427 385 3483 quo
438 3410 723 3468 Dominus
779 3417 976 3469 noster
1026 3412 1363 3486 unigenitue
1421 3413 1603 3470 Filius
1646 3419 1786 3471 tuus

124 3498 351 3556 unitam
368 3499 485 3556 sibi
506 3500 842 3573 fragilitatis
865 3505 1075 3557 nostra;
1097 3502 1489 3559 substantiam
1509 3503 1567 3558 in
1590 3503 1785 3575 gloriae

122 3592 233 3645 tua;
264 3589 508 3646 dextera
535 3588 860 3647 collocavit.
895 3590 1008 3646 Sed
1040 3595 1098 3647 et
1126 3590 1492 3647 memoriam.

193 3679 545 3735 Communia.
580 3679 793 3736 Praesta
825 3679 1014 3748 nobis,
1038 3697 1399 3753 quaesumus,
1419 3680 1786 3753 omnipotens

124 3768 181 3820 et
208 3765 549 3822 misericors
578 3766 825 3834 Deus,ut
854 3783 982 3839 quae
1012 3765 1343 3824 visibilibus
1370 3768 1664 3841 mysteriis
1695 3784 1788 3823 su-

121 3854 340 3910 menda
369 3853 767 3927 percepimus,
792 3854 1074 3911 invisibili
1095 3870 1533 3929 consequamur
1553 3856 1783 3913 effectu.

127 3940 253 3999 Per.
1333 3932 1340 3940 ’

437 4047 691 4087 SABBATO
722 4047 934 4088 SANC’I‘O
975 4050 1033 4088 IN
1067 4050 1469 4089 PENTECOS’I‘EN‘.

132 4196 135 4197 ν
196 4129 345 4192 Lact:
378 4136 650 4192 Tentavit
678 4137 854 4193 Deus.
885 4139 1038 4210 Resp.
1071 4139 1384 4195 Cantemus
1418 4144 1550 4195 Deo.

196 4224 412 4282 Oratio.
450 4223 605 4279 Deus
636 4225 736 4296 qui
766 4224 829 4279 in
858 4225 1100 4281 Abrahae
1132 4227 1334 4282 famuli
1365 4227 1448 4283 tui
1481 4245 1651 4301 opere
1682 4228 1787 4283 hu-

130 4328 304 4370 mano
335 4312 537 4387 generi
563 4311 907 4369 obedientiaa
930 4313 1193 4385 exempla
1209 4316 1786 4386 praebuisti,eoneede

135 4402 300 4459 nobis
324 4419 395 4458 ex
427 4406 639 4458 nostra:
680 4401 998 4459 voluntatis
1037 4403 1377 4474 pravitatem
1414 4406 1696 4479 frangere,
1730 4412 1789 4464 et

134 4495 372 4547 tuorum
404 4494 830 4564 praceptorum
862 4492 1270 4548 rectitudinem
1301 4493 1361 4548 in
1388 4495 1661 4551 omnibus
1694 4497 1789 4552 ad-

136 4577 395 4651 implere.
434 4568 559 4635 Per.

205 4671 351 4724 Lact.
387 4666 634 4741 Scripsit
666 4668 914 4742 Moyses.
950 4671 1100 4742 Resp.
1134 4670 1382 4727 Attende
1402 4671 1633 4727 caelum.

210 4756 420 4814 Oratio.
474 4761 650 4823 Deus,
715 4756 816 4831 qui
870 4757 1039 4815 nobis
1068 4775 1172 4831 per
1210 4759 1629 4832 prophetarum
1689 4779 1790 4820 ora

142 4847 463 4918 prmeepisti
494 4846 840 4920 temporalia
869 4846 1218 4921 relinquere,
1251 4852 1425 4922 atque
1463 4851 1535 4906 ad
1576 4855 1791 4908 aeterna

146 4929 437 5006 festinare,
473 4935 548 4991 da
579 4934 820 4991 famulis
849 4936 987 5005 tuis,
1020 4941 1087 4992 ut
1105 4955 1233 5010 qua:
1262 4955 1297 4993 a
1324 4939 1562 5011 tejussa
1579 4957 1788 5014 cogno-

214 5092 325 5161 (15)
348 5094 413 5150 In
446 5094 634 5168 prima
665 5096 848 5168 hujus
880 5097 1073 5153 missae
1105 5098 1364 5155 oratione
1384 5104 1624 5156 sanctus
1646 5102 1793 5157 Mar-

150 5174 249 5241 cus
276 5166 541 5239 martyrii
572 5166 762 5239 gloria
785 5169 1094 5225 decoratur
1122 5176 1326 5226 contra
1347 5174 1657 5243 quosdam,
1692 5174 1793 5245 qui

150 5245 338 5303 Ipsum
369 5253 401 5292 e
457 5254 702 5294 numero
748 5247 1067 5313 martyrum
1115 5250 1480 5316 expungunt,
1526 5245 1796 5316 quamvis

153 5300 599 5385 Gelasiuspapa
623 5310 776 5385 clare
808 5312 1319 5385 illumgmartyrem
1353 5321 1531 5371 vocet.
1581 5317 1793 5371 Eorum

154 5376 343 5459 opinio
363 5376 462 5459 his
493 5376 1119 5459 nationibusp‘rzeeipue
1141 5376 1515 5459 nititur,quia
1533 5387 1801 5443 videlicet

154 5456 337 5529 ειεςῃεδ
363 5450 672 5520 Eusebius,
686 5454 802 5529 qui
818 5450 979 5510 illius
1002 5450 1131 5529 aeta
1152 5450 1615 5529 _seripsit‘(lib.11,
1650 5460 1799 5526 ο.14,

159 5512 365 5598 “ti—lib.
398 5538 480 5590 ιιι,
514 5512 831 5596 οαρ.ἰι’1ι.),
863 5541 1053 5598 neque
1094 5512 1356 5584 Isidorus
1398 5512 1800 5584 vocent'illiurn

158 5590 1051 5671 martyrem,nequemartyrium
1082 5598 1280 5671 dicant
1298 5600 1492 5671 fuisse
1518 5617 1760 5671 passum
1788 5617 1803 5667 ;

1990 586 2129 642 Lect.
2160 587 2613 659 Apprehendent
2643 589 2865 659 septem
2896 585 3190 643 mulieres.
3225 587 3374 657 Resp.
3409 586 3571 644 Sicut

1916 689 2141 731 θοι-νυε.

1988 766 2192 821 Oratio.
2227 765 2380 822 Deus
2411 764 2912 822 incommutabilis
2941 764 3150 833 virtus,
3181 764 3380 820 lumen
3410 769 3574 823 aeter-

1914 870 2080 922 num,
2114 855 2335 927 respice
2368 855 2657 927 propitius
2690 854 2761 909 ad
2811 854 2991 911 totius
3021 854 3285 909 Ecclesia:
3311 857 3423 909 tuae
3456 854 3565 909 mi-

1912 941 2093 997 rabile
2123 948 2577 1009 sacramentum,
2610 947 2666 998 et
2718 960 2867 1015 opus
2897 943 3105 999 salutis
3134 943 3405 999 humanae
3436 960 3564 1016 per-

1910 1032 2094 1102 petuae
2125 1031 2528 1104 dispositionis
2557 1034 2761 1088 effectu
2783 1031 3160 1104 tranquillius
3182 1048 3440 1104 operare,
3474 1036 3561 1089 to-

1908 1123 2123 1192 tusque
2155 1121 2414 1176 mundus
2444 1121 2776 1194 experiatur
2805 1126 2861 1176 et
2904 1122 3097 1177 videat
3136 1122 3361 1193 dejeeta
3391 1121 3557 1193 erigi,

1907 1208 2225 1265 inveterata
2253 1210 2471 1275 novari,
2504 1214 2560 1265 et
2586 1227 2688 1281 per
2715 1210 2913 1282 ipsum
2948 1210 3135 1265 redire
3163 1210 3363 1266 omnia
3391 1211 3451 1266 in
3474 1210 3560 1265 in-

1903 1301 2157 1371 tegrum,
2190 1314 2223 1353 a
2255 1315 2369 1370 quo
2402 1315 2707 1370 sumpsere
2737 1298 3110 1372 principium.
3148 1299 3268 1355 Per.

1976 1387 2182 1441 Oratio.
2216 1380 2450 1455 Praesta,
2485 1403 2846 1459 qumsumus,
2889 1388 3258 1460 omnipotens
3288 1388 3462 1457 Deus,
3492 1392 3558 1444 ut

1903 1474 2187 1531 claritatis
2218 1479 2330 1531 tua:
2363 1475 2640 1548 splendor
2683 1476 2978 1549 effulgent,
3025 1480 3081 1532 et
3111 1477 3213 1531 lux
3240 1480 3352 1532 tuas
3403 1476 3554 1532 lucis

1902 1564 2077 1620 corda
2105 1581 2328 1632 eorum,
2366 1564 2467 1635 qui
2506 1580 2610 1637 per
2656 1565 2905 1636 gratiam
2948 1568 3113 1620 tuam
3159 1564 3341 1620 renati
3391 1568 3551 1631 sunt,

1901 1654 2087 1709 sancti
2111 1652 2364 1726 Spiritus
2396 1652 2787 1709 illustratione
2818 1653 3139 1708 confirmet.
3177 1652 3302 1707 Per.

1971 1742 2204 1798 Secreta.
2236 1742 2501 1809 Munera,
2528 1741 2787 1810 Domine,
2818 1757 3180 1813 quaesumus,
3203 1739 3399 1795 oblata
3420 1756 3552 1795 san-

1819 1864 1868 1930 B
1899 1829 2108 1898 ctiﬁea,
2143 1835 2200 1887 et
2229 1830 2403 1887 corda
2425 1834 2625 1887 nostra
2653 1830 2836 1887 sancti
2870 1829 3126 1903 Spiritus
3167 1827 3553 1884 illustratione

1898 1920 2172 1975 emunda.
2208 1924 2335 1975 Per.

1968 2003 2485 2065 Communicantes
2537 2011 2595 2064 et
2641 2008 2795 2064 diem
2837 2006 3306 2064 sacratissimum
3352 2005 3553 2075 Pente-

1896 2101 2096 2152 costen
2129 2097 2513 2164 celebrantes,
2546 2114 2659 2169 quo
2693 2096 2949 2168 Spiritus
2998 2099 3239 2152 sanctus
3270 2094 3553 2168 apostolis

1898 2185 1954 2240 in
1986 2186 2161 2241 variis
2193 2186 2414 2258 linguis
2445 2186 2737 2258 apparuit.
2772 2186 2883 2240 Sed
2916 2188 2973 2240 et
3005 2184 3370 2241 memoriam.

1967 2274 2126 2330 Hanc
2156 2274 2336 2347 igitur
2365 2273 2721 2330 oblationem
2755 2274 3054 2330 servitutis
3097 2276 3331 2338 nostris,
3365 2272 3465 2329 sed
3497 2274 3555 2329 et

1894 2366 2116 2417 cunelae
2147 2362 2381 2418 familia:
2415 2367 2550 2434 tuae,
2608 2376 2790 2434 quam
2834 2360 2943 2417 tibi
2993 2361 3295 2416 offerimus
3326 2377 3430 2433 pro
3459 2360 3554 2418 his

1892 2467 2127 2523 quoque
2156 2468 2304 2523 quos
2333 2467 2672 2524 regenerare
2702 2451 2977 2524 dignatus
3008 2466 3148 2506 esex
3169 2466 3322 2522 aqua
3350 2452 3407 2506 et
3429 2450 3553 2522 Spi-

1892 2539 2009 2596 ritu
2041 2543 2242 2596 sancto
2274 2539 2543 2595 tribuens
2574 2538 2659 2595 eis
2689 2537 3095 2596 remissionem
3129 2539 3395 2595 omnium
3425 2554 3551 2611 pee-

1893 2632 2179 2699 eatorum,
2213 2645 2577 2701 quaesumus,
2610 2628 2948 2698 Domine,ut
2977 2626 3242 2700 placatus
3271 2626 3545 2702 accipias,

1892 2717 2135 2789 diesque
2165 2723 2417 2774 nostros.

1966 2806 2305 2863 Communia.
2340 2805 2534 2863 Sancti
2556 2804 2833 2877 Spiritus,
2866 2804 3126 2874 Domine,
3146 2806 3324 2862 corda
3343 2809 3545 2863 nostra

1892 2897 2136 2953 mundet
2164 2895 2403 2963 infusio,
2436 2899 2492 2951 et
2538 2894 2631 2950 sui
2682 2893 2830 2950 roris
2881 2893 3218 2967 aspersione
3248 2893 3539 2951 fecundet.

1892 2985 1956 3041 In
1987 2984 2231 3041 unitate.

2280 3091 2335 3129 IN
2369 3090 2462 3128 οιε
2492 3090 2705 3128 SANCTO
2740 3088 3146 3129 PENTECOSTZS.

1961 3167 2133 3230 Deus,
2168 3162 2267 3235 qui
2327 3161 2612 3217 hodierna
2663 3160 2758 3215 die
2807 3161 2983 3216 corda
3040 3159 3302 3215 fidelium
3353 3150 3539 3216 sancti

1814 3228 1857 3294 C
1897 3228 2149 3323 Spiritus
2182 3228 2572 3307 illustratione
2616 3246 2886 3315 docuisti,
2918 3248 2994 3303 da
3040 3248 3209 3303 nobis
3249 3247 3309 3302 in
3339 3249 3543 3305 eodem

1893 3339 2103 3413 spiritu
2135 3343 2290 3395 recta
2317 3354 2542 3411 sapere,
2567 3341 2620 3392 et
2654 3337 2725 3393 de
2748 3337 2877 3408 ejus
2901 3352 3133 3409 semper
3147 3336 3543 3394 consolatione

1892 3428 2165 3501 gaudere.
2200 3427 2325 3482 Per.

1966 3518 2199 3574 Secreta.
2233 3517 2494 3580 Munera,
2529 3531 2888 3588 quaesumus,
2913 3513 3175 3583 Domine,
3195 3511 3389 3570 oblata
3419 3530 3548 3571 san-

1895 3604 2085 3662 etiiica
2114 3609 2171 3661 et
2200 3604 2375 3660 corda
2404 3609 2604 3659 nostra
2633 3603 2820 3660 sancti
2868 3602 3120 3675 Spiritus
3158 3600 3549 3661 illustratione

1895 3695 2170 3751 emunda.
2205 3697 2332 3749 Per.

1966 3784 2248 3854 Praefatio.
2284 3783 2364 3854 (τι)
2394 3781 2623 3836 [Ειει-ηθ
2670 3781 2824 3836 Deus
2871 3796 2975 3852 per
3013 3778 3312 3835 Christum
3345 3779 3546 3836 Domi-

1898 3890 2040 3929 num
2074 3870 2476 3941 nostrum,qui
2512 3869 2833 3925 ascendens
2877 3886 3055 3941 super
3096 3885 3299 3924 omnes
3346 3869 3543 3937 oculos,

1896 3962 2223 4033 sedensque
2254 3959 2324 4015 ad
2358 3960 2652 4015 dexteram
2675 3961 2860 4023 tuam,
2885 3957 3243 4030 promissum
3263 3957 3545 4031 Spiritum

1894 4054 2165 4106 sanctum
2196 4048 2474 4104 hodierna
2508 4047 2601 4103 die
2650 4047 2708 4101 in
2758 4046 2911 4103 filios
2954 4045 3287 4119 adoptionis
3318 4046 3543 4118 effudit,

1894 4143 2250 4211 quapropter
2280 4137 2537 4209 profusis
2557 4134 2788 4209 gaudiis
2818 4138 2976 4191 totus
2998 4135 3057 4190 in
3088 4136 3225 4192 orbe
3254 4139 3544 4193 terrarum

1894 4227 2155 4283 mundus
2185 4226 2454 4291 exsultat,
2489 4225 2589 4280 sed
2639 4229 2697 4279 et
2746 4241 3011 4297 superna
3058 4225 3325 4293 virtutes,
3370 4228 3546 4297 atque

1896 4315 2167 4388 angelicae
2194 4318 2510 4387 potestates
2541 4313 2826 4385 hymnum
2849 4313 3045 4387 glorias
3070 4313 3389 4370 eoneinunt
3419 4313 3547 4370 sine

1895 4404 2010 4460 fine
2040 4404 2317 4459 dicentes.

1967 4493 2501 4554 Cnmmunieantes,
2538 4500 2596 4547 ut
2624 4508 2813 4563 supra.

1818 4594 1866 4659 ι)
1966 4582 2125 4639 Hane
2156 4582 2355 4655 igitur.
2392 4584 2454 4639 Ut
2482 4597 2668 4652 supra.

1972 4672 2310 4728 Communia.
2369 4669 2563 4726 Sancti
2622 4668 2900 4742 Spiritus,
2958 4666 3226 4737 Domine,
3285 4671 3545 4724 tuorum.

1898 4762 2125 4833 Reliqua
2158 4762 2217 4815 in
2248 4760 2458 4830 vigilia.

2355 4865 2415 4904 ΙΝ
2456 4865 2707 4904 DEDICATI
2717 4864 2825 4903 UNE
2861 4863 3092 4902 TEMPLI.

1969 4940 2149 5008 Deus,
2181 4938 2281 5010 qui
2316 4938 2486 4994 nobis
2516 4955 2620 5010 per
2649 4936 2914 5009 singulos
2946 4951 3134 4992 annos
3163 4935 3342 5007 hujus
3364 4937 3552 4995 sancti

1904 5102 2216 5173 martyr.fn
2250 5113 2469 5173 canone
2499 5096 2651 5152 enim
2672 5095 2863 5150 locum
2883 5095 3111 5173 habent
3126 5095 3312 5173 sancti
3342 5100 3556 5173 marty-

1904 5113 2216 5173 martymn
2250 5113 2469 5153 canone
2499 5113 2651 5152 enim
2676 5113 2863 5150 locum
2892 5113 3111 5151 nauem
3126 5113 3312 5151 sanen
3342 5113 3551 5221 mang-

1904 5190 2024 5231 res.
2053 5170 2486 5227 eont‘essoribus
2521 5183 2753 5239 semper
2780 5166 3215 5232 exclusis,teste
3243 5167 3404 5223 Bona
3423 5167 3485 5291 {li
3518 5207 3551 5247 ..

1904 5243 2310 5291 n-n-12.n.ii.i
2330 5243 2598 5291 Attamen
2628 5242 2791 5291 tanta
2821 5241 2910 5291 est
2954 5238 3014 5291 in
3063 5237 3320 5291 Ecclesia
3340 5238 3420 5291 Ge
3446 5237 3551 5291 asii

1904 5243 2310 5311 11,c.i2,n.ii.)
2330 5243 2598 5295 Attamen
2628 5237 2791 5311 tanta
2818 5241 2910 5311 est
2954 5238 3014 5293 in
3063 5237 3320 5311 Ecclesia
3340 5237 3556 5311 Gelasii

1907 5307 2221 5371 auctoritas
2254 5307 2316 5367 ut
2347 5328 2580 5367 omnem
2612 5308 3003 5380 suspicionem
3028 5308 3356 5380 tollat,eum
3379 5307 3554 5380 dicat:

1908 5388 1970 5441 In
2000 5388 2290 5456 Egyptum
2318 5384 2556 5458 directus
2579 5379 2823 5458 verbum
2841 5382 3108 5458 puritatis
3135 5379 3474 5458 praedicavit,
3508 5384 3560 5458 at

1909 5447 2150 5528 glorias?
2171 5455 2566 5528 consummavit
2585 5447 2938 5528 martyrium.
2970 5447 3313 5528 Auctoritati
3341 5447 3560 5528 Gelasii

1912 5517 2095 5583 altera
2126 5527 2345 5581 accedit
2377 5525 2555 5579 nostri
2598 5517 3067 5588 Sacramentarii,
3101 5522 3158 5576 in
3192 5536 3306 5592 quo
3333 5517 3561 5592 saeculo

1911 5616 1966 5653 ιι
1999 5597 2326 5670 appellatur
2350 5600 2587 5670 martyr.
2617 5592 2978 5670 Testimonio
3174 5587 3386 5670 saeculo
3418 5587 3560 5645 vvel

161 5653 401 5740 ideoque
424 5653 655 5740 Marcus
685 5653 971 5733 (idemudie
1002 5669 1071 5740 de
1089 5653 1806 5740 Luea),inean_oneimissai
1914 5686 1976 5740 vi
2002 5653 2215 5740 legitur
2244 5668 2305 5721 in
2346 5653 2670 5740 fragmento
2721 5663 3051 5740 Kalendarii
3101 5663 3476 5740 Moaarabum
3506 5673 3561 5711 vr

164 5740 274 5785 non
295 5710 393 5792 cst
428 5710 739 5811 ascriptus,
791 5756 924 5795 cum
971 5710 1350 5796 dubiumwl’si‘t
1920 5710 1997 5796 id.
2030 5710 2185 5795 Ιτῗεὺν.
2218 5739 2393 5793 sancti
2423 5710 2599 5795 Datami
2616 5733 2963 5805 evangelista
2987 5740 3040 5791 et
3067 5734 3349 5804 martyris.
