3896 6216
152 319 272 386 88⁵1

1321 297 2059 374 SACRAMENTABI‘UM.
2095 296 2378 369 VETUS.

3433 290 3553 361 858

166 449 370 525 Spiritu
387 441 742 516 sancto,sine
764 438 1469 505 diti'erentiadiscretionis
1483 440 1796 507 sentimus,
1828 436 1883 504 Α
1983 434 2327 525 Communia.
2359 431 2523 497 Quod
2555 428 2775 525 omlesti
2825 445 3055 525 recreas
3104 446 3390 525 munere,-
3425 445 3556 502 per-

158 544 229 599 ω
252 540 309 595 in
336 534 698 593 confessione
728 551 873 590 verm
918 531 1403 605 sempiternzeque
1450 530 1707 595 deitatis,
1739 534 1796 585 et

170 630 229 692 in
251 625 508 701 personis
538 623 884 697 preprietas,
916 626 973 681 et
1000 621 1061 678 in
1091 620 1349 679 essentia
1377 621 1597 687 unitas,
1647 623 1704 676 et
1735 618 1795 674 in

170 717 457 790 majestate
471 713 747 770 adoretur
764 711 1089 785 aequalitas.
1115 711 1297 776 Quem
1317 709 1562 766 laudant
1582 707 1794 781 angeli,

168 806 501 863 venerantur
529 800 884 874 archangeli,
917 799 1132 867 throni,
1157 798 1608 865 dominationes,
1644 798 1800 870 prin-

170 896 380 967 cipatus
409 895 468 948 et
494 893 833 963 potestates,
875 888 1120 947 virtutes
1176 887 1451 944 ccclorum
1511 887 1796 952 adorant;

1906 528 2102 598 petuo,
2135 522 2405 588 Domino,
2435 520 2713 579 comitare
2743 519 3032 593 praesidio,
3065 524 3124 577 et
3168 536 3315 593 quos
3364 521 3558 581 fovere

1907 631 2021 671 non
2049 612 2290 682 desinis,
2323 611 2533 684 dignos
2580 609 2705 666 fieri
2750 609 3108 682 sempiterna
3158 608 3557 682 redemptione

1906 702 2181 759 concede.
2221 702 2346 758 Per.

2461 806 2632 846 MISSA
2688 805 2796 846 PRO
2853 805 3011 845 PAGE.

1980 881 2154 948 Deus,
2188 897 2222 939 a
2250 895 2366 951 quo
2398 882 2603 935 sancta
2635 876 2943 944 desideria,
3009 881 3165 933 recta
3219 876 3467 936 consilia
3506 884 3565 934 et

168 966 329 1057 quem
353 979 660 1036 cherubim
690 982 748 1035 et
777 977 1073 1051 seraphim
1128 993 1243 1033 non
1275 979 1510 1034 cessant
1548 974 1801 1031 clamare
1902 972 2068 1042 justa
2084 974 2221 1026 sunt
2244 984 2439 1041 opera,
2462 968 2537 1023 da
2557 968 2740 1025 servis
2759 967 2877 1024 tuis
2892 966 3077 1057 illam,
3103 984 3280 1040 quam
3302 968 3563 1057 mundus

171 1072 432 1131 dicentes.

230 1158 683 1217 Pastcommunio.
717 1154 962 1211 Domino
990 1155 1159 1221 Deus,
1196 1154 1364 1210 Pater
1410 1153 1801 1225 omnipotens,

169 1266 269 1306 nos
294 1244 547 1311 famulos
567 1249 720 1309 tuos,
743 1249 855 1300 tua;
887 1243 1178 1315 majestati
1201 1243 1517 1315 subjectos,
1548 1259 1651 1314 per
1680 1240 1807 1296 uni-

168 1352 291 1406 cum
317 1334 529 1392 Filium
562 1338 729 1390 tuum
760 1333 818 1390 in
842 1333 1055 1388 virtute
1071 1331 1330 1404 Spiritus
1347 1332 1533 1389 sancti
1564 1330 1804 1387 benedic

165 1440 399 1497 semper,
432 1427 495 1483 et
543 1427 798 1498 protege,
857 1425 922 1478 ut
952 1423 1024 1481 ab
1074 1420 1230 1478 omni
1282 1421 1448 1478 hoste
1499 1418 1687 1477 securi
1746 1419 1803 1473 in

165 1516 265 1573 tua
281 1512 504 1586 iugiter
544 1512 719 1571 laude
773 1510 1057 1566 laetemur.
1091 1510 1196 1566 Per
1252 1510 1546 1574 eumdem,
1580 1512 1713 1575 etc.,
1746 1509 1806 1563 in

168 1600 402 1663 unitate.

516 1703 792 1745 DOMINICA
847 1702 1029 1744 PRIMA
1068 1702 1138 1742 DE
1176 1703 1451 1743 ADVENTU.

228 1776 446 1843 Excita,
484 1791 847 1873 quaesumus,
879 1774 1145 1873 Domine,
1180 1774 1500 1848 potentiam
1548 1779 1710 1831 tuam
1755 1778 1811 1831 ct
1843 1808 1887 1873 Β

164 1865 309 1935 veni,
332 1869 399 1927 ut
438 1866 535 1929 ab.
564 1862 1011 1920 imminentibus
1058 1868 1427 1937 peccatorum
1476 1872 1810 1921 nostrorum

1860 1062 1861 1065 “
1911 1061 2050 1116 dare
2070 1075 2185 1114 non
2203 1062 2398 1131 potest
2418 1073 2639 1128 pacem,
2668 1061 2734 1113 ut
2757 1060 2813 1113 et
2834 1056 3010 1113 corda
3030 1061 3231 1113 nostra
3268 1055 3563 1115 mandatis

1909 1147 2031 1203 tuis
2060 1147 2274 1213 dedita,
2306 1151 2364 1203 et
2392 1147 2649 1202 hostium
2681 1144 2912 1203 sublata
2936 1145 3269 1212 tormidine,
3298 1149 3565 1218 tempora

1914 1236 2033 1294 sint
2063 1242 2162 1291 tua
2191 1235 2544 1307 protectione
2574 1234 2911 1306 tranquilla.
2944 1234 3070 1290 Per.

1986 1327 2218 1383 Secreta.
2255 1324 2429 1390 Deus,
2463 1324 2561 1396 qui
2596 1324 2896 1383 credentes
2927 1323 2983 1379 in
3017 1326 3073 1380 te
3109 1322 3356 1396 populos
3386 1322 3565 1380 nullis

1916 1414 2063 1472 sinis
2093 1412 2323 1470 concuti
2354 1412 2695 1480 terroribus,
2728 1412 2969 1484 dignare
3001 1428 3199 1483 preces
3238 1416 3296 1469 et
3342 1410 3564 1473 hostias

1916 1504 2118 1562 dicatae
2150 1503 2254 1559 tibi
2289 1501 2478 1576 plebis
2507 1501 2824 1574 suscipere,
2849 1505 2915 1556 ut
2939 1518 3051 1574 pax
3079 1505 3185 1557 tua.
3206 1501 3420 1573 pietate
3436 1518 3568 1558 con-

1919 1610 2102 1659 cessa,
2136 1592 2603 1649 Christianorum
2636 1591 2783 1647 ﬁnes
2818 1593 2891 1647 ab
2949 1589 3109 1648 omni
3167 1590 3334 1647 hoste
3393 1590 3569 1648 faciat

1917 1698 2045 1740 esse
2076 1698 2332 1738 securos.
2368 1681 2492 1737 Per.

1993 1772 2331 1828 Communia.
2361 1771 2515 1828 Deus
2545 1774 2748 1827 auctor
2775 1769 2935 1843 pacis
2975 1773 3034 1826 et
3090 1773 3335 1838 amator,
3393 1784 3568 1842 quem

1919 1879 2092 1919 nosse
2122 1863 2330 1931 vivere,
2363 1861 2456 1917 cui
2508 1860 2723 1917 servire
2756 1877 2999 1934 regnare
3036 1863 3144 1929 est,
3205 1862 3457 1933 protege.
3496 1858 3569 1915 ab

165 1954 429 2029 periculis
453 1958 515 2011 te
539 1969 870 2009 mereamur
891 1955 1229 2026 protegente
1260 1952 1426 2026 eripi,
1451 1955 1508 2010 te
1530 1953 1815 2009 liberante
1920 1951 2197 2008 omnibus
2229 1950 2776 2024 impugnationibus
2796 1948 3090 2023 supplices
3121 1953 3275 2018 tuos,
3299 1953 3363 2005 ut
3387 1947 3488 2021 qui
3509 1948 3571 2004 in

168 2043 387 2113 salvari.
421 2042 532 2110 Qui
565 2042 731 2099 vivis.

233 2132 467 2199 Secreta.
501 2131 633 2187 Haec
662 2147 829 2185 sacra
878 2147 984 2186 nos
1032 2130 1255 2203 potenti
1301 2129 1512 2188 virtute
1561 2131 1814 2187 munda-

165 2223 272 2288 tus,
302 2222 374 2287 ad
405 2235 587 2287 suum
618 2218 835 2276 faciant
873 2219 1138 2291 puriores
1179 2219 1376 2276 venire
1435 2219 1807 2292 principium.

168 2308 289 2375 Per.

235 2397 576 2455 Communia.
608 2397 1036 2470 Suscipiamus,
1062 2396 1323 2465 Domine,
1354 2397 1816 2454 misericordiam

166 2490 323 2549 tuam
353 2488 415 2545 in
449 2487 641 2545 medio
672 2485 873 2559 templi
907 2486 1012 2551 tui,
1057 2489 1123 2541 ut
1173 2484 1557 2559 reparationis
1606 2490 1817 2542 nostris

167 2581 409 2637 ventura
442 2575 729 2634 solemnia
757 2575 1033 2649 congruis
1053 2574 1373 2635 honoribus
1396 2575 1815 2648 praecedamus.

171 2663 294 2722 Per.

290 2755 408 2827 (25)
448 2769 620 2809 MISSA
658 2768 719 2810 tu
764 2770 993 2811 nouos
1057 2769 1289 2811 OMNIUM
1344 2769 1709 2810 SANCTORUM.

235 2841 525 2912 Concede,
555 2857 917 2912 quaesumus,
948 2840 1322 2912 omnipotens
1355 2846 1524 2909 Deus,
1559 2847 1626 2897 ut
1646 2843 1819 2899 inter-

173 2930 367 2987 cessio
398 2946 506 2984 nos
537 2932 751 2983 sanctae
811 2929 903 2983 Dei
958 2929 1259 3000 genitricis
1314 2929 1558 3000 virginis
1606 2930 1819 2997 Merita,

165 3020 517 3085 sanctorum
536 3014 801 3072 omnium
816 3016 1822 3091 apostolorum,martyrum.confes-

164 3121 377 3167 eorum
388 3108 566 3176 atque
584 3102 962 3176 virginum,et
974 3104 1244 3167 omnium
1259 3104 1576 3163 electorum
1588 3111 1823 3164 tuorum

1921 2039 2259 2095 defensione
2288 2043 2389 2095 tua
2410 2039 2782 2108 conﬁdimus,
2808 2039 3030 2098 nullius
3049 2039 3388 2098 hostilitatis
3409 2058 3574 2098 arma

1922 2129 2263 2184 timeamus.
2294 2132 2421 2185 Per.

2297 2232 2470 2274 MISSA
2526 2234 2638 2273 PRO
2691 2235 2823 2277 ITER
2876 2234 3216 2275 AGENTIBUS.

1996 2307 2228 2370 Adesto,
2252 2306 2512 2373 Domine,
2535 2305 3062 2383 supplicationibus
3086 2280 3572 2378 hostris,etviam

1926 2395 2283 2452 famulorum
2314 2398 2550 2451 tuorum
2584 2395 2794 2452 salutis
2822 2400 2936 2453 tuae
2969 2396 3359 2469 prosperitate
3384 2396 3576 2472 dispo-

1927 2500 2022 2550 ne,
2055 2490 2118 2539 ut
2148 2484 2299 2540 inter
2318 2501 2533 2541 omnes
2549 2485 2652 2555 vim
2673 2484 2853 2558 hujus
2876 2486 3188 2543 varietates
3216 2491 3315 2543 tuo
3345 2502 3578 2560 semper

1927 2577 2307 2646 protegantur
2335 2572 2570 2629 auxilio.
2605 2573 2728 2629 Per.
3266 2639 3271 2642 _

2000 2661 2235 2717 Secreta.
2263 2660 2602 2733 Propitiare,
2632 2662 2896 2728 Domine,
2919 2662 3447 2734 supplicationibus
3473 2680 3576 2720 no-

1930 2750 2090 2819 stris,
2123 2754 2181 2806 et
2211 2750 2316 2806 has
2357 2750 2704 2817 oblationes,
2757 2769 2907 2823 quas
2962 2752 3069 2807 tibi
3120 2753 3437 2808 offerimus
3475 2770 3579 2825 pro

1931 2838 2170 2896 famulis
2202 2838 2320 2899 tuis
2340 2837 2449 2907 ill.,
2482 2839 2773 2912 benignus
2803 2857 3059 2905 assume,
3089 2845 3146 2897 ct
3170 2841 3323 2896 viam
3347 2840 3579 2897 illorum

1932 2929 2289 3001 praecedente
2319 2927 2507 3001 gratia
2522 2933 2624 2984 tua
2642 2929 2882 3001 dirigas,
2907 2933 2964 2986 et
2992 2929 3387 3002 subsequente
3407 2929 3583 2987 comi-

1931 3018 2042 3073 tari
2076 3017 2356 3090 digneris,
2390 3024 2454 3072 ut
2483 3018 2555 3074 de
2585 3023 2718 3079 actu
2748 3024 2924 3091 atque
2953 3018 3353 3075 incolumitate
3379 3035 3582 3076 eorum

1933 3106 2258 3163 secundum
2293 3105 2705 3163 misericordiae
2736 3112 2848 3163 tuae
2880 3108 3154 3180 praesidia
3197 3108 3578 3181 gaudeamus.

167 3193 393 3267 ubique
424 3175 700 3260 laetificat,
733 3196 799 3249 ut
829 3193 971 3248 dum
1002 3208 1206 3251 eorum
1250 3194 1456 3250 merita
1488 3195 1823 3263 recolimus,
1855 3175 2060 3251 C‘Per.

168 3280 503 3357 patrocinia
531 3281 878 3339 sentiamus.
914 3282 1041 3337 Per.
1088 3302 1094 3308 ν

238 3372 481 3439 Secreta.
506 3369 755 3437 Oblatis,
782 3387 1146 3443 quaesumus,
1162 3371 1426 3438 Domine,
1450 3371 1682 3444 placare
1702 3389 1825 3430 mu-

167 3460 435 3527 neribus,
466 3465 523 3516 et
552 3458 946 3523 intercedente
964 3459 1134 3516 beata
1154 3475 1386 3533 semper
1404 3459 1627 3533 virgine
1646 3461 1828 3517 Maria

166 3564 315 3607 cum.
335 3548 618 3609 omnibus
666 3548 888 3605 sanctis
946 3547 1064 3604 tuis
1095 3565 1129 3604 a
1159 3548 1388 3606 cunctis
1420 3567 1526 3607 nos
1583 3550 1828 3607 defende

166 3636 466 3710 periculis.
499 3641 627 3694 Per.

238 3726 585 3783 Communia.
633 3726 1032 3799 Sumpsimus,
1083 3726 1348 3795 Domine,
1411 3727 1588 3782 beatae
1635 3728 1826 3784 Mariae

165 3830 405 3887 semper
422 3813 667 3885 virginis
688 3819 745 3872 et
765 3815 1028 3875 omnium
1056 3820 1392 3871 sanctorum
1418 3819 1651 3873 tuorum
1676 3834 1829 3872 com-

167 3901 658 3973 memorationem
690 3902 966 3959 facientes
1000 3909 1368 3960 sacramenta
1390 3903 1665 3973 cmlestia,
1690 3923 1829 3978 prie-

168 3995 282 4057 sta,
309 4007 677 4064 quaesumus,
704 3996 770 4047 ut
790 3992 945 4063 quod
968 3992 1368 4063 temporaliter
1387 3992 1831 4066 gerimus,aeter-

165 4080 262 4139 nis
294 4079 540 4154 gaudiis
568 4095 1023 4155 consequamur.
1058 4080 1185 4137 Per.

572 4183 744 4222 MISSA
795 4185 905 4222 PRO
953 4183 1435 4225 CONGREGATIONE.

238 4254 632 4327 Omnipotens
663 4254 1017 4326 sempiterne
1041 4260 1211 4321 Deus,
1235 4258 1333 4329 qui
1362 4258 1504 4315 facis
1538 4260 1831 4317 mirabilia

168 4360 389 4418 magna
413 4343 601 4410 solus,
624 4345 922 4415 protende,
948 4360 1123 4415 super
1154 4345 1404 4402 famulos
1427 4351 1558 4404 tuos
1580 4353 1635 4403 et
1656 4367 1832 4423 super

169 4436 418 4493 cunctas
449 4431 933 4505 congregationes
964 4430 1080 4487 illis
1135 4434 1504 4501 commissas,
1556 4437 1828 4508 spiritum

2003 3283 2461 3339 Postcommunio.
2496 3284 2623 3339 Tua
2675 3300 2802 3351 nos,
2836 3283 3100 3353 Domine,
3162 3288 3465 3356 sperantes
3523 3286 3583 3341 in

1932 3373 2008 3437 te,
2044 3386 2171 3441 quae
2204 3371 2570 3442 sumpsimus
2601 3377 2969 3427 sacramenta
3010 3372 3364 3441 custodiant,
3415 3378 3472 3430 et
3501 3374 3583 3435 fa-

1937 3458 2130 3515 mulos
2149 3464 2280 3515 tuos
2312 3465 2517 3515 contra
2554 3477 2757 3517 omnes
2807 3461 3023 3533 ubique
3065 3466 3341 3518 tueantur
3386 3462 3583 3519 incur-

1937 3563 2060 3602 sus.
2090 3546 2214 3603 Per.

2354 3654 2522 3693 MISSA
2578 3654 2688 3693 PRO
2746 3654 3175 3696 FAMILIARIBUS.

2009 3725 2391 3799 Omnipotens
2420 3727 2773 3799 sempiterne
2804 3728 2978 3793 Deus,
3013 3729 3293 3785 miserere
3348 3728 3589 3786 famulis

1940 3813 2055 3871 tuis
2086 3814 2193 3881 illi,
2226 3818 2283 3871 et
2312 3815 2497 3888 dirige
2527 3833 2626 3872 eos
2657 3817 2983 3873 secundum
3011 3821 3175 3873 tuam
3214 3817 3587 3875 clementiam

1936 3904 1996 3960 in
2028 3905 2181 3961 viam
2210 3906 2419 3961 salutis
2448 3910 2695 3974 aeternis,
2732 3910 2798 3962 ut
2824 3912 2882 3961 te
2918 3907 3173 3963 donante
3214 3906 3319 3963 tibi
3376 3906 3590 3980 placita

1938 3995 2198 4067 cupiant,
2232 3999 2289 4051 et
2315 3998 2449 4050 tota
2463 3995 2678 4050 virtute
2707 3996 3032 4068 perficiant.
3068 3996 3192 4053 Per.

2009 4085 2245 4141 Secreta.
2274 4083 2605 4151 Proﬁciant,
2677 4101 3038 4156 quaesumus,
3115 4085 3381 4150 Domine,
3442 4085 3585 4152 hac,

1939 4189 2068 4244 quae
2093 4176 2206 4227 tum
2239 4171 2537 4243 supplices
2558 4171 2861 4228 offerimus
2889 4172 3205 4245 maiestati,
3240 4173 3312 4228 ad
3335 4171 3586 4228 salutem

1941 4259 2295 4317 famulorum
2326 4266 2563 4316 tuorum
2595 4259 2702 4328 ill.,
2737 4264 2802 4316 ut
2831 4264 2932 4318 tua
2975 4260 3336 4333 providentia
3381 4276 3586 4317 eorum

1938 4350 2058 4405 vita
2089 4350 2241 4407 inter
2271 4350 2518 4406 adversa
2566 4355 2624 4407 et
2680 4367 2959 4423 prospera
3009 4350 3229 4421 ubique
3274 4349 3583 4422 dirigatur.

1939 4438 2065 4494 Per.

167 4521 372 4594 gratia:
406 4519 705 4610 salutaris,
739 4525 798 4576 et
827 4525 891 4579 ut
920 4521 978 4575 in
1014 4520 1250 4577 veritate
1281 4523 1824 4597 tibicomplaceant,
1857 4545 1904 4610 Β
2013 4527 2349 4583 Communia.
2384 4529 2716 4593 Sumentes,
2744 4528 3010 4593 Domine,
3062 4532 3351 4599 perpetuae
3391 4541 3585 4583 sacra-

167 4614 523 4683 perpetuum
561 4609 647 4667 eis
696 4625 886 4665 rorem
933 4614 1045 4665 tua;
1089 4611 1511 4669 benedictionis
1557 4613 1819 4672 infunde.

169 4697 298 4755 Per.

236 4786 479 4861 Secreta.
542 4786 794 4853 Hostias,
856 4787 1122 4855 Domine,
1157 4788 1514 4852 famulorum
1584 4796 1819 4850 tuorum

168 4872 439 4948 placatus
470 4874 726 4943 intende,
758 4880 818 4932 et
855 4894 1003 4949 quas
1045 4876 1103 4932 in
1154 4877 1374 4934 honore
1425 4880 1682 4938 nominis
1739 4885 1822 4941 tui

166 4962 382 5035 devota,
404 4967 603 5020 mente
631 4963 948 5031 celebrant,
982 4964 1259 5039 perﬁcere
1307 4967 1420 5023 sibi
1470 4969 1726 5027 sentiant
1756 4973 1825 5029 ad

169 5049 492 5108 medelam.
527 5050 652 5108 Per.

237 5195 355 5266 (25)
382 5195 891 5271 Quaasequ‘untur
911 5196 1114 5271 missae
1144 5198 1345 5254 votiva":
1382 5199 1683 5271 appellatae
1706 5220 1830 5258 om-

165 5281 272 5338 pes
299 5265 688 5338 reperiuntur
717 5268 774 5323 in
824 5267 990 5323 libris
1048 5265 1557 5326 sacramentorum.
1599 5275 1770 5330 editis
1801 5294 1835 5331 a

166 5335 451 5418 uenatio
487 5342 545 5418 et
572 5338 980 5418 {Pameliouiu
1010 5341 1387 5418 Gregoriano,
1422 5347 1478 5397 et
1508 5360 1553 5418 _a
1582 5344 1652 5406 cl.
1692 5364 1832 5418 prae-

165 5405 298 5484 sule
327 5408 555 5484 Angelo
587 5409 754 5467 Rota.
789 5442 858 5484 -τ-
890 5411 1020 5484 ῌῳο
1048 5405 1382 5484 θεξβτίιῐιῐ
1405 5414 1594 5471 votiva
1649 5405 1836 5474 missa

165 5423 298 5471 suie
327 5423 555 5535 ansgelo
587 5423 754 5467 nota.
789 5442 858 5450 —
890 5423 1020 5466 11ωο
1048 5423 1361 5484 estprima
1405 5423 1594 5471 votiva
1649 5423 1835 5474 missa

164 5478 230 5542 in
258 5477 374 5561 hog
436 5482 887 5561 acramentario.
924 5482 1005 5561 N_e
1036 5482 1170 5561 quis
1212 5487 1653 5561 tamen__putet_
1685 5488 1835 5547 hanc

164 5549 719 5623 essegduplicatam,
750 5569 885 5607 cum
918 5550 1033 5607 alia
1054 5549 1358 5613 'haheatur
1415 5549 1691 5616 Kalendis
1722 5561 1834 5616 No-

164 5621 472 5691 vembris;
508 5621 627 5677 haec
657 5623 812 5679 enim
838 5624 1075 5696 reSpicit
1097 5624 1529 5683 solemnitatem
1557 5630 1837 5688 Omnium

1936 4620 2134 4673 menta
2163 4616 2395 4684 salutis,
2422 4622 2585 4673 tuam
2630 4618 3017 4689 deprecamur
3067 4615 3462 4685 clementiam,
3523 4622 3590 4673 ut

1935 4722 2035 4778 per
2062 4723 2129 4762 ea
2158 4705 2409 4763 famulos
2442 4709 2576 4762 tuos
2603 4706 2678 4762 ab
2709 4706 2866 4763 omni
2897 4703 3244 4761 adversitate
3294 4708 3585 4777 protegas.

1936 4794 2061 4851 Per.

2535 4901 2700 4940 κιεεΑ
2756 4902 2977 4941 VOTHM.

2009 4974 2182 5039 Deus,
2220 4972 2319 5044 qui
2342 4972 2638 5043 justificas
2667 4974 2918 5047 impium
2943 4978 3001 5030 et
3036 4991 3150 5031 non
3199 4975 3286 5033 vis
3335 4980 3585 5033 mortem

1941 5061 2283 5134 peccatoris,
2319 5062 2683 5133 majestatem
2725 5067 2888 5118 tuam
2930 5063 3273 5136 suppliciter
3309 5065 3590 5138 depreca-

1941 5208 2282 5260 Sanctnrum
2318 5203 2428 5259 sub
2459 5221 2575 5259 una
2607 5203 2976 5273 celebritate,
3013 5207 3205 5262 votiva
3242 5224 3374 5263 vero
3411 5210 3501 5264 est
3529 5207 3587 5261 in

1944 5279 2223 5360 honorem
2247 5275 2510 5358 omnium
2532 5276 2875 5360 'Sa'pctoru'm
2893 5276 3419 5360 ad‘implprandum
3439 5277 3589 5360 ipso-

1946 5366 2079 5404 rum
2111 5347 2682 5419 patrocinium.lnfra
2702 5347 2918 5419 pariter
2932 5347 3116 5404 altera
3136 5348 3388 5404 habetur
3407 5347 3590 5403 missa

1946 5420 2105 5500 inter
2126 5419 2367 5485 votivas,
2400 5419 2569 5500 cujus
2600 5419 2808 5500 t‘itulps
2830 5424 2920 5500 est
2941 5436 2955 5474 :
2975 5422 3037 5475 In
3057 5420 3317 5500 honorem
3343 5420 3591 5500 omnium

1947 5491 2269 5562 Sanctarum
2292 5506 2395 5562 pro
2423 5490 2563 5562 uiuis
2580 5492 2631 5544 at
2659 5490 3089 5562 defunctis,cum
3113 5491 3287 5546 unica
3306 5490 3587 5562 oratione,

1946 5566 2003 5618 et
2032 5561 2451 5634 reliquiae’dua:
2483 5561 3031 5634 fortedesumendae
3063 5568 3290 5634 suntex
3321 5561 3589 5634 prmsenti

1950 5630 2311 5704 missafquae
2343 5630 2534 5702 prima
2562 5630 2813 5687 habetur
2839 5631 2992 5687 inter
3018 5631 3258 5691 votivas.
