3896 6216
371 323 491 393 859

1558 328 1750 393 ΒιΕΟ.
1794 321 1869 392 Χι
1915 325 2227 392 MONUM.
2271 324 2588 392 LITURG.

3666 320 3793 395 800

372 480 524 533 mur,
548 464 615 520 ut
653 459 941 520 famulum
972 458 1071 535 (os)
1099 464 1268 519 tuum
1288 460 1385 536 (os)
1407 462 1478 520 de
1498 466 1600 520 tua
1619 461 2019 519 misericordia
2043 462 2098 530 Α
2127 460 2198 518 de
2225 478 2465 536 corpore
2495 460 2650 518 exire
2670 458 2943 533 jusseris,
2978 476 3113 536 pars
3160 456 3365 535 iniqua
3393 460 3454 519 in
3512 477 3610 521 me
3664 479 3790 521 non

370 553 761 609 confidentem
792 552 890 625 (es)
921 550 1142 609 caelesti
1172 556 1443 625 protegas
1465 551 1753 626 benignus
1776 550 2011 619 auxilio,

370 647 428 698 et
455 642 695 699 assidua
724 658 857 698 eum
890 641 987 713 (as)
1019 640 1376 713 protectione
1433 658 1756 705 conserves,
1814 644 1879 695 ut
1908 638 2012 694 tibi

362 731 588 805 jugiter
611 730 930 787 famuletur
959 730 1187 801 (antur),
1219 735 1275 784 et
1310 727 1489 784 nullis
1519 727 1940 783 tentationibus
1981 746 2014 784 a

368 824 424 875 te
454 824 756 893 separetur
785 819 1008 890 (entur).
1047 818 1170 873 Per.

439 911 726 981 Praefatio.
758 913 925 973 Deus,
961 906 1050 961 cui
1084 906 1386 978 proprium
1418 910 1526 974 est,
1571 911 1679 961 etc.
1710 924 1722 974 ;
1754 906 2008 978 suscipe,

368 996 819 1055 clementissime
851 996 1036 1061 Pater,
1072 994 1323 1049 hostiam
1348 994 1693 1067 placationis
1710 998 1766 1050 et
1795 993 2008 1061 laudis,

368 1103 547 1160 quam
574 1101 678 1157 ego
704 1084 982 1156 indignus
1013 1082 1271 1139 famulus
1300 1088 1438 1139 tuus
1472 1084 1742 1139 sacerdos
1774 1084 1877 1139 tibi
1925 1085 2006 1139 of-

368 1178 515 1232 ferre
546 1189 832 1246 praisumo
863 1172 933 1227 ad
966 1170 1249 1227 honorem
1280 1176 1335 1227 et
1364 1171 1609 1245 gloriam
1640 1171 1895 1227 nominis
1924 1172 2009 1227 tui

365 1281 468 1337 pro
496 1261 893 1318 incolumitate
925 1258 1129 1316 famuli
1160 1261 1353 1332 (arum)
1392 1260 1480 1315 tui
1511 1261 1776 1331 (tuarum)
1811 1260 1917 1327 ill.,
1947 1265 2011 1315 ut

362 1351 626 1407 omnium
657 1349 1003 1406 delictorum
1045 1366 1287 1405 suorum
1340 1348 1567 1405 veniam
1616 1352 2010 1422 consequatur

362 1440 593 1511 (antur).
621 1439 748 1495 Per.

430 1529 887 1586 Paslcammunz'a.
930 1526 1246 1583 Purificent
1293 1543 1417 1595 nos,
1480 1543 1840 1599 quaesumus,
1892 1525 2006 1581 Do-

361 1620 538 1688 mine,
575 1622 941 1675 sacramenta
983 1621 1187 1673 sancta
1217 1634 1343 1688 quae
1375 1615 1763 1689 sumpsimus,
1813 1620 1869 1671 et
1922 1614 2003 1670 fa-

360 1708 587 1765 mulum
619 1710 717 1779 (as)
750 1707 832 1761 ill.
869 1708 940 1761 ab
989 1704 1150 1762 omni
1207 1705 1382 1778 culpa
1437 1704 1685 1761 liberum
1722 1705 1819 1774 (as)
1877 1721 2005 1760 esse

358 1798 627 1865 concede,
661 1801 726 1852 ut
754 1795 853 1869 qui
886 1794 1259 1852 conscientia
1290 1812 1407 1849 suae
1458 1798 1618 1849 reatu
1650 1793 2004 1866 constringi-

357 1892 455 1943 tur
483 1886 753 1959 (guntur),
784 1886 856 1940 de
884 1883 1134 1940 ccelestis
1181 1882 1421 1939 remedii
1474 1882 1838 1955 plenitudine
1882 1881 2004 1955 glo-

355 1976 539 2033 rietur
566 1974 789 2048 (antur).
825 1974 947 2029 Per.

858 2105 1028 2144 MISSA
1087 2104 1197 2144 PRO
1259 2105 1521 2143 INFIRMO.

425 2196 806 2268 Omnipotens
837 2194 1189 2267 sempiterne
1214 2194 1389 2259 Deus,
1423 2192 1584 2249 salus
1615 2197 1830 2249 (eterna
1880 2209 2002 2249 cre-

353 2287 641 2357 dentium,
663 2284 869 2341 exaudi
896 2301 1001 2339 nos
1023 2300 1126 2357 pro
1150 2281 1367 2338 famulo
1390 2283 1480 2355 (is)
1502 2287 1602 2337 tuo
1624 2284 1733 2353 (is),
1759 2299 1862 2354 pro
1885 2298 2001 2353 quo

352 2374 589 2449 (quibus)
622 2372 1032 2430 misericordia:
1091 2377 1203 2428 tuae
1244 2370 1628 2444 imploramus
1676 2370 1980 2432 auxilium.

351 2468 418 2521 ut
446 2464 673 2521 reddita
700 2463 811 2519 sibi
845 2463 1097 2518 sanitate
1123 2461 1446 2534 gratiarum
1480 2459 1586 2516 tibi
1636 2461 1696 2514 in
1745 2459 2002 2515 Ecclesia

350 2559 452 2610 tua
483 2554 691 2609 referat
720 2553 861 2623 (ant)
891 2551 1175 2606 actionem
1209 2550 1325 2621 (es).
1356 2550 1480 2604 Per.
1545 2604 1550 2608 .

420 2642 656 2697 Secreta.
680 2640 855 2707 Deus,
879 2640 988 2694 sub
1012 2640 1182 2710 cujus
1205 2638 1605 2694 moderamine
1633 2637 1763 2692 vita:
1780 2624 1998 2692 nostra;

350 2732 649 2786 momenta
677 2729 1019 2797 decurrunt,
1051 2727 1284 2799 suscipe
1313 2743 1514 2799 preces
1545 2731 1602 2781 et
1642 2725 1865 2781 hostias
1913 2726 1995 2781 fa-

352 2817 497 2874 muli
529 2817 637 2883 tui,
670 2833 773 2888 pro
806 2832 921 2887 quo
954 2814 1411 2871 misericordiam
1462 2819 1625 2870 tuam
1679 2818 1995 2886 aegrotante

349 2905 757 2978 imploramus,
791 2909 856 2959 ut
882 2905 952 2960 de
997 2905 1168 2974 cujus
1229 2902 1485 2976 periculo
1534 2902 1873 2972 metuimus,
1925 2905 1996 2961 de

351 2996 482 3067 ejus
504 2993 693 3051 salute
723 2993 1008 3049 lzetemur.
1043 2993 1169 3049 Per.

423 3085 760 3141 Communia.
793 3087 941 3138 Deus
972 3080 1331 3138 infirmitatis
1379 3080 1647 3136 humana:
1697 3081 1994 3155 singulare

352 3173 687 3248 presidium
713 3171 913 3229 auxilii
935 3171 1021 3228 tui
1074 3188 1248 3245 Super
1287 3171 1992 3269 inﬁrmum(as)famulum
2024 3202 2067 3269 Ο

349 3264 453 3336 (os)
482 3267 652 3320 tuum
681 3264 782 3334 (os)
813 3262 1053 3318 ostende
1082 3262 1377 3325 virtutem,
1411 3267 1475 3315 ut
1513 3277 1620 3332 ope
1665 3261 1992 3318 misericor-

348 3352 454 3409 diae
486 3356 599 3409 tum
631 3352 871 3424 adjutus
897 3352 982 3423 (ti)
1007 3348 1269 3407 Ecclesiae
1296 3353 1407 3406 ture
1437 3354 1649 3406 sancta:
1676 3355 1992 3422 praesenta-

347 3441 406 3512 ri,
426 3446 720 3519 mereatur
749 3441 978 3514 (antur).
1011 3440 1138 3495 Per.

873 3558 1044 3612 MISSA
1102 3572 1212 3611 rao
1271 3572 1486 3612 serpso.

416 3663 767 3739 Suppliciter
803 3668 880 3731 te,
915 3663 1089 3732 Deus,
1123 3663 1309 3718 Pater~
1340 3662 1732 3734 omnipotens,
1781 3662 1880 3734 qui
1927 3679 1988 3718 es

345 3760 567 3811 creator
582 3753 848 3810 omnium
871 3768 1088 3818 rerum,
1112 3752 1407 3824 deprecor,
1442 3756 1509 3807 ut
1534 3752 1673 3806 dum
1698 3767 1788 3805 me
1810 3751 1996 3807 famu-

344 3842 469 3899 lum
497 3847 666 3897 tuum
697 3857 893 3896 coram
919 3839 1341 3913 omnipotentia
1363 3839 1688 3910 m-ijestatis
1720 3844 1830 3895 tua;
1864 3857 1996 3913 gra-

343 3930 491 3987 viter
520 3928 839 4001 deliquisse
864 3930 1159 3995 confiteor,
1183 3944 1423 3984 manum
1451 3927 1862 3984 misericordiae
1882 3935 1995 3985 tua:

346 4018 488 4076 mihi
516 4018 801 4091 porrigas,
834 4022 1143 4091 quatenus,
1167 4019 1308 4073 dum
1330 4017 1481 4074 hanc
1501 4015 1850 4073 oblationem
1881 4021 1996 4074 tuae

345 4107 580 4182 pietatis
608 4107 804 4176 offero,
838 4106 994 4179 quod
1025 4106 1293 4179 nequiter
1323 4104 1614 4176 commisi,
1656 4104 1997 4163 clementis-

343 4195 491 4254 sime
520 4193 778 4268 digneris
809 4194 1123 4251 absolvere.
1161 4193 1284 4249 Per.

413 4287 646 4343 Secreta.
700 4285 854 4340 Deus
880 4282 1313 4350 misericordiae,
1354 4281 1508 4337 Deus
1552 4281 1807 4354 pietatis,
1842 4287 1994 4338 Deus

341 4374 740 4448 indulgentias,
771 4372 1032 4446 indulge,
1060 4374 1341 4444 quaeso,et
1362 4369 1637 4427 miserere
1660 4371 1859 4439 mei,et
1885 4372 1995 4428 hoc

328 4463 714 4528 sacrificium,
741 4462 895 4534 quod
926 4461 1124 4533 pietati
1149 4464 1263 4516 tuae
1286 4459 1587 4516 humiliter
1606 4461 1802 4528 offero,
1830 4461 1992 4517 beni-

339 4571 451 4628 gne
481 4552 742 4626 digneris
774 4550 1094 4623 suscipere,
1126 4553 1184 4605 et
1215 4553 1470 4622 peccata,
1495 4566 1621 4621 qua:
1654 4549 1991 4607 labentibus
2022 4572 2068 4638 D

337 4643 493 4700 vitiis
524 4640 806 4708 contraxi,
827 4640 959 4712 pius
993 4642 1049 4694 et
1067 4638 1355 4711 propitius
1378 4655 1441 4693 ac
1466 4638 1778 4695 miseratus
1800 4639 1989 4695 indul-

338 4748 498 4804 geas,
530 4736 597 4787 ut
618 4729 812 4785 locum
839 4728 1185 4802 pmnitentize
1206 4745 1273 4784 ac
1303 4727 1569 4800 plurimae
1594 4728 1986 4801 lacrymarum

337 4836 615 4876 concessa
645 4818 817 4875 venia
846 4822 960 4874 ate
992 4833 1217 4874 merear
1244 4817 1523 4889 accipere.
1558 4816 1682 4872 Per.

407 4909 860 4966 Postaommunio.
894 4907 1048 4964 Deus
1080 4905 1383 4963 charitatis
1416 4909 1473 4961 et
1520 4904 1701 4978 pacis,
1735 4907 1835 4979 qui
1882 4924 1987 4980 pro

338 4996 526 5054 salute
555 4995 786 5070 generis
815 4995 1061 5052 humani
1080 4996 1269 5053 erucis
1294 4994 1621 5067 patibulum
1654 4995 1986 5069 suscepisti,

336 5090 395 5142 et
415 5085 764 5159 sanguinem
794 5089 963 5141 tuum
994 5103 1097 5159 pro
1120 5084 1520 5156 redemptione
1544 5089 1743 5140 nostra
1760 5083 1983 5153 fudisti,

337 5192 537 5248 preces
569 5190 730 5230 meas
752 5173 1014 5244 placatus
1045 5179 1102 5230 et
1132 5174 1423 5247 benignus
1447 5173 1678 5244 suscipe
1723 5175 1779 5227 et
1810 5171 1984 5228 mise-

337 5263 650 5321 ricordiam
674 5264 836 5315 tuam
850 5260 992 5317 mihi
1015 5265 1353 5332 concede,ut
1369 5278 1504 5317 cum
1521 5260 1780 5316 animum
1796 5277 1985 5317 meam

430 5371 521 5440 26)
544 5366 803 5437 Expletis
824 5366 1021 5424 missis
1043 5369 1270 5438 votivis,
1301 5368 1569 5440 sequitur
1593 5365 1777 5422 missa
1801 5369 1985 5425 sancti

338 5440 556 5513 Urbani
590 5454 750 5509 papae
776 5441 833 5493 et
856 5441 1133 5513 martyris
1161 5442 1218 5496 in
1254 5442 1464 5513 nostra,
1500 5441 1983 5513 Sacramentario,

339 5512 494 5583 quod
527 5508 643 5585 non
674 5513 762 5563 est
793 5508 1121 5585 mirandum
1150 5530 1164 5580 ;
1190 5509 1466 5585 peculiari
1500 5508 1804 5585 siquidem
1823 5508 1986 5568 cultu

340 5580 701 5654 monasticae
717 5582 858 5638 ordo
871 5587 1137 5654 sanctum
1156 5580 1489 5654 pontiﬁcem
1503 5580 1984 5654 prosequebatur.

340 5653 663 5711 Videantur
702 5670 829 5725 quae
889 5652 998 5708 hac
1053 5652 1229 5727 sup—er
1283 5670 1344 5709 re
1402 5652 1557 5711 dicat
1604 5653 1988 5727 Martene(De

2123 550 2337 607 habeat
2369 555 2738 624 potestatem,
2778 551 2879 607 sed
2924 551 3169 624 angelus
3209 555 3347 608 tuus
3406 552 3570 624 pacis
3630 552 3796 611 inter

2123 643 2356 695 sanctos
2386 643 2443 695 et
2470 639 2683 696 electos
2712 644 2843 695 tuos
2876 656 2970 696 me
3001 639 3262 710 collocat,
3291 641 3391 697 ubi
3425 640 3525 697 lux
3554 634 3792 714 perma-

2123 734 2221 784 net
2250 728 2587 785 indeﬁciens
2616 733 2673 785 et
2700 728 2817 785 vita
2863 733 3165 802 perpetua.
3201 728 3310 795 Qui
3370 730 3516 787 vivis
3577 734 3637 789 et
3690 748 3789 789 re-

2122 834 2195 890 gn
2205 834 2289 874 as.

2612 925 2783 963 MISSA
2839 924 2952 963 PRO
3011 923 3286 963 OMNIBUS.

2194 996 2408 1051 Pietate
2437 1001 2559 1062 tua,
2593 1014 2956 1069 quaesumus,
2992 996 3255 1065 Domine,
3280 1000 3618 1053 nostrorum
3650 1013 3786 1053 om-

2120 1083 2283 1139 nium
2306 1085 2461 1141 solve
2482 1085 2714 1141 vincula
2733 1085 3169 1151 delictorum,et
3195 1086 3585 1143 intercedente
3606 1087 3785 1143 beata

2119 1177 2175 1228 et
2203 1173 2457 1246 gloriosa
2488 1191 2718 1246 semper
2747 1174 2967 1247 virgine
2996 1174 3095 1230 Dei
3122 1175 3403 1247 genitrice
3433 1174 3616 1232 Maria
3636 1190 3782 1237 cum

2118 1263 2394 1318 omnibus
2426 1264 2645 1319 sanctis
2677 1264 2813 1332 tuis,
2847 1264 3130 1319 damnum
3183 1280 3415 1336 papam,
3467 1265 3783 1337 pontiﬁces

2119 1356 2175 1407 et
2206 1352 2475 1407 abbatem
2508 1356 2798 1418 nostrum,
2833 1367 2997 1425 reges
3029 1357 3085 1407 et
3107 1352 3400 1424 principes
3432 1355 3684 1422 nostros,
3719 1358 3783 1409 et

2116 1456 2349 1495 omnem
2364 1438 2645 1512 populum
2666 1438 3590 1511 Christianum,nosquefamulos
3615 1445 3775 1506 tuos,

2116 1532 2292 1600 atque
2317 1527 2507 1585 locum
2526 1528 2704 1584 istum
2731 1545 2861 1583 cum
2886 1528 3162 1584 omnibus
3183 1527 3591 1593 habitantibus
3618 1528 3681 1584 in
3707 1544 3774 1585 eo

2116 1617 2177 1671 in
2218 1618 2375 1673 omni
2408 1618 2713 1673 sanctitate
2734 1617 2986 1685 custodi,
3021 1632 3343 1689 omnesque
3383 1617 3677 1674 afﬁnitate
3706 1634 3774 1674 ac

2115 1705 2532 1774 familiaritate,
2561 1705 2681 1762 sive
2710 1705 2992 1762 orationis
3041 1705 3546 1762 commendatione
3597 1706 3774 1763 nobis

2115 1796 2460 1866 conjunctos
2489 1813 2522 1849 a
2552 1794 2705 1851 vitiis
2723 1811 2928 1868 purga,
2952 1794 3268 1850 virtutibus
3290 1782 3532 1862 illustre,
3554 1812 3774 1867 pacem

2115 1888 2173 1940 et
2186 1883 2432 1939 salutem
2456 1883 2625 1939 nobis
2648 1883 3064 1951 tribue,hostes
3084 1882 3346 1939 visibiles
3361 1888 3417 1939 et
3434 1883 3774 1941 invisibiles

2116 1989 2364 2038 remove,
2391 1971 2652 2028 carnalia
2679 1962 2969 2028 desideria
2991 1971 3224 2044 repelle,
3249 1989 3445 2029 aerem
3466 1972 3770 2029 salubrem

2115 2061 2372 2135 indulge,
2408 2060 2663 2117 inimicis
2724 2060 2941 2116 nostris
2998 2060 3345 2117 charitatem
3395 2060 3626 2134 largire,
3662 2079 3772 2120 nec

2115 2167 2230 2206 non
2262 2150 2361 2222 qui
2385 2166 2524 2206 suas
2555 2149 2953 2223 eleemosynas
2996 2149 3164 2205 nobis
3215 2148 3409 2222 largiti
3451 2155 3614 2216 sunt,
3667 2152 3769 2207 de—

2112 2238 2249 2294 licta
2278 2238 2596 2295 clementer
2623 2238 2882 2312 ignosce,
2914 2244 2971 2294 et
3000 2238 3277 2295 omnibus
3307 2238 3582 2295 ﬁdelibus
3622 2239 3770 2297 vivis

2111 2333 2165 2384 et
2192 2326 2481 2384 defunctis
2515 2328 2572 2383 in
2604 2331 2762 2383 terra
2790 2327 3111 2384 viventium
3144 2329 3326 2385 vitam
3358 2329 3579 2401 pariter
3599 2333 3655 2386 et
3686 2348 3770 2388 re-

2111 2417 2308 2489 quiem
2339 2420 2614 2473 aeternam
2646 2416 2913 2473 concede.
2948 2417 3056 2473 Per
3085 2417 3378 2474 eumdem.

2181 2508 2413 2562 Secreta.
2445 2506 2620 2571 Deus,
2654 2505 2754 2577 qui
2786 2505 3071 2579 singulari
3104 2506 3364 2580 corporis
3424 2507 3512 2563 tui
3573 2508 3768 2566 hostia

2106 2595 2287 2651 totius
2314 2594 2516 2651 mundi
2541 2593 2766 2650 solvisti
2788 2594 3017 2664 delicta,
3052 2595 3159 2651 hac
3182 2595 3474 2653 oblatione
3499 2596 3764 2670 placatus

2109 2683 2371 2740 maculas
2402 2683 2692 2740 scelerum
2722 2687 3057 2741 nostrorum
3088 2685 3377 2758 absterge,
3412 2688 3471 2741 et
3495 2686 3763 2744 omnium

2107 2771 2366 2828 ﬁdelium
2383 2771 2851 2829 Christianorum
2876 2773 3136 2828 vivorum
3158 2789 3225 2829 ac
3242 2778 3609 2831 mortuorum
3629 2791 3764 2848 pec-

2105 2866 2237 2917 cata.
2267 2861 2515 2927 dimitte,
2548 2860 2752 2933 eisque
2804 2860 3042 2933 przemia
3070 2867 3286 2918 aeterna
3346 2864 3621 2920 concede.
3652 2866 3763 2931 Qui

2103 2950 2269 3007 vivis.
3714 2972 3719 2977 ·

2173 3042 2513 3098 Communia.
2549 3041 2818 3110 Sumpta,
2836 3054 3197 3112 quaesumus,
3228 3040 3763 3109 Domine,cmlestia

2103 3132 2467 3185 sacramenta
2478 3128 2676 3184 omnia
2687 3127 2935 3185 crimina
2948 3133 3150 3185 nostra
3167 3130 3595 3203 detergent,om
3604 3149 3764 3189 nem-

2105 3234 2219 3291 que
2257 3218 2601 3290 pravitatem
2642 3221 2699 3273 et
2737 3217 3161 3284 infirmitatem,
3206 3233 3311 3274 seu
3344 3219 3635 3276 hosticum
3669 3239 3762 3277 ra-

2102 3306 2393 3373 biem,nec
2415 3323 2530 3361 non
2552 3310 2608 3361 et
2633 3305 3001 3363 subitaneam
3035 3310 3305 3372 mortem,
3329 3307 3556 3365 meritis
3587 3314 3645 3366 et
3668 3310 3759 3366 in-

2102 3395 2455 3452 tercessione
2485 3399 2698 3451 sanctae
2721 3394 2821 3452 Dei
2844 3394 3153 3452 Genitricis
3174 3399 3232 3452 et
3249 3395 3513 3469 Virginis
3539 3398 3756 3469 Μαι-ἰῶ,

2103 3489 2278 3556 atque
2309 3484 2573 3540 omnium
2606 3488 2943 3540 sanctorum
2973 3501 3007 3539 a
3027 3484 3196 3540 nobis
3217 3484 3420 3556 procul
3453 3485 3761 3560 repellant,

2102 3577 2158 3628 et
2187 3572 2462 3629 omnibus
2493 3571 2766 3629 fidelibus
2795 3572 2942 3629 vivis
2968 3578 3026 3628 et
3056 3572 3351 3629 defunctis
3412 3574 3644 3647 prosint
3689 3578 3760 3633 ad

2103 3662 2353 3729 veniam,
2386 3679 2491 3734 pro
2523 3678 2776 3734 quorum
2804 3661 2910 3717 tibi
2941 3666 3083 3718 sunt
3140 3661 3338 3718 oblata
3386 3662 3599 3720 salute.
3634 3665 3759 3721 Per.

2453 3750 2562 3822 (26)
2636 3769 2692 3806 1N
2748 3765 2943 3806 SANCTI
3001 3760 3236 3808 UnBANI.

2176 3840 2278 3908 Da,
2299 3856 2640 3911 quaesumus
2662 3839 3031 3913 omnipotens
3055 3841 3227 3910 Deus,
3261 3846 3326 3896 ut
3346 3841 3448 3914 qui
3481 3842 3637 3898 beati
3657 3842 3764 3899 Ur-

2106 3927 2242 3984 bani
2261 3928 2534 4001 martyris
2556 3927 2642 3982 tui
2669 3931 2842 4000 atque
2863 3928 3158 4001 pontificis
3184 3929 3470 3986 solemnia
3492 3930 3767 4001 colimus,

2105 4018 2233 4089 ejus
2264 4020 2461 4089 aperte
2492 4015 3011 4073 intercessionibus
3039 4019 3404 4091 adjuvemur.
3433 4019 3563 4076 Per.

2177 4106 2410 4162 Secreta.
2443 4105 2572 4161 Haec
2602 4104 2814 4171 hostia,
2848 4106 3117 4175 Domine,
3152 4123 3523 4180 qumsumus,
3556 4126 3763 4166 emun-

2106 4195 2203 4251 det
2262 4198 2461 4250 nostra
2517 4193 2749 4263 delicta,
2809 4200 2867 4251 et
2929 4195 3001 4251 ad
3052 4196 3404 4252 sacriﬁcuim
3461 4197 3764 4255 celebran-

2106 4285 2248 4340 dum
2262 4283 2434 4339 subdi
2446 4287 2568 4340 toru
2580 4300 2637 4338 m
2663 4282 2765 4339 tibi
2793 4300 3033 4357 corpora
3047 4289 3389 4359 mentesque
3412 4286 3763 4362 sanctificet.

2105 4373 2233 4429 Per.

2179 4463 2516 4518 Communia.
2553 4461 2769 4517 Refecti
2801 4461 3245 4534 participatione
3289 4461 3553 4518 muneris
3586 4463 3763 4531 sacri,

2104 4566 2467 4623 quaesumus,
2501 4550 2745 4606 Domine
2775 4549 2927 4606 Deus
2959 4554 3178 4617 noster,
3211 4555 3276 4606 ut
3296 4551 3468 4623 cujus
3498 4552 3767 4625 exsequi-

2102 4658 2237 4696 mur
2262 4639 2511 4707 cultum,
2547 4638 2873 4695 sentiamus
2905 4640 3201 4695 effectum.
3236 4640 3361 4697 Per.

2527 4746 2584 4783 ΙΝ
2631 4746 2757 4784 ΝΑΤ.
2811 4745 2993 4784 UNIUS
3050 4744 3345 4784 APOS’I‘OLI.

2174 4820 2543 4885 Quaesumus,
2577 4816 2733 4873 omni
2742 4821 2950 4889 potens
2976 4818 3155 4886 Deus,
3180 4822 3247 4874 ut
3268 4818 3479 4874 beatus
3510 4817 3597 4873 ill.
3623 4834 3765 4891 apo-

2100 4908 2288 4964 stolus
2312 4911 2482 4963 tuum
2513 4923 2616 4979 pro
2648 4906 2820 4964 nobis
2851 4906 3124 4978 imploret
3156 4906 3462 4977 auxilium,
3497 4911 3565 4961 ut
3594 4923 3630 4962 a
3658 4923 3764 4963 no-

2098 4996 2234 5053 stris
2268 4996 2527 5052 reatibus
2571 4994 2849 5062 absoluti,
2906 5010 2941 5051 a
2970 4995 3198 5052 cunctis
3250 4996 3425 5052 etiam
3483 4994 3763 5068 periculis

2102 5102 2399 5141 eruamur.
2434 5085 2559 5141 Per.

2164 5173 2393 5229 Sacrata.
2444 5173 2804 5229 Sacrandum
2864 5171 2991 5238 tibi,
3039 5171 3296 5238 Domine,
3349 5187 3570 5227 munus
3616 5171 3758 5228 oﬂ‘e-

2096 5262 2302 5331 rimus,
2328 5279 2443 5335 quo
2467 5261 2619 5316 beati
2644 5259 2723 5316 ill.
2742 5260 2990 5333 apostoli
3014 5261 3099 5316 tui
3127 5260 3414 5316 solemnia
3434 5248 3773 5323 recolentes

2096 5373 2270 5441 antiq.
2295 5369 2424 5424 εδει.
2457 5368 2609 5422 ritz'b.
2631 5367 2745 5441 lib.
2775 5385 2849 5436 IV,
2883 5384 3010 5441 cap.
3044 5370 3134 5435 32,
3167 5368 3339 5441 r1312
3368 5369 3426 5421 et
3478 5383 3606 5441 cap.
3640 5366 3753 5441 27),

2097 5443 2160 5498 In
2199 5436 2407 5512 nostra
2439 5454 2587 5512 agro
2630 5438 2853 5512 Pyrano
2887 5436 3296 5512 adestdnobile
3353 5436 3646 5509 templum
3676 5436 3753 5512 ad

2094 5510 2408 5583 [Esinantis
2430 5508 2589 5583 fluvii
2614 5508 2790 5583 ripas,
2824 5515 3023 5583 sancto
3058 5510 3282 5567 Urbano
3314 5508 3576 5583 sacrum,
3598 5509 3760 5583 quia

2096 5581 2304 5640 saeculo
2325 5598 2381 5636 x1
2395 5578 2686 5653 adnexum
2708 5578 2831 5637 erat
2845 5581 3075 5653 insigne
3088 5578 3510 5653 monasterium
3529 5578 3760 5636 ordinis

2096 5653 2284 5711 sancti
2315 5652 2629 5720 Benedicti,
2655 5669 2810 5709 nunc
2833 5649 3066 5709 tandem
3090 5655 3376 5708 vetustate
3399 5649 3753 5723 collapsum.
