3896 6216
98 386 232 451 861
1320 386 2058 454 SACRAMENTARIUM
2100 388 2384 456 VETUS.
3431 388 3551 453 869

96 521 615 596 puriﬁcationem
661 540 895 599 quoque
934 522 1151 583 nostris
1194 525 1491 582 mentibus
1547 523 1799 597 implora
1827 524 1881 592 Α
1907 524 2237 583 tercedente
2266 525 2435 583 beato
2472 523 2554 582 ill.
2587 523 2915 583 confessore
2941 528 3044 582 tuo
3077 526 3251 599 atque
3279 524 3551 601 pontiﬁce

105 627 280 667 mus.
324 616 468 669 Per.
1900 613 2187 670 beneﬁcia
2217 615 2445 687 potiora
2474 631 2803 673 sumamus.
2837 615 2963 671 Per.

183 702 560 759 Communia.
591 703 902 777 Perceptis,
944 704 1204 773 Domine,
1239 702 1622 760 sacramentis
1651 720 1789 775 sup-

103 788 366 862 pliciter
402 807 713 850 exoramus
732 798 795 848 ut
823 792 1259 849 intercendente
1275 790 1363 860 Ill,
1389 792 1652 865 apostolo
1669 797 1790 858 tuo,

108 894 252 949 quae
316 896 438 951 pro
504 879 664 937 illius
705 882 1033 937 veneranda
1088 881 1347 954 gerimus
1403 879 1792 947 solemnitate,

110 967 300 1024 nobis
330 969 655 1041 proﬁciant
676 970 748 1026 ad
778 969 1087 1026 medelam.
1124 970 1247 1025 Per.

1972 746 2031 784 IN
2072 748 2197 785 NAT.
2242 747 2649 788 CONFESSORUM
2689 748 2787 795 QUI
2827 746 3095 787 FUERUNT
3135 745 3477 786 PONTIFICES.

1972 845 2207 913 Adesto,
2232 846 2496 913 Domine,
2521 846 3051 919 supplicationibus
3072 846 3312 912 nostris,
3336 845 3553 918 quasin

1904 933 2187 990 sanctiill.
2212 936 2659 992 confessoristui
2674 933 3225 992 commemoratione
3237 934 3556 991 deferimus

405 1102 469 1140 ιΝ
509 1102 637 1141 ΝΑΤ.
681 1102 1057 1142 PLURIMOBUM
1094 1101 1532 1141 APOSTOLORUM.

189 1190 389 1258 Deus,
428 1191 531 1263 qui
564 1208 670 1247 nos
700 1209 897 1247 annua
917 1191 1311 1264 apostolorum
1332 1196 1569 1247 tuorum
1592 1190 1674 1246 ill.
1700 1208 1797 1246 so-

113 1276 448 1335 lemnitate
475 1279 757 1347 ltetiﬁcas,
792 1285 1022 1353 praesta,
1062 1296 1423 1353 quaesumus,
1457 1283 1522 1335 ut
1547 1296 1797 1353 quorum

113 1367 475 1439 gaudemus
509 1369 755 1434 meritis,
791 1369 1155 1425 instruamur
1183 1368 1486 1441 exemplis.
1522 1368 1645 1423 Per.

189 1456 451 1512 Secreta.
489 1456 751 1525 Munera,
785 1458 1049 1525 Domine,
1101 1474 1228 1529 quae
1264 1474 1364 1529 pro
1396 1455 1797 1529 apostolorum

114 1548 383 1600 tuorum
395 1544 486 1600 ill.
506 1545 874 1601 solemnitate
886 1546 1223 1611 deferimus,
1239 1544 1526 1618 propitius
1546 1545 1797 1617 suscipe,

110 1637 173 1689 et
205 1632 385 1690 mala
416 1633 638 1702 omnia,
674 1651 800 1706 quae
835 1651 1132 1690 meremur
1160 1640 1374 1690 averte.
1409 1634 1536 1690 Per.

196 1723 564 1780 Communia.
588 1726 956 1791 Quaesumus,
981 1723 1245 1789 Domine,
1266 1723 1467 1796 repleti
1489 1722 1800 1796 mysteriis,

117 1814 189 1867 ut
201 1828 482 1884 quorum
499 1811 783 1868 solemnia
801 1811 1183 1879 celebramus,
1209 1827 1411 1867 eorum
1440 1811 1802 1867 orationibus

120 1900 522 1972 adjuvemur.
556 1901 684 1956 Per.

545 2034 601 2070 ΙΝ
641 2032 841 2073 NATALI
891 2032 1068 2072 UNIUS
1109 2033 1407 2071 MARTYRIS.

154 2144 161 2150 -
193 2122 459 2179 Votivos
493 2138 620 2187 nos,
652 2122 919 2188 Domine,
944 2138 1282 2194 quaesumus
1307 2120 1388 2175 ill.
1420 2120 1691 2193 martyris
1717 2120 1801 2176 tui

120 2211 360 2268 Natalis
394 2228 636 2284 semper
665 2211 931 2284 excipiat,
967 2211 1067 2283 qui
1100 2210 1605 2281 etjucunditatem
1635 2209 1803 2265 nobis

122 2318 247 2357 sum
274 2300 738 2375 gloriﬁcationis
771 2301 1059 2365 infundat,
1089 2305 1146 2355 et
1176 2299 1278 2355 tibi
1315 2316 1419 2354 nos
1468 2298 1671 2353 reddat
1702 2316 1800 2353 ac-

120 2393 358 2462 ceptos.
396 2390 531 2446 Per.

195 2479 454 2535 Secreta.
488 2479 802 2534 Praesentia
848 2495 1113 2545 munera,
1146 2494 1509 2551 quaesumus,
1536 2476 1799 2542 Domine,

123 2567 206 2624 ita
232 2585 464 2624 serena
485 2567 697 2640 pietate
718 2568 963 2633 intuere,
983 2572 1048 2623 ut
1068 2568 1251 2623 sancti
1291 2567 1541 2639 Spiritus
1564 2564 1801 2638 perfun-

127 2656 361 2712 dantur
407 2656 810 2712 benedictione
840 2661 897 2712 et
944 2660 1163 2712 nostris
1194 2657 1469 2712 cordibus
1500 2671 1628 2710 eam
1660 2652 1802 2708 dile-

130 2744 404 2801 ctionem
426 2744 679 2801 validam
708 2746 1040 2814 infundant,
1064 2762 1167 2818 per
1189 2763 1366 2818 quam
1392 2748 1632 2801 sanctus
1654 2759 1805 2798 mar-

130 2839 227 2909 tyr
258 2835 349 2891 ill.
387 2835 590 2890 omnia
611 2835 868 2907 corporis
898 2839 1189 2891 tormenta
1218 2835 1446 2892 devicit.
1478 2836 1604 2890 Per.

208 2924 573 2982 Communia.
632 2928 960 2991 Sumentes,
1027 2925 1289 2991 Domine,
1350 2923 1600 2980 caelestis
1652 2923 1805 2977 dona

131 3011 449 3085 mysterii,
475 3027 833 3082 quassumus,
866 3016 931 3066 ut
948 3012 1100 3066 beati
1132 3013 1213 3067 ill.
1241 3013 1512 3085 martyris
1534 3010 1619 3067 tui
1644 3010 1805 3080 abju-

121 3115 352 3156 vemur
385 3097 635 3164 meritis,
676 3100 846 3169 cujus
877 3099 1307 3156 solemnitatem
1338 3101 1533 3156 debita
1562 3115 1803 3155 venera-

124 3188 295 3245 tione
325 3185 721 3244 celebramus.
757 3188 882 3242 Per.

455 3320 515 3359 IN
556 3318 685 3359 ΝΑΪ.
729 3318 1114 3359 PLURIMORUM
1155 3320 1495 3360 MARTYRUM.

202 3408 612 3480 Omnipotens
659 3409 1013 3482 sempiterno
1043 3409 1219 3477 Deus,
1274 3409 1375 3481 qui
1420 3426 1523 3481 per
1548 3407 1802 3482 gloriosa

127 3497 292 3555 bella
322 3496 668 3554 certaminis
698 3499 770 3553 ad
821 3497 1183 3555 immortales
1231 3498 1562 3569 triumphos
1602 3498 1802 3553 beatos

129 3590 435 3659 martyres
463 3590 596 3643 tuos
624 3585 707 3641 ill.
760 3586 1135 3654 transtulisti,
1174 3586 1249 3641 da
1279 3586 1556 3642 cordibus
1587 3585 1803 3641 nostris

128 3674 383 3747 dignam
417 3691 521 3747 pro
572 3692 775 3731 eorum
821 3676 1378 3731 commemoratione
1422 3674 1706 3739 lmtitiam,
1739 3678 1805 3728 ut

132 3780 397 3836 quorum
420 3763 747 3837 gaudemus
793 3763 1037 3834 meritis,
1085 3764 1462 3836 proﬁciamus
1494 3762 1798 3834 exemplis.

112 3855 263 3931 ‘Per.

202 3941 454 3998 Secreta.
487 3939 729 3997 Munera
768 3940 900 4008 tibi,
932 3941 1198 4009 Domine,
1230 3946 1439 3999 nostrae
1478 3941 1800 3998 devotionis

134 4028 471 4098 offerimus,
493 4045 620 4101 quae
651 4033 708 4084 et
737 4046 838 4101 pro
862 4032 1095 4085 tuorum
1118 4032 1223 4087 tibi
1255 4036 1420 4103 grata
1441 4031 1560 4087 sint
1581 4031 1799 4087 honore

127 4115 441 4187 justorum
461 4121 518 4172 et
540 4116 708 4173 nobis
730 4117 1013 4173 salutaria
1031 4123 1087 4174 te
1116 4119 1433 4175 miserante
1456 4120 1796 4176 reddantur.

134 4204 263 4262 Per.

207 4293 558 4350 Communia.
583 4293 798 4348 Praesta
827 4294 1014 4362 nobis,
1039 4295 1301 4363 Domine,
1323 4314 1682 4369 quaesumus,
1708 4299 1800 4353 in-

135 4380 577 4438 tercedentibus
609 4381 828 4436 sanctis
855 4381 973 4437 tuis
1003 4381 1088 4436 ill.
1121 4387 1185 4438 ut
1210 4402 1335 4456 qua:
1367 4402 1465 4441 ore
1504 4387 1795 4461 contingi-

138 4485 293 4538 mus,
328 4487 484 4542 pura
514 4473 708 4526 mente
738 4469 1061 4542 capiamus.
1094 4471 1218 4527 Per.

645 4603 704 4640 IN
746 4603 872 4641 NAT.
926 4603 1091 4643 ΡΟΝΤΙ
1099 4604 1225 4643 FICU
1233 4606 1275 4642 Μ
1284 4629 1296 4642 .

207 4674 292 4731 Da
321 4691 689 4748 quaesumus,
717 4675 1086 4747 omnipotens
1111 4677 1284 4745 Deus,
1310 4683 1371 4732 ut
1389 4677 1541 4733 beati
1564 4677 1644 4734 ill.
1670 4696 1799 4734 con-

142 4759 379 4820 fessoris
412 4763 500 4820 tui
532 4768 708 4835 atque
756 4764 1050 4835 pontiﬁcis
1094 4766 1426 4821 veneranda
1456 4765 1797 4825 solemnitas

142 4853 199 4904 et
221 4850 592 4908 devotionem
624 4851 792 4907 nobis
824 4856 1035 4924 augeat
1063 4856 1120 4907 et
1148 4852 1418 4908 salutem.
1454 4853 1579 4909 Per.

212 4938 447 4997 Secreta.
483 4939 675 4997 Sacris
704 4939 1007 5007 altaribus,
1044 4940 1307 5009 Domine,
1342 4940 1565 4998 hostias
1587 4960 1793 5016 super-

143 5028 385 5097 positas,
417 5045 759 5103 quaesumus
806 5034 866 5083 ut
900 5033 1139 5085 sanctus
1186 5029 1271 5085 ill.
1315 5031 1575 5103 pontifex
1619 5037 1794 5105 atque

146 5115 439 5174 confessor
495 5118 556 5173 in
612 5115 862 5174 salutem
905 5119 1074 5173 nobis
1114 5119 1437 5191 'provenire
1493 5121 1788 5194 deposcat.

147 5199 268 5260 Per.

148 5318 157 5325 ·
213 5290 548 5352 Communia.
570 5296 803 5365 Praesta,
830 5313 1193 5367 quaesumus,
1220 5296 1589 5369 omnipotens
1613 5299 1787 5369 Deus,

148 5381 208 5432 ut
235 5380 303 5437 de
327 5384 614 5458 perceptis
654 5385 1002 5441 muneribus
1031 5385 1251 5459 gratias
1299 5386 1657 5457 exhibentes,
1700 5388 1787 5444 in-

146 5500 225 5585 De
254 5503 379 5585 ipso
408 5514 466 5585 et
493 5510 564 5585 de
592 5509 809 5585 templo
844 5508 1091 5585 longiori
1116 5508 1341 5585 calamo
1362 5510 1423 5565 in
1457 5512 1787 5585 Antiquita-

148 5573 300 5656 tibus
328 5577 503 5656 vallis
522 5573 1063 5656 Sancti.Clementis
1093 5585 1150 5656 et
1181 5580 1239 5635 in
1271 5573 1690 5656 Dissertatiohc
1716 5587 1787 5642 de

149 5650 426 5722 episcopis
482 5651 993 5708 Camerinensibus
1057 5652 1165 5708 sub
1216 5653 1488 5727 episcopo
1547 5656 1787 5729 Hugone

1906 1027 1969 1078 ut
1990 1022 2091 1094 qui
2115 1027 2324 1079 nostrae
2350 1024 2598 1095 justitiaa
2628 1024 2902 1079 fiduciam
2928 1039 3042 1078 non
3073 1023 3382 1091 habemus,
3405 1024 3554 1096 ejus,

1906 1112 2006 1183 qui
2037 1111 2143 1165 tibi
2176 1112 2416 1184 placuit,
2443 1112 2713 1184 precibus
2735 1113 3104 1183 adjuvemur.
3141 1116 3267 1167 Per.

1979 1199 2209 1255 Secreta.
2244 1201 2476 1256 Hostias
2507 1201 2634 1268 tibi,
2684 1201 2950 1263 Domine,
2996 1217 3100 1273 pro
3133 1217 3556 1258 commemora-

1907 1287 2062 1343 tione
2094 1289 2277 1344 sancti
2327 1288 2410 1343 ill.
2461 1288 2813 1345 confessoris
2847 1288 2925 1343 lui
2971 1289 3293 1358 offerimus,
3325 1306 3498 1363 quem
3526 1308 3560 1345 a

1906 1375 1993 1431 tui
2022 1376 2280 1449 corporis
2313 1376 2535 1432 unitate
2560 1376 2721 1432 nulla
2750 1377 2992 1432 tentatio
3015 1377 3322 1449 separavit.
3358 1382 3483 1433 Per.

1982 1464 2321 1520 Communia.
2357 1465 2429 1520 Ut
2461 1465 2651 1531 nobis,
2684 1465 2949 1533 Domine,
2984 1470 3085 1521 tua
3105 1466 3392 1523 sacriﬁcia
3420 1468 3560 1523 dent

1911 1557 2181 1621 salutem,
2216 1554 2421 1611 beatus
2450 1552 2532 1609 ill.
2567 1554 2875 1610 confessor
2895 1559 3034 1610 tuus
3056 1571 3399 1627 quaesumus
3430 1572 3557 1628 pre-

1910 1646 2071 1698 cator
2095 1643 2350 1698 accedat.
2386 1642 2508 1698 Per.

2411 1776 2465 1812 IN
2506 1774 2702 1813 NA'I‘ALI
2742 1773 3055 1814 VIRGINUM.

1834 1888 1882 1953 Β
1983 1873 2157 1941 Deus,
2191 1872 2291 1945 qui
2315 1890 2420 1930 nos
2441 1874 2619 1929 beatae
2651 1872 2734 1928 ill.
2769 1872 3012 1946 virginis
3035 1873 3426 1947 martyrisque
3446 1876 3557 1929 tuae

1914 1979 2109 2018 annua
2122 1961 2490 2018 solemnitate
2503 1960 3040 2029 laetiﬁcas,concede
3054 1961 3343 2035 prOpitius
3358 1964 3559 2035 utejus

1911 2052 1980 2106 ad
1981 2051 2005 2122 j
2014 2051 2610 2123 uvemurmeritis,cuj
2624 2067 2691 2107 us
2706 2049 2992 2107 castitatis
3010 2050 3560 2108 irradiamurexem-

1912 2139 2045 2212 plis.
2080 2140 2205 2195 Per.

1984 2229 2213 2285 δεηθείη.
2250 2228 2578 2295 Otferimus,
2613 2228 2878 2299 Domine,
2910 2244 3110 2301 preces
3138 2233 3196 2284 et
3230 2244 3471 2286 munera
3500 2229 3559 2285 in

1912 2316 2130 2372 honore
2152 2322 2364 2372 sanctae
2386 2316 2468 2371 ill.
2490 2316 2734 2390 virginis
2757 2318 3147 2390 martyrisque
3167 2321 3279 2372 tuae
3299 2318 3558 2389 gauden-

1909 2411 2015 2473 tes,
2059 2409 2257 2478 presta
2304 2422 2648 2479 quaisumus
2665 2410 2730 2460 ut
2758 2411 2814 2461 et
2830 2406 3238 2462 convenienter
3255 2405 3377 2462 haec
3391 2421 3561 2479 agere
3624 2394 3638 2408 ’

1913 2499 1970 2549 et
2018 2495 2344 2551 remedium
2397 2494 2821 2567 sempiternum
2870 2492 3168 2551 valeamus
3235 2494 3557 2568 acquirere.

1913 2583 2035 2639 Per.

1985 2671 2322 2728 Communia.
2343 2673 2633 2744 Adjuvent
2652 2690 2779 2739 nos,
2795 2690 3154 2745 quissumus,
3169 2672 3561 2742 Domine,haac

1913 2761 2192 2833 mysteria
2225 2767 2428 2817 sancta
2456 2779 2583 2833 quae
2616 2762 3001 2834 sumpsimus,
3035 2767 3091 2818 et
3119 2763 3299 2818 beatae
3330 2761 3414 2817 ill.
3446 2762 3558 2817 vir-

1913 2849 2067 2923 ginis
2099 2851 2490 2923 martyrisque
2522 2856 2633 2907 tuae
2666 2851 3005 2907 intercessio
3048 2846 3398 2907 veneranda.
3431 2851 3554 2907 Per.

2114 2981 2320 3021 INCIPIT
2357 2983 2504 3021 ORDO
2543 2983 2614 3021 AD
2654 2982 2972 3022 MONACHUM
3013 2981 3360 3022 FACIENDUM.

2246 3056 2509 3127 Prajiciat
2531 3071 2588 3109 se
2614 3057 2853 3111 navitius
2883 3058 3008 3111 ante
3035 3055 3226 3110 altare.

1983 3169 2154 3223 Pater
2197 3175 2411 3224 noster.
2445 3169 2719 3224 Miserere
2750 3169 2885 3224 mei.
2935 3170 3268 3241 Capitulum.
3304 3169 3560 3225 Ostende

1826 3254 1868 3320 C
1907 3255 2096 3320 nobis,
2120 3258 2379 3312 Domine.
2408 3257 2545 3312 Esto
2576 3256 2648 3325 ei,
2683 3257 2948 3313 Domine.
2983 3257 3144 3313 Mitte
3175 3258 3252 3327 ei,
3291 3257 3557 3314 Domine.

1909 3345 2174 3412 Domine,
2207 3345 2434 3401 exaudi.

1985 3433 2190 3489 Oratio.
2223 3434 2398 3503 Deus,
2418 3432 2791 3504 indulgentiae
2816 3435 3007 3501 Pater,
3036 3435 3137 3507 qui
3169 3439 3225 3490 te
3255 3434 3558 3492 veritatem

1911 3526 2024 3577 tuas
2047 3521 2411 3578 discretionis
2427 3526 2761 3594 temperans
2776 3522 3091 3591 indulsisti,
3115 3522 3559 3596 neiiliusporta-

1913 3615 2001 3666 ret
2035 3610 2408 3684 iniquitatem
2450 3611 2656 3684 patris,
2700 3614 2756 3666 et
2796 3612 2893 3684 qui
2937 3611 3087 3667 mira
3125 3612 3559 3685 dispensatione

1911 3698 2085 3754 etiam
2111 3697 2278 3755 malis
2310 3700 2454 3756 bene
2480 3704 2652 3755 utens
2678 3703 2791 3755 tuae
2814 3699 3169 3772 dignationis
3185 3700 3433 3773 gratiam
3458 3719 3561 3773 per

1910 3804 2009 3843 eos
2069 3788 2402 3859 frequenter
2455 3789 2735 3860 operaris,
2796 3804 3136 3860 quznsumus
3188 3789 3558 3845 clementiam

1909 3880 2096 3944 tuam,
2116 3881 2179 3931 ut
2200 3876 2336 3931 huic
2363 3875 2583 3931 famulo
2602 3880 2725 3942 tuo,
2748 3875 2830 3931 ill.
2865 3893 2982 3931 non
3005 3876 3255 3932 obsistat
3280 3879 3431 3948 quod
3455 3896 3559 3951 per

1909 3964 2177 4020 habitum
2209 3963 2509 4038 religionis
2533 3979 2638 4036 per
2675 3982 2781 4041 nos
2803 3968 2963 4020 tanta
2986 3982 3051 4021 ac
3072 3964 3171 4021 tali
3205 3983 3262 4021 re
3283 3966 3558 4040 indignos

1909 4054 2152 4126 accepit,
2181 4054 2279 4109 sed
2308 4052 2722 4120 ministerium,
2749 4054 2905 4126 quod
2928 4055 3179 4110 exterius
3204 4071 3305 4126 per
3323 4072 3429 4112 nos
3458 4072 3556 4112 ex—

1909 4141 2161 4211 hibetur,
2184 4141 2513 4198 tuinterius
2535 4158 2637 4215 per
2657 4142 2876 4197 donum
2900 4144 3080 4199 sancti
3106 4143 3358 4216 Spiritus
3388 4161 3555 4202 exse-

1908 4231 2132 4303 quaris.
2162 4231 2289 4287 Per.

1976 4321 2104 4375 Atia
2160 4321 2361 4375 oratio.
2414 4323 2586 4386 Deus,
2636 4321 2735 4392 qui
2783 4336 2887 4393 per
2932 4325 3283 4377 coaeternum
3339 4320 3551 4377 Filium

1908 4412 2076 4463 tuum
2107 4412 2320 4463 cuncta
2351 4408 2583 4475 creasti,
2636 4409 2855 4481 quique
2899 4409 3186 4464 mundum
3214 4409 3270 4462 in
3299 4407 3553 4480 peccatis

1906 4496 2291 4552 inveteratum
2336 4514 2439 4569 per
2479 4498 2820 4570 mysterium
2873 4501 3089 4552 sanctae
3132 4497 3553 4554 Incarnationis

1830 4616 1876 4680 Β
1907 4586 2033 4657 ejus
2066 4602 2339 4641 renovare
2386 4586 2662 4659 dignatus
2694 4603 2777 4654 es,
2811 4591 2866 4642 te
2897 4584 3191 4658 supplices
3221 4602 3550 4657 exoramus,

1907 4679 1974 4729 ut
2000 4675 2266 4746 ejusdem
2287 4675 2517 4731 Domini
2543 4676 2725 4730 uestri
2756 4675 2943 4747 gratia
2973 4691 3147 4746 super
3180 4674 3333 4730 hunc
3363 4674 3551 4731 famu-

1906 4762 2028 4819 lum
2059 4768 2252 4833 tuum,
2298 4764 2867 4820 abrenuntiationem
2915 4763 3109 4818 seaculi
3163 4764 3549 4835 proﬁtentem,

1905 4850 2221 4909 clementer
2263 4853 2547 4925 respicere
2596 4852 2878 4926 digneris,
2913 4869 3016 4925 per
3045 4866 3221 4924 quam
3251 4849 3312 4906 in
3339 4852 3550 4926 spiritu

1903 4957 2021 4995 suae
2055 4940 2267 4996 mentis
2302 4946 2610 4997 renovatus
2641 4948 2889 4998 veterem
2923 4940 3246 5013 hominem,
3271 4958 3404 4998 cum
3428 4944 3552 5001 suis

1902 5030 2130 5086 actibus
2159 5036 2355 5095 exuat,
2386 5034 2442 5086 et
2471 5047 2686 5087 novum
2727 5031 3047 5098 hominem,
3093 5030 3194 5103 qui
3225 5033 3549 5091 secundum

1901 5118 2083 5174 Deum
2116 5123 2344 5175 creatus
2369 5124 2479 5189 est,
2511 5120 2755 5176 induere
2786 5124 3098 5176 mereatur.
3129 5120 3253 5176 Per.

1972 5208 2280 5264 Benedictio
2335 5209 2587 5264 aucullar.
2648 5209 2892 5265 Domine
2947 5209 3089 5265 Jesu
3148 5209 3396 5278 Christe,
3449 5210 3551 5283 qui

1899 5301 2176 5371 tegumen
2224 5301 2432 5353 nostrae
2479 5297 2853 5354 mortalitatis
2882 5299 3126 5355 induere
3158 5299 3432 5373 dignatus
3462 5317 3545 5363 es,

1898 5384 2640 5444 obsecramusimmensam
2660 5391 2773 5443 tua:
2790 5386 3079 5461 largitatis
3101 5387 3544 5451 abundantiam,

1897 5513 2108 5584 scribo.
2142 5513 2337 5584 Agunt
2366 5512 2438 5584 de
2466 5526 2534 5584 eo
2565 5510 2755 5584 etiam,
2783 5510 3323 5584 Camaldulensium
3354 5513 3545 5569 Anna-

1896 5582 2041 5638 lium
2073 5582 2391 5655 scriptores
2423 5582 2485 5655 (t.
2519 5583 2540 5638 Ι
2571 5586 2628 5638 et
2657 5582 2712 5637 in
2743 5582 2852 5639 hoc
2883 5583 2973 5652 II).
