3896 6216
319 381 440 451 863

1507 392 1698 457 εχει).
1739 391 1817 455 Xl
1863 387 2173 454 MONUM.
2222 388 2542 458 LITURG.

3608 393 3750 460 8'64

318 525 384 580 ut
410 521 518 581 hoc
549 537 736 596 genus
764 522 1120 594 vestimenti,
1149 525 1306 600 quod
1335 529 1522 585 sancti
1554 527 1750 585 Patres
1771 527 1843 583 ad
1876 526 1965 582 in-
1996 526 2052 592 Α
2082 528 2181 600 qui
2215 528 2320 586 tibi
2348 530 2506 587 vovit
2533 529 2747 588 servire
2777 544 2924 604 pura
2952 532 3148 587 mente
3177 527 3518 604 mundoque
3533 532 3746 600 corde,

319 615 599 670 nocentiae
646 613 736 670 vel
773 612 1127 674 humilitatis
1167 617 1450 674 indicium
1485 617 1966 674 abrenuntiantes

318 701 467 758 ferre
513 709 856 772 sanxerunt,
902 706 983 761 ita
1033 707 1408 772 bene’rdicere
1451 707 1732 779 digneris,
1775 712 1838 761 ut
1869 705 1963 760 hic

317 791 576 848 famulus
603 798 765 862 tuus,
799 794 894 866 qui
932 793 1038 850 hoc
1079 811 1223 850 usus
1253 794 1446 862 fuerit,
1481 799 1534 850 te
1568 795 1808 850 induere
1841 811 1960 852 mc-

317 894 534 946 reatur.
567 892 690 948 Per.

385 983 520 1037 Item
542 982 654 1036 alio
702 983 896 1038 oratio.
932 983 1105 1047 Deus,
1143 987 1491 1038 aeternorum
1531 983 1813 1039 bonorum
1847 983 1960 1037 vir-

315 1073 510 1124 tutum
544 1071 730 1135 dator,
763 1076 819 1126 et
847 1072 1110 1127 omnium
1144 1071 1616 1128 benedictionum
1648 1071 1847 1144 largus
1870 1072 1963 1127 in-

315 1157 496 1226 fusor,
528 1163 584 1215 te
633 1158 898 1214 subnixis
947 1161 1218 1232 precibus
1261 1161 1662 1233 deprecamur,
1717 1166 1779 1216 ut
1811 1161 1961 1216 hanc

311 1252 531 1303 vestem
559 1248 935 1313 bene’rdicere
967 1254 1023 1304 et
1066 1249 1467 1315 sanctiiﬁcare
1517 1250 1796 1322 digneris,
1845 1267 1963 1321 qua

316 1335 571 1392 famulus
592 1341 730 1393 tuus
751 1335 833 1392 ill.
850 1337 1316 1409 proindicatione
1337 1339 1694 1394 castimoniae
1721 1339 1960 1393 induere

309 1424 456 1489 vult,
481 1429 546 1480 ut
565 1425 986 1499 interreliquos
1005 1427 1273 1484 homines
1300 1428 1400 1483 tibi
1427 1433 1812 1500 cognoscatur
1832 1444 1959 1483 esse

314 1513 575 1570 devotus.
607 1514 713 1570 Per
739 1515 1059 1571 Christum.

390 1607 544 1658 Tunc
569 1611 736 1658 exuat
769 1619 894 1659 eum
921 1612 1059 1660 veste
1096 1606 1238 1660 loica
1286 1608 1366 1660 ita
1395 1605 1657 1660 dicendo:
1690 1606 1874 1660 Exuat
1904 1609 1957 1661 te

309 1689 597 1746 Dominus
628 1695 879 1747 veterem
912 1693 1212 1748 hominem
1244 1710 1378 1749 cum
1411 1694 1637 1749 actibus
1668 1695 1811 1750 suis.

382 1781 612 1836 Induens
641 1785 837 1837 vestem
865 1783 1242 1837 monachicam
1273 1783 1456 1838 dicat:
1500 1783 1710 1838 Induat
1757 1787 1812 1836 te
1845 1783 1956 1838 Do—

310 1870 509 1925 minus
541 1886 753 1926 novum
777 1869 1096 1938 hominem,
1121 1871 1220 1942 qui
1245 1872 1570 1928 secundum
1597 1875 1776 1926 Deum
1801 1889 1957 1928 crea-
1988 1899 2033 1963 Β

307 1963 406 2015 tus
427 1963 517 2014 est
545 1959 604 2014 in
627 1959 862 2030 justitia
890 1963 947 2015 et
975 1960 1283 2017 sanctitate
1306 1961 1585 2016 veritatis.

379 2048 686 2104 Benedictio
715 2050 1035 2105 vestimenti.
1070 2055 1239 2115 Deus,
1275 2049 1375 2122 qui
1403 2050 1821 2106 vestimentum
1857 2067 1954 2105 sa-

308 2136 496 2192 lutare
525 2142 588 2193 et
614 2137 1024 2193 indumentum
1051 2142 1276 2194 aeternae
1299 2139 1694 2209 jucunditatis
1726 2139 1843 2193 tuis
1889 2139 1953 2192 fi-

307 2225 537 2283 delibus
556 2225 897 2298 promisisti,
925 2226 1294 2283 clementiam
1317 2231 1480 2282 tuam
1505 2227 1846 2299 suppliciter
1865 2245 1958 2282 ex.

303 2327 562 2380 oramus,
595 2317 659 2370 ut
709 2313 830 2370 haec
861 2315 1208 2371 indumenta
1240 2315 1638 2371 humilitatem
1672 2315 1867 2372 cordis
1899 2322 1957 2371 et

306 2406 705 2474 contemptum
732 2403 935 2458 mundi
958 2404 1369 2475 signiﬁcantia,
1388 2405 1604 2477 quibus
1626 2405 1842 2460 famulo
1856 2409 1954 2460 tuo

303 2491 387 2549 ill.
421 2491 728 2548 visibiliter
756 2497 846 2548 est
876 2492 933 2547 in
985 2495 1291 2550 formando
1336 2495 1651 2567 proposito,
1688 2495 1956 2566 propitus

303 2581 672 2648 benefdicas,
707 2585 760 2636 et
813 2582 990 2637 beatae
1023 2583 1312 2639 castitatis
1359 2583 1649 2650 habitum,
1695 2600 1869 2656 quem
1900 2588 1955 2639 te

303 2670 627 2744 inspirante
659 2671 937 2742 suscepit,
971 2676 1025 2727 te
1057 2676 1392 2744 protegente
1424 2673 1736 2728 custodiat.
1775 2672 1896 2728 Per.

548 2776 622 2815 AD
662 2775 1004 2815 INDUENDUI
1055 2777 1272 2815 VESTEM
1312 2778 1700 2816 NONACHICAM.

374 2847 584 2918 Accipe
612 2852 834 2903 vestem
865 2847 1016 2904 hanc
1040 2853 1304 2905 sanctam
1328 2852 1426 2920 atq
1437 2865 1504 2904 ue
1527 2849 1950 2916 monachicam,

303 2952 484 3008 quam
518 2940 652 2992 ante
668 2935 926 2991 tribunal
951 2937 1180 2992 Domini
1205 2937 1386 2992 nostri
1418 2941 1555 2992 Jesu
1591 2938 1805 2994 Christi
1827 2939 1954 2994 sine

308 3023 536 3080 macula
585 3023 861 3097 perferas,
915 3041 1018 3097 per
1063 3025 1335 3081 virtutem
1377 3030 1436 3082 et
1488 3027 1951 3084 misericordiam

307 3112 599 3184 ejusdem,
634 3111 732 3184 qui
761 3129 895 3169 cum
939 3118 1154 3170 aeterno
1204 3115 1369 3171 Patre
1412 3120 1470 3170 et
1500 3117 1716 3188 Spiritu
1750 3121 1952 3172 sancto

301 3199 443 3255 vivit
499 3203 554 3256 et
607 3206 812 3274 regnat
858 3219 960 3274 per
1027 3203 1256 3259 inllnita
1317 3204 1527 3260 saecula
1579 3205 1947 3262 saeculorum.

301 3291 505 3346 Amen.

371 3379 711 3435 Dominator
756 3379 1022 3449 Domine,
1063 3384 1216 3438 Deus
1274 3380 1548 3438 salutaris
1596 3387 1813 3449 noster,
1847 3400 1944 3438 cu-

301 3466 449 3524 stodi
481 3467 638 3524 hunc
669 3468 955 3524 famulum
988 3474 1179 3539 tuum,
1206 3469 1288 3525 ill.
1320 3471 1429 3527 sub
1461 3471 1733 3544 hocjugo
1760 3488 1948 3544 usque

301 3554 360 3609 in
391 3555 590 3623 ﬁnem,
623 3560 680 3613 et
700 3558 944 3630 dignum
966 3575 1102 3614 eum
1136 3559 1222 3614 fac
1255 3576 1388 3615 cum
1420 3559 1513 3616 his
1544 3559 1643 3632 qui
1667 3560 1768 3616 tibi
1801 3561 1948 3617 bene

299 3643 664 3716 placuerunt,
705 3645 884 3701 indue
931 3663 1066 3701 eum
1117 3647 1599 3704 sanctificationis
1647 3648 1819 3715 stola,
1854 3665 1946 3705 ac-

299 3731 467 3805 cinge
496 3732 731 3790 lumbos
759 3734 888 3805 ejus
911 3733 1244 3807 sobrietate,
1268 3738 1509 3792 ostende
1532 3736 1698 3792 illum
1729 3742 1948 3794 creato-

298 3837 421 3877 rem
454 3821 511 3877 in
541 3821 702 3877 omni
751 3823 1128 3891 abstinentia,
1175 3826 1385 3896 perfice
1440 3824 1609 3881 illum
1662 3827 1722 3882 in
1781 3827 1952 3882 donis

297 3907 496 3981 gratias
527 3909 869 3980 spiritualis,
903 3912 974 3966 ad
1007 3911 1252 3984 gloriam
1290 3914 1558 3985 potentia;
1591 3919 1702 3969 tuae
1747 3913 1950 3971 lauda-

297 3996 456 4061 bilis,
489 3996 630 4068 quia
654 4002 718 4053 tu
747 4015 809 4054 es
841 3999 994 4056 Deus
1025 4006 1243 4071 noster,
1273 4000 1373 4074 qui
1410 4000 1495 4057 vis
1526 4019 1729 4059 omnes
1762 4002 1950 4058 homi-

306 4100 411 4140 nes
442 4083 634 4141 salvos
664 4086 807 4142 fieri.
842 4089 948 4152 Qui
981 4089 1138 4145 vivit.

369 4174 574 4230 Oratio.
624 4175 702 4230 Te
762 4176 1124 4244 invocamus,
1197 4179 1440 4234 Domine
1497 4183 1717 4248 sancte,
1781 4185 1954 4237 Pater

297 4261 688 4335 omnipotens,
722 4269 934 4323 aeterne
964 4267 1137 4332 Deus,
1174 4284 1351 4340 super
1371 4267 1527 4322 hunc
1555 4268 1842 4324 famulum
1865 4269 1948 4324 ill.

368 4406 482 4473 (27)
507 4405 570 4462 In
583 4407 785 4464 ordine
805 4410 877 4464 ad
899 4409 1249 4464 initiandum
1277 4409 1630 4466 monachum
1655 4411 1831 4466 ritum
1857 4411 1954 4467 ha-

297 4476 504 4554 bemus
534 4478 606 4554 ad_
634 4479 1261 4554 barbam_tondendam.
1323 4481 1533 4538 Priscis
1589 4484 1951 4554 temporibus

293 4547 418 4625 viri
435 4549 744 4606 smculares
765 4551 1011 4625 barbam
1037 4551 1388 4625 praelongam
1412 4547 1728 4625 portabant
1757 4561 1813 4610 et
1844 4573 1950 4610 nu-

294 4619 568 4695 triebant,
615 4627 854 4695 eratque
889 4619 1131 4695 proinde
1177 4619 1430 4695 sigvnum'
1465 4624 1738 4680 vanitatis
1769 4627 1952 4682 barba

294 4691 518 4768 proliqta
547 4695 605 4749 et
633 4691 1181 4768 oblongagMongacbi
1206 4691 1277 4768 ad
1308 4697 1697 4768 respuendam
1715 4714 1950 4754 omnem

295 4761 488 4819 seaculi
521 4761 842 4821 vanitatem
864 4765 1156 4822 tironibus
1177 4767 1302 4823 suis
1333 4761 1575 4822 barbam
1611 4769 1948 4825 tondebant.

293 4834 438 4907 _Vide
468 4851 600 4907 quas
626 4837 696 4892 de
725 4835 836 4893 hoc
871 4853 1031 4893 more
1058 4838 1255 4894 dicant
1299 4838 1613 4895 Annalium
1645 4839 1953 4896 Camaldu-

290 4903 550 4982 lensiuin
583 4907 905 4982 scriptores
948 4910 1011 4980 (t.
1044 4910 1108 4982 gl,
1161 4927 1217 4982 p.
1267 4911 1415 4979 380).
1470 4910 1564 4966 Sic
1597 4916 1791 4967 tamen
1824 4929 1949 4968 mo-

294 4976 466 5052 nachi
499 4976 790 5035 imberbes
821 4976 1182 5052 apparebant
1211 4985 1276 5036 ut
1305 4976 1470 5037 nulla
1498 4982 1556 5036 in
1585 4999 1785 5038 eorum
1824 4984 1949 5039 vul-

291 5047 454 5125 tibus
483 5054 786 5125 notaretur
827 5047 1128 5125 mollities,
1164 5070 1291 5125 quae
1321 5070 1462 5125 sane
1495 5054 1678 5109 nimia
1711 5056 1943 5123 fuisset,

293 5118 343 5197 _si
385 5118 1200 5197 novaculamadhibuisscnt'.
1263 5124 1603 5197 Forcipibus
1641 5118 1952 5197 prapterca

293 5143 343 5175 si
385 5143 726 5176 ιιυνειουηιω
775 5143 1200 5180 aamnuisscnt.
1263 5143 1603 5197 r'orcipmus
1685 5143 1948 5196 ropterca

293 5189 538 5247 barbam
569 5191 908 5248 tondebant.
956 5196 1241 5252 Addimus
1273 5201 1541 5252 sanctum
1574 5143 1948 5252 Albertinum

291 5261 547 5336 priorem
574 5263 1102 5336 FontisjAv'ellants,
1139 5267 1195 5322 in
1229 5267 1650 5336 antiquissima
1700 5267 1864 5321 icone
1890 5269 1946 5322 in

292 5333 423 5410 ejus
471 5334 819 5410 monasterii
861 5339 1078 5409 templo
1127 5333 1445 5410 depictum.
1497 5340 1680 5410 barba
1724 5355 1946 5410 carere.

289 5403 547 5479 Antiqua
560 5405 792 5479 pariter_
808 5403 1000 5479 imago
1032 5403 1222 5465 sancti
1243 5409 1392 5465 Petri
1417 5408 1706 5479 Damiani,
1724 5407 1954 5465 labente

294 5474 1000 5552 sarculo.iiii,__coloribiis
1028 5497 1304 5552 expressa
1337 5481 1392 5534 in
1418 5478 1641 5552 tabula
1674 5479 1954 5552 principis

300 5561 412 5622 arae
443 5545 1062 5622 SanctiExsuperantii
1089 5545 1338 5622 Cinguli,
1374 5550 1472 5622 ubi
1507 5545 1773 5604 monachi
1799 5545 1956 5606 Avel-

289 5617 563 5678 lanenses
593 5615 694 5670 diu
727 5615 1015 5687 vixerunt,
1051 5615 1339 5678 hirsutam
1372 5625 1429 5676 et
1456 5621 1686 5676 brevem
1711 5623 1952 5677 barbam

290 5687 544 5756 exhibet,
588 5688 842 5752 similem
889 5690 1026 5760 illis,
1062 5711 1188 5766 quae
1220 5709 1373 5766 saepe
1419 5691 1681 5750 forcibus
1715 5693 1955 5751 detrun-

2075 623 2140 676 ut
2170 636 2305 676 eum
2340 621 2560 676 sociare
2592 619 2852 692 digneris
2885 619 3035 676 inter
3065 618 3166 675 illa
3194 625 3435 676 centum
3466 622 3740 693 quadra-

2072 710 2238 782 ginta
2265 714 2516 782 quatuor
2565 709 2750 766 millia
2791 708 3130 777 infantium,
3163 709 3264 782 qui
3314 710 3572 783 virgines
3606 729 3746 784 per-

2075 803 2437 865 manserunt,
2484 804 2541 855 et
2573 815 2635 854 se
2685 814 2818 854 cum
2857 798 3206 854 mulieribus
3240 814 3354 854 non
3384 793 3749 872 coinquina-

2072 892 2303 953 verunt,
2337 888 2397 943 in
2429 905 2680 960 quorum
2712 903 2811 942 ore
2854 886 3026 942 dolus
3053 886 3326 942 inventus
3357 903 3474 943 non
3505 892 3615 958 est,
3651 890 3747 946 ita

2072 981 2128 1032 et
2157 978 2314 1032 hunc
2362 977 2656 1032 famulum.
2680 981 2850 1032 tuum
2882 975 2965 1030 ill.
3020 976 3199 1032 facias
3247 993 3593 1048 permanere
3626 994 3744 1051 per

2073 1066 2516 1121 immaculatum
2532 1065 2739 1121 Filium
2767 1071 2934 1121 tuum
2963 1065 3268 1121 Dominum
3293 1071 3738 1133 nostrum,cum

2072 1171 2187 1226 quo
2215 1156 2358 1210 vivis
2389 1161 2446 1211 et
2469 1171 2677 1228 regnas
2703 1155 2856 1211 Deus
2878 1172 2980 1229 per
3011 1155 3210 1212 omnia
3241 1155 3456 1214 Saecula
3485 1156 3738 1214 seculo-

2071 1260 2223 1300 rum.
2257 1246 2464 1300 Amen.

2510 1351 2576 1390 AD
2611 1351 2897 1392 CLERICUM
2938 1353 3255 1392 FACIENDUM
3265 1379 3276 1390 .

2143 1424 2348 1478 Oratio.
2400 1425 2669 1493 Oremus,
2715 1424 3080 1480 dilectissimi
3125 1425 3354 1490 fratres,
3402 1425 3725 1481 Dominum

2070 1515 2334 1566 nostrum
2382 1513 2584 1568 Jesum
2647 1512 2940 1569 Christum
3001 1529 3174 1584 super
3221 1515 3377 1569 hunc
3429 1514 3724 1570 famulum

2066 1604 2233 1656 tuum
2267 1601 2357 1663 N.,
2392 1601 2490 1673 qui
2540 1601 2611 1656 ad
2663 1602 3070 1673 deponendam
3116 1619 3346 1658 comam
3381 1603 3592 1675 capitis
3622 1604 3720 1660 sui

2068 1706 2170 1762 pro
2201 1707 2396 1746 amore
2436 1689 2650 1746 Christi
2704 1690 2956 1756 festinat,
2994 1697 3058 1746 ut
3109 1692 3286 1747 donet
3331 1693 3390 1748 ei-
3429 1693 3727 1765 Spiritum

2066 1783 2358 1844 sanctum,
2409 1780 2508 1850 qui
2543 1779 2808 1836 habitum
2844 1778 3142 1851 religionis
3175 1781 3234 1834 in
3267 1797 3401 1837 eum
3433 1787 3725 1854 perpetuo

2066 1867 2375 1935 custodiat,
2409 1873 2468 1923 et
2515 1885 2549 1923 a
2596 1869 2799 1924 mundi
2847 1869 3264 1941 impedimento
3299 1869 3384 1925 vel
3443 1869 3723 1926 saeculari

2062 1956 2350 2012 desiderio
2371 1958 2501 2027 ejus
2524 1959 2698 2012 corda
2725 1958 3040 2025 custodiat,
3065 1964 3123 2014 et
3139 1959 3291 2014 sicut
3321 1962 3582 2015 mutatus
3605 1958 3726 2014 erit

2064 2043 2121 2099 in
2155 2045 2338 2110 vultu,
2370 2045 2449 2101 ita
2463 2063 2673 2102 manus
2701 2047 2944 2102 dexterae
2975 2052 3087 2103 tuae
3111 2048 3168 2102 in
3201 2065 3334 2104 eum
3359 2047 3572 2104 virtute
3594 2065 3725 2120 per-

2065 2133 2329 2189 fectionis
2363 2134 2496 2189 boni
2547 2136 2738 2206 operis
2770 2136 2990 2192 tribuat
3018 2137 3078 2191 in
3110 2140 3329 2201 actum,
3362 2141 3418 2192 et
3447 2137 3521 2193 ab
3553 2137 3718 2193 omni

2065 2221 2319 2278 caecitate
2351 2223 2598 2294 spiritali
2644 2225 2844 2280 oculos
2875 2225 3118 2298 aperiat,
3164 2241 3230 2282 ac
3259 2225 3460 2282 lumen
3491 2229 3719 2283 aeterni-

2063 2311 2201 2367 tatis
2231 2312 2433 2382 gratiae
2465 2313 2763 2368 concedat.
2801 2314 2925 2369 Per.

2135 2401 2271 2455 Dum
2303 2401 2481 2455 tondis
2511 2418 2635 2457 eum
2657 2402 2793 2458 dicis
2813 2404 3194 2475 antiphonam.
3227 2407 3314 2461 Tu
3331 2423 3413 2474 es,
3445 2406 3713 2473 Domine,

2064 2489 2164 2561 qui
2196 2489 2472 2546 restitues
2516 2490 2912 2548 haereditatem
2963 2510 3152 2549 meam
3205 2494 3371 2549 mibi.
3427 2495 3716 2551 Dominus

2063 2593 2200 2648 pars
2221 2577 2617 2634 hzsreditatem
2651 2595 2840 2635 meam
2870 2583 3010 2651 (sic).
3045 2581 3239 2638 Gloria
3267 2583 3446 2639 Patri.

2133 2667 2262 2722 Item
2291 2669 2406 2722 alia
2451 2668 2777 2740 antiphona.
2813 2670 2929 2726 Hac
2989 2675 3078 2726 est
3107 2673 3404 2744 generatio
3446 2690 3712 2744 quaeren-

2062 2754 2212 2810 tium
2241 2755 2578 2826 Dominum,
2611 2759 2994 2828 quaerentium
3020 2760 3225 2816 faciem
3259 2761 3356 2818 Dei
3383 2763 3586 2820 Jacob.
3610 2763 3713 2820 Hic

2062 2844 2283 2916 accipet
2313 2845 2778 2902 benedictionem
2810 2865 2842 2903 a
2873 2849 3136 2905 Domino.

2131 2945 2428 3016 Postquam
2491 2950 2804 3002 tousuratus
2885 2953 2979 3002 est.
3062 2948 3264 3004 Oratio.
3327 2949 3712 3024 Omnipotens

2061 3032 2412 3104 sempiterne
2442 3034 2614 3102 Deus,
2655 3036 2968 3108 propitiare
2999 3037 3249 3109 peccatis
3287 3039 3506 3095 nostris
3551 3044 3609 3096 et
3637 3042 3713 3097 ab

2061 3121 2221 3176 omni
2268 3123 2544 3179 servitute
2584 3123 2848 3180 seculari
2895 3126 3164 3181 habitum
3207 3143 3385 3200 super
3414 3128 3574 3184 hunc
3627 3131 3711 3185 fa-

2031 3209 2291 3274 ,mulum
2345 3215 2513 3268 tuum
2564 3213 2654 3278 N.,
2691 3213 2833 3269 dum
2884 3215 3266 3287 ignominiam
3313 3218 3572 3288 deponit,
3609 3223 3712 3274 tua

1981 3269 2037 3335 Cv
2063 3315 2295 3371 semper
2324 3301 2382 3355 in
2406 3318 2539 3356 eum
2565 3269 3144 3376 perfrueturugratia,

2057 3387 2254 3444 dinem
2287 3405 2515 3444 corona:
2536 3395 2648 3446 tuae
2679 3397 2950 3448 ornatum
2981 3397 3210 3465 gestare
3241 3394 3486 3450 fecimus
3518 3396 3578 3450 in
3608 3412 3709 3452 ca-

2057 3475 2198 3548 pite,
2229 3477 2312 3533 sic
2344 3482 2446 3533 tua
2476 3479 2690 3535 virtute
2729 3484 2787 3536 et
2836 3481 3235 3537 hereditatem
3269 3483 3553 3556 subsequi
3585 3499 3706 3540 me-

2057 3567 2255 3620 reatur
2284 3566 2341 3620 in
2371 3568 2562 3623 corde.
2597 3569 2720 3624 Per.

2131 3655 2266 3708 Alia
2286 3655 2488 3711 Oratio.
2507 3661 3115 3730 Praesta,qua:sumus,
3139 3659 3509 3731 omnipotens
3536 3661 3707 3727 Deus,

2059 3746 2125 3798 ut
2185 3743 2470 3799 famulum
2517 3750 2684 3802 tuum
2729 3746 2819 3815 N.,
2854 3763 3027 3819 quem
3062 3748 3229 3804 hodie
3276 3748 3450 3820 capiti
3481 3766 3710 3806 comam

2061 3848 2230 3886 suam
2263 3849 2367 3904 pro
2393 3832 2585 3889 divino
2620 3851 2847 3892 armore
2875 3836 3280 3908 deposuimus,
3317 3841 3380 3891 ut
3406 3839 3463 3892 in
3491 3842 3596 3894 tua
3623 3838 3710 3894 di-

2059 3917 2306 3976 lectione
2352 3927 2636 3994 perpetua
2667 3929 2920 3990 maneat,
2972 3930 3030 3982 et
3061 3943 3197 3982 eum
3231 3927 3358 3982 sine
3390 3927 3624 3984 macula
3653 3929 3712 3984 in

2065 4008 2424 4080 sempiterno
2456 4011 2770 4068 custodias.
2803 4017 2930 4069 Per.

2435 4100 2550 4170 (27)
2591 4117 2663 4156 AD
2705 4117 2938 4157 saneea:
2975 4119 3338 4159 TONDENUAM.

2132 4185 2306 4249 Deus,
2343 4187 2514 4257 cujus
2547 4187 2769 4260 Spiritu
2819 4195 3087 4246 creatura
3115 4192 3308 4247 omnis
3349 4193 3552 4250 adulta
3581 4212 3717 4251 con-

2060 4273 2297 4346 gaudet,
2322 4273 2529 4330 exaudi
2555 4292 2754 4348 preces
2778 4280 3007 4335 nostras
3039 4295 3218 4352 super
3237 4279 3400 4336 hunc
3423 4282 3713 4339 famulum

2060 4420 2286 4471 cantur.
2341 4417 2557 4474 Morem
2609 4419 2788 4476 istum
2839 4421 3031 4476 barbae
3079 4423 3345 4479 radendas
3387 4425 3603 4482 saeculo
3657 4444 3711 4482 χι

2061 4488 2215 4558 apud
2268 4489 2578 4546 nonnullas
2629 4490 2916 4547 Ecclesias
2966 4492 3156 4548 locum
3209 4495 3577 4563 obtinuisse;
3613 4499 3708 4553 sed

2065 4575 2406 4640 non__aeque
2452 4563 2525 4617 ab
2593 4563 2868 4640 omnibus
2934 4564 3115 4640 fuisse
3162 4571 3454 4640 receptum
3507 4569 3710 4640 probat

1981 4642 2028 4706 D
2059 4630 2354 4722 qppddam
2403 4638 2854 4722 monumentum
2887 4630 3394 4722 genuinum'apud
3430 4630 3713 4722 Dapebro-

2061 4700 2260 4758 cbium
2294 4703 2545 4792 inlA‘ctis
2591 4700 3187 4792 sanctorum,‘q.ui_in
3220 4700 3458 4792 Βέρβθεὶ
3487 4700 3712 4792 episco-

2061 4789 2273 4899 porum
2323 4775 2843 4833 Mcdiolanensium
2893 4775 3126 4835 exhibet
3173 4775 3491 4853 imaginem
3524 4775 3709 4838 'Heri-

2103 4844 2209 4899 erti
2258 4846 2525 4899 Drmsulis
2581 4849 3049 4899 Mediolanensis.
3098 4853 3253 4899 circa
3298 4869 3520 4899 annum
3554 4855 3708 4899 4056.

2103 4844 2209 4922 erti
2258 4846 2550 4922 praesulis
2581 4849 3049 4922 Mcdiolanensis,
3098 4853 3253 4907 circa
3295 4844 3520 4909 annum
3554 4855 3711 4922 4046,

2061 4916 2372 4995 barbatum
2405 4919 2804 4995 prrsfcrentem
2837 4920 3178 4995 episcopum
3202 4922 3376 4995 pallio
3416 4916 3711 4980 ornatum;

2060 4987 2272 5067 Probat
2283 4987 2458 5067 etiam
2475 4990 2560 5067 vir
2581 4991 2677 5048 ille
2699 4987 3078 5067 doctissimus
3092 4987 3385 5050 Romanos
3410 4997 3715 5067 pontifices

2062 5059 2240 5130 hujus
2288 5059 2609 5134 disciplinae
2656 5064 2923 5119 radendas
2957 5065 3148 5120 barbae
3183 5083 3297 5122 non
3332 5059 3521 5134 usque
3573 5067 3713 5123 adeo

2059 5132 2521 5206 tenaces_fuisse
2572 5134 2669 5206 qui
2723 5151 2827 5206 pro
2867 5135 3108 5191 arbitrio
3159 5132 3549 5194 recedendum
3603 5139 3713 5195 sibi

2063 5201 2134 5278 ab
2168 5200 2268 5256 illa
2299 5200 2605 5278 ducerent."
2652 5200 2936 5278 In'altero
2987 5207 3165 5278 huius
3197 5207 3328 5263 libri
3375 5213 3712 5278 tegumenta

2061 5273 2268 5346 eboreo
2300 5274 2565 5346 sculptus
2596 5275 2952 5346 conspicitur
2979 5273 3219 5334 sanctus
3265 5273 3627 5346 Theodorus,
3659 5287 3714 5337 et

2063 5344 2302 5414 quidem
2337 5344 2634 5417 barbatus
2663 5363 2676 5410 ;
2734 5344 2973 5404 sanctus
3002 5350 3364 5417 Theodorus,
3399 5369 3466 5408 ex
3501 5344 3712 5409 Graecis

2062 5419 2208 5485 erat,
2249 5415 2349 5485 qui
2403 5422 2604 5472 contra
2646 5418 2986 5475 Latinorum
3036 5438 3258 5477 morem
3313 5415 3558 5479 barbam
3603 5441 3711 5480 non

2063 5484 2410 5566 tondebant._
2453 5487 2902 5566 Thomassinius
2933 5491 3057 5562 (lib.
3093 5510 3236 5566 1r,_c.
3273 5494 3360 5565 41,
3413 5512 3471 5550 n.
3509 5497 3560 5566 1)
3592 5495 3709 5551 ani-

2065 5555 2375 5634 madvertit
2397 5557 2505 5614 hoc
2537 5559 2669 5634 ipso
2696 5561 2907 5618 saeculo
2929 5555 2983 5618 in
3017 5555 3714 5623 concilium'Bituri'cense

2065 5626 2335 5704 habitum
2356 5645 2521 5704 panno
2540 5626 2676 5704 _f03i
2701 5633 2997 5690 statuisse.
3023 5652 3244 5692 canone
3274 5639 3329 5704 7,
3353 5642 3417 5692 ut
3436 5647 3713 5694 tonsuram

2065 5697 2490 5758 ecclesiasticum
2531 5702 2765 5760 habeant
2794 5704 3045 5775 (clerici),
3081 5707 3179 5761 hoc
3229 5697 3325 5765 est"
3353 5709 3582 5765 barbam
3622 5727 3714 5764 ra-
