3896 6216
141 335 260 401 865

1325 339 2055 402 SACRAMENTARIUM
2101 338 2380 404 VETUS.

3435 349 3554 412 866

142 478 338 543 tuum,
372 471 466 540 N.,
493 471 713 542 juvenii
747 477 912 528 aetate
943 473 1231 542 decorem,
1266 472 1576 540 laetantem,
1601 478 1655 529 et
1681 473 1795 546 pri-
1825 475 1879 541 Α
1903 473 2110 530 Sancte
2142 475 2326 544 Petre,
2359 493 2443 533 or.

145 562 257 616 mis
310 561 594 634 auspiciis
641 563 1066 632 attundentcm,
1113 563 1341 631 exaudi,
1388 567 1471 629 ut,
1517 563 1795 619 omnibus

140 649 524 723 protectionis
558 653 667 705 tuae
699 652 985 720 munitus,
1037 651 1250 708 auxilio
1299 650 1588 708 cmlcslem
1619 653 1794 708 bene-

140 739 459 795 dictionem
488 739 736 813 accipiat
762 745 820 796 et
849 742 1152 814 praesentis
1181 741 1308 796 vitae
1342 741 1627 814 praesidiis
1648 758 1791 814 gau~

140 829 271 884 deat
297 831 356 884 et
387 829 642 884 aeternis.
678 829 801 884 Per.

367 919 481 989 (28)
523 934 732 973 INCIPIT
769 935 839 974 AD
881 935 1282 982 poexirax'rux
1315 935 1570 975 DANDAM.

207 1007 568 1078 .-tpprehende
597 1024 824 1063 manum
860 1009 977 1079 ejus
1022 1008 1301 1066 dexteram
1347 1016 1397 1064 et
1424 1009 1510 1064 dte
1542 1027 1558 1062 :
1589 1010 1795 1065 Susce-

143 1096 360 1169 pimus,
397 1095 574 1160 Deus,
629 1097 1086 1153 misericordiam
1140 1102 1302 1153 tuam
1350 1115 1519 1170 usque
1565 1099 1799 1154 dextera

143 1190 260 1241 tua.
286 1183 490 1241 Gloria
519 1185 698 1241 Patri.

215 1275 396 1346 Capit.
435 1273 673 1330 Salvum
727 1275 816 1331 fac
863 1292 1094 1331 servum
1154 1280 1342 1331 tuum.
1404 1280 1555 1332 Deus
1611 1293 1799 1347 meus,

145 1363 304 1418 Mitte
336 1363 413 1431 ei,
466 1363 728 1432 Domine,
782 1363 1085 1420 auxilium.
1133 1365 1200 1420 Et
1243 1366 1312 1420 de
1344 1364 1501 1420 Sion.
1536 1364 1798 1432 Domine,

143 1453 349 1508 exaudi
399 1454 748 1522 orationem.
807 1453 870 1508 Et
916 1453 1155 1508 clamor.
1207 1455 1479 1526 Exsurge,
1535 1454 1798 1520 Domine,

144 1543 378 1613 adjuva.
412 1543 486 1597 Et
517 1541 698 1598 libera
729 1559 854 1598 nos.
892 1543 1171 1598 Dominus
1217 1544 1538 1598 vobiscum.
1574 1542 1637 1597 Et
1667 1560 1798 1598 cum

141 1629 384 1703 Spiritu.

213 1719 424 1775 Oratio.
461 1719 704 1786 Exaudi,
752 1737 1112 1792 quaesumus,
1165 1719 1429 1789 Domine,
1465 1719 1798 1794 supplicum

144 1825 365 1881 preces,
392 1814 450 1864 et
484 1809 1004 1865 conlltentiumtibi
1039 1808 1392 1865 famulorum
1417 1815 1647 1865 tuorum
1674 1827 1800 1883 par-
1830 1838 1878 1904 Β

144 1914 203 1954 ce
234 1897 517 1970 peccatis,
553 1901 616 1953 ut
646 1898 863 1972 pariter
906 1898 1074 1954 nobis
1106 1897 1533 1972 indulgentiam
1577 1898 1801 1955 tribuas

142 1986 438 2060 benignus
471 1991 528 2042 et
558 2003 778 2059 pacem.
813 1988 939 2043 Per.

212 2077 338 2131 Alia
368 2077 569 2130 oratio.
597 2074 911 2130 Praeveniat
942 2075 1098 2130 hunc
1127 2073 1409 2129 famulum
1432 2079 1618 2140 tuum,
1647 2091 1800 2147 quae-

145 2181 374 2234 sumus,
410 2163 681 2230 Domine,
715 2167 816 2218 tua
835 2163 1255 2230 misericordia,
1281 2169 1335 2218 et
1358 2181 1560 2219 omnes
1585 2164 1803 2236 iniqui-

147 2257 292 2308 tates
323 2253 461 2324 ejus
492 2251 662 2307 celeri
690 2251 1054 2324 indulgentia
1085 2251 1404 2307 deleantur.
1440 2253 1564 2307 Per.

216 2343 350 2398 Item
409 2341 528 2396 alia
576 2342 773 2396 oratio.
823 2341 1135 2397 Precamur
1188 2340 1558 2397 clementiam
1617 2346 1802 2408 tuam,

148 2429 418 2496 Domine,
464 2447 822 2502 quaesumus,
858 2433 913 2485 et
945 2446 1216 2502 magnam
1249 2429 1661 2486 misericordia:
1694 2434 1804 2485 tuae

149 2517 504 2591 majestatis,
538 2523 599 2573 ut
632 2517 850 2574 famulo
900 2522 1000 2575 tuo
1055 2519 1144 2585 N.,
1200 2524 1433 2590 peccata
1463 2523 1520 2574 et
1551 2519 1808 2576 facinora

148 2606 454 2664 conﬁtenti
482 2608 709 2662 veniam
745 2607 997 2663 relaxare
1033 2613 1090 2664 et
1138 2609 1562 2680 praeteritorum
1616 2609 1808 2663 crimi-

149 2715 291 2753 num
323 2697 532 2771 culpas
563 2697 778 2752 donare
809 2696 1195 2769 digueris,qui
1229 2697 1625 2753 humeristuis
1642 2714 1807 2753 ovem

148 2787 442 2859 perditam
474 2785 754 2847 reduxisti
788 2786 857 2839 ad
895 2784 1115 2851 caulas,
1151 2785 1249 2858 qui
1300 2785 1595 2858 publicani
1633 2788 1812 2860 preci-

148 2876 259 2931 bus
291 2881 352 2930 et
386 2875 749 2930 confessione
799 2873 1060 2945 placatus
1118 2892 1200 2943 es,
1237 2880 1298 2930 tu
1333 2875 1505 2930 etiam
1550 2875 1688 2931 huic
1721 2878 1810 2932 fa-

147 2963 316 3020 mulo
332 2967 436 3018 tuo
459 2961 1047 3034 placare,Domine,tu
1080 2962 1257 3033 hujus
1295 2980 1493 3035 preces
1521 2964 1810 3037 benignus

147 3050 421 3122 suscipe,
446 3049 672 3105 remitte
698 3050 1041 3116 ci,Domine,
1082 3050 1281 3105 omnia
1328 3051 1576 3107 crimina
1604 3057 1660 3107 et
1687 3068 1813 3124 pec-

147 3144 302 3210 cata,
341 3141 401 3194 et
459 3138 533 3194 da
590 3138 640 3194 ei
686 3155 789 3210 pro
838 3138 1141 3210 suppliciis
1198 3139 1447 3208 veniam,
1481 3156 1583 3211 pro
1623 3145 1808 3197 morte

1905 563 2114 620 Sancte
2142 564 2335 634 Paule,
2368 583 2452 622 or.

1903 650 2111 708 Sancte
2138 653 2387 719 Andrea,
2421 672 2505 710 or.

1903 740 2110 796 Sancte
2133 741 2390 798 Joannes
2423 744 2803 818 evangelista.
2837 763 2920 802 or.

1902 832 2109 884 Sancte
2140 829 2383 901 Thoma,
2418 848 2501 887 or.

1905 917 2113 973 Sancte
2144 917 2377 987 Jacobe,
2413 937 2500 976 or.

1906 1005 2113 1061 Sancte
2144 1006 2426 1081 Philippe,
2461 1027 2546 1065 or.

1905 1099 2112 1151 Sancte
2143 1095 2581 1164 Bartbolomaee,
2613 1117 2700 1155 or.

1907 1185 2116 1240 Sancte
2148 1185 2414 1242 Matthaee
2444 1189 2823 1262 evangelista,
2859 1208 2942 1246 or.

1908 1273 2115 1328 Sancte
2146 1273 2412 1343 Matthia,
2446 1294 2528 1332 or.

1907 1362 2116 1416 Sancte
2147 1363 2428 1430 Barnaba,
2463 1382 2543 1419 or.

1910 1452 2118 1506 Sancte
2147 1451 2334 1506 Marce
2364 1453 2740 1524 evangelista,
2767 1473 2849 1509 or.

1910 1541 2117 1594 Sancte
2150 1541 2298 1594 Luca
2329 1543 2703 1614 evangelista,
2738 1561 2820 1598 or.

1909 1629 2116 1683 Sancte
2147 1629 2456 1700 Stephane,
2493 1649 2574 1685 or.

1910 1718 2118 1772 Sancte
2145 1717 2431 1786 Clemens,
2467 1736 2548 1774 0r.

1909 1811 2113 1862 Sancte
2142 1805 2518 1879 Apollinaris,
2552 1827 2634 1863 or.

1909 1895 2118 1950 Sancte
2151 1894 2377 1963 Vitalis,
2413 1912 2494 1950 or.

1911 1983 2119 2038 Sancte
2151 1983 2444 2052 Laurenti,
2482 2002 2566 2039 nr.

1909 2076 2114 2126 Sancte
2147 2072 2428 2140 Vincenti,
2463 2090 2548 2128 or.

1913 2160 2123 2214 Sancte
2156 2161 2329 2229 Felix,
2365 2179 2449 2216 or.

1912 2250 2121 2304 Sancte
2153 2250 2482 2316 Fortunate,
2517 2268 2602 2306 or.

1911 2341 2120 2392 Sancte
2150 2337 2400 2407 Corneli,
2431 2356 2514 2394 or.

1913 2430 2118 2481 Sancte
2148 2426 2448 2498 Cypriane,
2484 2446 2566 2484 or.

1916 2516 2122 2570 Sancte
2145 2515 2503 2584 Sebastiane,
2537 2535 2622 2573 or.

1917 2604 2125 2659 Sancte
2156 2604 2416 2672 Cosmus,
2451 2623 2535 2661 or.

1917 2693 2126 2747 Sancte
2158 2692 2455 2760 Damiane,
2489 2711 2571 2749 or.

1917 2783 2120 2836 Sancte
2151 2781 2326 2849 Blasi,
2360 2800 2438 2838 or.

1919 2871 2126 2926 Sancte
2156 2869 2448 2939 Silvester,
2482 2889 2566 2926 or.

1917 2964 2122 3015 Sancte
2154 2959 2418 3029 Martine,
2453 2977 2537 3016 or.

1920 3049 2126 3105 Sancte
2156 3049 2444 3118 Ambrosi,
2478 3067 2561 3105 or.

1921 3137 2128 3192 Sancte
2159 3137 2498 3209 Augustine,
2522 3156 2604 3193 or.

149 3204 357 3297 vitam,
388 3231 454 3282 ut
484 3227 583 3300 qui
618 3204 970 3282 aid-tantam-
1003 3244 1166 3298 spem
1215 3204 1688 3301 caelestis-apicis
1719 3235 1808 3286 est
1837 3204 1878 3270 C
1917 3226 2124 3280 Sancte
2155 3204 2520 3298 Hieronyme,
2555 3243 2638 3282 or.

152 3317 564 3385 devolutus,de
593 3321 694 3370 tua
725 3315 1129 3370 misericordia
1159 3317 1478 3384 confidens,
1503 3317 1573 3372 ad
1597 3322 1814 3374 aeterna

154 3407 376 3481 gaudia
407 3409 461 3462 te
493 3409 830 3482 protegente
859 3405 1175 3476 perveniat.
1210 3405 1335 3460 Per.

313 3511 469 3551 TUNC
510 3511 802 3550 INCIPIUNT
841 3511 1076 3549 LITANUE
1114 3511 1234 3549 CUM
1276 3512 1348 3550 Vll
1392 3512 1650 3550 PSALMIS.

159 3585 347 3658 Kyrie,
381 3583 620 3640 eleison.
655 3582 904 3649 Christe,
935 3581 1176 3638 eleison.

158 3674 322 3731 Pater
354 3673 426 3728 de
454 3671 614 3729 'ccelis
647 3672 820 3739 Deus,
860 3671 1134 3728 miserere
1167 3670 1355 3728 nobis.

157 3763 255 3817 Fili
288 3762 622 3834 redemptor
652 3760 856 3816 mundi
891 3765 1060 3828 Deus,
1089 3761 1219 3817 mis.
1256 3761 1390 3816 nob.

152 3851 406 3923 Spiritus
438 3854 635 3908 sancte
667 3853 837 3916 Deus,
871 3849 1004 3905 mis.
1039 3850 1174 3905 nob.

152 3941 368 3996 Sancta
396 3940 654 3994 Trinitas
686 3955 839 3994 unus
871 3938 1048 4007 Deus,
1082 3939 1214 3996 mis.
1251 3941 1386 3996 nob.

154 4028 369 4085 Sancta
398 4027 601 4091 Maria.
634 4044 735 4082 ora
769 4044 871 4099 pro
903 4027 1089 4084 nobis.

155 4116 367 4173 Sancte
401 4114 669 4183 Michael,
703 4132 788 4170 or.

156 4196 373 4262 Sancte
404 4203 656 4270 Gabriel,
692 4221 776 4259 or.

158 4295 370 4350 Sancte
404 4291 680 4365 Raphael,
716 4309 798 4347 or.

161 4383 374 4439 Sancte
404 4382 659 4438 Joannes
692 4379 971 4453 Baptista,
1006 4397 1087 4436 or.

165 4524 302 4573 sam,
336 4511 387 4564 et
415 4523 671 4563 coronam
700 4508 760 4570 in
789 4505 1130 4577 capiteJtem
1155 4509 1475 4578 Coyacense
1503 4524 1653 4564 anno
1678 4510 1816 4566 1050

161 4583 459 4659 canon_e§,
491 4595 704 4659 semper
721 4594 964 4659 paganus-
993 4587 1216 4659 apertas
1265 4579 1811 4659 Iuibeant‘etnbarbas

158 4648 698 4723 radantﬂregorius
721 4649 842 4723 Vill,
868 4649 966 4723 qui
993 4648 1098 4723 hoc
1132 4650 1257 4720 ipso
1280 4667 1332 4703 xi
1359 4649 1568 4723 saeculo
1590 4649 1802 4720 floruit,

161 4734 290 4794 cum
324 4719 595 4794 praefecto
612 4719 901 4794 Sardiniae
919 4719 1124 4794 insulae
1147 4719 1386 4794 causam
1419 4721 1681 4794 assignat
1702 4719 1808 4778 cur

159 4792 426 4870 episcopo
457 4793 785 4870 C-aralitano
809 4793 1051 4870 jasserit
1082 4793 1322 4870 barbam
1345 4792 1564 4870 radere;
1601 4795 1806 4870 rescri-

161 4859 282 4916 bit:
320 4859 382 4921 Ut
419 4866 631 4919 scilicet
672 4859 916 4919 ecclesia:
959 4864 1329 4920 Occide-ntulis
1371 4865 1610 4919 moribus
1656 4869 1800 4921 anti—

158 4933 429 5001 quissimis
457 4952 514 4990 se
541 4935 921 4990 accommodet.

226 5003 292 5059 Et
331 5006 598 5062 hortatur
650 5007 1010 5077 praefectum,
1075 5009 1137 5060 ut
1189 5003 1407 5060 clerum
1461 5006 1799 5063 universum

159 5078 463 5142 compellat
510 5077 752 5132 rasitare
784 5077 1015 5142 barbas,
1059 5081 1434 5132 contumaces
1465 5077 1634 5133 bonis
1665 5094 1798 5142 spo-

158 5141 272 5220 liet,
305 5148 689 5220 Ecclesiaeque
737 5149 877 5203 ﬁsco
930 5141 1241 5220 adjuﬁdicet.
1279 5147 1528 5204 Sanctus
1561 5141 1800 5206 Carolus

163 5217 503 5292 Sor-remoue
559 5217 717 5292 (Act.
758 5219 898 5292 Ecct.
957 5219 1192 5292 Mediot.,
1253 5235 1310 5292 p_.
1348 5220 1508 5292 1061)
1539 5221 1800 5292 praecipit

159 5285 374 5356 clericis
404 5285 830 5347 observandum
862 5290 1054 5345 barbae
1087 5285 1354 5345 radendas
1377 5285 1738 5356 institutum,
1764 5309 1798 5346 a

160 5353 435 5434 Patribus
452 5362 507 5417 in
521 5362 764 5434 concilio
784 5359 1222 5434 Carthaginensi
1249 5378 1299 5415 IV
1323 5353 1794 5434 ﬁrmatum.0uid

160 5429 333 5505 igitur
364 5433 654 5505 mirum,si
690 5433 796 5487 hoc
828 5429 1041 5487 saeculo
1071 5449 1122 5486 xu
1154 5433 1389 5505 quando
1419 5433 1615 5505 barbae
1660 5451 1796 5505 pro-

159 5494 281 5554 lixae
328 5504 550 5576 vanitas
591 5494 946 5576 excreverat,
997 5494 1513 5576 monachisaeculi
1562 5494 1794 5576 pompis

159 5575 608 5645 contradicentes
640 5576 879 5631 barbam
913 5574 1306 5645 deponerent?

227 5642 334 5722 (28)
363 5646 529 5706 Ritus
560 5647 670 5705 iste
689 5646 757 5704 ad
787 5642 1025 5705 dandam
1047 5646 1426 5722 paenitentiam
1461 5645 1792 5721 vulgatissi-

1920 3315 2128 3369 Sancte
2157 3318 2381 3379 Severe,
2415 3331 2497 3369 or.

1922 3403 2130 3458 Sancte
2147 3401 2400 3469 Nicolae,
2435 3419 2518 3458 or.

1923 3493 2130 3546 Sancte
2164 3491 2297 3559 Leo,
2329 3509 2416 3546 or.

1923 3580 2132 3635 Sancte
2163 3580 2490 3646 Benedicte,
2524 3597 2608 3636 or.

1921 3671 2130 3724 Sancte
2159 3669 2378 3735 Maure,
2411 3687 2495 3725 or.

1919 3761 2126 3812 Sancte
2159 3756 2407 3825 Placide,
2440 3775 2524 3814 or.

1919 3850 2126 3901 Sancte
2158 3845 2491 3915 Philiberte,
2525 3865 2608 3904 or.

1919 3939 2124 3990 Sancte
2155 3935 2532 4005 Columbano,
2568 3954 2652 3993 or.

1921 4024 2130 4079 Sancte
2160 4023 2390 4094 Majole,
2425 4042 2509 4081 or.

1922 4113 2130 4168 Sancte
2161 4111 2340 4180 Galle,
2373 4130 2456 4168 or.

1922 4203 2130 4258 Sancte
2155 4201 2350 4270 Wido,
2383 4219 2468 4258 or.

1923 4292 2136 4347 Sancta
2165 4289 2452 4360 Felicitas,
2487 4309 2572 4349 or.

1921 4384 2134 4436 Sancta
2164 4381 2468 4453 Perpetua,
2499 4398 2582 4438 or.

1926 4521 2060 4560 mus
2091 4509 2180 4559 est
2213 4506 2391 4577 apud
2425 4506 2699 4577 antiquos
2745 4507 3086 4563 monachos.
3139 4507 3454 4568 Sciendum
3484 4517 3574 4568 est

1924 4594 2142 4632 morem
2178 4575 2330 4646 apud
2361 4575 2490 4651 illos
2523 4575 2703 4634 fuisse
2730 4584 2793 4651 ut
2823 4579 3194 4651 quisquis.ad
3216 4580 3404 4636 Deum
3433 4599 3568 4639 con-

1917 4664 2120 4723 versus
2151 4665 2179 4700 e
2209 4647 3318 4723 saeculo,monasteriumingrederetur,
3337 4652 3576 4710 deberet

1919 4718 2081 4796 prius
2111 4735 2232 4796 suae
2277 4720 2651 4796 conscientiae
2695 4718 2992 4796 maculas
3020 4718 3360 4796 monasterii
3395 4724 3573 4796 priori

1913 4789 1998 4844 Vol
2031 4790 2224 4844 abbati
2259 4791 2543 4861 detegere,
2577 4797 2632 4845 et
2663 4790 3011 4861 singillatim
3063 4793 3324 4848 confiteri
3370 4789 3572 4853 omnia

1914 4866 2151 4932 peccata
2180 4878 2328 4927 sua,
2358 4869 2696 4933 recepturus
2747 4864 3147 4938 paenitentiam
3196 4866 3264 4938 ad
3309 4870 3576 4938 praescri-

1911 4939 2076 5012 ptum
2112 4950 2410 4986 sacrorum
2443 4935 3574 5012 canonumApudCarthasianbsxiuxta

1911 5001 2185 5074 antiquas
2217 5019 2416 5058 eorum
2453 5001 2628 5075 leges,
2665 5001 2950 5075 monachi
2987 5007 3354 5064 conscientiae
3387 5001 3574 5066 mani-

1911 5075 2273 5149 feslationem
2309 5074 2616 5149 faciebant,
2650 5092 2763 5149 non
2800 5074 2992 5131 solum
3026 5079 3259 5149 quando
3293 5083 3575 5138 monasti-

1909 5162 2042 5224 cu_m
2089 5146 2823 5224 habitumfuscipiebaat,
2871 5146 3070 5224 verum
3121 5151 3298 5206 etiam
3347 5153 3574 5224 quoties

1908 5218 2067 5289 prior
2128 5217 2694 5290 novusieligeba’tur.
2741 5218 2821 5275 Ea
2877 5223 3072 5276 tamen
3131 5217 3576 5279 sacramentalis

1906 5289 2192 5345 confessio
2249 5289 2478 5344 videtur
2508 5307 2622 5344 non
2676 5291 2877 5346 fuisse.
2911 5290 2992 5346 De
3050 5291 3157 5346 hac
3215 5309 3274 5348 re
3317 5294 3576 5350 consule

1905 5377 2034 5431 quae
2063 5359 2459 5432 eruditissime
2489 5359 2893 5417 animadvertit
2923 5363 3129 5432 praesul
3161 5363 3478 5427 Sartius,m
3516 5366 3573 5420 ei

1903 5431 2478 5504 amantissimushin
2512 5431 3037 5504 observationem:
3076 5433 3148 5489 ad
3197 5440 3371 5504 caput
3403 5438 3453 5494 4.
3513 5453 3570 5504 p.

1903 5453 2368 5492 amanussunus,
2422 5453 2478 5485 In
2512 5453 2912 5488 ODSBI'VBUOHB
2942 5453 3037 5488 VIII
3076 5453 3148 5489 au
3197 5453 3371 5504 caput
3403 5453 3453 5494 ’l.
3556 5476 3570 5490 ο

1903 5503 1991 5568 43,
2025 5503 2169 5558 Vitae
2216 5501 2400 5558 sancti
2444 5502 2687 5558 Joannis
2739 5503 3084 5558 Laudensis.
3133 5503 3323 5573 Hujus
3369 5453 3574 5562 dunaria

1901 5573 2255 5646 paenitentiae
2287 5573 2436 5630 ritus
2471 5590 2586 5631 non
2619 5579 2742 5633 erat
2783 5574 3065 5649 privatus,
3110 5574 3210 5632 sed
3277 5575 3568 5658 publicus.
