3896 6216
331 325 447 386 867
1517 321 1704 388 SIEC.
1750 322 1827 386 XI
1873 319 2187 386 MONUM.
2233 319 2545 385 LITURG.
3619 318 3767 382 883'

327 461 541 514 Sancta
567 455 812 530 Agathe,
845 471 928 521 or.
2007 458 2062 523 Α
2091 455 2230 511 tiam
2262 453 2481 510 famulo
2513 458 2633 521 tuo,
2677 459 2732 509 et
2783 453 3137 510 medicinam
3185 451 3378 509 tribue
3420 449 3756 519 vulnerato,

326 550 538 604 Sancta
561 547 774 620 Agnes,
807 561 891 602 or.
2091 549 2156 600 ut
2184 543 2418 600 exclusa
2447 542 2847 599 dominatione
2876 541 3120 615 peccati,
3159 540 3362 598 liberis
3391 539 3500 596 tibi
3533 541 3760 598 menti-

326 639 536 692 Sancta
564 633 810 704 Cacilia,
843 652 925 690 or.
2087 633 2199 688 bus
2225 631 2560 688 famulatur.
2589 631 2714 686 Per.

327 725 541 781 Sancta
569 723 766 791 Lucia,
799 740 883 780 or.
2159 721 2281 776 Alia
2311 721 2506 776 oratio.
2543 719 2758 775 Praesta
2783 719 3048 788 Domine,
3083 734 3447 791 quaesumus,
3488 717 3628 774 huic
3661 719 3754 774 fa-

325 814 540 870 Sancta
565 813 820 880 Justina,
855 829 938 868 or.
2089 807 2249 864 mulo
2278 813 2378 864 tuo
2400 808 2482 864 ill.
2516 809 2704 882 digna:
2750 807 3101 880 paenitentia:
3134 809 3410 873 fructum,
3451 811 3519 862 ut
3548 807 3758 864 Eccle-

326 903 539 959 Sancta
567 901 897 968 Anastasia,
930 917 1014 956 or.
2087 897 2186 952 size
2216 902 2328 953 tuae
2359 901 2592 967 sanctae,
2626 914 2660 952 a
2689 896 2859 968 cujus
2907 895 3243 969 integritate
3285 896 3580 968 peccando
3625 895 3757 953 dis-

325 991 539 1048 Sancta
567 989 908 1057 Savina,or.
1002 993 1012 1004 ’
2087 987 2285 1054 cessit,
2344 987 2416 1042 ad
2475 987 2604 1056 ejus
2643 983 2990 1058 mysterium
3039 984 3269 1041 veniam
3333 985 3759 1058 consequendo

323 1081 538 1136 Sancta
567 1077 872 1146 Columba,
907 1095 990 1134 or.
1121 1064 1124 1067 ’
2087 1076 2368 1131 reddatur
2397 1074 2698 1130 innocens.
2736 1073 2860 1130 Per.

324 1169 540 1224 Sancta
571 1168 846 1234 Barbara,
879 1185 963 1222 or.
2299 1179 2505 1220 mcm'r
2535 1179 2946 1219 posm'rm'rwu
2979 1180 3124 1218 γεω
3153 1178 3527 1218 casoumns.

323 1257 540 1313 Omnes
564 1256 774 1322 sancti,
809 1272 894 1312 or.
2158 1252 2356 1309 Credis
2386 1253 2444 1307 in
2476 1253 2659 1308 Deum
2683 1253 2914 1307 Patrem
2949 1251 3409 1325 omnipotentem
3442 1256 3502 1308 et
3529 1250 3749 1308 Filium

323 1344 614 1418 Propitius
646 1349 792 1410 esto,
822 1337 1014 1417 paice.
2087 1347 2146 1398 et
2175 1341 2457 1414 Spiritum
2491 1340 2805 1397 sanctum?
2838 1342 2898 1409 ἃ.
2931 1341 3136 1397 Credo.

321 1435 409 1489 Ab
437 1433 599 1490 omni
633 1431 806 1500 malo,
840 1433 1043 1488 libera.
2155 1431 2354 1486 Credis
2377 1430 2527 1502 quo]
2556 1430 2678 1484 ista:
2716 1437 2830 1484 tres
2858 1429 3441 1502 personae,quomodo
3459 1428 3746 1497 diximus,

319 1523 406 1578 Ad
436 1522 670 1578 insidiis
699 1520 938 1590 diaboli,
967 1520 1068 1578 lib.
2087 1520 2250 1576 Pater
2281 1523 2338 1574 et
2367 1517 2547 1574 Filius
2578 1522 2636 1574 et
2665 1518 2918 1590 Spiritus
2941 1522 3180 1574 sanctus
3205 1522 3325 1573 tres
3347 1518 3489 1587 sint,
3513 1522 3570 1574 et
3587 1534 3746 1574 unus

319 1614 366 1667 A
395 1609 655 1682 periculo
685 1610 914 1676 mortis,
949 1609 1050 1664 lib.
2083 1609 2282 1664 Deus?
2315 1609 2372 1674 ιῖ.
2407 1607 2606 1662 Credo.

320 1701 366 1754 A
393 1697 794 1771 persecutione
825 1698 1068 1766 inimici,
1102 1697 1206 1755 lib.
2151 1697 2350 1754 Credis
2397 1696 2551 1768 quod
2607 1695 2716 1750 ista
2747 1712 2920 1751 carne
2954 1695 3012 1750 in
3047 1711 3164 1768 qua
3214 1711 3370 1751 nunc
3401 1700 3494 1752 est
3523 1696 3584 1752 in
3613 1695 3753 1768 ipsa

319 1789 366 1843 A
396 1786 646 1860 peccatis
672 1787 894 1856 multis,
927 1787 1028 1842 lib.
2000 1823 2049 1889 B
2081 1786 2323 1842 habebis
2354 1789 2738 1858 resurgere,et
2767 1783 3021 1857 recipere
3060 1784 3179 1840 sive
3209 1783 3381 1851 bona,
3411 1783 3530 1840 sive
3560 1783 3753 1850 mala,

320 1877 407 1932 Ab
437 1877 598 1932 omni
626 1877 966 1943 tentatione,
991 1875 1092 1932 lib.
2000 1871 2049 1889 "
2082 1892 2208 1948 qua":
2240 1873 2453 1946 egisti?
2486 1876 2544 1942 ii.
2573 1871 2770 1927 Credo.

320 1965 408 2020 Ab
431 1965 592 2022 omni
624 1964 953 2037 iniquitate,
995 1964 1096 2021 lib.
2151 1964 2254 2019 Vis
2283 1961 2574 2018 dimittere
2599 1960 2720 2017 illis
2751 1961 2846 2033 qui
2881 1961 2938 2015 in
2969 1965 3024 2016 te
3064 1965 3476 2034 peccaverunt,
3507 1960 3752 2017 dicente

319 2054 405 2108 Ab
436 2053 596 2110 omni
626 2053 1024 2120 immunditia,
1061 2053 1164 2109 lib.
2081 2053 2326 2108 Domino
2361 2069 2374 2107 :
2425 2050 2482 2105 Si
2545 2067 2658 2105 non
2714 2049 3060 2105 remiseritis
3117 2048 3459 2106 hominibus
3499 2052 3744 2122 peccata

319 2144 365 2197 A
397 2142 702 2198 subitanea
733 2147 940 2210 morte,
976 2143 1076 2198 lib.
2079 2141 2318 2198 vestra?
2345 2143 2381 2210 ii,
2415 2140 2679 2195 Dimitto.

319 2231 366 2285 A
395 2231 661 2302 gebenna
693 2229 867 2304 ignis,
891 2229 993 2286 lib.
2151 2231 2210 2286 Si
2242 2231 2314 2286 de
2343 2227 2752 2286 criminalibus
2784 2227 3038 2300 peccatis
3069 2227 3345 2300 peccasti,
3375 2227 3488 2284 hoc
3515 2229 3608 2283 est
3639 2243 3740 2283 su-

322 2319 650 2375 Misericors
680 2319 852 2386 Deus,
885 2324 940 2374 te
968 2335 1262 2391 rogamus.
2078 2319 2302 2391 perbia,
2335 2317 2730 2390 sacrilegium,
2765 2315 3172 2387 homicidium,
3204 2315 3584 2384 adulterium,
3618 2316 3744 2372 fur-

321 2407 671 2480 Redemptor
691 2407 918 2474 mundi,
953 2412 1006 2464 te
1037 2424 1156 2482 rog.
2076 2414 2224 2476 tum,
2260 2407 2483 2480 rapina,
2515 2405 2605 2462 vel
2633 2406 2746 2462 alia
2777 2422 2902 2478 quae
2943 2405 3318 2461 dinumerare
3347 2403 3592 2477 longum
3623 2409 3738 2472 est,

317 2495 673 2564 Peccatores,
706 2500 762 2552 te
794 2512 917 2569 rog.
975 2511 980 2515 ·
2077 2501 2317 2552 sanctus
2347 2511 2482 2568 ergo
2515 2494 2734 2550 Paulus
2765 2498 2819 2550 et
2841 2494 3207 2568 Augustinus
3223 2497 3282 2550 et
3302 2493 3400 2549 alii
3423 2493 3612 2548 sancti
3642 2493 3747 2550 Pa-

318 2583 391 2639 Ut
421 2601 622 2657 pacem
646 2585 816 2640 nobis
849 2585 1050 2652 dones,
1087 2589 1138 2642 te
1171 2603 1290 2659 rog.
2075 2590 2194 2642 tres
2224 2587 2707 2658 computaverunt
2735 2583 2859 2639 fieri
2899 2601 3003 2656 pro
3051 2581 3145 2638 his
3176 2582 3372 2656 largas
3412 2581 3741 2654 eleemosy-

317 2671 625 2728 Utveniam
643 2672 986 2728 delictorum
1009 2678 1342 2729 nostrorum
1365 2673 1534 2730 nobis
1547 2675 1750 2741 dones,
1768 2679 1823 2730 te
1839 2690 1964 2746 rog.
2075 2691 2203 2738 nas,
2237 2681 2292 2730 et
2318 2673 2488 2746 longo
2522 2677 2782 2744 tempore
2803 2671 3122 2744 jejunium.
3151 2670 3356 2728 Clerici
3380 2688 3410 2727 ν
3441 2669 3744 2738 ann.;dia-

319 2759 390 2816 Ut
416 2761 643 2816 veniam
678 2761 1028 2832 pmnitentiaa
1059 2763 1228 2817 nobis
1259 2763 1462 2832 dones,
1493 2767 1549 2818 te
1580 2779 1700 2835 rog.
2075 2764 2202 2819 coni
2255 2780 2360 2829 vn;
2395 2761 2716 2834 presbyteri
2746 2779 2782 2816 x
2813 2779 2827 2830 ;
2862 2759 3134 2816 monachi
3177 2776 3249 2816 vn
3277 2778 3290 2828 ;
3324 2759 3583 2832 episcopi
3626 2776 3735 2815 χιι.

319 2847 388 2904 Ut
419 2849 924 2920 compunctionem
957 2849 1148 2905 cordis
1180 2851 1350 2905 nobis
1379 2851 1578 2916 dones,
1613 2857 1666 2908 te
1697 2868 1817 2925 rog.
2071 2853 2128 2907 Si
2161 2853 2216 2906 in
2251 2851 2670 2906 consuetudine
2705 2850 2896 2917 fuerit,
2931 2849 3182 2904 addatur
3209 2849 3570 2922 pmnitenlia.

317 2941 391 2992 Ut
417 2937 634 2992 fontem
661 2935 1052 3010 lacrymarum
1084 2938 1254 2995 nobis
1283 2939 1487 3010 dones,
1517 2944 1572 2996 te
1603 2956 1720 3012 rog.
2143 2942 2284 2996 Tunc
2333 2944 2584 2995 cantetur
2631 2955 2862 2995 oremus.
2926 2937 3308 3010 Omnipotens
3364 2937 3732 3010 sempiterna

317 3023 390 3080 Ut
419 3023 634 3080 mentis
663 3025 1051 3080 constantiam
1077 3027 1244 3082 nobis
1271 3027 1472 3095 dones,
1506 3033 1562 3084 te
1589 3045 1710 3100 rog.
2075 3030 2350 3102 Deus,qui
2384 3029 2709 3085 secundum
2743 3044 3017 3099 magnam
3051 3025 3512 3082 misericordiam
3553 3029 3728 3082 tuam

315 3111 386 3167 Ut
416 3111 821 3168 remissionem
853 3119 1220 3185 peccatorum
1253 3116 1423 3172 nobis
1452 3117 1656 3181 dones,
1687 3121 1744 3172 te
1766 3133 1886 3190 rog.
2002 3189 2018 3191 _
2069 3124 2303 3191 peccata
2329 3117 2739 3190 paenitentiam
2771 3115 3014 3182 deles,et
3035 3116 3091 3170 in
3119 3120 3176 3171 te
3226 3115 3605 3188 sperantibus
3629 3130 3726 3170 ce-

311 3200 385 3256 Ut
413 3202 485 3256 ad
509 3201 686 3257 vitam
708 3207 980 3258 aeternam
999 3219 1106 3259 nos
1120 3205 1724 3278 perduceredigneris,
1745 3210 1801 3263 te
1833 3189 1954 3278 rog.
1988 3189 2030 3256 Ο
2068 3189 2172 3264 leri
2205 3189 2418 3280 pietate
2449 3206 2766 3274 succurris,
2801 3203 3018 3260 famulo
3070 3209 3170 3260 tuo
3201 3203 3312 3271 ill.,
3355 3219 3725 3274 quaesumus,

310 3288 384 3345 Ut
414 3305 520 3346 nos
550 3289 823 3346 exaudire
853 3291 1133 3364 digneris,
1167 3296 1224 3350 te
1246 3311 1370 3367 rog.
2072 3295 2474 3352 remissionem
2509 3294 2774 3350 omnium
2823 3296 3215 3366 peccatorum,
3249 3293 3463 3364 tribue,
3503 3296 3565 3347 et
3589 3294 3729 3348 vota

311 3377 416 3434 Fili
447 3377 563 3446 Dei,
597 3381 653 3434 te
675 3395 950 3451 rogamus
981 3381 1117 3436 audi
1149 3398 1258 3438 nos
1275 3383 1424 3452 (bis).
2069 3383 2332 3456 placatus
2382 3399 2639 3448 assume,
2691 3397 2903 3436 renova
2945 3379 3006 3434 in
3063 3396 3149 3446 eo,
3210 3378 3475 3451 piissime
3535 3377 3725 3446 Pater,

307 3467 508 3539 Agnus
538 3467 660 3534 Dei,
695 3467 796 3539 qui
825 3468 983 3524 tollis
1013 3475 1252 3542 peccata
1281 3471 1509 3538 mundi,
1549 3489 1742 3545 parce.
2069 3471 2353 3546 quidquid
2388 3476 2619 3526 terrena
2669 3468 2983 3541 fragilitate
3029 3472 3370 3541 corruptum
3414 3470 3525 3532 est,
3558 3467 3732 3539 quid-

305 3558 504 3630 Agnus
533 3556 653 3617 Dei.
685 3557 786 3628 qui
811 3555 971 3613 tollis
999 3563 1234 3630 peccata
1263 3561 1490 3628 mundi,
1525 3562 1754 3618 exaudi.
2069 3561 2208 3634 quid
2237 3559 2522 3615 diabolica
2553 3557 2920 3613 immissione
2948 3556 3250 3622 violatum,
3276 3555 3581 3621 miserere,
3611 3555 3725 3612 Do-

304 3646 506 3718 Agnus
536 3644 658 3713 Dei,
692 3645 792 3717 qui
827 3644 987 3702 tollis
1017 3653 1257 3718 peccata
1286 3649 1516 3719 mundi,
1549 3651 1848 3706 miserere.
2069 3649 2246 3720 mino,
2281 3649 2610 3722 gemituum
2642 3647 2790 3720 ejus,
2826 3645 3102 3702 miserere
3133 3644 3552 3717 lacrymarum,
3576 3643 3726 3700 utde

307 3733 533 3791 Christe
564 3734 702 3790 audi
737 3751 843 3790 nos
867 3735 1018 3802 (bis).
2068 3756 2314 3796 mmrore
2337 3739 2395 3792 in
2417 3737 2699 3811 gaudium
2723 3753 2827 3808 per
2849 3739 3007 3791 tuam
3035 3733 3499 3791 misericordiam
3527 3737 3724 3790 trans-

305 3823 478 3896 Kyrie
509 3822 724 3878 eleison
757 3823 902 3891 (ter).
937 3823 1106 3880 Pater
1135 3830 1350 3883 noster.
2067 3831 2306 3885 feratur.
2343 3828 2465 3883 Per.

379 3911 558 3983 Capit.
591 3911 708 3982 Ego
767 3910 906 3979 dixi,
959 3911 1222 3982 Domine,
1273 3931 1437 3972 sana.
1493 3916 1640 3984 Fiat,
1691 3917 1954 3985 Domine,
2138 3918 2376 3974 Secreta.
2404 3916 2558 3972 Deus
2591 3914 2984 3986 omnipotens,
3021 3917 3169 3968 Deus
3203 3910 3724 3977 misericors,Deus

307 3997 702 4055 misericordia
731 4001 850 4054 tua.
899 3999 1424 4066 Quemadmodum.
1468 4003 1733 4072 Domine,
1767 4010 1957 4062 averte
2065 4007 2344 4072 clemens,
2377 4004 2478 4077 qui
2532 4001 2958 4076 indulgentiam
2990 4006 3152 4057 tuam
3193 3999 3356 4056 nulla
3383 4003 3720 4071 temporum

305 4087 511 4143 faciem
571 4093 754 4142 tuam.
791 4088 856 4144 Et
897 4091 1092 4146 omnis
1149 4090 1451 4164 iniquitas.
1501 4092 1780 4149 Converte
1829 4111 1954 4162 nos,
2065 4096 2192 4168 lege
2213 4093 2535 4156 concludis,
2569 4091 2802 4163 suscipe
2831 4106 3032 4163 preces
3065 4094 3122 4146 et
3149 4089 3396 4157 hostias,
3429 4105 3584 4160 quas
3613 4087 3722 4142 tibi

304 4176 460 4233 Deus
479 4175 772 4233 salutaris.
803 4178 871 4233 Et
901 4182 1091 4234 averte
1111 4178 1281 4235 iram.
1314 4179 1576 4248 Domine,
1610 4182 1817 4239 exaudi
1835 4199 1960 4239 ora-
2065 4200 2168 4256 pro
2199 4181 2564 4256 indulgentia
2595 4178 2796 4234 famuli
2828 4179 2910 4234 tui
2949 4178 3380 4243 ill.deferimus,
3413 4179 3481 4232 ut
3509 4181 3570 4232 et
3590 4193 3720 4248 pec-

301 4265 544 4321 tionem.
581 4266 648 4321 Et
677 4264 899 4322 clamor
917 4269 1390 4341 meus.Exsurge,
1423 4269 1689 4339 Domine,
1721 4271 1952 4344 adjuva.
2064 4276 2326 4328 catorum
2358 4272 2409 4327 ci
2453 4269 2680 4326 veniam
2731 4268 3062 4324 misericors
3101 4265 3392 4339 largiaris,
3441 4269 3500 4321 et
3527 4264 3722 4321 cordis

294 4355 373 4410 -Et
395 4353 579 4412 libera
609 4371 736 4411 nos.
773 4356 1060 4412 Dominus
1087 4355 1412 4412 vobiscum.
1447 4358 1514 4414 Et
1548 4375 1684 4416 cum
1743 4360 1954 4434 spiritu
2063 4362 2192 4432 ejus
2222 4365 2376 4416 recta
2407 4358 2695 4415 desideria
2725 4355 2967 4430 implere
2997 4354 3276 4429 digneris.
3310 4354 3437 4410 Per.

300 4447 422 4499 tuo.
2133 4449 2587 4506 Poswommunio.
2621 4447 2795 4515 Deus,
2845 4444 2944 4516 qui
2995 4442 3408 4500 misericordiae
3457 4446 3573 4498 tuae
3632 4458 3724 4515 pe-

310 4531 318 4542 “
373 4533 577 4622 Oratio.
610 4533 852 4622 ligandi,
888 4531 1148 4622 Domine,
1183 4551 1384 4606 preces
1431 4540 1682 4604 nostras,
1707 4542 1766 4594 et
1809 4554 1952 4594 con-
1983 4557 2030 4622 Β
2063 4539 2206 4596 tenti
2236 4537 2450 4594 auxilio
2481 4541 2538 4592 et
2567 4551 2846 4608 prospera
2889 4533 3123 4600 tribuis,
3160 4536 3218 4588 et
3245 4532 3494 4588 adversa
3521 4530 3720 4603 depel-

297 4621 543 4692 vertenti
575 4620 682 4676 tibi
742 4619 964 4675 famulo
1008 4625 1106 4676 tuo
1156 4638 1326 4694 parce
1375 4625 1651 4697 peccatis,
1685 4629 1750 4681 ut
1773 4641 1950 4698 quem
1983 4619 2016 4622 ﬁ
2061 4627 2156 4693 lis,
2189 4627 2461 4683 universa
2489 4623 2812 4692 obstacula,
2837 4639 2965 4695 quas
2996 4621 3215 4678 famulo
3247 4625 3348 4676 tuo
3387 4619 3474 4675 ill.
3509 4621 3724 4676 adver-

299 4709 670 4766 conscientiaa
701 4726 822 4765 sua:
867 4713 1063 4766 reatus
1112 4716 1368 4779 accusat,
1421 4713 1792 4788 indulgentia
1836 4718 1950 4771 tuae
2061 4719 2286 4783 santur,
2320 4730 2598 4788 expurga,
2632 4716 2691 4768 et
2721 4710 2960 4768 remotis
3011 4709 3436 4766 tentationibus
3481 4708 3723 4764 univer-

300 4797 696 4863 miserationis
723 4796 1006 4855 εὒεοινθιι-
1042 4799 1166 4856 Per.
2064 4807 2148 4864 sis
2189 4802 2601 4860 indefessatibi
2625 4801 2947 4876 gratiarum
2971 4799 3196 4856 actione
3225 4797 3468 4854 laudare
3494 4813 3724 4854 merea-

369 4887 495 4942 Alia
526 4888 722 4942 oratio.
769 4887 922 4944 Deus
971 4887 1072 4960 qui
1115 4889 1378 4945 omnium
1411 4891 1813 4948 confitentium
1847 4893 1952 4949 tibi
2062 4899 2178 4950 tur.
2212 4895 2336 4948 Per.

300 4975 474 5030 corda
506 4974 803 5046 purilicas,
837 4981 893 5032 et
922 4971 1292 5034 accusantem
1325 4994 1492 5034 suam
1533 4981 1950 5038 conscientiam
2383 4981 2494 5052 (29)
2535 4995 2700 5034 mssa
2740 4995 2797 5034 IN
2850 4995 2943 5033 DIE
2983 4989 3390 5032 DEPOSITIONIS.
3465 4991 3471 4997 '

299 5063 371 5118 ab
401 5061 559 5118 omni
590 5062 822 5122 vinculo
850 5065 1180 5138 iniquitatis
1232 5065 1504 5133 absolvis,
1537 5068 1610 5124 da
1641 5069 1950 5143 indulgens
2133 5072 2310 5136 Deus,
2340 5070 2431 5125 cui
2467 5068 2768 5142 proprium
2801 5071 2891 5124 est
2933 5065 3199 5122 misereri
3231 5079 3467 5137 semper
3493 5065 3554 5119 ct
3579 5080 3720 5136 par-

369 5241 482 5327 (n29)
518 5241 864 5327 apostolicae
891 5245 1246 5327 traditionis
1293 5247 1383 5301 est
1433 5243 1788 5327 sacriﬁcium
1809 5262 1949 5327 “pro
2058 5252 2224 5327 tum,
2255 5259 2458 5325 verum
2491 5243 2809 5327 etiamdie
2843 5242 3158 5327 tricesima,
3209 5241 3487 5327 septima,
3519 5241 3717 5327 tertia,

297 5311 594 5368 defunctis
623 5311 829 5368 olferre
887 5315 1080 5386 (BONA.
1141 5316 1244 5372 lib.
1307 5333 1364 5379 II,
1425 5330 1476 5370 c.
1531 5317 1619 5382 15,
1679 5333 1738 5370 n.
1798 5317 1835 5384 4η

297 5383 443 5439 Aetii
497 5399 664 5439 error
718 5383 829 5439 fuit
895 5403 1104 5444 negare
1169 5385 1520 5442 sacrificium
1587 5385 1835 5442 olferend

2183 5315 2545 5370 nniversaria
2589 5315 2784 5370 obitus
2829 5317 3192 5370 eorumdem.
3225 5311 3330 5369 Hic
3379 5327 3497 5368 non
3540 5311 3717 5368 habe-

2181 5385 2329 5442 ;nisi
2363 5387 2576 5441 missas
2620 5389 2681 5440 in
2706 5386 2796 5440 die
2848 5385 3225 5444 depositionis.
3257 5387 3319 5440 in
3350 5383 3636 5439 tricesima
3664 5388 3719 5438 et

299 5403 443 5439 netu
497 5403 664 5464 error
711 5403 829 5462 iuit.
895 5403 1104 5458 negare
1169 5403 1520 5442 sacrmcium
1587 5403 1947 5444 onerandum
2059 5405 2193 5444 mus
2217 5403 2329 5441 mSl
2363 5403 2576 5441 missas
2620 5403 2681 5440 in
2706 5403 2796 5440 me
2848 5403 3225 5458 aeposmoms,
3257 5403 3319 5440 in
3350 5403 3636 5439 tricesima
3664 5403 3714 5438 οι

299 5471 429 5538 esse
460 5469 777 5538 pIZO'lp‘SIS,
812 5461 895 5538 ut_
922 5457 1125 5538 scribit
1155 5456 1818 5538 Epiphaniusn(Haares._
1835 5460 1944 5532 75).
2056 5463 2116 5538 in
2155 5459 2550 5538 anniversaria.
2585 5473 2720 5512 cum
2781 5458 3032 5538 propriis
3081 5454 3552 5538 praelationibus,
3596 5457 3714 5534 tam

303 5523 478 5612 Bitus'
501 5523 722 5612 deipde
748 5524 990 5584 invaluit
1028 5523 1950 5612 sacruml'aciendi;proldefune-
2061 5531 2156 5612 die
2199 5527 2608 5612 depositionis,
2647 5523 2823 5611 quam
2870 5523 3287 5612 agnixiersar'ia.
3333 5525 3720 5612 'EUPaIOEi-UB

299 5595 380 5662 tis
428 5611 546 5655 non
581 5597 831 5658 tantum
887 5614 1090 5661 eorum
1147 5599 1242 5658 die
1295 5595 1602 5659 emortuali
1661 5603 1720 5658 et
1759 5601 1950 5681 sepul-
2057 5595 2298 5682 (Antiqf
2337 5599 2502 5659 medii
2573 5595 2680 5657 aevi
2751 5607 2791 5658 t.
2873 5603 2965 5670 IV,
3041 5598 3250 5658 disser.
3330 5597 3427 5672 55)
3505 5595 3715 5668 multis
