3896 6216
126 289 263 375 εδει

1301 288 2025 372 SACRAMENTARIUM
2072 290 2357 358 verus.

3408 294 3530 355 870

130 438 274 499 cere,
292 426 347 477 te
363 419 661 493 supplices
682 421 1068 495 deprecamur
1100 440 1202 496 pro
1235 425 1429 480 anima
1464 425 1662 480 famuli
1688 426 1771 480 tui
1803 429 1855 493 Α
1890 442 2196 499 corporum
2233 430 2548 499 reparator,
2584 425 2681 498 qui
2715 428 2770 481 te
2801 442 2835 481 a
2864 426 3266 497 peccatoribus
3304 430 3524 484 exorari

129 496 207 566 ill.
231 525 411 583 quam
443 509 614 566 hodie
645 510 716 567 de
743 511 853 568 hoc
885 512 1095 568 saaculo
1128 514 1380 587 migrare
1421 513 1675 585 jussisti,
1710 518 1773 571 ut

131 616 241 656 non
264 599 462 656 tradas
485 616 613 656 eam
634 600 692 656 in
717 618 928 658 manus
958 601 1199 671 inimici,
1228 607 1286 659 et
1307 620 1377 658 ne
1410 603 1772 661 obliviscaris

129 688 186 744 in
212 687 412 757 ﬁnem,
429 689 530 745 sed
546 689 759 761 jubeas
777 708 903 746 eam
931 709 964 746 a
982 691 1200 748 sanctis
1224 690 1446 766 angelis
1468 692 1688 766 suscipi
1717 698 1775 749 et

130 779 196 833 ad
226 776 479 849 patriam
511 778 769 851 paradisi
800 780 1061 852 perduci,
1096 785 1161 837 ut
1191 781 1291 853 qui
1324 781 1382 836 in
1414 786 1468 838 te
1501 782 1771 855 speravit,

130 870 183 923 et
205 865 467 934 credidit,
493 884 606 923 non
634 885 832 940 poenas
855 868 1066 926 inferni
1089 870 1395 941 sustineat,
1428 871 1530 926 sed
1562 870 1777 943 gaudia

130 960 337 1012 aeterna
365 956 689 1028 possideat.
726 958 850 1013 Per.

196 1044 423 1100 Secreta.
460 1044 801 1117 Propitiare,
838 1063 1200 1118 quaesumus,
1242 1045 1506 1113 Domine,
1565 1046 1775 1102 animae

131 1132 323 1188 famuli
340 1133 424 1189 tui
440 1132 524 1189 ill.
547 1151 652 1207 pro
675 1152 793 1208 qua
812 1134 918 1191 tibi
949 1135 1204 1191 hostiam
1236 1135 1638 1203 immolamus,
1656 1152 1776 1192 ma-

125 1222 387 1294 jestatem
416 1226 584 1279 tuam
615 1223 962 1296 suppliciter
988 1225 1388 1297 deprecantes,
1424 1228 1490 1280 ut
1517 1242 1620 1297 per
1657 1224 1776 1281 haec

130 1311 227 1383 piae
256 1309 609 1382 placationis
641 1312 833 1369 ofﬁcia
865 1313 1164 1385 pervenire
1207 1318 1501 1369 mereatur
1556 1314 1626 1368 ad
1686 1331 1774 1370 re-

131 1399 315 1475 quiem
340 1400 786 1473 sempiternam.
817 1401 940 1457 Per.

171 1490 482 1565 .Prazfatio.
508 1490 740 1546 Eterne
772 1491 948 1559 Deus,
977 1491 1076 1563 qui
1110 1491 1467 1564 benignitate
1524 1491 1777 1565 gratuita

126 1578 530 1649 peccatoribus
576 1577 833 1651 largiens
871 1580 1123 1647 veniam,
1160 1581 1494 1652 praeparasti
1530 1581 1774 1636 mortuis

126 1666 317 1733 vitam,
354 1683 429 1722 ne
468 1666 694 1723 diutius
720 1671 944 1724 teneret
975 1669 1033 1723 in
1066 1686 1237 1741 pcena
1267 1686 1414 1741 quos
1446 1669 1774 1725 misericor-

1880 513 2139 584 voluisti,
2164 515 2372 572 exaudi
2396 531 2616 588 preces,
2640 530 2789 586 quas
2822 512 3059 587 speciali
3090 515 3393 573 devotione
3425 534 3529 590 pro

1882 601 2080 657 anima
2096 602 2300 657 famuli
2322 602 2404 658 tui
2428 602 2506 658 ill.
2526 601 3099 675 tibilacrymabiliter
3115 603 3440 673 fundimus,
3465 609 3532 661 ut

1881 690 2129 747 liberare
2145 708 2273 747 eam
2297 692 2368 747 ab
2391 692 2753 748 infernorum
2779 690 3153 758 cruciatibus,
3170 696 3227 747 et
3248 691 3530 749 collocare

1884 780 2035 835 inter
2065 780 2302 841 agmina
2360 785 2699 836 sanctorum
2760 785 2995 835 tuorum
3057 780 3341 853 digneris,
3373 785 3530 838 veste

1884 884 2118 939 quoque
2149 867 2386 934 cmlesti,
2423 872 2479 923 et
2521 868 2730 924 stolam
2765 868 3224 925 immortalitatis
3256 868 3443 936 indui,
3476 874 3532 925 et

1883 956 2137 1028 paradisi
2172 957 2505 1014 amoenitate
2536 957 2846 1014 confoveri.
2881 957 3003 1013 Per.

1953 1045 2080 1100 Atia
2133 1047 2331 1101 oratio.
2365 1051 2537 1113 Deus,
2585 1047 2685 1118 qui
2745 1047 3139 1102 humanarum
3198 1046 3529 1106 animarum

1884 1136 2137 1190 aeternus
2194 1139 2421 1191 amator
2451 1153 2532 1203 es,
2568 1136 2827 1191 animam
2873 1135 3080 1191 famuli
3112 1135 3196 1191 tui
3234 1136 3317 1192 ill.
3350 1154 3529 1209 quam

1882 1238 2038 1289 vera,
2074 1223 2215 1277 dum
2272 1223 2333 1279 in
2392 1240 2632 1296 corpore
2680 1230 2961 1290 maneret,
3003 1224 3193 1281 tenuit
3247 1225 3530 1296 ﬁdes;ab

1885 1309 2044 1366 omni
2070 1310 2332 1367 cruciatu
2358 1312 2678 1367 inferorum
2704 1314 2878 1368 redde
2901 1319 3209 1383 extorrem,
3239 1319 3305 1370 ut
3335 1331 3528 1388 segre-

1884 1403 2078 1466 gatam
2100 1400 2170 1454 ab
2199 1399 2584 1456 infernalibus
2608 1400 2902 1469 claustris,
2938 1407 3273 1459 sanctorum
3308 1420 3528 1460 merea-

1884 1492 1983 1543 tur
2010 1489 2269 1544 adunare
2302 1490 2628 1545 consortiis.
2666 1490 2789 1545 Per.

1956 1578 2086 1632 Item
2117 1578 2230 1633 alia
2261 1580 2456 1633 oratio.
2491 1578 2707 1634 Delicta
2731 1578 3059 1649 juventutis
3084 1583 3142 1635 et
3169 1580 3530 1652 ignorantiae

1888 1665 2090 1720 famuli
2109 1666 2191 1720 tui
2217 1666 2299 1721 ill.
2322 1683 2391 1722 ne
2419 1667 2778 1733 memineris,
2801 1667 3176 1734 Domine,sed
3202 1670 3527 1725 secundum

126 1754 217 1811 dia
235 1753 551 1811 liberasset
580 1770 645 1810 ex
679 1755 869 1829 culpa.
895 1756 1027 1810 Tibi
1075 1772 1233 1828 ergo,
1260 1756 1517 1819 Domine,
1553 1756 1774 1829 suppli-
1806 1794 1853 1858 B
1887 1770 2160 1827 magnam
2199 1755 2660 1811 misericordiam
2684 1762 2846 1811 tuam
2882 1772 3107 1812 memor
3133 1761 3259 1812 esto
3281 1756 3442 1813 illius
3471 1758 3527 1813 in

127 1860 214 1900 ces
234 1860 435 1916 preces
461 1844 959 1911 elfundimus,tibi
985 1844 1188 1900 famuli
1209 1844 1294 1900 tui
1321 1844 1401 1900 ill.
1423 1846 1680 1901 animam
1716 1851 1772 1901 et

126 1932 390 2004 spiritum
421 1934 937 2000 commendamus,
969 1938 1036 1989 ut
1065 1937 1331 2006 receptus
1360 1935 1511 1989 inter
1540 1936 1776 2008 agmina

126 2026 483 2089 sanctorum,
499 2020 627 2077 loca
645 2022 869 2078 nesciat
896 2022 1236 2079 inferorum.
1258 2022 1412 2078 Nihil
1434 2023 1516 2078 illi
1547 2032 1772 2092 noceat,

126 2109 380 2178 Domine,
397 2111 692 2183 quidquid
717 2111 1043 2166 attrahente
1065 2110 1261 2166 carnis
1288 2111 1599 2184 fragilitate
1617 2129 1773 2168 com—

129 2198 300 2270 misit,
335 2204 445 2256 aut.
475 2200 630 2273 quod
662 2200 932 2256 humanae
964 2199 1307 2272 cupiditatis
1351 2202 1775 2257 consuetudine

127 2293 505 2362 pergravatus
545 2293 701 2357 actu,
728 2288 901 2344 verbo
947 2288 1035 2345 vel
1089 2289 1439 2361 cogitatione
1496 2291 1771 2362 peccavit,

128 2378 223 2453 sed
263 2394 512 2434 securus
571 2377 815 2450 vestigia
863 2376 1179 2434 Salvatoris
1237 2378 1494 2451 patiatur
1546 2379 1775 2435 infinita

130 2465 435 2523 dulcedine
487 2471 544 2523 et
598 2466 905 2539 praesentia
960 2465 1239 2524 veritatis.
1293 2467 1774 2540 Redemptionem

132 2570 358 2627 quoque
379 2556 641 2628 corporis
667 2555 756 2611 sui
780 2556 1173 2611 commonitus
1202 2556 1549 2612 fiducialiter
1577 2573 1775 2630 exspe-

132 2648 304 2714 ctare,
319 2644 608 2717 quidquid
628 2644 832 2701 habuit
852 2644 1016 2717 prius
1038 2645 1095 2699 in
1134 2645 1264 2712 fide,
1291 2652 1684 2717 consequatur
1714 2648 1772 2702 in

134 2748 390 2788 munere.
427 2733 532 2788 Per
559 2732 875 2788 Christum.
1124 2740 1131 2745 ’

195 2821 656 2876 Posteammunio.
703 2821 939 2887 Praasta,
985 2837 1346 2891 quaesumus,
1398 2822 1662 2892 Domine,
1711 2828 1775 2879 ut

129 2908 328 2964 anima
350 2907 557 2962 famuli
580 2908 664 2963 tui
689 2908 793 2974 ill.,
816 2926 946 2980 quae
975 2909 1148 2965 hodie
1178 2910 1248 2964 de
1280 2909 1389 2965 hoc
1422 2910 1633 2967 saeculo
1665 2912 1773 2968 mi-

127 2996 339 3069 gravit,
372 2994 470 3051 his
517 2997 819 3052 sacrificiis
860 2998 1184 3069 puriﬁcata,
1218 3002 1273 3053 et
1301 3016 1336 3054 a
1365 3001 1617 3070 peccatis
1650 3018 1774 3057 om-

126 3085 304 3141 nibus
361 3084 651 3156 expedita,
676 3084 1099 3158 indulgentiam
1134 3087 1352 3157 pariter
1380 3092 1436 3143 et
1461 3089 1643 3145 vitam
1676 3106 1773 3147 ca-

126 3173 248 3245 piat
278 3172 731 3246 sempiternam.
765 3174 892 3230 Per.

196 3261 405 3318 Deinde
450 3270 733 3334 sequatur.
766 3262 937 3335 Kyrie
992 3261 1231 3318 eleison.
1265 3262 1491 3320 Christe
1535 3264 1775 3323 eleison.

132 3350 320 3424 Kyrie,
345 3354 455 3407 etc.
492 3351 776 3407 Dominus
808 3351 1135 3408 vobiscum.

203 3438 408 3496 Oratio.
470 3438 623 3507 Tibi,
678 3439 938 3506 Domine,
991 3441 1474 3497 commendamus
1519 3442 1777 3500 animam

138 3526 336 3583 famuli
369 3527 458 3582 tui
500 3527 583 3583 ill.
616 3533 681 3583 ut
711 3528 1023 3583 defunctus
1055 3546 1089 3584 a
1118 3529 1329 3585 saeculo
1361 3528 1463 3585 tibi
1512 3531 1689 3600 vivat,
1721 3537 1779 3588 et

133 3613 180 3669 si
201 3631 318 3687 qua
336 3614 712 3689 fragilitatem
733 3617 1043 3672 mundana:
1067 3618 1527 3674 conversationis
1543 3623 1779 3690 peccata

131 3702 387 3773 admisit,
420 3709 484 3760 tu
542 3704 713 3760 venia
763 3704 1326 3761 misericordissima:
1357 3706 1590 3779 pietatis
1643 3709 1777 3764 abs-

129 3793 302 3864 terge.
338 3793 465 3849 Per.

196 3880 325 3937 Alia
382 3884 581 3937 oratio.
640 3882 771 3950 Fac,
831 3898 1192 3954 quaesumus,
1279 3883 1544 3951 Domine,
1627 3885 1777 3941 hanc

133 3983 263 4025 cum
291 3987 456 4027 servo
485 3975 586 4026 tuo
616 3971 699 4025 ill.
733 3971 1194 4028 misericordiam
1226 3977 1291 4027 ut
1321 3973 1605 4029 factorum
1639 3991 1774 4031 suo-

133 4072 261 4113 rum
292 4058 352 4114 in
376 4060 562 4131 poenis
584 4076 701 4115 non
731 4059 972 4132 recipiat
991 4060 1197 4129 vicem,
1219 4060 1319 4132 qui
1342 4064 1504 4118 tuam
1538 4062 1595 4117 in
1626 4063 1774 4121 votis

130 4146 317 4203 tenuit
366 4146 750 4213 voluntatem,
785 4151 848 4202 ut
876 4148 1029 4203 sicut
1056 4164 1191 4204 eum
1221 4166 1358 4206 vera
1405 4151 1551 4208 ﬁdes
1574 4152 1776 4224 junxit

131 4232 393 4290 ﬁdelium
423 4234 657 4302 turmis,
683 4236 763 4291 ita
817 4253 951 4291 eum
986 4235 1104 4291 illic
1132 4239 1236 4292 tua
1266 4237 1563 4296 miseratio
1594 4241 1775 4298 societ

133 4322 413 4395 angelicis
443 4322 658 4380 choris.
683 4324 807 4379 Per.

199 4411 323 4468 Alia
351 4414 550 4469 oratio.
569 4412 696 4467 Non
714 4412 898 4467 intres
916 4412 973 4467 in
993 4412 1287 4483 judicium
1319 4431 1450 4470 cum
1466 4432 1630 4472 servo
1649 4421 1770 4488 tuo,

134 4496 396 4586 Domine,
438 4501 719 4574 quoniam
773 4500 972 4557 nullus
1028 4496 1184 4575 apud
1243 4505 1300 4558 te
1347 4504 1773 4573 justiﬁcabitur
1802 4522 1848 4586 Ι)

136 4582 327 4660 homo,
361 4589 475 4646 nisi
508 4606 612 4661 per
641 4593 696 4646 te
738 4590 1003 4646 omnium
1026 4628 1035 4631 -
1061 4595 1431 4663 peccatorum
1482 4591 1776 4651 tribuatur

136 4676 565 4734 remissio.Non
595 4695 752 4751 ergo,
782 4695 918 4734 eum
952 4683 1072 4744 tua,
1105 4680 1774 4752 qumsumus,judicialis

137 4766 420 4823 sententia
466 4773 712 4839 premat,
751 4784 926 4839 quem
959 4766 1063 4823 tibi
1094 4784 1230 4823 vera
1261 4767 1609 4840 supplicatio
1639 4771 1772 4827 ﬁdei

140 4846 476 4923 Christiana:
512 4857 906 4925 commendat,
931 4856 1030 4912 sed
1072 4856 1259 4929 gratia
1290 4861 1387 4912 tua
1418 4856 1500 4912 illi
1535 4875 1772 4915 succur-

141 4943 294 4996 rente
309 4949 603 5000 mereatur
618 4945 857 5001 evadere
874 4944 1169 5015 judicium
1197 4944 1457 5013 ultionis,
1492 4948 1613 5018 qui,
1629 4949 1772 5004 dum

140 5026 439 5103 adviveret,
472 5034 793 5107 insignitus
822 5039 911 5090 est
951 5031 1255 5106 signaculo
1313 5040 1530 5091 sancta:
1583 5036 1771 5093 Trini-

141 5115 293 5172 tatis.
322 5119 447 5176 Per.

198 5204 330 5262 Item
360 5211 478 5266 alia
497 5213 691 5268 oratio.
726 5211 903 5277 Deus,
932 5210 1059 5266 vitae
1091 5211 1262 5267 dator
1292 5215 1349 5268 et
1376 5211 1772 5271 humanorum

140 5344 339 5426 prohat
358 5353 636 5426 eaemplis
648 5352 1051 5426 antiquitatem
1072 5352 1219 5409 ritus
1242 5354 1771 5426 anniversariorum

141 5423 542 5494 emortualium
565 5423 806 5481 dierum‘
826 5441 929 5496 pro
946 5424 1255 5496 defunctis.
1278 5425 1654 5483 Desideratur
1678 5428 1773 5483 hic

143 5497 318 5566 missa
345 5508 447 5564 pro
475 5494 1028 5552 commemoratione
1059 5495 1321 5551 ﬁdelium
1363 5498 1771 5555 defunctorum

142 5549 232 5632 die
255 5549 900 5636 mohada'ﬁai'ézﬁtirié,
925 5549 1051 5644 quae
1073 5549 1190 5628 fuit
1201 5549 1495 5632 auita;
1503 5549 1772 5633 Esaiae

1882 1841 1999 1897 vita
2022 1842 2308 1899 claritatis
2341 1848 2476 1911 tum,
2502 1845 2839 1916 aperiantur
2866 1845 2914 1899 ei
2955 1844 3104 1911 coeli,
3126 1844 3400 1902 laetentur
3426 1864 3529 1903 an-

1884 1930 2019 2005 geli,
2044 1931 2103 1986 in
2127 1948 2372 2005 regnum
2404 1937 2596 1997 tuum,
2622 1933 2885 2001 Domine,
2911 1950 3142 1990 servum
3174 1938 3342 1991 tuum
3394 1953 3528 1994 sus—

1885 2019 2032 2091 cipe.
3138 2044 3141 2047 ·

2231 2126 2544 2165 ABSOLUTIO
2584 2127 2770 2166 SUPER
2809 2128 3172 2168 SEPULCRUM.

1957 2197 2018 2252 In
2049 2214 2116 2252 ea
2148 2202 2431 2270 potestate
2447 2197 2531 2253 vel
2558 2200 2902 2255 auctoritate
2925 2199 3190 2272 fidentes,
3210 2218 3387 2274 quam
3420 2203 3532 2260 Do-

1884 2286 2085 2342 minus
2117 2291 2317 2342 noster
2346 2287 2519 2342 Jesus
2549 2286 2815 2343 Christus
2846 2288 3012 2343 beato
3044 2289 3210 2344 Petro
3270 2291 3533 2363 apostolo

1884 2374 2088 2430 tribuit
2115 2375 2314 2431 dicens
2336 2376 2764 2447 :Quodcunque
2785 2376 3061 2448 ligaveris
3085 2394 3264 2450 super
3295 2383 3530 2449 terram,

1883 2463 1992 2519 erit
2045 2462 2292 2535 ligatum
2326 2469 2383 2519 et
2439 2464 2497 2518 in
2559 2463 2736 2529 coelis,
2772 2467 2828 2519 et
2858 2465 3247 2537 quodcunque
3291 2465 3532 2524 solveris

1884 2568 2060 2624 super
2089 2556 2325 2619 terram,
2359 2552 2468 2607 erit
2508 2551 2767 2607 solutum
2795 2556 2852 2608 et
2891 2552 2947 2607 in
2977 2552 3135 2608 ccelis
3164 2570 3178 2608 :
3212 2554 3282 2609 Et
3311 2556 3534 2611 caeteris

1881 2641 2025 2697 dixit
2064 2640 2672 2712 discipuliszouorum
2696 2641 3040 2696 remiseritis
3084 2646 3319 2714 peccata
3337 2644 3533 2699 remit-

1883 2735 2091 2785 tuntur
2111 2730 2214 2785 eis.
2237 2731 2529 2796 Quantum
2557 2729 2728 2785 nobis
2746 2730 3100 2802 permissum
3124 2735 3233 2799 est,
3267 2732 3339 2787 ab
3371 2733 3532 2788 omni

1882 2819 2114 2874 vinculo
2133 2823 2499 2891 peccatorum
2522 2817 2883 2873 absolvimus
2902 2822 2979 2885 te,
3003 2821 3067 2873 ut
3087 2818 3373 2891 quidquid
3394 2837 3532 2876 sua-

1885 2909 2057 2963 dente
2077 2907 2306 2963 diabolo
2333 2907 2633 2963 voluntate
2663 2912 2766 2963 aut
2797 2907 3130 2979 operatione
3160 2909 3529 2980 commisisti,

1885 3001 2169 3068 quantum
2194 2996 2310 3051 Deo
2337 2997 2651 3067 adjuvante
2672 3013 3010 3068 possumus,
3042 3000 3273 3052 tantum
3306 2997 3409 3054 tibi
3442 2998 3533 3054 in-

1884 3084 2220 3157 dulgemus,
2237 3089 2301 3140 ut
2320 3084 2500 3139 fracta
2522 3085 2592 3140 de
2614 3085 2875 3141 collotuo
2897 3085 3162 3140 omnium
3184 3085 3531 3143 delictorum

1811 3160 1854 3227 C
1889 3179 2095 3229 catena
2114 3171 2263 3229 liber
2291 3178 2348 3228 et
2377 3172 2684 3228 absolutus
2712 3172 2913 3228 venias
2942 3178 3072 3228 ante
3103 3173 3365 3229 tribunal
3413 3175 3531 3231 Do-

1891 3261 2035 3316 mini
2058 3260 2393 3317 nostriJesu
2418 3260 2632 3316 Christi
2650 3261 2709 3315 in
2753 3261 2872 3316 vita
2918 3265 3153 3326 aeterna,
3189 3266 3530 3334 recepturus

1887 3350 1959 3405 ab
1977 3350 2105 3422 ipso
2125 3349 2522 3404 haereditatem
2545 3347 2796 3403 caelestis
2827 3348 2987 3421 regni
3020 3354 3078 3404 et
3099 3349 3225 3405 sine
3247 3350 3359 3406 ﬁne
3386 3367 3531 3424 gau-

1888 3438 2062 3494 dendi
2095 3437 2153 3492 in
2188 3437 2405 3493 secula
2425 3436 2794 3493 saeculorum.
2826 3438 3031 3493 Amen.

1960 3528 2162 3582 Dehinc
2185 3542 2286 3598 pro
2340 3527 2591 3581 omnibus
2641 3527 2703 3580 in
2759 3524 2969 3581 Christo
3027 3528 3426 3598 quiescentibus
3470 3531 3533 3585 in

1887 3615 2070 3670 eodem
2129 3616 2446 3682 cremeterio,
2481 3614 2630 3669 Psal.
2664 3631 2787 3669 cum
2831 3615 3045 3686 antip/z.
3083 3615 3237 3686 Dele,
3268 3617 3528 3685 Domine,

1886 3703 2226 3775 iniquitates
2244 3719 2467 3758 eorum.
2488 3703 2640 3758 Psat.
2660 3702 2933 3759 Miserere
2959 3703 3091 3773 mei,
3117 3708 3290 3773 Deus,
3323 3721 3528 3762 secun-

1886 3792 2048 3846 dum.
2080 3791 2247 3847 Pater
2269 3794 2484 3847 noster.
2508 3791 2580 3846 Et
2608 3807 2681 3846 ne
2716 3809 2842 3849 nos.
2866 3796 2913 3846 A
2948 3796 3116 3864 porta
3144 3792 3335 3851 inferi.
3356 3794 3528 3864 Erue,

1884 3880 2146 3947 Domine,
2180 3880 2409 3935 animas
2441 3895 2664 3935 eorum.
2689 3879 2973 3937 Dominus
3000 3881 3324 3939 vobiscum.
3390 3922 3395 3927 -

1957 3970 2158 4025 Oratio.
2194 3968 2370 4040 Deus,
2403 3969 2573 4039 cujus
2604 3968 2979 4026 miseratione
3009 3971 3220 4027 anima)
3258 3970 3521 4029 ﬁdelium

1881 4059 2279 4131 requiescunt,
2294 4056 2531 4114 famulis
2547 4062 2605 4113 et
2625 4058 2959 4116 famulabus
2980 4058 3117 4126 tuis,
3147 4060 3234 4117 vel
3254 4061 3529 4119 omnibus

1882 4147 1977 4203 hic
1998 4148 2054 4202 in
2087 4146 2314 4203 Christo
2364 4146 2824 4219 quiescentibus,
2857 4148 2931 4203 da
2960 4149 3250 4221 propitius
3297 4150 3526 4207 veniam

1883 4240 2273 4309 peccatorum,
2292 4239 2403 4291 uta
2419 4235 2646 4292 cunctis
2667 4237 2922 4293 reatibus
2946 4236 3200 4294 absoluti
3230 4238 3354 4293 sine
3412 4238 3528 4295 ﬁne

1883 4324 2171 4381 laetentur.
2206 4324 2329 4380 Per.

1952 4413 2343 4486 Requiescant
2373 4412 2432 4467 in
2464 4429 2623 4485 pace.
2655 4415 2859 4469 Amen.

2381 4518 2549 4557 MISSA
2589 4519 2647 4557 IN
2684 4518 3013 4558 TRICESIMO.

1952 4589 2322 4656 Quaesumus,
2337 4590 2602 4660 Domine,
2623 4590 2841 4646 famulo
2865 4594 2963 4646 tuo
2985 4589 3066 4646 ill.
3103 4591 3274 4663 cujus
3302 4591 3527 4649 tricesi-

1886 4695 2049 4733 mum
2081 4678 2185 4749 (vel
2216 4679 2557 4750 septimum,
2592 4679 2671 4733 vel
2700 4679 2960 4751 tertium)
2994 4680 3190 4735 obitus
3247 4679 3340 4736 sui
3371 4680 3527 4738 diem

1883 4782 2433 4829 commemoramus,
2459 4772 2796 4823 sanctorum
2828 4771 3001 4839 atque
3031 4766 3349 4825 electorum
3389 4773 3527 4825 tuo-

1884 4867 2014 4906 rum
2045 4850 2311 4924 largiaris
2370 4853 2749 4920 consortium,
2783 4858 2839 4909 et
2875 4871 3061 4910 rorem
3114 4854 3529 4915 misericordia:

1881 4945 1997 4995 tua:
2026 4941 2296 5012 perennis
2328 4939 2624 4997 infundas.
2660 4942 2787 4998 Per.

1955 5029 2187 5084 Secreta.
2247 5029 2481 5098 Adesto,
2535 5030 2798 5101 Domine,
2835 5031 3363 5106 supplicationibus
3422 5054 3525 5095 no-

1881 5118 2042 5189 stris,
2061 5120 2118 5173 et
2160 5116 2311 5172 hanc
2346 5116 2718 5185 oblationem,
2740 5136 2917 5192 quam
2961 5121 3066 5178 tibi
3116 5124 3415 5182 offerimus
3452 5125 3525 5181 ob

1881 5208 2037 5264 diem
2060 5205 2444 5279 depositionis
2475 5208 2758 5264 tricesimi
2790 5210 2893 5281 (vel
2923 5212 3181 5285 septimi,
3212 5215 3297 5270 vel
3326 5212 3523 5285 tertii),

1881 5349 2124 5405 0dilone
2154 5349 2365 5405 abbate
2395 5349 2763 5408 Cluniacensi
2810 5370 2963 5409 anno
3020 5355 3307 5410 duntaxat
3365 5356 3522 5410 1040.

1881 5422 1988 5496 Qui
2007 5420 2236 5496 ritusin
2263 5420 2593 5477 universam
2617 5423 2932 5479 Ecclesiam
2952 5426 3291 5496 pontificum
3323 5433 3523 5496 aucto-

1881 5494 2053 5566 ritate
2086 5492 2427 5566 fuitpostea
2458 5501 2836 5566 propagatus,
2872 5500 2935 5553 ut
2952 5492 3207 5556 adnotat
3244 5495 3523 5559 Baroniuﬁ

1880 5563 2026 5640 (Not.
2058 5562 2129 5623 ad
2156 5562 2441 5638 Mdrtyrol.
2459 5562 2849 5643 'die'2Nov.).
