  <div class='ocr_page' id='page_1' title='image "/cluster/home/n/w/nwhite01/storage/ocr_20150623/151/uva.x000829795/467.png"; bbox 0 0 3896 6216; ppageno 0'>
   <div class='ocr_carea' id='block_1_1' title="bbox 318 382 432 444">
    <p class='ocr_par' dir='ltr' id='par_1_1' title="bbox 318 382 432 444">
     <span class='ocr_line' id='line_1_1' title="bbox 318 382 432 444; baseline -0.018 0"><span class='ocrx_word' id='word_1_1' title='bbox 318 382 432 444; x_wconf 72' lang='grc'>8⁸71</span> 
     </span>
    </p>
   </div>
   <div class='ocr_carea' id='block_1_2' title="bbox 1509 341 2540 430">
    <p class='ocr_par' dir='ltr' id='par_1_2' title="bbox 1509 341 2540 430">
     <span class='ocr_line' id='line_1_2' title="bbox 1509 341 2540 430; baseline -0.011 0"><span class='ocrx_word' id='word_1_2' title='bbox 1509 367 1694 430; x_wconf 72' lang='grc' dir='ltr'>8ᾸΞΟ.</span> <span class='ocrx_word' id='word_1_3' title='bbox 1741 368 1822 430; x_wconf 84' lang='lat' dir='ltr'>x1</span> <span class='ocrx_word' id='word_1_4' title='bbox 1867 364 2180 427; x_wconf 86' lang='lat' dir='ltr'>MONUM.</span> <span class='ocrx_word' id='word_1_5' title='bbox 2224 341 2540 424; x_wconf 82' lang='lat' dir='ltr'>LITURG.</span> 
     </span>
    </p>
   </div>
   <div class='ocr_carea' id='block_1_3' title="bbox 3615 348 3748 409">
    <p class='ocr_par' dir='ltr' id='par_1_3' title="bbox 3615 348 3748 409">
     <span class='ocr_line' id='line_1_3' title="bbox 3615 348 3748 409; baseline 0 0"><span class='ocrx_word' id='word_1_6' title='bbox 3615 348 3748 409; x_wconf 78' lang='lat'>812</span> 
     </span>
    </p>
   </div>
   <div class='ocr_carea' id='block_1_4' title="bbox 319 488 3744 590">
    <p class='ocr_par' dir='ltr' id='par_1_4' title="bbox 319 488 3744 590">
     <span class='ocr_line' id='line_1_4' title="bbox 319 488 3744 590; baseline -0.008 -18"><span class='ocrx_word' id='word_1_7' title='bbox 319 531 423 590; x_wconf 91' lang='lat' dir='ltr'>pro</span> <span class='ocrx_word' id='word_1_8' title='bbox 446 513 643 570; x_wconf 87' lang='lat' dir='ltr'>anima</span> <span class='ocrx_word' id='word_1_9' title='bbox 682 508 885 566; x_wconf 80' lang='lat' dir='ltr'>famuli</span> <span class='ocrx_word' id='word_1_10' title='bbox 916 507 1000 564; x_wconf 90' lang='lat' dir='ltr'>tui</span> <span class='ocrx_word' id='word_1_11' title='bbox 1039 506 1124 562; x_wconf 92' lang='lat' dir='ltr'>ill.</span> <span class='ocrx_word' id='word_1_12' title='bbox 1158 505 1424 578; x_wconf 83' lang='lat' dir='ltr'>placatus</span> <span class='ocrx_word' id='word_1_13' title='bbox 1459 519 1524 559; x_wconf 90' lang='lat' dir='ltr'>ac</span> <span class='ocrx_word' id='word_1_14' title='bbox 1554 502 1841 571; x_wconf 90' lang='lat' dir='ltr'>benignus</span> <span class='ocrx_word' id='word_1_15' title='bbox 1873 514 1963 553; x_wconf 88' lang='lat' dir='ltr'>as-</span> <span class='ocrx_word' id='word_1_16' title='bbox 1996 498 2049 564; x_wconf 86' lang='grc' dir='ltr'><strong>Α</strong></span> <span class='ocrx_word' id='word_1_17' title='bbox 2079 501 2134 550; x_wconf 84' lang='lat' dir='ltr'>et</span> <span class='ocrx_word' id='word_1_18' title='bbox 2163 494 2428 560; x_wconf 84' lang='lat' dir='ltr'>credidit,</span> <span class='ocrx_word' id='word_1_19' title='bbox 2463 496 2742 548; x_wconf 65' lang='lat' dir='ltr'>aeternum</span> <span class='ocrx_word' id='word_1_20' title='bbox 2797 490 2988 562; x_wconf 81' lang='lat' dir='ltr'><strong>capiat</strong></span> <span class='ocrx_word' id='word_1_21' title='bbox 3015 493 3072 544; x_wconf 89' lang='lat' dir='ltr'>te</span> <span class='ocrx_word' id='word_1_22' title='bbox 3114 488 3431 544; x_wconf 81' lang='lat' dir='ltr'>miserante</span> <span class='ocrx_word' id='word_1_23' title='bbox 3486 504 3744 546; x_wconf 86' lang='lat' dir='ltr'>consor-</span> 
     </span>
    </p>
   </div>
   <div class='ocr_carea' id='block_1_5' title="bbox 319 603 667 663">
    <p class='ocr_par' dir='ltr' id='par_1_5' title="bbox 319 603 667 663">
     <span class='ocr_line' id='line_1_5' title="bbox 319 603 667 663; baseline -0.02 0"><span class='ocrx_word' id='word_1_24' title='bbox 319 621 508 663; x_wconf 89' lang='lat' dir='ltr'>sume.</span> <span class='ocrx_word' id='word_1_25' title='bbox 542 603 667 658; x_wconf 91' lang='lat' dir='ltr'>Per.</span> 
     </span>
    </p>
   </div>
   <div class='ocr_carea' id='block_1_6' title="bbox 388 674 1965 757">
    <p class='ocr_par' dir='ltr' id='par_1_6' title="bbox 388 674 1965 757">
     <span class='ocr_line' id='line_1_6' title="bbox 388 674 1965 757; baseline -0.013 -8"><span class='ocrx_word' id='word_1_26' title='bbox 388 692 845 749; x_wconf 73' lang='lat' dir='ltr'>Postcommunia.</span> <span class='ocrx_word' id='word_1_27' title='bbox 870 686 1254 757; x_wconf 79' lang='lat' dir='ltr'>Omnipotens</span> <span class='ocrx_word' id='word_1_28' title='bbox 1280 681 1635 752; x_wconf 89' lang='lat' dir='ltr'>sempiterne</span> <span class='ocrx_word' id='word_1_29' title='bbox 1655 683 1825 741; x_wconf 85' lang='lat' dir='ltr'>Deus,</span> <span class='ocrx_word' id='word_1_30' title='bbox 1850 674 1965 730; x_wconf 85' lang='lat' dir='ltr'>col-</span> 
     </span>
    </p>
   </div>
   <div class='ocr_carea' id='block_1_7' title="bbox 317 764 1965 851">
    <p class='ocr_par' dir='ltr' id='par_1_7' title="bbox 317 764 1965 851">
     <span class='ocr_line' id='line_1_7' title="bbox 317 764 1965 851; baseline -0.013 -12"><span class='ocrx_word' id='word_1_31' title='bbox 317 783 507 839; x_wconf 80' lang='lat' dir='ltr'>locare</span> <span class='ocrx_word' id='word_1_32' title='bbox 531 780 772 851; x_wconf 85' lang='lat' dir='ltr'>dignare</span> <span class='ocrx_word' id='word_1_33' title='bbox 805 777 1064 832; x_wconf 88' lang='lat' dir='ltr'>animam</span> <span class='ocrx_word' id='word_1_34' title='bbox 1091 771 1292 827; x_wconf 81' lang='lat' dir='ltr'>famuli</span> <span class='ocrx_word' id='word_1_35' title='bbox 1325 768 1411 825; x_wconf 83' lang='lat' dir='ltr'>tui</span> <span class='ocrx_word' id='word_1_36' title='bbox 1444 767 1552 833; x_wconf 90' lang='lat' dir='ltr'>ill.,</span> <span class='ocrx_word' id='word_1_37' title='bbox 1586 767 1754 837; x_wconf 85' lang='lat' dir='ltr'>cujus</span> <span class='ocrx_word' id='word_1_38' title='bbox 1785 764 1965 835; x_wconf 90' lang='lat' dir='ltr'>depo-</span> 
     </span>
    </p>
   </div>
   <div class='ocr_carea' id='block_1_8' title="bbox 318 851 1965 930">
    <p class='ocr_par' dir='ltr' id='par_1_8' title="bbox 318 851 1965 930">
     <span class='ocr_line' id='line_1_8' title="bbox 318 851 1965 930; baseline -0.014 -3"><span class='ocrx_word' id='word_1_39' title='bbox 318 869 548 927; x_wconf 88' lang='lat' dir='ltr'>sitionis</span> <span class='ocrx_word' id='word_1_40' title='bbox 591 869 745 923; x_wconf 90' lang='lat' dir='ltr'>diem</span> <span class='ocrx_word' id='word_1_41' title='bbox 777 863 1144 921; x_wconf 84' lang='lat' dir='ltr'>tricesimum</span> <span class='ocrx_word' id='word_1_42' title='bbox 1177 861 1284 930; x_wconf 84' lang='lat' dir='ltr'>(val</span> <span class='ocrx_word' id='word_1_43' title='bbox 1310 857 1564 930; x_wconf 88' lang='lat' dir='ltr'>septium</span> <span class='ocrx_word' id='word_1_44' title='bbox 1594 855 1676 909; x_wconf 80' lang='lat' dir='ltr'>vel</span> <span class='ocrx_word' id='word_1_45' title='bbox 1704 851 1965 922; x_wconf 88' lang='lat' dir='ltr'>tertium)</span> 
     </span>
    </p>
   </div>
   <div class='ocr_carea' id='block_1_9' title="bbox 317 941 1964 1022">
    <p class='ocr_par' dir='ltr' id='par_1_9' title="bbox 317 941 1964 1022">
     <span class='ocr_line' id='line_1_9' title="bbox 317 941 1964 1022; baseline -0.013 -6"><span class='ocrx_word' id='word_1_46' title='bbox 317 959 703 1022; x_wconf 80' lang='lat' dir='ltr'>celebramus,</span> <span class='ocrx_word' id='word_1_47' title='bbox 746 955 804 1009; x_wconf 93' lang='lat' dir='ltr'>in</span> <span class='ocrx_word' id='word_1_48' title='bbox 856 953 1084 1009; x_wconf 88' lang='lat' dir='ltr'>sinibus</span> <span class='ocrx_word' id='word_1_49' title='bbox 1133 947 1395 1013; x_wconf 70' lang='lat' dir='ltr'>Abrahae,</span> <span class='ocrx_word' id='word_1_50' title='bbox 1450 946 1609 1000; x_wconf 87' lang='lat' dir='ltr'>Isaae</span> <span class='ocrx_word' id='word_1_51' title='bbox 1654 946 1711 998; x_wconf 91' lang='lat' dir='ltr'>et</span> <span class='ocrx_word' id='word_1_52' title='bbox 1763 941 1964 1006; x_wconf 88' lang='lat' dir='ltr'>Jacob,</span> 
     </span>
    </p>
   </div>
   <div class='ocr_carea' id='block_1_10' title="bbox 316 1031 1964 1114">
    <p class='ocr_par' dir='ltr' id='par_1_10' title="bbox 316 1031 1964 1114">
     <span class='ocr_line' id='line_1_10' title="bbox 316 1031 1964 1114; baseline -0.012 -11"><span class='ocrx_word' id='word_1_53' title='bbox 316 1053 383 1103; x_wconf 89' lang='lat' dir='ltr'>ut</span> <span class='ocrx_word' id='word_1_54' title='bbox 411 1064 543 1104; x_wconf 90' lang='lat' dir='ltr'>cum</span> <span class='ocrx_word' id='word_1_55' title='bbox 603 1045 728 1100; x_wconf 90' lang='lat' dir='ltr'>dies</span> <span class='ocrx_word' id='word_1_56' title='bbox 784 1040 1102 1114; x_wconf 81' lang='lat' dir='ltr'>agnitionis</span> <span class='ocrx_word' id='word_1_57' title='bbox 1132 1042 1245 1094; x_wconf 72' lang='lat' dir='ltr'>tuze</span> <span class='ocrx_word' id='word_1_58' title='bbox 1292 1033 1609 1099; x_wconf 79' lang='lat' dir='ltr'>advenerit,</span> <span class='ocrx_word' id='word_1_59' title='bbox 1644 1031 1798 1087; x_wconf 89' lang='lat' dir='ltr'>inter</span> <span class='ocrx_word' id='word_1_60' title='bbox 1825 1046 1964 1084; x_wconf 90' lang='lat' dir='ltr'>san-</span> 
     </span>
    </p>
   </div>
   <div class='ocr_carea' id='block_1_11' title="bbox 315 1120 1890 1196">
    <p class='ocr_par' dir='ltr' id='par_1_11' title="bbox 315 1120 1890 1196">
     <span class='ocr_line' id='line_1_11' title="bbox 315 1120 1890 1196; baseline -0.013 -2"><span class='ocrx_word' id='word_1_61' title='bbox 315 1141 440 1194; x_wconf 90' lang='lat' dir='ltr'>ctos</span> <span class='ocrx_word' id='word_1_62' title='bbox 471 1137 684 1192; x_wconf 89' lang='lat' dir='ltr'>electos</span> <span class='ocrx_word' id='word_1_63' title='bbox 716 1137 848 1187; x_wconf 90' lang='lat' dir='ltr'>tuos</span> <span class='ocrx_word' id='word_1_64' title='bbox 879 1147 1010 1186; x_wconf 90' lang='lat' dir='ltr'>eum</span> <span class='ocrx_word' id='word_1_65' title='bbox 1047 1123 1384 1184; x_wconf 86' lang='lat' dir='ltr'>resuscitari</span> <span class='ocrx_word' id='word_1_66' title='bbox 1419 1120 1741 1196; x_wconf 73' lang='lat' dir='ltr'>praecipias.</span> <span class='ocrx_word' id='word_1_67' title='bbox 1767 1121 1890 1175; x_wconf 90' lang='lat' dir='ltr'>Per.</span> 
     </span>
    </p>
   </div>
   <div class='ocr_carea' id='block_1_12' title="bbox 762 1246 1510 1294">
    <p class='ocr_par' dir='ltr' id='par_1_12' title="bbox 762 1246 1510 1294">
     <span class='ocr_line' id='line_1_12' title="bbox 762 1246 1510 1294; baseline -0.013 -1"><span class='ocrx_word' id='word_1_68' title='bbox 762 1253 932 1294; x_wconf 80' lang='lat' dir='ltr'>MISSA</span> <span class='ocrx_word' id='word_1_69' title='bbox 975 1253 1033 1290; x_wconf 83' lang='lat' dir='ltr'>IN</span> <span class='ocrx_word' id='word_1_70' title='bbox 1071 1246 1510 1290; x_wconf 73' lang='lat' dir='ltr'>ANNIVERSARIO.</span> 
     </span>
    </p>
   </div>
   <div class='ocr_carea' id='block_1_13' title="bbox 385 1330 1963 1416">
    <p class='ocr_par' dir='ltr' id='par_1_13' title="bbox 385 1330 1963 1416">
     <span class='ocr_line' id='line_1_13' title="bbox 385 1330 1963 1416; baseline -0.012 -12"><span class='ocrx_word' id='word_1_71' title='bbox 385 1349 623 1414; x_wconf 68' lang='lat' dir='ltr'>Praesta,</span> <span class='ocrx_word' id='word_1_72' title='bbox 648 1361 1012 1416; x_wconf 68' lang='lat' dir='ltr'>quaesumus,</span> <span class='ocrx_word' id='word_1_73' title='bbox 1038 1340 1304 1406; x_wconf 88' lang='lat' dir='ltr'>Domine,</span> <span class='ocrx_word' id='word_1_74' title='bbox 1330 1341 1395 1393; x_wconf 88' lang='lat' dir='ltr'>ut</span> <span class='ocrx_word' id='word_1_75' title='bbox 1423 1335 1622 1391; x_wconf 90' lang='lat' dir='ltr'>anima</span> <span class='ocrx_word' id='word_1_76' title='bbox 1653 1331 1854 1389; x_wconf 83' lang='lat' dir='ltr'>famuli</span> <span class='ocrx_word' id='word_1_77' title='bbox 1879 1330 1963 1386; x_wconf 94' lang='lat' dir='ltr'>tui</span> 
     </span>
    </p>
   </div>
   <div class='ocr_carea' id='block_1_14' title="bbox 313 1423 1964 1508">
    <p class='ocr_par' dir='ltr' id='par_1_14' title="bbox 313 1423 1964 1508">
     <span class='ocr_line' id='line_1_14' title="bbox 313 1423 1964 1508; baseline -0.012 -14"><span class='ocrx_word' id='word_1_78' title='bbox 313 1437 604 1508; x_wconf 90' lang='lat' dir='ltr'>ill.,cujus</span> <span class='ocrx_word' id='word_1_79' title='bbox 618 1432 1082 1491; x_wconf 87' lang='lat' dir='ltr'>anniversarium</span> <span class='ocrx_word' id='word_1_80' title='bbox 1109 1425 1492 1500; x_wconf 79' lang='lat' dir='ltr'>depositionis</span> <span class='ocrx_word' id='word_1_81' title='bbox 1525 1423 1679 1479; x_wconf 87' lang='lat' dir='ltr'>diem</span> <span class='ocrx_word' id='word_1_82' title='bbox 1709 1437 1964 1477; x_wconf 90' lang='lat' dir='ltr'>comme-</span> 
     </span>
    </p>
   </div>
   <div class='ocr_carea' id='block_1_15' title="bbox 312 1508 1966 1592">
    <p class='ocr_par' dir='ltr' id='par_1_15' title="bbox 312 1508 1966 1592">
     <span class='ocr_line' id='line_1_15' title="bbox 312 1508 1966 1592; baseline -0.013 -10"><span class='ocrx_word' id='word_1_83' title='bbox 312 1541 636 1591; x_wconf 90' lang='lat' dir='ltr'>moramus,</span> <span class='ocrx_word' id='word_1_84' title='bbox 670 1518 1101 1592; x_wconf 79' lang='lat' dir='ltr'>indulgentiam</span> <span class='ocrx_word' id='word_1_85' title='bbox 1134 1515 1351 1590; x_wconf 88' lang='lat' dir='ltr'>pariter</span> <span class='ocrx_word' id='word_1_86' title='bbox 1380 1517 1438 1569; x_wconf 91' lang='lat' dir='ltr'>et</span> <span class='ocrx_word' id='word_1_87' title='bbox 1469 1511 1730 1583; x_wconf 86' lang='lat' dir='ltr'>requiem</span> <span class='ocrx_word' id='word_1_88' title='bbox 1775 1508 1966 1581; x_wconf 83' lang='lat' dir='ltr'>capiat</span> 
     </span>
    </p>
   </div>
   <div class='ocr_carea' id='block_1_16' title="bbox 314 1611 916 1687">
    <p class='ocr_par' dir='ltr' id='par_1_16' title="bbox 314 1611 916 1687">
     <span class='ocr_line' id='line_1_16' title="bbox 314 1611 916 1687; baseline -0.013 -16"><span class='ocrx_word' id='word_1_89' title='bbox 314 1614 757 1687; x_wconf 87' lang='lat' dir='ltr'>sempiternam.</span> <span class='ocrx_word' id='word_1_90' title='bbox 790 1611 916 1665; x_wconf 88' lang='lat' dir='ltr'>Per.</span> 
     </span>
    </p>
   </div>
   <div class='ocr_carea' id='block_1_17' title="bbox 384 1689 1962 1772">
    <p class='ocr_par' dir='ltr' id='par_1_17' title="bbox 384 1689 1962 1772">
     <span class='ocr_line' id='line_1_17' title="bbox 384 1689 1962 1772; baseline -0.011 -13"><span class='ocrx_word' id='word_1_91' title='bbox 384 1704 620 1758; x_wconf 79' lang='lat' dir='ltr'>Secreta.</span> <span class='ocrx_word' id='word_1_92' title='bbox 654 1699 993 1772; x_wconf 88' lang='lat' dir='ltr'>Propitiare,</span> <span class='ocrx_word' id='word_1_93' title='bbox 1031 1695 1272 1750; x_wconf 90' lang='lat' dir='ltr'>Domine</span> <span class='ocrx_word' id='word_1_94' title='bbox 1297 1689 1828 1765; x_wconf 85' lang='lat' dir='ltr'>supplicationibus</span> <span class='ocrx_word' id='word_1_95' title='bbox 1863 1704 1962 1742; x_wconf 89' lang='lat' dir='ltr'>no-</span> 
     </span>
    </p>
   </div>
   <div class='ocr_carea' id='block_1_18' title="bbox 314 1778 1963 1864">
    <p class='ocr_par' dir='ltr' id='par_1_18' title="bbox 314 1778 1963 1864">
     <span class='ocr_line' id='line_1_18' title="bbox 314 1778 1963 1864; baseline -0.012 -16"><span class='ocrx_word' id='word_1_96' title='bbox 314 1791 455 1849; x_wconf 85' lang='lat' dir='ltr'>stris</span> <span class='ocrx_word' id='word_1_97' title='bbox 497 1807 599 1864; x_wconf 91' lang='lat' dir='ltr'>pro</span> <span class='ocrx_word' id='word_1_98' title='bbox 639 1788 837 1844; x_wconf 90' lang='lat' dir='ltr'>anima</span> <span class='ocrx_word' id='word_1_99' title='bbox 867 1783 1071 1842; x_wconf 81' lang='lat' dir='ltr'>famuli</span> <span class='ocrx_word' id='word_1_100' title='bbox 1104 1783 1185 1838; x_wconf 92' lang='lat' dir='ltr'>tui</span> <span class='ocrx_word' id='word_1_101' title='bbox 1220 1781 1326 1847; x_wconf 92' lang='lat' dir='ltr'>ill.,</span> <span class='ocrx_word' id='word_1_102' title='bbox 1363 1781 1533 1852; x_wconf 84' lang='lat' dir='ltr'>cujus</span> <span class='ocrx_word' id='word_1_103' title='bbox 1565 1778 1735 1832; x_wconf 88' lang='lat' dir='ltr'>hodie</span> <span class='ocrx_word' id='word_1_104' title='bbox 1767 1792 1963 1831; x_wconf 90' lang='lat' dir='ltr'>annua</span> 
     </span>
    </p>
   </div>
   <div class='ocr_carea' id='block_1_19' title="bbox 314 1864 2042 1952">
    <p class='ocr_par' dir='ltr' id='par_1_19' title="bbox 314 1864 2042 1952">
     <span class='ocr_line' id='line_1_19' title="bbox 314 1864 2042 1952; baseline -0.012 -16"><span class='ocrx_word' id='word_1_105' title='bbox 314 1882 407 1937; x_wconf 91' lang='lat' dir='ltr'>die</span> <span class='ocrx_word' id='word_1_106' title='bbox 453 1879 668 1952; x_wconf 85' lang='lat' dir='ltr'>agitur,</span> <span class='ocrx_word' id='word_1_107' title='bbox 689 1894 792 1949; x_wconf 90' lang='lat' dir='ltr'>pro</span> <span class='ocrx_word' id='word_1_108' title='bbox 841 1893 958 1948; x_wconf 90' lang='lat' dir='ltr'>qua</span> <span class='ocrx_word' id='word_1_109' title='bbox 989 1873 1092 1928; x_wconf 89' lang='lat' dir='ltr'>tibi</span> <span class='ocrx_word' id='word_1_110' title='bbox 1125 1871 1425 1927; x_wconf 82' lang='lat' dir='ltr'>oﬂ‘erimus</span> <span class='ocrx_word' id='word_1_111' title='bbox 1455 1866 1806 1924; x_wconf 80' lang='lat' dir='ltr'>sacrificium</span> <span class='ocrx_word' id='word_1_112' title='bbox 1840 1864 1964 1918; x_wconf 85' lang='lat' dir='ltr'>lau-</span> <span class='ocrx_word' id='word_1_113' title='bbox 1995 1867 2042 1932; x_wconf 85' lang='grc' dir='ltr'>Β</span> 
     </span>
    </p>
   </div>
   <div class='ocr_carea' id='block_1_20' title="bbox 314 1953 1961 2036">
    <p class='ocr_par' dir='ltr' id='par_1_20' title="bbox 314 1953 1961 2036">
     <span class='ocr_line' id='line_1_20' title="bbox 314 1953 1961 2036; baseline -0.01 -12"><span class='ocrx_word' id='word_1_114' title='bbox 314 1971 427 2036; x_wconf 89' lang='lat' dir='ltr'>dis,</span> <span class='ocrx_word' id='word_1_115' title='bbox 451 1971 517 2024; x_wconf 90' lang='lat' dir='ltr'>ut</span> <span class='ocrx_word' id='word_1_116' title='bbox 545 1984 674 2023; x_wconf 91' lang='lat' dir='ltr'>eam</span> <span class='ocrx_word' id='word_1_117' title='bbox 705 1967 1042 2022; x_wconf 88' lang='lat' dir='ltr'>sanctorum</span> <span class='ocrx_word' id='word_1_118' title='bbox 1092 1965 1329 2016; x_wconf 85' lang='lat' dir='ltr'>tuorum</span> <span class='ocrx_word' id='word_1_119' title='bbox 1390 1957 1611 2014; x_wconf 89' lang='lat' dir='ltr'>sociare</span> <span class='ocrx_word' id='word_1_120' title='bbox 1667 1953 1961 2010; x_wconf 90' lang='lat' dir='ltr'>consortio</span> 
     </span>
    </p>
   </div>
   <div class='ocr_carea' id='block_1_21' title="bbox 317 2055 756 2130">
    <p class='ocr_par' dir='ltr' id='par_1_21' title="bbox 317 2055 756 2130">
     <span class='ocr_line' id='line_1_21' title="bbox 317 2055 756 2130; baseline -0.011 -16"><span class='ocrx_word' id='word_1_121' title='bbox 317 2055 596 2130; x_wconf 84' lang='lat' dir='ltr'>digneris.</span> <span class='ocrx_word' id='word_1_122' title='bbox 629 2055 756 2110; x_wconf 90' lang='lat' dir='ltr'>Per.</span> 
     </span>
    </p>
   </div>
   <div class='ocr_carea' id='block_1_22' title="bbox 387 2134 1958 2217">
    <p class='ocr_par' dir='ltr' id='par_1_22' title="bbox 387 2134 1958 2217">
     <span class='ocr_line' id='line_1_22' title="bbox 387 2134 1958 2217; baseline -0.011 -16"><span class='ocrx_word' id='word_1_123' title='bbox 387 2147 671 2217; x_wconf 68' lang='lat' dir='ltr'>Prw/&quot;alia.</span> <span class='ocrx_word' id='word_1_124' title='bbox 707 2143 784 2214; x_wconf 63' lang='grc' dir='ltr'>(ῒ)</span> <span class='ocrx_word' id='word_1_125' title='bbox 819 2141 926 2196; x_wconf 91' lang='lat' dir='ltr'>Per</span> <span class='ocrx_word' id='word_1_126' title='bbox 977 2138 1270 2195; x_wconf 83' lang='lat' dir='ltr'>Christum</span> <span class='ocrx_word' id='word_1_127' title='bbox 1317 2134 1629 2190; x_wconf 90' lang='lat' dir='ltr'>Dominum</span> <span class='ocrx_word' id='word_1_128' title='bbox 1672 2136 1958 2198; x_wconf 89' lang='lat' dir='ltr'>nostrum,</span> 
     </span>
    </p>
   </div>
   <div class='ocr_carea' id='block_1_23' title="bbox 320 2221 1958 2307">
    <p class='ocr_par' dir='ltr' id='par_1_23' title="bbox 320 2221 1958 2307">
     <span class='ocr_line' id='line_1_23' title="bbox 320 2221 1958 2307; baseline -0.011 -15"><span class='ocrx_word' id='word_1_129' title='bbox 320 2252 423 2307; x_wconf 88' lang='lat' dir='ltr'>per</span> <span class='ocrx_word' id='word_1_130' title='bbox 454 2250 630 2306; x_wconf 89' lang='lat' dir='ltr'>quem</span> <span class='ocrx_word' id='word_1_131' title='bbox 665 2231 826 2287; x_wconf 88' lang='lat' dir='ltr'>salus</span> <span class='ocrx_word' id='word_1_132' title='bbox 859 2229 1088 2294; x_wconf 90' lang='lat' dir='ltr'>mundi,</span> <span class='ocrx_word' id='word_1_133' title='bbox 1124 2243 1225 2299; x_wconf 90' lang='lat' dir='ltr'>per</span> <span class='ocrx_word' id='word_1_134' title='bbox 1256 2241 1430 2296; x_wconf 89' lang='lat' dir='ltr'>quem</span> <span class='ocrx_word' id='word_1_135' title='bbox 1474 2222 1591 2278; x_wconf 90' lang='lat' dir='ltr'>vita</span> <span class='ocrx_word' id='word_1_136' title='bbox 1632 2221 1958 2285; x_wconf 85' lang='lat' dir='ltr'>hominum,</span> 
     </span>
    </p>
   </div>
   <div class='ocr_carea' id='block_1_24' title="bbox 315 2311 1958 2396">
    <p class='ocr_par' dir='ltr' id='par_1_24' title="bbox 315 2311 1958 2396">
     <span class='ocr_line' id='line_1_24' title="bbox 315 2311 1958 2396; baseline -0.01 -16"><span class='ocrx_word' id='word_1_137' title='bbox 315 2340 418 2396; x_wconf 85' lang='lat' dir='ltr'>per</span> <span class='ocrx_word' id='word_1_138' title='bbox 448 2338 623 2395; x_wconf 87' lang='lat' dir='ltr'>quem</span> <span class='ocrx_word' id='word_1_139' title='bbox 658 2318 1006 2376; x_wconf 86' lang='lat' dir='ltr'>resurrectio</span> <span class='ocrx_word' id='word_1_140' title='bbox 1057 2320 1445 2380; x_wconf 91' lang='lat' dir='ltr'>mortuorum,</span> <span class='ocrx_word' id='word_1_141' title='bbox 1477 2329 1579 2385; x_wconf 90' lang='lat' dir='ltr'>per</span> <span class='ocrx_word' id='word_1_142' title='bbox 1627 2311 1822 2382; x_wconf 90' lang='lat' dir='ltr'>ipsum</span> <span class='ocrx_word' id='word_1_143' title='bbox 1882 2313 1958 2374; x_wconf 92' lang='lat' dir='ltr'>te,</span> 
     </span>
    </p>
   </div>
   <div class='ocr_carea' id='block_1_25' title="bbox 319 2397 1962 2481">
    <p class='ocr_par' dir='ltr' id='par_1_25' title="bbox 319 2397 1962 2481">
     <span class='ocr_line' id='line_1_25' title="bbox 319 2397 1962 2481; baseline -0.01 -12"><span class='ocrx_word' id='word_1_144' title='bbox 319 2413 577 2477; x_wconf 86' lang='lat' dir='ltr'>Domine,</span> <span class='ocrx_word' id='word_1_145' title='bbox 609 2407 953 2481; x_wconf 88' lang='lat' dir='ltr'>suppliciter</span> <span class='ocrx_word' id='word_1_146' title='bbox 981 2407 1384 2478; x_wconf 87' lang='lat' dir='ltr'>deprecamur,</span> <span class='ocrx_word' id='word_1_147' title='bbox 1418 2406 1482 2456; x_wconf 92' lang='lat' dir='ltr'>ut</span> <span class='ocrx_word' id='word_1_148' title='bbox 1513 2400 1718 2455; x_wconf 69' lang='lat' dir='ltr'>anima:</span> <span class='ocrx_word' id='word_1_149' title='bbox 1756 2397 1962 2454; x_wconf 88' lang='lat' dir='ltr'>famuli</span> 
     </span>
    </p>
   </div>
   <div class='ocr_carea' id='block_1_26' title="bbox 313 2489 1960 2570">
    <p class='ocr_par' dir='ltr' id='par_1_26' title="bbox 313 2489 1960 2570">
     <span class='ocr_line' id='line_1_26' title="bbox 313 2489 1960 2570; baseline -0.008 -14"><span class='ocrx_word' id='word_1_150' title='bbox 313 2502 400 2557; x_wconf 90' lang='lat' dir='ltr'>tui</span> <span class='ocrx_word' id='word_1_151' title='bbox 450 2500 556 2569; x_wconf 90' lang='lat' dir='ltr'>ill.,</span> <span class='ocrx_word' id='word_1_152' title='bbox 605 2499 776 2570; x_wconf 89' lang='lat' dir='ltr'>cujus</span> <span class='ocrx_word' id='word_1_153' title='bbox 822 2496 977 2552; x_wconf 91' lang='lat' dir='ltr'>diem</span> <span class='ocrx_word' id='word_1_154' title='bbox 1047 2491 1512 2549; x_wconf 86' lang='lat' dir='ltr'>anniversarium</span> <span class='ocrx_word' id='word_1_155' title='bbox 1574 2489 1960 2554; x_wconf 87' lang='lat' dir='ltr'>celebramus,</span> 
     </span>
    </p>
   </div>
   <div class='ocr_carea' id='block_1_27' title="bbox 315 2581 1962 2662">
    <p class='ocr_par' dir='ltr' id='par_1_27' title="bbox 315 2581 1962 2662">
     <span class='ocr_line' id='line_1_27' title="bbox 315 2581 1962 2662; baseline -0.01 -16"><span class='ocrx_word' id='word_1_156' title='bbox 315 2587 744 2662; x_wconf 85' lang='lat' dir='ltr'>indulgentiam</span> <span class='ocrx_word' id='word_1_157' title='bbox 777 2584 977 2657; x_wconf 90' lang='lat' dir='ltr'>largiri</span> <span class='ocrx_word' id='word_1_158' title='bbox 1007 2581 1267 2655; x_wconf 85' lang='lat' dir='ltr'>digneris</span> <span class='ocrx_word' id='word_1_159' title='bbox 1311 2583 1675 2653; x_wconf 87' lang='lat' dir='ltr'>perpetuam,</span> <span class='ocrx_word' id='word_1_160' title='bbox 1707 2581 1879 2647; x_wconf 90' lang='lat' dir='ltr'>atque</span> <span class='ocrx_word' id='word_1_161' title='bbox 1928 2592 1962 2631; x_wconf 91' lang='lat' dir='ltr'>a</span> 
     </span>
    </p>
   </div>
   <div class='ocr_carea' id='block_1_28' title="bbox 315 2663 1962 2752">
    <p class='ocr_par' dir='ltr' id='par_1_28' title="bbox 315 2663 1962 2752">
     <span class='ocr_line' id='line_1_28' title="bbox 315 2663 1962 2752; baseline -0.009 -18"><span class='ocrx_word' id='word_1_162' title='bbox 315 2677 600 2752; x_wconf 85' lang='lat' dir='ltr'>contagiis</span> <span class='ocrx_word' id='word_1_163' title='bbox 619 2673 995 2732; x_wconf 84' lang='lat' dir='ltr'>mortalitatis</span> <span class='ocrx_word' id='word_1_164' title='bbox 1015 2675 1272 2734; x_wconf 81' lang='lat' dir='ltr'>exutam,</span> <span class='ocrx_word' id='word_1_165' title='bbox 1302 2669 1359 2722; x_wconf 91' lang='lat' dir='ltr'>in</span> <span class='ocrx_word' id='word_1_166' title='bbox 1379 2673 1601 2722; x_wconf 62' lang='lat' dir='ltr'>aeternae</span> <span class='ocrx_word' id='word_1_167' title='bbox 1620 2663 1962 2721; x_wconf 85' lang='lat' dir='ltr'>salvationis</span> 
     </span>
    </p>
   </div>
   <div class='ocr_carea' id='block_1_29' title="bbox 316 2755 1563 2839">
    <p class='ocr_par' dir='ltr' id='par_1_29' title="bbox 316 2755 1563 2839">
     <span class='ocr_line' id='line_1_29' title="bbox 316 2755 1563 2839; baseline -0.012 -15"><span class='ocrx_word' id='word_1_168' title='bbox 316 2773 542 2839; x_wconf 88' lang='lat' dir='ltr'>partem</span> <span class='ocrx_word' id='word_1_169' title='bbox 575 2765 850 2820; x_wconf 86' lang='lat' dir='ltr'>restituas</span> <span class='ocrx_word' id='word_1_170' title='bbox 881 2778 1014 2817; x_wconf 90' lang='lat' dir='ltr'>cum</span> <span class='ocrx_word' id='word_1_171' title='bbox 1047 2757 1292 2831; x_wconf 88' lang='lat' dir='ltr'>angelis.</span> <span class='ocrx_word' id='word_1_172' title='bbox 1330 2758 1395 2810; x_wconf 80' lang='lat' dir='ltr'>Et</span> <span class='ocrx_word' id='word_1_173' title='bbox 1418 2755 1563 2810; x_wconf 89' lang='lat' dir='ltr'>ideo.</span> 
     </span>
    </p>
   </div>
   <div class='ocr_carea' id='block_1_30' title="bbox 389 2846 1958 2921">
    <p class='ocr_par' dir='ltr' id='par_1_30' title="bbox 389 2846 1958 2921">
     <span class='ocr_line' id='line_1_30' title="bbox 389 2846 1958 2921; baseline -0.01 -9"><span class='ocrx_word' id='word_1_174' title='bbox 389 2855 727 2914; x_wconf 81' lang='lat' dir='ltr'>Communia.</span> <span class='ocrx_word' id='word_1_175' title='bbox 758 2851 1023 2921; x_wconf 89' lang='lat' dir='ltr'>Suscipe,</span> <span class='ocrx_word' id='word_1_176' title='bbox 1059 2847 1302 2903; x_wconf 89' lang='lat' dir='ltr'>Domine</span> <span class='ocrx_word' id='word_1_177' title='bbox 1334 2859 1533 2917; x_wconf 90' lang='lat' dir='ltr'>preces</span> <span class='ocrx_word' id='word_1_178' title='bbox 1566 2846 1794 2897; x_wconf 87' lang='lat' dir='ltr'>nostras</span> <span class='ocrx_word' id='word_1_179' title='bbox 1856 2859 1958 2913; x_wconf 93' lang='lat' dir='ltr'>pro</span> 
     </span>
    </p>
   </div>
   <div class='ocr_carea' id='block_1_31' title="bbox 316 2930 1958 3006">
    <p class='ocr_par' dir='ltr' id='par_1_31' title="bbox 316 2930 1958 3006">
     <span class='ocr_line' id='line_1_31' title="bbox 316 2930 1958 3006; baseline -0.011 -5"><span class='ocrx_word' id='word_1_180' title='bbox 316 2946 517 3001; x_wconf 89' lang='lat' dir='ltr'>anima</span> <span class='ocrx_word' id='word_1_181' title='bbox 549 2939 754 2996; x_wconf 85' lang='lat' dir='ltr'>famuli</span> <span class='ocrx_word' id='word_1_182' title='bbox 801 2939 887 2994; x_wconf 91' lang='lat' dir='ltr'>tui</span> <span class='ocrx_word' id='word_1_183' title='bbox 947 2936 1055 3003; x_wconf 91' lang='lat' dir='ltr'>ill.,</span> <span class='ocrx_word' id='word_1_184' title='bbox 1089 2936 1259 3006; x_wconf 88' lang='lat' dir='ltr'>cujus</span> <span class='ocrx_word' id='word_1_185' title='bbox 1291 2933 1442 3000; x_wconf 81' lang='lat' dir='ltr'>diem</span> <span class='ocrx_word' id='word_1_186' title='bbox 1495 2930 1958 2986; x_wconf 89' lang='lat' dir='ltr'>anniversarium</span> 
     </span>
    </p>
   </div>
   <div class='ocr_carea' id='block_1_32' title="bbox 318 3019 1958 3096">
    <p class='ocr_par' dir='ltr' id='par_1_32' title="bbox 318 3019 1958 3096">
     <span class='ocr_line' id='line_1_32' title="bbox 318 3019 1958 3096; baseline -0.01 -6"><span class='ocrx_word' id='word_1_187' title='bbox 318 3032 492 3090; x_wconf 90' lang='lat' dir='ltr'>hodie</span> <span class='ocrx_word' id='word_1_188' title='bbox 508 3029 895 3092; x_wconf 91' lang='lat' dir='ltr'>celebramus,</span> <span class='ocrx_word' id='word_1_189' title='bbox 931 3030 991 3081; x_wconf 89' lang='lat' dir='ltr'>ut</span> <span class='ocrx_word' id='word_1_190' title='bbox 1021 3024 1069 3081; x_wconf 92' lang='lat' dir='ltr'>si</span> <span class='ocrx_word' id='word_1_191' title='bbox 1101 3041 1227 3096; x_wconf 68' lang='lat' dir='ltr'>quae</span> <span class='ocrx_word' id='word_1_192' title='bbox 1260 3022 1308 3078; x_wconf 87' lang='lat' dir='ltr'>ei</span> <span class='ocrx_word' id='word_1_193' title='bbox 1335 3020 1574 3078; x_wconf 74' lang='lat' dir='ltr'>macula:</span> <span class='ocrx_word' id='word_1_194' title='bbox 1606 3019 1678 3075; x_wconf 90' lang='lat' dir='ltr'>de</span> <span class='ocrx_word' id='word_1_195' title='bbox 1715 3019 1958 3075; x_wconf 88' lang='lat' dir='ltr'>terrenis</span> 
     </span>
    </p>
   </div>
   <div class='ocr_carea' id='block_1_33' title="bbox 317 3107 1961 3193">
    <p class='ocr_par' dir='ltr' id='par_1_33' title="bbox 317 3107 1961 3193">
     <span class='ocr_line' id='line_1_33' title="bbox 317 3107 1961 3193; baseline -0.01 -15"><span class='ocrx_word' id='word_1_196' title='bbox 317 3119 602 3193; x_wconf 87' lang='lat' dir='ltr'>contagiis</span> <span class='ocrx_word' id='word_1_197' title='bbox 625 3112 1398 3181; x_wconf 68' lang='lat' dir='ltr'>adhaeserunt,remissionis</span> <span class='ocrx_word' id='word_1_198' title='bbox 1417 3115 1530 3165; x_wconf 67' lang='lat' dir='ltr'>ture</span> <span class='ocrx_word' id='word_1_199' title='bbox 1563 3107 1961 3164; x_wconf 83' lang='lat' dir='ltr'>misericordia</span> 
     </span>
    </p>
   </div>
   <div class='ocr_carea' id='block_1_34' title="bbox 317 3209 800 3267">
    <p class='ocr_par' dir='ltr' id='par_1_34' title="bbox 317 3209 800 3267">
     <span class='ocr_line' id='line_1_34' title="bbox 317 3209 800 3267; baseline -0.012 -1"><span class='ocrx_word' id='word_1_200' title='bbox 317 3209 640 3267; x_wconf 84' lang='lat' dir='ltr'>deleantur.</span> <span class='ocrx_word' id='word_1_201' title='bbox 674 3211 800 3262; x_wconf 88' lang='lat' dir='ltr'>Per.</span> 
     </span>
    </p>
   </div>
   <div class='ocr_carea' id='block_1_35' title="bbox 812 3323 1457 3366">
    <p class='ocr_par' dir='ltr' id='par_1_35' title="bbox 812 3323 1457 3366">
     <span class='ocr_line' id='line_1_35' title="bbox 812 3323 1457 3366; baseline -0.009 0"><span class='ocrx_word' id='word_1_202' title='bbox 812 3327 983 3366; x_wconf 79' lang='lat' dir='ltr'>MISSA</span> <span class='ocrx_word' id='word_1_203' title='bbox 1021 3325 1131 3364; x_wconf 82' lang='lat' dir='ltr'>PRO</span> <span class='ocrx_word' id='word_1_204' title='bbox 1168 3323 1436 3363; x_wconf 81' lang='lat' dir='ltr'>EPISCOPO</span> <span class='ocrx_word' id='word_1_205' title='bbox 1445 3348 1457 3360; x_wconf 90' lang='lat'>.</span> 
     </span>
    </p>
   </div>
   <div class='ocr_carea' id='block_1_36' title="bbox 388 3401 1960 3492">
    <p class='ocr_par' dir='ltr' id='par_1_36' title="bbox 388 3401 1960 3492">
     <span class='ocr_line' id='line_1_36' title="bbox 388 3401 1960 3492; baseline -0.011 -12"><span class='ocrx_word' id='word_1_206' title='bbox 388 3401 562 3490; x_wconf 84' lang='lat' dir='ltr'>Deus,</span> <span class='ocrx_word' id='word_1_207' title='bbox 597 3420 699 3492; x_wconf 92' lang='lat' dir='ltr'>qui</span> <span class='ocrx_word' id='word_1_208' title='bbox 754 3419 907 3474; x_wconf 90' lang='lat' dir='ltr'>inter</span> <span class='ocrx_word' id='word_1_209' title='bbox 936 3414 1285 3488; x_wconf 89' lang='lat' dir='ltr'>apostolicos</span> <span class='ocrx_word' id='word_1_210' title='bbox 1311 3412 1644 3468; x_wconf 89' lang='lat' dir='ltr'>sacerdotes</span> <span class='ocrx_word' id='word_1_211' title='bbox 1675 3409 1960 3465; x_wconf 85' lang='lat' dir='ltr'>famulum</span> 
     </span>
    </p>
   </div>
   <div class='ocr_carea' id='block_1_37' title="bbox 315 3501 1958 3582">
    <p class='ocr_par' dir='ltr' id='par_1_37' title="bbox 315 3501 1958 3582">
     <span class='ocr_line' id='line_1_37' title="bbox 315 3501 1958 3582; baseline -0.011 -13"><span class='ocrx_word' id='word_1_212' title='bbox 315 3521 485 3570; x_wconf 91' lang='lat' dir='ltr'>tuum</span> <span class='ocrx_word' id='word_1_213' title='bbox 505 3511 613 3577; x_wconf 91' lang='lat' dir='ltr'>ill.,</span> <span class='ocrx_word' id='word_1_214' title='bbox 637 3506 957 3582; x_wconf 81' lang='lat' dir='ltr'>pontificali</span> <span class='ocrx_word' id='word_1_215' title='bbox 978 3504 1165 3560; x_wconf 86' lang='lat' dir='ltr'>fecisti</span> <span class='ocrx_word' id='word_1_216' title='bbox 1188 3502 1472 3575; x_wconf 86' lang='lat' dir='ltr'>dignitate</span> <span class='ocrx_word' id='word_1_217' title='bbox 1501 3501 1958 3572; x_wconf 73' lang='lat' dir='ltr'>vigere,prmsta,</span> 
     </span>
    </p>
   </div>
   <div class='ocr_carea' id='block_1_38' title="bbox 317 3589 1965 3676">
    <p class='ocr_par' dir='ltr' id='par_1_38' title="bbox 317 3589 1965 3676">
     <span class='ocr_line' id='line_1_38' title="bbox 317 3589 1965 3676; baseline -0.012 -17"><span class='ocrx_word' id='word_1_218' title='bbox 317 3616 679 3676; x_wconf 67' lang='lat' dir='ltr'>quaesumus,</span> <span class='ocrx_word' id='word_1_219' title='bbox 708 3601 776 3654; x_wconf 87' lang='lat' dir='ltr'>ut</span> <span class='ocrx_word' id='word_1_220' title='bbox 799 3612 1002 3652; x_wconf 85' lang='lat' dir='ltr'>eorum</span> <span class='ocrx_word' id='word_1_221' title='bbox 1030 3607 1262 3665; x_wconf 89' lang='lat' dir='ltr'>quoque</span> <span class='ocrx_word' id='word_1_222' title='bbox 1295 3594 1571 3662; x_wconf 90' lang='lat' dir='ltr'>perpetuo</span> <span class='ocrx_word' id='word_1_223' title='bbox 1615 3589 1965 3659; x_wconf 88' lang='lat' dir='ltr'>a&#39;ggregetur</span> 
     </span>
    </p>
   </div>
   <div class='ocr_carea' id='block_1_39' title="bbox 318 3688 778 3750">
    <p class='ocr_par' dir='ltr' id='par_1_39' title="bbox 318 3688 778 3750">
     <span class='ocr_line' id='line_1_39' title="bbox 318 3688 778 3750; baseline -0.02 0"><span class='ocrx_word' id='word_1_224' title='bbox 318 3689 632 3750; x_wconf 89' lang='lat' dir='ltr'>consortio.</span> <span class='ocrx_word' id='word_1_225' title='bbox 652 3688 778 3743; x_wconf 88' lang='lat' dir='ltr'>Per.</span> 
     </span>
    </p>
   </div>
   <div class='ocr_carea' id='block_1_40' title="bbox 387 3762 1965 3845">
    <p class='ocr_par' dir='ltr' id='par_1_40' title="bbox 387 3762 1965 3845">
     <span class='ocr_line' id='line_1_40' title="bbox 387 3762 1965 3845; baseline -0.011 -9"><span class='ocrx_word' id='word_1_226' title='bbox 387 3781 624 3836; x_wconf 79' lang='lat' dir='ltr'>Secreta.</span> <span class='ocrx_word' id='word_1_227' title='bbox 656 3774 922 3845; x_wconf 87' lang='lat' dir='ltr'>Suscipe.</span> <span class='ocrx_word' id='word_1_228' title='bbox 958 3769 1216 3834; x_wconf 83' lang='lat' dir='ltr'>Domine,</span> <span class='ocrx_word' id='word_1_229' title='bbox 1241 3781 1599 3839; x_wconf 69' lang='lat' dir='ltr'>quaesumus,</span> <span class='ocrx_word' id='word_1_230' title='bbox 1633 3780 1736 3836; x_wconf 91' lang='lat' dir='ltr'>pro</span> <span class='ocrx_word' id='word_1_231' title='bbox 1767 3762 1965 3819; x_wconf 88' lang='lat' dir='ltr'>anima</span> 
     </span>
    </p>
   </div>
   <div class='ocr_carea' id='block_1_41' title="bbox 320 3851 1963 3935">
    <p class='ocr_par' dir='ltr' id='par_1_41' title="bbox 320 3851 1963 3935">
     <span class='ocr_line' id='line_1_41' title="bbox 320 3851 1963 3935; baseline -0.012 -11"><span class='ocrx_word' id='word_1_232' title='bbox 320 3867 526 3925; x_wconf 89' lang='lat' dir='ltr'>famuli</span> <span class='ocrx_word' id='word_1_233' title='bbox 557 3865 644 3920; x_wconf 91' lang='lat' dir='ltr'>tui</span> <span class='ocrx_word' id='word_1_234' title='bbox 676 3861 954 3935; x_wconf 90' lang='lat' dir='ltr'>episcopi,</span> <span class='ocrx_word' id='word_1_235' title='bbox 983 3875 1128 3931; x_wconf 90' lang='lat' dir='ltr'>quas</span> <span class='ocrx_word' id='word_1_236' title='bbox 1161 3856 1460 3912; x_wconf 76' lang='lat' dir='ltr'>offerimus</span> <span class='ocrx_word' id='word_1_237' title='bbox 1489 3853 1732 3919; x_wconf 89' lang='lat' dir='ltr'>hostias,</span> <span class='ocrx_word' id='word_1_238' title='bbox 1768 3857 1833 3908; x_wconf 93' lang='lat' dir='ltr'>ut</span> <span class='ocrx_word' id='word_1_239' title='bbox 1869 3851 1963 3906; x_wconf 92' lang='lat' dir='ltr'>cui</span> 
     </span>
    </p>
   </div>
   <div class='ocr_carea' id='block_1_42' title="bbox 322 3941 1964 4013">
    <p class='ocr_par' dir='ltr' id='par_1_42' title="bbox 322 3941 1964 4013">
     <span class='ocr_line' id='line_1_42' title="bbox 322 3941 1964 4013; baseline -0.012 0"><span class='ocrx_word' id='word_1_240' title='bbox 322 3960 381 4013; x_wconf 92' lang='lat' dir='ltr'>in</span> <span class='ocrx_word' id='word_1_241' title='bbox 415 3957 523 4012; x_wconf 87' lang='lat' dir='ltr'>hoc</span> <span class='ocrx_word' id='word_1_242' title='bbox 557 3951 769 4010; x_wconf 63' lang='lat' dir='ltr'>saeculo</span> <span class='ocrx_word' id='word_1_243' title='bbox 801 3946 1156 4006; x_wconf 86' lang='lat' dir='ltr'>sacerdotale</span> <span class='ocrx_word' id='word_1_244' title='bbox 1187 3944 1417 4002; x_wconf 87' lang='lat' dir='ltr'>donasti</span> <span class='ocrx_word' id='word_1_245' title='bbox 1456 3942 1755 4010; x_wconf 90' lang='lat' dir='ltr'>meritum,</span> <span class='ocrx_word' id='word_1_246' title='bbox 1785 3941 1964 3996; x_wconf 90' lang='lat' dir='ltr'>dones</span> 
     </span>
    </p>
   </div>
   <div class='ocr_carea' id='block_1_43' title="bbox 321 4039 896 4117">
    <p class='ocr_par' dir='ltr' id='par_1_43' title="bbox 321 4039 896 4117">
     <span class='ocr_line' id='line_1_43' title="bbox 321 4039 896 4117; baseline -0.014 -15"><span class='ocrx_word' id='word_1_247' title='bbox 321 4051 378 4102; x_wconf 91' lang='lat' dir='ltr'>et</span> <span class='ocrx_word' id='word_1_248' title='bbox 408 4042 739 4117; x_wconf 68' lang='lat' dir='ltr'>praemium.</span> <span class='ocrx_word' id='word_1_249' title='bbox 774 4039 896 4095; x_wconf 89' lang='lat' dir='ltr'>Per.</span> 
     </span>
    </p>
   </div>
   <div class='ocr_carea' id='block_1_44' title="bbox 395 4117 1967 4200">
    <p class='ocr_par' dir='ltr' id='par_1_44' title="bbox 395 4117 1967 4200">
     <span class='ocr_line' id='line_1_44' title="bbox 395 4117 1967 4200; baseline -0.011 -11"><span class='ocrx_word' id='word_1_250' title='bbox 395 4132 735 4190; x_wconf 79' lang='lat' dir='ltr'>Communia.</span> <span class='ocrx_word' id='word_1_251' title='bbox 769 4126 1106 4200; x_wconf 86' lang='lat' dir='ltr'>Propitiare,</span> <span class='ocrx_word' id='word_1_252' title='bbox 1139 4124 1406 4190; x_wconf 90' lang='lat' dir='ltr'>Domine,</span> <span class='ocrx_word' id='word_1_253' title='bbox 1437 4117 1967 4192; x_wconf 88' lang='lat' dir='ltr'>supplicationibus</span> 
     </span>
    </p>
   </div>
   <div class='ocr_carea' id='block_1_45' title="bbox 321 4205 1966 4281">
    <p class='ocr_par' dir='ltr' id='par_1_45' title="bbox 321 4205 1966 4281">
     <span class='ocr_line' id='line_1_45' title="bbox 321 4205 1966 4281; baseline -0.012 -2"><span class='ocrx_word' id='word_1_254' title='bbox 321 4221 542 4279; x_wconf 87' lang='lat' dir='ltr'>nostris</span> <span class='ocrx_word' id='word_1_255' title='bbox 592 4224 648 4276; x_wconf 88' lang='lat' dir='ltr'>et</span> <span class='ocrx_word' id='word_1_256' title='bbox 707 4218 962 4274; x_wconf 86' lang='lat' dir='ltr'>animam</span> <span class='ocrx_word' id='word_1_257' title='bbox 1023 4212 1230 4269; x_wconf 82' lang='lat' dir='ltr'>famuli</span> <span class='ocrx_word' id='word_1_258' title='bbox 1287 4211 1372 4266; x_wconf 87' lang='lat' dir='ltr'>tui</span> <span class='ocrx_word' id='word_1_259' title='bbox 1433 4207 1689 4281; x_wconf 89' lang='lat' dir='ltr'>episcopi</span> <span class='ocrx_word' id='word_1_260' title='bbox 1749 4205 1857 4271; x_wconf 90' lang='lat' dir='ltr'>ill.,</span> <span class='ocrx_word' id='word_1_261' title='bbox 1908 4206 1966 4260; x_wconf 91' lang='lat' dir='ltr'>in</span> 
     </span>
    </p>
   </div>
   <div class='ocr_carea' id='block_1_46' title="bbox 321 4293 1965 4381">
    <p class='ocr_par' dir='ltr' id='par_1_46' title="bbox 321 4293 1965 4381">
     <span class='ocr_line' id='line_1_46' title="bbox 321 4293 1965 4381; baseline -0.012 -13"><span class='ocrx_word' id='word_1_262' title='bbox 321 4311 583 4368; x_wconf 89' lang='lat' dir='ltr'>vivorum</span> <span class='ocrx_word' id='word_1_263' title='bbox 635 4307 871 4381; x_wconf 88' lang='lat' dir='ltr'>regione</span> <span class='ocrx_word' id='word_1_264' title='bbox 919 4303 1152 4360; x_wconf 69' lang='lat' dir='ltr'>aeternis</span> <span class='ocrx_word' id='word_1_265' title='bbox 1208 4299 1440 4372; x_wconf 88' lang='lat' dir='ltr'>gaudiis</span> <span class='ocrx_word' id='word_1_266' title='bbox 1494 4297 1707 4370; x_wconf 89' lang='lat' dir='ltr'>jubeas</span> <span class='ocrx_word' id='word_1_267' title='bbox 1737 4293 1965 4352; x_wconf 87' lang='lat' dir='ltr'>sociari.</span> 
     </span>
    </p>
   </div>
   <div class='ocr_carea' id='block_1_47' title="bbox 325 4401 452 4458">
    <p class='ocr_par' dir='ltr' id='par_1_47' title="bbox 325 4401 452 4458">
     <span class='ocr_line' id='line_1_47' title="bbox 325 4401 452 4458; baseline -0.008 -2"><span class='ocrx_word' id='word_1_268' title='bbox 325 4401 452 4458; x_wconf 90' lang='lat' dir='ltr'>Per.</span> 
     </span>
    </p>
   </div>
   <div class='ocr_carea' id='block_1_48' title="bbox 851 4492 1444 4538">
    <p class='ocr_par' dir='ltr' id='par_1_48' title="bbox 851 4492 1444 4538">
     <span class='ocr_line' id='line_1_48' title="bbox 851 4492 1444 4538; baseline -0.015 0"><span class='ocrx_word' id='word_1_269' title='bbox 851 4499 1020 4538; x_wconf 75' lang='lat' dir='ltr'>MISSA</span> <span class='ocrx_word' id='word_1_270' title='bbox 1061 4494 1170 4534; x_wconf 84' lang='lat' dir='ltr'>PRO</span> <span class='ocrx_word' id='word_1_271' title='bbox 1209 4492 1444 4532; x_wconf 78' lang='grc' dir='ltr'>ΑΒΒΑΤΕ.</span> 
     </span>
    </p>
   </div>
   <div class='ocr_carea' id='block_1_49' title="bbox 2074 584 2399 640">
    <p class='ocr_par' dir='ltr' id='par_1_49' title="bbox 2074 584 2399 640">
     <span class='ocr_line' id='line_1_49' title="bbox 2074 584 2399 640; baseline -0.006 -1"><span class='ocrx_word' id='word_1_272' title='bbox 2074 586 2244 640; x_wconf 87' lang='lat' dir='ltr'>tium.</span> <span class='ocrx_word' id='word_1_273' title='bbox 2275 584 2399 638; x_wconf 89' lang='lat' dir='ltr'>Per.</span> 
     </span>
    </p>
   </div>
   <div class='ocr_carea' id='block_1_50' title="bbox 2537 683 3241 726">
    <p class='ocr_par' dir='ltr' id='par_1_50' title="bbox 2537 683 3241 726">
     <span class='ocr_line' id='line_1_50' title="bbox 2537 683 3241 726; baseline -0.007 0"><span class='ocrx_word' id='word_1_274' title='bbox 2537 687 2710 726; x_wconf 77' lang='lat' dir='ltr'><strong>MISSA</strong></span> <span class='ocrx_word' id='word_1_275' title='bbox 2751 685 2860 724; x_wconf 78' lang='lat' dir='ltr'>PRO</span> <span class='ocrx_word' id='word_1_276' title='bbox 2901 683 3241 723; x_wconf 82' lang='lat' dir='ltr'>SACERDOTE.</span> 
     </span>
    </p>
   </div>
   <div class='ocr_carea' id='block_1_51' title="bbox 2149 755 3739 830">
    <p class='ocr_par' dir='ltr' id='par_1_51' title="bbox 2149 755 3739 830">
     <span class='ocr_line' id='line_1_51' title="bbox 2149 755 3739 830; baseline -0.002 -16"><span class='ocrx_word' id='word_1_277' title='bbox 2149 764 2318 825; x_wconf 88' lang='lat' dir='ltr'>Deus,</span> <span class='ocrx_word' id='word_1_278' title='bbox 2353 759 2521 830; x_wconf 87' lang='lat' dir='ltr'>cujus</span> <span class='ocrx_word' id='word_1_279' title='bbox 2548 755 2961 812; x_wconf 76' lang='lat' dir='ltr'>misericordiae</span> <span class='ocrx_word' id='word_1_280' title='bbox 2994 771 3108 810; x_wconf 90' lang='lat' dir='ltr'>non</span> <span class='ocrx_word' id='word_1_281' title='bbox 3157 759 3247 810; x_wconf 87' lang='lat' dir='ltr'>est</span> <span class='ocrx_word' id='word_1_282' title='bbox 3276 769 3586 824; x_wconf 88' lang='lat' dir='ltr'>numerus,</span> <span class='ocrx_word' id='word_1_283' title='bbox 3623 773 3739 811; x_wconf 85' lang='lat' dir='ltr'>su-</span> 
     </span>
    </p>
   </div>
   <div class='ocr_carea' id='block_1_52' title="bbox 2075 843 3739 920">
    <p class='ocr_par' dir='ltr' id='par_1_52' title="bbox 2075 843 3739 920">
     <span class='ocr_line' id='line_1_52' title="bbox 2075 843 3739 920; baseline -0.002 -16"><span class='ocrx_word' id='word_1_284' title='bbox 2075 849 2232 920; x_wconf 91' lang='lat' dir='ltr'>scipe</span> <span class='ocrx_word' id='word_1_285' title='bbox 2263 864 2366 920; x_wconf 90' lang='lat' dir='ltr'>pro</span> <span class='ocrx_word' id='word_1_286' title='bbox 2397 847 2593 902; x_wconf 86' lang='lat' dir='ltr'>anima</span> <span class='ocrx_word' id='word_1_287' title='bbox 2621 843 2827 900; x_wconf 89' lang='lat' dir='ltr'>famuli</span> <span class='ocrx_word' id='word_1_288' title='bbox 2883 843 2990 912; x_wconf 91' lang='lat' dir='ltr'>ill.,</span> <span class='ocrx_word' id='word_1_289' title='bbox 3025 843 3344 899; x_wconf 88' lang='lat' dir='ltr'>sacerdotis</span> <span class='ocrx_word' id='word_1_290' title='bbox 3385 859 3590 914; x_wconf 86' lang='lat' dir='ltr'>preces</span> <span class='ocrx_word' id='word_1_291' title='bbox 3625 861 3739 900; x_wconf 87' lang='lat' dir='ltr'>no-</span> 
     </span>
    </p>
   </div>
   <div class='ocr_carea' id='block_1_53' title="bbox 2075 932 3738 1005">
    <p class='ocr_par' dir='ltr' id='par_1_53' title="bbox 2075 932 3738 1005">
     <span class='ocr_line' id='line_1_53' title="bbox 2075 932 3738 1005; baseline -0.002 -13"><span class='ocrx_word' id='word_1_292' title='bbox 2075 936 2529 1002; x_wconf 88' lang='lat' dir='ltr'>stras,etlucem</span> <span class='ocrx_word' id='word_1_293' title='bbox 2548 935 2599 991; x_wconf 90' lang='lat' dir='ltr'>ei</span> <span class='ocrx_word' id='word_1_294' title='bbox 2624 933 2836 989; x_wconf 82' lang='lat' dir='ltr'>laetitiae</span> <span class='ocrx_word' id='word_1_295' title='bbox 2856 932 2913 989; x_wconf 91' lang='lat' dir='ltr'>in</span> <span class='ocrx_word' id='word_1_296' title='bbox 2948 933 3184 1005; x_wconf 87' lang='lat' dir='ltr'>regione</span> <span class='ocrx_word' id='word_1_297' title='bbox 3215 937 3554 989; x_wconf 90' lang='lat' dir='ltr'>sanctorum</span> <span class='ocrx_word' id='word_1_298' title='bbox 3588 938 3738 989; x_wconf 88' lang='lat' dir='ltr'>tuo-</span> 
     </span>
    </p>
   </div>
   <div class='ocr_carea' id='block_1_54' title="bbox 2076 1023 3025 1082">
    <p class='ocr_par' dir='ltr' id='par_1_54' title="bbox 2076 1023 3025 1082">
     <span class='ocr_line' id='line_1_54' title="bbox 2076 1023 3025 1082; baseline -0.003 -2"><span class='ocrx_word' id='word_1_299' title='bbox 2076 1044 2205 1080; x_wconf 87' lang='lat' dir='ltr'>rum</span> <span class='ocrx_word' id='word_1_300' title='bbox 2229 1028 2565 1082; x_wconf 89' lang='lat' dir='ltr'>societatem</span> <span class='ocrx_word' id='word_1_301' title='bbox 2595 1024 2862 1080; x_wconf 89' lang='lat' dir='ltr'>concede.</span> <span class='ocrx_word' id='word_1_302' title='bbox 2900 1023 3025 1078; x_wconf 88' lang='lat' dir='ltr'>Per.</span> 
     </span>
    </p>
   </div>
   <div class='ocr_carea' id='block_1_55' title="bbox 2146 1109 3736 1179">
    <p class='ocr_par' dir='ltr' id='par_1_55' title="bbox 2146 1109 3736 1179">
     <span class='ocr_line' id='line_1_55' title="bbox 2146 1109 3736 1179; baseline -0.001 -9"><span class='ocrx_word' id='word_1_303' title='bbox 2146 1114 2379 1170; x_wconf 80' lang='lat' dir='ltr'>Secreta.</span> <span class='ocrx_word' id='word_1_304' title='bbox 2419 1113 2649 1169; x_wconf 87' lang='lat' dir='ltr'>Hostias</span> <span class='ocrx_word' id='word_1_305' title='bbox 2693 1112 2822 1179; x_wconf 90' lang='lat' dir='ltr'>tibi,</span> <span class='ocrx_word' id='word_1_306' title='bbox 2874 1111 3138 1177; x_wconf 90' lang='lat' dir='ltr'>Domine,</span> <span class='ocrx_word' id='word_1_307' title='bbox 3180 1110 3373 1167; x_wconf 87' lang='lat' dir='ltr'>laudis</span> <span class='ocrx_word' id='word_1_308' title='bbox 3418 1109 3736 1168; x_wconf 76' lang='lat' dir='ltr'>offerimus</span> 
     </span>
    </p>
   </div>
   <div class='ocr_carea' id='block_1_56' title="bbox 2074 1198 3730 1276">
    <p class='ocr_par' dir='ltr' id='par_1_56' title="bbox 2074 1198 3730 1276">
     <span class='ocr_line' id='line_1_56' title="bbox 2074 1198 3730 1276; baseline -0.001 -18"><span class='ocrx_word' id='word_1_309' title='bbox 2074 1221 2177 1276; x_wconf 89' lang='lat' dir='ltr'>pro</span> <span class='ocrx_word' id='word_1_310' title='bbox 2199 1203 2396 1258; x_wconf 89' lang='lat' dir='ltr'>anima</span> <span class='ocrx_word' id='word_1_311' title='bbox 2419 1201 2620 1257; x_wconf 88' lang='lat' dir='ltr'>famuli</span> <span class='ocrx_word' id='word_1_312' title='bbox 2643 1202 2729 1257; x_wconf 91' lang='lat' dir='ltr'>tui</span> <span class='ocrx_word' id='word_1_313' title='bbox 2753 1201 3094 1267; x_wconf 88' lang='lat' dir='ltr'>sacerdotis,</span> <span class='ocrx_word' id='word_1_314' title='bbox 3117 1203 3183 1255; x_wconf 93' lang='lat' dir='ltr'>ut</span> <span class='ocrx_word' id='word_1_315' title='bbox 3215 1216 3345 1255; x_wconf 83' lang='lat' dir='ltr'>eam</span> <span class='ocrx_word' id='word_1_316' title='bbox 3379 1198 3439 1255; x_wconf 92' lang='lat' dir='ltr'>in</span> <span class='ocrx_word' id='word_1_317' title='bbox 3469 1210 3730 1256; x_wconf 85' lang='lat' dir='ltr'>numero</span> 
     </span>
    </p>
   </div>
   <div class='ocr_carea' id='block_1_57' title="bbox 2073 1288 3474 1362">
    <p class='ocr_par' dir='ltr' id='par_1_57' title="bbox 2073 1288 3474 1362">
     <span class='ocr_line' id='line_1_57' title="bbox 2073 1288 3474 1362; baseline -0.002 -16"><span class='ocrx_word' id='word_1_318' title='bbox 2073 1292 2335 1348; x_wconf 85' lang='lat' dir='ltr'>fidelium</span> <span class='ocrx_word' id='word_1_319' title='bbox 2368 1296 2601 1347; x_wconf 89' lang='lat' dir='ltr'>tuorum</span> <span class='ocrx_word' id='word_1_320' title='bbox 2635 1289 2732 1345; x_wconf 88' lang='lat' dir='ltr'>lux</span> <span class='ocrx_word' id='word_1_321' title='bbox 2759 1294 2972 1345; x_wconf 64' lang='lat' dir='ltr'>aiterna</span> <span class='ocrx_word' id='word_1_322' title='bbox 2995 1288 3312 1362; x_wconf 88' lang='lat' dir='ltr'>possideat.</span> <span class='ocrx_word' id='word_1_323' title='bbox 3347 1288 3474 1344; x_wconf 92' lang='lat' dir='ltr'>Per.</span> 
     </span>
    </p>
   </div>
   <div class='ocr_carea' id='block_1_58' title="bbox 2147 1376 3732 1449">
    <p class='ocr_par' dir='ltr' id='par_1_58' title="bbox 2147 1376 3732 1449">
     <span class='ocr_line' id='line_1_58' title="bbox 2147 1376 3732 1449; baseline -0.002 -13"><span class='ocrx_word' id='word_1_324' title='bbox 2147 1381 2484 1438; x_wconf 86' lang='lat' dir='ltr'>Communia.</span> <span class='ocrx_word' id='word_1_325' title='bbox 2518 1379 2617 1434; x_wconf 86' lang='lat' dir='ltr'>His</span> <span class='ocrx_word' id='word_1_326' title='bbox 2680 1376 3000 1444; x_wconf 85' lang='lat' dir='ltr'>sacrificiis,</span> <span class='ocrx_word' id='word_1_327' title='bbox 3048 1391 3414 1449; x_wconf 64' lang='lat' dir='ltr'>quaesumus,</span> <span class='ocrx_word' id='word_1_328' title='bbox 3476 1376 3732 1434; x_wconf 91' lang='lat' dir='ltr'>Domine</span> 
     </span>
    </p>
   </div>
   <div class='ocr_carea' id='block_1_59' title="bbox 2074 1463 3730 1541">
    <p class='ocr_par' dir='ltr' id='par_1_59' title="bbox 2074 1463 3730 1541">
     <span class='ocr_line' id='line_1_59' title="bbox 2074 1463 3730 1541; baseline -0.003 -16"><span class='ocrx_word' id='word_1_329' title='bbox 2074 1475 2243 1534; x_wconf 90' lang='lat' dir='ltr'>Deus,</span> <span class='ocrx_word' id='word_1_330' title='bbox 2270 1473 2516 1541; x_wconf 89' lang='lat' dir='ltr'>purgata</span> <span class='ocrx_word' id='word_1_331' title='bbox 2537 1467 2734 1523; x_wconf 91' lang='lat' dir='ltr'>anima</span> <span class='ocrx_word' id='word_1_332' title='bbox 2757 1465 2960 1521; x_wconf 89' lang='lat' dir='ltr'>famuli</span> <span class='ocrx_word' id='word_1_333' title='bbox 2984 1464 3068 1520; x_wconf 91' lang='lat' dir='ltr'>tui</span> <span class='ocrx_word' id='word_1_334' title='bbox 3087 1464 3409 1521; x_wconf 89' lang='lat' dir='ltr'>sacerdotis</span> <span class='ocrx_word' id='word_1_335' title='bbox 3428 1465 3500 1520; x_wconf 89' lang='lat' dir='ltr'>ad</span> <span class='ocrx_word' id='word_1_336' title='bbox 3524 1463 3730 1521; x_wconf 89' lang='lat' dir='ltr'>indul-</span> 
     </span>
    </p>
   </div>
   <div class='ocr_carea' id='block_1_60' title="bbox 2072 1553 3726 1632">
    <p class='ocr_par' dir='ltr' id='par_1_60' title="bbox 2072 1553 3726 1632">
     <span class='ocr_line' id='line_1_60' title="bbox 2072 1553 3726 1632; baseline -0.003 -18"><span class='ocrx_word' id='word_1_337' title='bbox 2072 1559 2327 1632; x_wconf 88' lang='lat' dir='ltr'>gentiam</span> <span class='ocrx_word' id='word_1_338' title='bbox 2353 1563 2407 1612; x_wconf 87' lang='lat' dir='ltr'>et</span> <span class='ocrx_word' id='word_1_339' title='bbox 2427 1556 2792 1628; x_wconf 87' lang='lat' dir='ltr'>refrigerium</span> <span class='ocrx_word' id='word_1_340' title='bbox 2815 1555 3241 1627; x_wconf 90' lang='lat' dir='ltr'>sempiternum</span> <span class='ocrx_word' id='word_1_341' title='bbox 3274 1553 3576 1626; x_wconf 81' lang='lat' dir='ltr'>pervenire</span> <span class='ocrx_word' id='word_1_342' title='bbox 3599 1569 3726 1609; x_wconf 86' lang='lat' dir='ltr'>me-</span> 
     </span>
    </p>
   </div>
   <div class='ocr_carea' id='block_1_61' title="bbox 2073 1648 2442 1703">
    <p class='ocr_par' dir='ltr' id='par_1_61' title="bbox 2073 1648 2442 1703">
     <span class='ocr_line' id='line_1_61' title="bbox 2073 1648 2442 1703; baseline -0.005 -1"><span class='ocrx_word' id='word_1_343' title='bbox 2073 1652 2284 1703; x_wconf 87' lang='lat' dir='ltr'>reatur.</span> <span class='ocrx_word' id='word_1_344' title='bbox 2316 1648 2442 1702; x_wconf 87' lang='lat' dir='ltr'>Per.</span> 
     </span>
    </p>
   </div>
   <div class='ocr_carea' id='block_1_62' title="bbox 2401 1747 3375 1790">
    <p class='ocr_par' dir='ltr' id='par_1_62' title="bbox 2401 1747 3375 1790">
     <span class='ocr_line' id='line_1_62' title="bbox 2401 1747 3375 1790; baseline -0.003 -1"><span class='ocrx_word' id='word_1_345' title='bbox 2401 1752 2562 1790; x_wconf 79' lang='lat' dir='ltr'><strong>MISSA</strong></span> <span class='ocrx_word' id='word_1_346' title='bbox 2603 1749 2714 1788; x_wconf 75' lang='grc' dir='ltr'>ἰ)Βο</span> <span class='ocrx_word' id='word_1_347' title='bbox 2753 1747 3006 1788; x_wconf 75' lang='lat' dir='ltr'>OMNIBUS</span> <span class='ocrx_word' id='word_1_348' title='bbox 3047 1747 3375 1788; x_wconf 77' lang='lat' dir='ltr'>DEFUNC’I‘IS.</span> 
     </span>
    </p>
   </div>
   <div class='ocr_carea' id='block_1_63' title="bbox 2146 1819 3724 1892">
    <p class='ocr_par' dir='ltr' id='par_1_63' title="bbox 2146 1819 3724 1892">
     <span class='ocr_line' id='line_1_63' title="bbox 2146 1819 3724 1892; baseline -0.003 -12"><span class='ocrx_word' id='word_1_349' title='bbox 2146 1824 2383 1889; x_wconf 85' lang='lat' dir='ltr'>Inclina,</span> <span class='ocrx_word' id='word_1_350' title='bbox 2413 1823 2672 1889; x_wconf 84' lang='lat' dir='ltr'>Domine,</span> <span class='ocrx_word' id='word_1_351' title='bbox 2697 1839 2894 1876; x_wconf 85' lang='lat' dir='ltr'>aurem</span> <span class='ocrx_word' id='word_1_352' title='bbox 2927 1825 3089 1874; x_wconf 84' lang='lat' dir='ltr'>tuam</span> <span class='ocrx_word' id='word_1_353' title='bbox 3121 1819 3192 1875; x_wconf 88' lang='lat' dir='ltr'>ad</span> <span class='ocrx_word' id='word_1_354' title='bbox 3226 1836 3418 1892; x_wconf 88' lang='lat' dir='ltr'>preces</span> <span class='ocrx_word' id='word_1_355' title='bbox 3456 1825 3724 1890; x_wconf 89' lang='lat' dir='ltr'>nostras,</span> 
     </span>
    </p>
   </div>
   <div class='ocr_carea' id='block_1_64' title="bbox 2073 1908 3723 1987">
    <p class='ocr_par' dir='ltr' id='par_1_64' title="bbox 2073 1908 3723 1987">
     <span class='ocr_line' id='line_1_64' title="bbox 2073 1908 3723 1987; baseline -0.002 -18"><span class='ocrx_word' id='word_1_356' title='bbox 2073 1915 2288 1987; x_wconf 90' lang='lat' dir='ltr'>quibus</span> <span class='ocrx_word' id='word_1_357' title='bbox 2303 1911 2763 1968; x_wconf 88' lang='lat' dir='ltr'>miscricordiam</span> <span class='ocrx_word' id='word_1_358' title='bbox 2779 1914 2938 1964; x_wconf 87' lang='lat' dir='ltr'>tuam</span> <span class='ocrx_word' id='word_1_359' title='bbox 2959 1908 3302 1980; x_wconf 89' lang='lat' dir='ltr'>suppliciter</span> <span class='ocrx_word' id='word_1_360' title='bbox 3313 1909 3723 1980; x_wconf 83' lang='lat' dir='ltr'>deprecamur,</span> 
     </span>
    </p>
   </div>
   <div class='ocr_carea' id='block_1_65' title="bbox 2072 1995 3723 2072">
    <p class='ocr_par' dir='ltr' id='par_1_65' title="bbox 2072 1995 3723 2072">
     <span class='ocr_line' id='line_1_65' title="bbox 2072 1995 3723 2072; baseline -0.003 -14"><span class='ocrx_word' id='word_1_361' title='bbox 2072 2009 2136 2058; x_wconf 91' lang='lat' dir='ltr'>ut</span> <span class='ocrx_word' id='word_1_362' title='bbox 2191 2003 2448 2058; x_wconf 90' lang='lat' dir='ltr'>animam</span> <span class='ocrx_word' id='word_1_363' title='bbox 2481 2002 2583 2072; x_wconf 78' lang='lat' dir='ltr'>(as)</span> <span class='ocrx_word' id='word_1_364' title='bbox 2645 1997 2845 2054; x_wconf 86' lang='lat' dir='ltr'>famuli</span> <span class='ocrx_word' id='word_1_365' title='bbox 2907 1999 3129 2069; x_wconf 81' lang='lat' dir='ltr'>(lorum)</span> <span class='ocrx_word' id='word_1_366' title='bbox 3162 1997 3244 2052; x_wconf 91' lang='lat' dir='ltr'>tui</span> <span class='ocrx_word' id='word_1_367' title='bbox 3293 1998 3555 2069; x_wconf 79' lang='lat' dir='ltr'>(tuorum)</span> <span class='ocrx_word' id='word_1_368' title='bbox 3601 1995 3723 2066; x_wconf 89' lang='lat' dir='ltr'>ill.,</span> 
     </span>
    </p>
   </div>
   <div class='ocr_carea' id='block_1_66' title="bbox 2072 2085 3724 2163">
    <p class='ocr_par' dir='ltr' id='par_1_66' title="bbox 2072 2085 3724 2163">
     <span class='ocr_line' id='line_1_66' title="bbox 2072 2085 3724 2163; baseline -0.002 -17"><span class='ocrx_word' id='word_1_369' title='bbox 2072 2109 2246 2163; x_wconf 87' lang='lat' dir='ltr'>quam</span> <span class='ocrx_word' id='word_1_370' title='bbox 2273 2092 2374 2162; x_wconf 84' lang='lat' dir='ltr'>(as)</span> <span class='ocrx_word' id='word_1_371' title='bbox 2407 2091 2476 2144; x_wconf 88' lang='lat' dir='ltr'>de</span> <span class='ocrx_word' id='word_1_372' title='bbox 2507 2089 2616 2144; x_wconf 90' lang='lat' dir='ltr'>hoc</span> <span class='ocrx_word' id='word_1_373' title='bbox 2647 2086 2856 2143; x_wconf 73' lang='lat' dir='ltr'>saeculo</span> <span class='ocrx_word' id='word_1_374' title='bbox 2890 2086 3142 2158; x_wconf 89' lang='lat' dir='ltr'>migrare</span> <span class='ocrx_word' id='word_1_375' title='bbox 3170 2086 3427 2157; x_wconf 90' lang='lat' dir='ltr'>jussisti,</span> <span class='ocrx_word' id='word_1_376' title='bbox 3460 2085 3521 2141; x_wconf 89' lang='lat' dir='ltr'>in</span> <span class='ocrx_word' id='word_1_377' title='bbox 3555 2087 3724 2158; x_wconf 89' lang='lat' dir='ltr'>pacis</span> 
     </span>
    </p>
   </div>
   <div class='ocr_carea' id='block_1_67' title="bbox 2071 2175 3719 2251">
    <p class='ocr_par' dir='ltr' id='par_1_67' title="bbox 2071 2175 3719 2251">
     <span class='ocr_line' id='line_1_67' title="bbox 2071 2175 3719 2251; baseline -0.002 -16"><span class='ocrx_word' id='word_1_378' title='bbox 2071 2198 2135 2235; x_wconf 86' lang='lat' dir='ltr'>ac</span> <span class='ocrx_word' id='word_1_379' title='bbox 2160 2179 2306 2235; x_wconf 91' lang='lat' dir='ltr'>lucis</span> <span class='ocrx_word' id='word_1_380' title='bbox 2338 2179 2570 2251; x_wconf 85' lang='lat' dir='ltr'>regione</span> <span class='ocrx_word' id='word_1_381' title='bbox 2603 2175 2946 2242; x_wconf 85' lang='lat' dir='ltr'>constituas,</span> <span class='ocrx_word' id='word_1_382' title='bbox 2981 2181 3037 2230; x_wconf 91' lang='lat' dir='ltr'>et</span> <span class='ocrx_word' id='word_1_383' title='bbox 3084 2179 3423 2230; x_wconf 90' lang='lat' dir='ltr'>sanctorum</span> <span class='ocrx_word' id='word_1_384' title='bbox 3473 2179 3719 2232; x_wconf 86' lang='lat' dir='ltr'>tuorum</span> 
     </span>
    </p>
   </div>
   <div class='ocr_carea' id='block_1_68' title="bbox 2062 2264 3094 2342">
    <p class='ocr_par' dir='ltr' id='par_1_68' title="bbox 2062 2264 3094 2342">
     <span class='ocr_line' id='line_1_68' title="bbox 2062 2264 3094 2342; baseline -0.005 -17"><span class='ocrx_word' id='word_1_385' title='bbox 2062 2271 2274 2342; x_wconf 90' lang='lat' dir='ltr'>jubeas</span> <span class='ocrx_word' id='word_1_386' title='bbox 2305 2285 2432 2324; x_wconf 89' lang='lat' dir='ltr'>esse</span> <span class='ocrx_word' id='word_1_387' title='bbox 2464 2270 2788 2323; x_wconf 87' lang='lat' dir='ltr'>consortem</span> <span class='ocrx_word' id='word_1_388' title='bbox 2816 2264 2935 2336; x_wconf 82' lang='lat' dir='ltr'>(es).</span> <span class='ocrx_word' id='word_1_389' title='bbox 2969 2264 3094 2320; x_wconf 89' lang='lat' dir='ltr'>Per.</span> 
     </span>
    </p>
   </div>
   <div class='ocr_carea' id='block_1_69' title="bbox 2139 2353 3722 2426">
    <p class='ocr_par' dir='ltr' id='par_1_69' title="bbox 2139 2353 3722 2426">
     <span class='ocr_line' id='line_1_69' title="bbox 2139 2353 3722 2426; baseline -0.002 -12"><span class='ocrx_word' id='word_1_390' title='bbox 2139 2359 2592 2414; x_wconf 80' lang='lat' dir='ltr'>Sccreia.Aunue</span> <span class='ocrx_word' id='word_1_391' title='bbox 2641 2354 2832 2419; x_wconf 89' lang='lat' dir='ltr'>nobis,</span> <span class='ocrx_word' id='word_1_392' title='bbox 2887 2353 3236 2422; x_wconf 90' lang='lat' dir='ltr'>Domine,ut</span> <span class='ocrx_word' id='word_1_393' title='bbox 3285 2353 3495 2409; x_wconf 67' lang='lat' dir='ltr'>animae</span> <span class='ocrx_word' id='word_1_394' title='bbox 3535 2354 3722 2426; x_wconf 72' lang='lat' dir='ltr'>(obus)</span> 
     </span>
    </p>
   </div>
   <div class='ocr_carea' id='block_1_70' title="bbox 2072 2442 3720 2518">
    <p class='ocr_par' dir='ltr' id='par_1_70' title="bbox 2072 2442 3720 2518">
     <span class='ocr_line' id='line_1_70' title="bbox 2072 2442 3720 2518; baseline -0.003 -14"><span class='ocrx_word' id='word_1_395' title='bbox 2072 2447 2270 2504; x_wconf 91' lang='lat' dir='ltr'>famuli</span> <span class='ocrx_word' id='word_1_396' title='bbox 2308 2447 2527 2518; x_wconf 88' lang='lat' dir='ltr'>(larum)</span> <span class='ocrx_word' id='word_1_397' title='bbox 2561 2445 2646 2500; x_wconf 89' lang='lat' dir='ltr'>tui</span> <span class='ocrx_word' id='word_1_398' title='bbox 2702 2445 2963 2516; x_wconf 79' lang='lat' dir='ltr'>(tuorum)</span> <span class='ocrx_word' id='word_1_399' title='bbox 2994 2442 3102 2509; x_wconf 92' lang='lat' dir='ltr'>ill.,</span> <span class='ocrx_word' id='word_1_400' title='bbox 3134 2442 3256 2497; x_wconf 70' lang='lat' dir='ltr'>haec</span> <span class='ocrx_word' id='word_1_401' title='bbox 3310 2443 3498 2513; x_wconf 89' lang='lat' dir='ltr'>prosit</span> <span class='ocrx_word' id='word_1_402' title='bbox 3553 2443 3720 2499; x_wconf 87' lang='lat' dir='ltr'>obla-</span> 
     </span>
    </p>
   </div>
   <div class='ocr_carea' id='block_1_71' title="bbox 2069 2530 3721 2609">
    <p class='ocr_par' dir='ltr' id='par_1_71' title="bbox 2069 2530 3721 2609">
     <span class='ocr_line' id='line_1_71' title="bbox 2069 2530 3721 2609; baseline -0.003 -16"><span class='ocrx_word' id='word_1_403' title='bbox 2069 2539 2169 2607; x_wconf 91' lang='lat' dir='ltr'>tio,</span> <span class='ocrx_word' id='word_1_404' title='bbox 2186 2553 2360 2609; x_wconf 89' lang='lat' dir='ltr'>quam</span> <span class='ocrx_word' id='word_1_405' title='bbox 2383 2534 2741 2590; x_wconf 91' lang='lat' dir='ltr'>immolando</span> <span class='ocrx_word' id='word_1_406' title='bbox 2763 2533 2944 2588; x_wconf 91' lang='lat' dir='ltr'>totius</span> <span class='ocrx_word' id='word_1_407' title='bbox 2968 2530 3442 2587; x_wconf 88' lang='lat' dir='ltr'>munditribuisti</span> <span class='ocrx_word' id='word_1_408' title='bbox 3469 2531 3721 2588; x_wconf 83' lang='lat' dir='ltr'>relaxari</span> 
     </span>
    </p>
   </div>
   <div class='ocr_carea' id='block_1_72' title="bbox 2069 2625 2456 2682">
    <p class='ocr_par' dir='ltr' id='par_1_72' title="bbox 2069 2625 2456 2682">
     <span class='ocr_line' id='line_1_72' title="bbox 2069 2625 2456 2682; baseline -0.008 0"><span class='ocrx_word' id='word_1_409' title='bbox 2069 2626 2296 2682; x_wconf 89' lang='lat' dir='ltr'>delicta.</span> <span class='ocrx_word' id='word_1_410' title='bbox 2333 2625 2456 2680; x_wconf 89' lang='lat' dir='ltr'>Per.</span> 
     </span>
    </p>
   </div>
   <div class='ocr_carea' id='block_1_73' title="bbox 2143 2709 3716 2782">
    <p class='ocr_par' dir='ltr' id='par_1_73' title="bbox 2143 2709 3716 2782">
     <span class='ocr_line' id='line_1_73' title="bbox 2143 2709 3716 2782; baseline -0.004 -12"><span class='ocrx_word' id='word_1_411' title='bbox 2143 2715 2481 2772; x_wconf 79' lang='lat' dir='ltr'>Communia.</span> <span class='ocrx_word' id='word_1_412' title='bbox 2516 2711 2725 2782; x_wconf 86' lang='lat' dir='ltr'>Prosit,</span> <span class='ocrx_word' id='word_1_413' title='bbox 2778 2726 3140 2782; x_wconf 60' lang='lat' dir='ltr'>quaesumus,</span> <span class='ocrx_word' id='word_1_414' title='bbox 3190 2709 3450 2778; x_wconf 88' lang='lat' dir='ltr'>Domine,</span> <span class='ocrx_word' id='word_1_415' title='bbox 3503 2709 3716 2765; x_wconf 66' lang='lat' dir='ltr'>anime</span> 
     </span>
    </p>
   </div>
   <div class='ocr_carea' id='block_1_74' title="bbox 2070 2797 3720 2874">
    <p class='ocr_par' dir='ltr' id='par_1_74' title="bbox 2070 2797 3720 2874">
     <span class='ocr_line' id='line_1_74' title="bbox 2070 2797 3720 2874; baseline -0.003 -16"><span class='ocrx_word' id='word_1_416' title='bbox 2070 2806 2243 2874; x_wconf 71' lang='grc' dir='ltr'>(αιηιε)</span> <span class='ocrx_word' id='word_1_417' title='bbox 2304 2801 2505 2858; x_wconf 88' lang='lat' dir='ltr'>famuli</span> <span class='ocrx_word' id='word_1_418' title='bbox 2541 2802 2760 2874; x_wconf 52' lang='lat' dir='ltr'>(larum)</span> <span class='ocrx_word' id='word_1_419' title='bbox 2796 2801 2878 2855; x_wconf 90' lang='lat' dir='ltr'>tui</span> <span class='ocrx_word' id='word_1_420' title='bbox 2913 2798 3172 2870; x_wconf 72' lang='lat' dir='ltr'>(tuarum)</span> <span class='ocrx_word' id='word_1_421' title='bbox 3207 2797 3310 2866; x_wconf 89' lang='lat' dir='ltr'>ill.,</span> <span class='ocrx_word' id='word_1_422' title='bbox 3343 2798 3543 2854; x_wconf 82' lang='lat' dir='ltr'>divina</span> <span class='ocrx_word' id='word_1_423' title='bbox 3571 2798 3720 2855; x_wconf 90' lang='lat' dir='ltr'>cele-</span> 
     </span>
    </p>
   </div>
   <div class='ocr_carea' id='block_1_75' title="bbox 2071 2887 3720 2960">
    <p class='ocr_par' dir='ltr' id='par_1_75' title="bbox 2071 2887 3720 2960">
     <span class='ocr_line' id='line_1_75' title="bbox 2071 2887 3720 2960; baseline -0.003 -11"><span class='ocrx_word' id='word_1_424' title='bbox 2071 2893 2258 2949; x_wconf 91' lang='lat' dir='ltr'>bratio</span> <span class='ocrx_word' id='word_1_425' title='bbox 2291 2889 2663 2959; x_wconf 86' lang='lat' dir='ltr'>sacramenti,</span> <span class='ocrx_word' id='word_1_426' title='bbox 2697 2894 2759 2943; x_wconf 85' lang='lat' dir='ltr'>ut</span> <span class='ocrx_word' id='word_1_427' title='bbox 2790 2889 2917 2958; x_wconf 89' lang='lat' dir='ltr'>ejus</span> <span class='ocrx_word' id='word_1_428' title='bbox 2951 2888 3007 2942; x_wconf 91' lang='lat' dir='ltr'>in</span> <span class='ocrx_word' id='word_1_429' title='bbox 3043 2905 3158 2959; x_wconf 90' lang='lat' dir='ltr'>quo</span> <span class='ocrx_word' id='word_1_430' title='bbox 3191 2887 3449 2959; x_wconf 76' lang='lat' dir='ltr'>speravit</span> <span class='ocrx_word' id='word_1_431' title='bbox 3479 2888 3720 2960; x_wconf 79' lang='lat' dir='ltr'>(verunt)</span> 
     </span>
    </p>
   </div>
   <div class='ocr_carea' id='block_1_76' title="bbox 2068 2976 3712 3051">
    <p class='ocr_par' dir='ltr' id='par_1_76' title="bbox 2068 2976 3712 3051">
     <span class='ocr_line' id='line_1_76' title="bbox 2068 2976 3712 3051; baseline -0.004 -13"><span class='ocrx_word' id='word_1_432' title='bbox 2068 2989 2124 3039; x_wconf 88' lang='lat' dir='ltr'>et</span> <span class='ocrx_word' id='word_1_433' title='bbox 2165 2981 2410 3036; x_wconf 84' lang='lat' dir='ltr'>credidit</span> <span class='ocrx_word' id='word_1_434' title='bbox 2455 2979 2696 3051; x_wconf 77' lang='lat' dir='ltr'>(derunt)</span> <span class='ocrx_word' id='word_1_435' title='bbox 2744 2977 3084 3032; x_wconf 61' lang='lat' dir='ltr'>aeternitatis</span> <span class='ocrx_word' id='word_1_436' title='bbox 3107 2977 3299 3048; x_wconf 88' lang='lat' dir='ltr'>capiat</span> <span class='ocrx_word' id='word_1_437' title='bbox 3337 2976 3477 3048; x_wconf 83' lang='lat' dir='ltr'>(ant)</span> <span class='ocrx_word' id='word_1_438' title='bbox 3510 2981 3568 3034; x_wconf 85' lang='lat' dir='ltr'>te</span> <span class='ocrx_word' id='word_1_439' title='bbox 3600 2979 3712 3033; x_wconf 90' lang='lat' dir='ltr'>mi-</span> 
     </span>
    </p>
   </div>
   <div class='ocr_carea' id='block_1_77' title="bbox 2069 3065 2865 3127">
    <p class='ocr_par' dir='ltr' id='par_1_77' title="bbox 2069 3065 2865 3127">
     <span class='ocr_line' id='line_1_77' title="bbox 2069 3065 2865 3127; baseline -0.006 0"><span class='ocrx_word' id='word_1_440' title='bbox 2069 3075 2299 3127; x_wconf 88' lang='lat' dir='ltr'>serante</span> <span class='ocrx_word' id='word_1_441' title='bbox 2329 3067 2709 3124; x_wconf 90' lang='lat' dir='ltr'>consortium.</span> <span class='ocrx_word' id='word_1_442' title='bbox 2747 3065 2865 3124; x_wconf 89' lang='lat' dir='ltr'>Per.</span> 
     </span>
    </p>
   </div>
   <div class='ocr_carea' id='block_1_78' title="bbox 2467 3169 3302 3212">
    <p class='ocr_par' dir='ltr' id='par_1_78' title="bbox 2467 3169 3302 3212">
     <span class='ocr_line' id='line_1_78' title="bbox 2467 3169 3302 3212; baseline -0.005 -1"><span class='ocrx_word' id='word_1_443' title='bbox 2467 3172 2595 3212; x_wconf 79' lang='lat' dir='ltr'>ALIA</span> <span class='ocrx_word' id='word_1_444' title='bbox 2634 3171 2804 3210; x_wconf 79' lang='lat' dir='ltr'>MISSA</span> <span class='ocrx_word' id='word_1_445' title='bbox 2844 3169 2954 3209; x_wconf 77' lang='lat' dir='ltr'>PRO</span> <span class='ocrx_word' id='word_1_446' title='bbox 2994 3169 3302 3208; x_wconf 74' lang='lat' dir='ltr'>DEFUNCTIS</span> 
     </span>
    </p>
   </div>
   <div class='ocr_carea' id='block_1_79' title="bbox 1987 3228 3717 3319">
    <p class='ocr_par' dir='ltr' id='par_1_79' title="bbox 1987 3228 3717 3319">
     <span class='ocr_line' id='line_1_79' title="bbox 1987 3228 3717 3319; baseline -0.002 -16"><span class='ocrx_word' id='word_1_447' title='bbox 1987 3228 2029 3294; x_wconf 62' lang='grc' dir='ltr'>(ἶ</span> <span class='ocrx_word' id='word_1_448' title='bbox 2139 3247 2519 3319; x_wconf 89' lang='lat' dir='ltr'>Omnipotens</span> <span class='ocrx_word' id='word_1_449' title='bbox 2551 3243 2903 3315; x_wconf 91' lang='lat' dir='ltr'>sempiterne</span> <span class='ocrx_word' id='word_1_450' title='bbox 2935 3241 3223 3308; x_wconf 91' lang='lat' dir='ltr'>Deus,cui</span> <span class='ocrx_word' id='word_1_451' title='bbox 3254 3257 3561 3314; x_wconf 71' lang='lat' dir='ltr'>nunquam</span> <span class='ocrx_word' id='word_1_452' title='bbox 3589 3244 3717 3303; x_wconf 86' lang='lat' dir='ltr'>sine</span> 
     </span>
    </p>
   </div>
   <div class='ocr_carea' id='block_1_80' title="bbox 2069 3329 3717 3410">
    <p class='ocr_par' dir='ltr' id='par_1_80' title="bbox 2069 3329 3717 3410">
     <span class='ocr_line' id='line_1_80' title="bbox 2069 3329 3717 3410; baseline -0.003 -16"><span class='ocrx_word' id='word_1_453' title='bbox 2069 3353 2171 3410; x_wconf 90' lang='lat' dir='ltr'>spe</span> <span class='ocrx_word' id='word_1_454' title='bbox 2204 3333 2615 3391; x_wconf 65' lang='lat' dir='ltr'>misericordiae</span> <span class='ocrx_word' id='word_1_455' title='bbox 2649 3330 3030 3403; x_wconf 83' lang='lat' dir='ltr'>supplicatur,</span> <span class='ocrx_word' id='word_1_456' title='bbox 3055 3329 3370 3402; x_wconf 90' lang='lat' dir='ltr'>propitiare</span> <span class='ocrx_word' id='word_1_457' title='bbox 3402 3331 3717 3389; x_wconf 88' lang='lat' dir='ltr'>animabus</span> 
     </span>
    </p>
   </div>
   <div class='ocr_carea' id='block_1_81' title="bbox 2071 3419 3720 3491">
    <p class='ocr_par' dir='ltr' id='par_1_81' title="bbox 2071 3419 3720 3491">
     <span class='ocr_line' id='line_1_81' title="bbox 2071 3419 3720 3491; baseline -0.003 -9"><span class='ocrx_word' id='word_1_458' title='bbox 2071 3425 2425 3482; x_wconf 90' lang='lat' dir='ltr'>famulorum</span> <span class='ocrx_word' id='word_1_459' title='bbox 2447 3427 2705 3488; x_wconf 89' lang='lat' dir='ltr'>tuorum,</span> <span class='ocrx_word' id='word_1_460' title='bbox 2728 3423 2792 3474; x_wconf 89' lang='lat' dir='ltr'>ut</span> <span class='ocrx_word' id='word_1_461' title='bbox 2823 3419 2922 3491; x_wconf 91' lang='lat' dir='ltr'>qui</span> <span class='ocrx_word' id='word_1_462' title='bbox 2953 3419 3022 3474; x_wconf 92' lang='lat' dir='ltr'>de</span> <span class='ocrx_word' id='word_1_463' title='bbox 3055 3419 3163 3474; x_wconf 90' lang='lat' dir='ltr'>hac</span> <span class='ocrx_word' id='word_1_464' title='bbox 3191 3419 3308 3474; x_wconf 91' lang='lat' dir='ltr'>vita</span> <span class='ocrx_word' id='word_1_465' title='bbox 3336 3419 3420 3474; x_wconf 90' lang='lat' dir='ltr'>tui</span> <span class='ocrx_word' id='word_1_466' title='bbox 3457 3421 3720 3478; x_wconf 87' lang='lat' dir='ltr'>nominis</span> 
     </span>
    </p>
   </div>
   <div class='ocr_carea' id='block_1_82' title="bbox 2072 3507 3718 3576">
    <p class='ocr_par' dir='ltr' id='par_1_82' title="bbox 2072 3507 3718 3576">
     <span class='ocr_line' id='line_1_82' title="bbox 2072 3507 3718 3576; baseline -0.002 -6"><span class='ocrx_word' id='word_1_467' title='bbox 2072 3513 2431 3571; x_wconf 86' lang='lat' dir='ltr'>confessione</span> <span class='ocrx_word' id='word_1_468' title='bbox 2463 3511 2857 3576; x_wconf 89' lang='lat' dir='ltr'>decesserunt,</span> <span class='ocrx_word' id='word_1_469' title='bbox 2892 3512 3227 3564; x_wconf 89' lang='lat' dir='ltr'>sanctorum</span> <span class='ocrx_word' id='word_1_470' title='bbox 3261 3520 3506 3566; x_wconf 89' lang='lat' dir='ltr'>numero</span> <span class='ocrx_word' id='word_1_471' title='bbox 3537 3507 3718 3566; x_wconf 81' lang='lat' dir='ltr'>facias</span> 
     </span>
    </p>
   </div>
   <div class='ocr_carea' id='block_1_83' title="bbox 2071 3600 2548 3676">
    <p class='ocr_par' dir='ltr' id='par_1_83' title="bbox 2071 3600 2548 3676">
     <span class='ocr_line' id='line_1_83' title="bbox 2071 3600 2548 3676; baseline -0.01 -17"><span class='ocrx_word' id='word_1_472' title='bbox 2071 3601 2395 3676; x_wconf 86' lang='lat' dir='ltr'>aggregari.</span> <span class='ocrx_word' id='word_1_473' title='bbox 2426 3600 2548 3655; x_wconf 89' lang='lat' dir='ltr'>Per.</span> 
     </span>
    </p>
   </div>
   <div class='ocr_carea' id='block_1_84' title="bbox 2141 3684 3718 3760">
    <p class='ocr_par' dir='ltr' id='par_1_84' title="bbox 2141 3684 3718 3760">
     <span class='ocr_line' id='line_1_84' title="bbox 2141 3684 3718 3760; baseline -0.004 -14"><span class='ocrx_word' id='word_1_474' title='bbox 2141 3693 2374 3747; x_wconf 79' lang='lat' dir='ltr'>Secreta.</span> <span class='ocrx_word' id='word_1_475' title='bbox 2420 3687 2757 3760; x_wconf 82' lang='lat' dir='ltr'>PrOpitiare,</span> <span class='ocrx_word' id='word_1_476' title='bbox 2789 3685 3033 3741; x_wconf 88' lang='lat' dir='ltr'>Domine</span> <span class='ocrx_word' id='word_1_477' title='bbox 3093 3701 3457 3756; x_wconf 60' lang='lat' dir='ltr'>quesumus,</span> <span class='ocrx_word' id='word_1_478' title='bbox 3490 3684 3718 3740; x_wconf 89' lang='lat' dir='ltr'>anima-</span> 
     </span>
    </p>
   </div>
   <div class='ocr_carea' id='block_1_85' title="bbox 2074 3772 3718 3845">
    <p class='ocr_par' dir='ltr' id='par_1_85' title="bbox 2074 3772 3718 3845">
     <span class='ocr_line' id='line_1_85' title="bbox 2074 3772 3718 3845; baseline -0.004 -10"><span class='ocrx_word' id='word_1_479' title='bbox 2074 3781 2184 3835; x_wconf 92' lang='lat' dir='ltr'>bus</span> <span class='ocrx_word' id='word_1_480' title='bbox 2238 3777 2591 3834; x_wconf 91' lang='lat' dir='ltr'>famulorum</span> <span class='ocrx_word' id='word_1_481' title='bbox 2648 3779 2906 3841; x_wconf 91' lang='lat' dir='ltr'>tuorum,</span> <span class='ocrx_word' id='word_1_482' title='bbox 2942 3790 3044 3845; x_wconf 90' lang='lat' dir='ltr'>pro</span> <span class='ocrx_word' id='word_1_483' title='bbox 3102 3773 3318 3844; x_wconf 89' lang='lat' dir='ltr'>quibus</span> <span class='ocrx_word' id='word_1_484' title='bbox 3357 3772 3464 3826; x_wconf 89' lang='lat' dir='ltr'>tibi</span> <span class='ocrx_word' id='word_1_485' title='bbox 3496 3772 3718 3829; x_wconf 89' lang='lat' dir='ltr'>hostias</span> 
     </span>
    </p>
   </div>
   <div class='ocr_carea' id='block_1_86' title="bbox 2074 3859 3722 3942">
    <p class='ocr_par' dir='ltr' id='par_1_86' title="bbox 2074 3859 3722 3942">
     <span class='ocr_line' id='line_1_86' title="bbox 2074 3859 3722 3942; baseline -0.005 -19"><span class='ocrx_word' id='word_1_486' title='bbox 2074 3866 2416 3942; x_wconf 88' lang='lat' dir='ltr'>placationis</span> <span class='ocrx_word' id='word_1_487' title='bbox 2442 3862 2764 3928; x_wconf 78' lang='lat' dir='ltr'>offerimus,</span> <span class='ocrx_word' id='word_1_488' title='bbox 2798 3866 2854 3917; x_wconf 89' lang='lat' dir='ltr'>et</span> <span class='ocrx_word' id='word_1_489' title='bbox 2884 3861 3024 3933; x_wconf 88' lang='lat' dir='ltr'>quia</span> <span class='ocrx_word' id='word_1_490' title='bbox 3052 3860 3110 3916; x_wconf 91' lang='lat' dir='ltr'>in</span> <span class='ocrx_word' id='word_1_491' title='bbox 3142 3859 3251 3916; x_wconf 88' lang='lat' dir='ltr'>hac</span> <span class='ocrx_word' id='word_1_492' title='bbox 3283 3859 3410 3916; x_wconf 92' lang='lat' dir='ltr'>luce</span> <span class='ocrx_word' id='word_1_493' title='bbox 3440 3873 3578 3916; x_wconf 90' lang='lat' dir='ltr'>cum</span> <span class='ocrx_word' id='word_1_494' title='bbox 3613 3859 3722 3915; x_wconf 87' lang='lat' dir='ltr'>fide</span> 
     </span>
    </p>
   </div>
   <div class='ocr_carea' id='block_1_87' title="bbox 2075 3949 3720 4019">
    <p class='ocr_par' dir='ltr' id='par_1_87' title="bbox 2075 3949 3720 4019">
     <span class='ocr_line' id='line_1_87' title="bbox 2075 3949 3720 4019; baseline -0.004 -7"><span class='ocrx_word' id='word_1_495' title='bbox 2075 3958 2420 4012; x_wconf 89' lang='lat' dir='ltr'>manserunt</span> <span class='ocrx_word' id='word_1_496' title='bbox 2478 3951 2781 4019; x_wconf 87' lang='lat' dir='ltr'>catholica,</span> <span class='ocrx_word' id='word_1_497' title='bbox 2813 3949 2873 4005; x_wconf 91' lang='lat' dir='ltr'>in</span> <span class='ocrx_word' id='word_1_498' title='bbox 2907 3951 3102 4004; x_wconf 89' lang='lat' dir='ltr'>futura</span> <span class='ocrx_word' id='word_1_499' title='bbox 3145 3949 3263 4004; x_wconf 84' lang='lat' dir='ltr'>vita</span> <span class='ocrx_word' id='word_1_500' title='bbox 3292 3949 3378 4004; x_wconf 90' lang='lat' dir='ltr'>eis</span> <span class='ocrx_word' id='word_1_501' title='bbox 3410 3949 3720 4005; x_wconf 86' lang='lat' dir='ltr'>retributio</span> 
     </span>
    </p>
   </div>
   <div class='ocr_carea' id='block_1_88' title="bbox 2073 4041 2609 4101">
    <p class='ocr_par' dir='ltr' id='par_1_88' title="bbox 2073 4041 2609 4101">
     <span class='ocr_line' id='line_1_88' title="bbox 2073 4041 2609 4101; baseline -0.011 -1"><span class='ocrx_word' id='word_1_502' title='bbox 2073 4045 2451 4101; x_wconf 86' lang='lat' dir='ltr'>condonetur.</span> <span class='ocrx_word' id='word_1_503' title='bbox 2485 4041 2609 4096; x_wconf 90' lang='lat' dir='ltr'>Per.</span> 
     </span>
    </p>
   </div>
   <div class='ocr_carea' id='block_1_89' title="bbox 2145 4125 3719 4200">
    <p class='ocr_par' dir='ltr' id='par_1_89' title="bbox 2145 4125 3719 4200">
     <span class='ocr_line' id='line_1_89' title="bbox 2145 4125 3719 4200; baseline -0.004 -12"><span class='ocrx_word' id='word_1_504' title='bbox 2145 4133 2486 4190; x_wconf 83' lang='lat' dir='ltr'>Communia.</span> <span class='ocrx_word' id='word_1_505' title='bbox 2515 4131 3123 4200; x_wconf 68' lang='lat' dir='ltr'>Prazsta,quaesumus,</span> <span class='ocrx_word' id='word_1_506' title='bbox 3143 4125 3514 4198; x_wconf 90' lang='lat' dir='ltr'>omnipotens</span> <span class='ocrx_word' id='word_1_507' title='bbox 3544 4125 3719 4194; x_wconf 84' lang='lat' dir='ltr'>Deus,</span> 
     </span>
    </p>
   </div>
   <div class='ocr_carea' id='block_1_90' title="bbox 2076 4213 3718 4288">
    <p class='ocr_par' dir='ltr' id='par_1_90' title="bbox 2076 4213 3718 4288">
     <span class='ocr_line' id='line_1_90' title="bbox 2076 4213 3718 4288; baseline -0.005 -8"><span class='ocrx_word' id='word_1_508' title='bbox 2076 4229 2139 4280; x_wconf 91' lang='lat' dir='ltr'>ut</span> <span class='ocrx_word' id='word_1_509' title='bbox 2169 4221 2396 4278; x_wconf 91' lang='lat' dir='ltr'>animas</span> <span class='ocrx_word' id='word_1_510' title='bbox 2419 4217 2772 4274; x_wconf 88' lang='lat' dir='ltr'>famulorum</span> <span class='ocrx_word' id='word_1_511' title='bbox 2796 4221 3031 4272; x_wconf 88' lang='lat' dir='ltr'>tuorum</span> <span class='ocrx_word' id='word_1_512' title='bbox 3059 4215 3128 4270; x_wconf 86' lang='lat' dir='ltr'>ab</span> <span class='ocrx_word' id='word_1_513' title='bbox 3170 4214 3395 4288; x_wconf 87' lang='lat' dir='ltr'>angelis</span> <span class='ocrx_word' id='word_1_514' title='bbox 3441 4213 3594 4272; x_wconf 88' lang='lat' dir='ltr'>lucis</span> <span class='ocrx_word' id='word_1_515' title='bbox 3621 4233 3718 4272; x_wconf 87' lang='lat' dir='ltr'>su-</span> 
     </span>
    </p>
   </div>
   <div class='ocr_carea' id='block_1_91' title="bbox 2077 4303 3728 4383">
    <p class='ocr_par' dir='ltr' id='par_1_91' title="bbox 2077 4303 3728 4383">
     <span class='ocr_line' id='line_1_91' title="bbox 2077 4303 3728 4383; baseline -0.005 -15"><span class='ocrx_word' id='word_1_516' title='bbox 2077 4315 2306 4383; x_wconf 89' lang='lat' dir='ltr'>sceptas</span> <span class='ocrx_word' id='word_1_517' title='bbox 2329 4309 2384 4364; x_wconf 92' lang='lat' dir='ltr'>in</span> <span class='ocrx_word' id='word_1_518' title='bbox 2418 4307 2756 4380; x_wconf 72' lang='lat' dir='ltr'>praeparatis</span> <span class='ocrx_word' id='word_1_519' title='bbox 2773 4303 3125 4361; x_wconf 90' lang='lat' dir='ltr'>habitaculis</span> <span class='ocrx_word' id='word_1_520' title='bbox 3147 4303 3355 4358; x_wconf 92' lang='lat' dir='ltr'>deduci</span> <span class='ocrx_word' id='word_1_521' title='bbox 3389 4304 3573 4360; x_wconf 88' lang='lat' dir='ltr'>facias</span> <span class='ocrx_word' id='word_1_522' title='bbox 3604 4304 3728 4359; x_wconf 87' lang='lat' dir='ltr'>bea-</span> 
     </span>
    </p>
   </div>
   <div class='ocr_carea' id='block_1_92' title="bbox 2078 4399 2453 4456">
    <p class='ocr_par' dir='ltr' id='par_1_92' title="bbox 2078 4399 2453 4456">
     <span class='ocr_line' id='line_1_92' title="bbox 2078 4399 2453 4456; baseline -0.013 0"><span class='ocrx_word' id='word_1_523' title='bbox 2078 4407 2292 4456; x_wconf 87' lang='lat' dir='ltr'>torum.</span> <span class='ocrx_word' id='word_1_524' title='bbox 2330 4399 2453 4454; x_wconf 92' lang='lat' dir='ltr'>Per.</span> 
     </span>
    </p>
   </div>
   <div class='ocr_carea' id='block_1_93' title="bbox 2380 4497 3428 4542">
    <p class='ocr_par' dir='ltr' id='par_1_93' title="bbox 2380 4497 3428 4542">
     <span class='ocr_line' id='line_1_93' title="bbox 2380 4497 3428 4542; baseline -0.006 0"><span class='ocrx_word' id='word_1_525' title='bbox 2380 4503 2550 4542; x_wconf 78' lang='lat' dir='ltr'>MISSA</span> <span class='ocrx_word' id='word_1_526' title='bbox 2584 4501 2694 4538; x_wconf 77' lang='lat' dir='ltr'>PRO</span> <span class='ocrx_word' id='word_1_527' title='bbox 2737 4499 3047 4538; x_wconf 70' lang='lat' dir='ltr'>DEFUNCTIS</span> <span class='ocrx_word' id='word_1_528' title='bbox 3088 4497 3428 4537; x_wconf 72' lang='lat' dir='ltr'>FRATRIBUS.</span> 
     </span>
    </p>
   </div>
   <div class='ocr_carea' id='block_1_94' title="bbox 396 4570 3726 4666">
    <p class='ocr_par' dir='ltr' id='par_1_94' title="bbox 396 4570 3726 4666">
     <span class='ocr_line' id='line_1_94' title="bbox 396 4570 3726 4666; baseline -0.008 -15"><span class='ocrx_word' id='word_1_529' title='bbox 396 4596 549 4652; x_wconf 90' lang='lat' dir='ltr'>Deus</span> <span class='ocrx_word' id='word_1_530' title='bbox 583 4592 684 4666; x_wconf 89' lang='lat' dir='ltr'>qui</span> <span class='ocrx_word' id='word_1_531' title='bbox 715 4589 1001 4647; x_wconf 86' lang='lat' dir='ltr'>famulum</span> <span class='ocrx_word' id='word_1_532' title='bbox 1028 4591 1192 4640; x_wconf 91' lang='lat' dir='ltr'>tuum</span> <span class='ocrx_word' id='word_1_533' title='bbox 1218 4581 1634 4639; x_wconf 89' lang='lat' dir='ltr'>sacerdotalem</span> <span class='ocrx_word' id='word_1_534' title='bbox 1668 4587 1842 4653; x_wconf 89' lang='lat' dir='ltr'>atque</span> <span class='ocrx_word' id='word_1_535' title='bbox 1872 4581 1972 4635; x_wconf 88' lang='lat' dir='ltr'>ab-</span> <span class='ocrx_word' id='word_1_536' title='bbox 2007 4593 2052 4657; x_wconf 83' lang='lat' dir='ltr'><strong>D</strong></span> <span class='ocrx_word' id='word_1_537' title='bbox 2155 4579 2329 4644; x_wconf 90' lang='lat' dir='ltr'>Deus,</span> <span class='ocrx_word' id='word_1_538' title='bbox 2363 4575 2539 4631; x_wconf 85' lang='lat' dir='ltr'>veniae</span> <span class='ocrx_word' id='word_1_539' title='bbox 2572 4573 2812 4645; x_wconf 86' lang='lat' dir='ltr'>largitor</span> <span class='ocrx_word' id='word_1_540' title='bbox 2841 4577 2898 4627; x_wconf 90' lang='lat' dir='ltr'>et</span> <span class='ocrx_word' id='word_1_541' title='bbox 2927 4571 3197 4626; x_wconf 69' lang='lat' dir='ltr'>humana:</span> <span class='ocrx_word' id='word_1_542' title='bbox 3229 4570 3438 4626; x_wconf 86' lang='lat' dir='ltr'>salutis</span> <span class='ocrx_word' id='word_1_543' title='bbox 3481 4574 3726 4637; x_wconf 88' lang='lat' dir='ltr'>amator,</span> 
     </span>
    </p>
   </div>
   <div class='ocr_carea' id='block_1_95' title="bbox 323 4671 1973 4743">
    <p class='ocr_par' dir='ltr' id='par_1_95' title="bbox 323 4671 1973 4743">
     <span class='ocr_line' id='line_1_95' title="bbox 323 4671 1973 4743; baseline -0.012 -2"><span class='ocrx_word' id='word_1_544' title='bbox 323 4688 518 4743; x_wconf 86' lang='lat' dir='ltr'>batem</span> <span class='ocrx_word' id='word_1_545' title='bbox 580 4677 958 4740; x_wconf 81' lang='lat' dir='ltr'>sanctificasti</span> <span class='ocrx_word' id='word_1_546' title='bbox 988 4675 1291 4731; x_wconf 89' lang='lat' dir='ltr'>vocatione</span> <span class='ocrx_word' id='word_1_547' title='bbox 1322 4671 1756 4736; x_wconf 70' lang='lat' dir='ltr'>misericordiae,</span> <span class='ocrx_word' id='word_1_548' title='bbox 1785 4673 1842 4724; x_wconf 91' lang='lat' dir='ltr'>et</span> <span class='ocrx_word' id='word_1_549' title='bbox 1881 4686 1973 4724; x_wconf 89' lang='lat' dir='ltr'>as-</span> 
     </span>
    </p>
   </div>
   <div class='ocr_carea' id='block_1_96' title="bbox 323 4758 1974 4847">
    <p class='ocr_par' dir='ltr' id='par_1_96' title="bbox 323 4758 1974 4847">
     <span class='ocr_line' id='line_1_96' title="bbox 323 4758 1974 4847; baseline -0.012 -15"><span class='ocrx_word' id='word_1_550' title='bbox 323 4773 629 4847; x_wconf 89' lang='lat' dir='ltr'>sumpsisti</span> <span class='ocrx_word' id='word_1_551' title='bbox 663 4765 1173 4826; x_wconf 87' lang='lat' dir='ltr'>consummatione</span> <span class='ocrx_word' id='word_1_552' title='bbox 1207 4761 1378 4827; x_wconf 89' lang='lat' dir='ltr'>felici,</span> <span class='ocrx_word' id='word_1_553' title='bbox 1413 4759 1645 4832; x_wconf 90' lang='lat' dir='ltr'>suscipe</span> <span class='ocrx_word' id='word_1_554' title='bbox 1687 4758 1974 4831; x_wconf 79' lang='lat' dir='ltr'>propitius</span> 
     </span>
    </p>
   </div>
   <div class='ocr_carea' id='block_1_97' title="bbox 326 4847 1972 4938">
    <p class='ocr_par' dir='ltr' id='par_1_97' title="bbox 326 4847 1972 4938">
     <span class='ocr_line' id='line_1_97' title="bbox 326 4847 1972 4938; baseline -0.012 -18"><span class='ocrx_word' id='word_1_555' title='bbox 326 4879 527 4938; x_wconf 87' lang='lat' dir='ltr'>preces</span> <span class='ocrx_word' id='word_1_556' title='bbox 544 4864 775 4915; x_wconf 89' lang='lat' dir='ltr'>nostras</span> <span class='ocrx_word' id='word_1_557' title='bbox 799 4863 853 4912; x_wconf 88' lang='lat' dir='ltr'>et</span> <span class='ocrx_word' id='word_1_558' title='bbox 872 4857 1156 4927; x_wconf 59' lang='lat' dir='ltr'>priestaut</span> <span class='ocrx_word' id='word_1_559' title='bbox 1185 4856 1241 4906; x_wconf 91' lang='lat' dir='ltr'>et</span> <span class='ocrx_word' id='word_1_560' title='bbox 1270 4849 1366 4904; x_wconf 89' lang='lat' dir='ltr'>ille</span> <span class='ocrx_word' id='word_1_561' title='bbox 1395 4855 1587 4904; x_wconf 90' lang='lat' dir='ltr'>tecum</span> <span class='ocrx_word' id='word_1_562' title='bbox 1621 4848 1696 4904; x_wconf 91' lang='lat' dir='ltr'>sit</span> <span class='ocrx_word' id='word_1_563' title='bbox 1727 4847 1972 4915; x_wconf 90' lang='lat' dir='ltr'>meritis,</span> 
     </span>
    </p>
   </div>
   <div class='ocr_carea' id='block_1_98' title="bbox 325 4938 1553 5011">
    <p class='ocr_par' dir='ltr' id='par_1_98' title="bbox 325 4938 1553 5011">
     <span class='ocr_line' id='line_1_98' title="bbox 325 4938 1553 5011; baseline -0.014 -2"><span class='ocrx_word' id='word_1_564' title='bbox 325 4957 383 5008; x_wconf 84' lang='lat' dir='ltr'>et</span> <span class='ocrx_word' id='word_1_565' title='bbox 412 4970 446 5007; x_wconf 88' lang='lat' dir='ltr'>a</span> <span class='ocrx_word' id='word_1_566' title='bbox 475 4949 646 5006; x_wconf 89' lang='lat' dir='ltr'>nobis</span> <span class='ocrx_word' id='word_1_567' title='bbox 680 4965 792 5002; x_wconf 90' lang='lat' dir='ltr'>non</span> <span class='ocrx_word' id='word_1_568' title='bbox 830 4945 1062 5000; x_wconf 82' lang='lat' dir='ltr'>recedat</span> <span class='ocrx_word' id='word_1_569' title='bbox 1092 4938 1395 5011; x_wconf 85' lang='lat' dir='ltr'>exemplis.</span> <span class='ocrx_word' id='word_1_570' title='bbox 1428 4939 1553 4993; x_wconf 86' lang='lat' dir='ltr'>Per.</span> 
     </span>
    </p>
   </div>
   <div class='ocr_carea' id='block_1_99' title="bbox 397 5027 1974 5103">
    <p class='ocr_par' dir='ltr' id='par_1_99' title="bbox 397 5027 1974 5103">
     <span class='ocr_line' id='line_1_99' title="bbox 397 5027 1974 5103; baseline -0.011 -8"><span class='ocrx_word' id='word_1_571' title='bbox 397 5041 630 5094; x_wconf 77' lang='lat' dir='ltr'>Secreta.</span> <span class='ocrx_word' id='word_1_572' title='bbox 674 5034 957 5098; x_wconf 89' lang='lat' dir='ltr'>Concede,</span> <span class='ocrx_word' id='word_1_573' title='bbox 1003 5046 1365 5103; x_wconf 76' lang='lat' dir='ltr'>quaesumus,</span> <span class='ocrx_word' id='word_1_574' title='bbox 1399 5027 1770 5098; x_wconf 90' lang='lat' dir='ltr'>omnipotens</span> <span class='ocrx_word' id='word_1_575' title='bbox 1803 5029 1974 5090; x_wconf 91' lang='lat' dir='ltr'>Deus,</span> 
     </span>
    </p>
   </div>
   <div class='ocr_carea' id='block_1_100' title="bbox 329 5111 1977 5188">
    <p class='ocr_par' dir='ltr' id='par_1_100' title="bbox 329 5111 1977 5188">
     <span class='ocr_line' id='line_1_100' title="bbox 329 5111 1977 5188; baseline -0.012 -3"><span class='ocrx_word' id='word_1_576' title='bbox 329 5134 393 5184; x_wconf 90' lang='lat' dir='ltr'>ut</span> <span class='ocrx_word' id='word_1_577' title='bbox 429 5127 629 5184; x_wconf 87' lang='lat' dir='ltr'>anima</span> <span class='ocrx_word' id='word_1_578' title='bbox 684 5122 834 5179; x_wconf 88' lang='lat' dir='ltr'>servi</span> <span class='ocrx_word' id='word_1_579' title='bbox 892 5121 975 5175; x_wconf 89' lang='lat' dir='ltr'>tui</span> <span class='ocrx_word' id='word_1_580' title='bbox 1028 5118 1256 5174; x_wconf 89' lang='lat' dir='ltr'>abbatis</span> <span class='ocrx_word' id='word_1_581' title='bbox 1303 5121 1476 5188; x_wconf 89' lang='lat' dir='ltr'>atque</span> <span class='ocrx_word' id='word_1_582' title='bbox 1507 5114 1848 5180; x_wconf 89' lang='lat' dir='ltr'>sacerdotis,</span> <span class='ocrx_word' id='word_1_583' title='bbox 1883 5111 1977 5167; x_wconf 91' lang='lat' dir='ltr'>cui</span> 
     </span>
    </p>
   </div>
   <div class='ocr_carea' id='block_1_101' title="bbox 329 5201 1977 5291">
    <p class='ocr_par' dir='ltr' id='par_1_101' title="bbox 329 5201 1977 5291">
     <span class='ocr_line' id='line_1_101' title="bbox 329 5201 1977 5291; baseline -0.009 -19"><span class='ocrx_word' id='word_1_584' title='bbox 329 5215 630 5291; x_wconf 86' lang='lat' dir='ltr'>regiminis</span> <span class='ocrx_word' id='word_1_585' title='bbox 682 5217 740 5268; x_wconf 90' lang='lat' dir='ltr'>et</span> <span class='ocrx_word' id='word_1_586' title='bbox 792 5209 1102 5266; x_wconf 88' lang='lat' dir='ltr'>sacerdotii</span> <span class='ocrx_word' id='word_1_587' title='bbox 1187 5205 1418 5261; x_wconf 91' lang='lat' dir='ltr'>donasti</span> <span class='ocrx_word' id='word_1_588' title='bbox 1498 5204 1795 5269; x_wconf 89' lang='lat' dir='ltr'>meritum,</span> <span class='ocrx_word' id='word_1_589' title='bbox 1855 5201 1977 5257; x_wconf 74' lang='lat' dir='ltr'>hmc</span> 
     </span>
    </p>
   </div>
   <div class='ocr_carea' id='block_1_102' title="bbox 329 5290 1975 5373">
    <p class='ocr_par' dir='ltr' id='par_1_102' title="bbox 329 5290 1975 5373">
     <span class='ocr_line' id='line_1_102' title="bbox 329 5290 1975 5373; baseline -0.011 -11"><span class='ocrx_word' id='word_1_590' title='bbox 329 5290 533 5361; x_wconf 87' lang='lat' dir='ltr'>sancta</span> <span class='ocrx_word' id='word_1_591' title='bbox 563 5298 866 5373; x_wconf 77' lang='lat' dir='ltr'>mysteria,</span> <span class='ocrx_word' id='word_1_592' title='bbox 901 5313 1027 5368; x_wconf 59' lang='lat' dir='ltr'>quae</span> <span class='ocrx_word' id='word_1_593' title='bbox 1061 5295 1167 5351; x_wconf 88' lang='lat' dir='ltr'>tibi</span> <span class='ocrx_word' id='word_1_594' title='bbox 1200 5293 1446 5350; x_wconf 83' lang='lat' dir='ltr'>fideliter</span> <span class='ocrx_word' id='word_1_595' title='bbox 1474 5290 1975 5357; x_wconf 88' lang='lat' dir='ltr'>ministravit,etc.</span> 
     </span>
    </p>
   </div>
   <div class='ocr_carea' id='block_1_103' title="bbox 333 5394 457 5450">
    <p class='ocr_par' dir='ltr' id='par_1_103' title="bbox 333 5394 457 5450">
     <span class='ocr_line' id='line_1_103' title="bbox 333 5394 457 5450; baseline -0.008 -1"><span class='ocrx_word' id='word_1_596' title='bbox 333 5394 457 5450; x_wconf 91' lang='lat' dir='ltr'>Per.</span> 
     </span>
    </p>
   </div>
   <div class='ocr_carea' id='block_1_104' title="bbox 405 5465 1978 5546">
    <p class='ocr_par' dir='ltr' id='par_1_104' title="bbox 405 5465 1978 5546">
     <span class='ocr_line' id='line_1_104' title="bbox 405 5465 1978 5546; baseline -0.009 -10"><span class='ocrx_word' id='word_1_597' title='bbox 405 5479 745 5538; x_wconf 78' lang='lat' dir='ltr'>Communia.</span> <span class='ocrx_word' id='word_1_598' title='bbox 781 5474 988 5540; x_wconf 87' lang='lat' dir='ltr'>Prosit,</span> <span class='ocrx_word' id='word_1_599' title='bbox 1049 5486 1412 5546; x_wconf 70' lang='lat' dir='ltr'>quaesumus,</span> <span class='ocrx_word' id='word_1_600' title='bbox 1470 5467 1733 5535; x_wconf 89' lang='lat' dir='ltr'>Domine,</span> <span class='ocrx_word' id='word_1_601' title='bbox 1771 5465 1978 5522; x_wconf 64' lang='lat' dir='ltr'>animae</span> 
     </span>
    </p>
   </div>
   <div class='ocr_carea' id='block_1_105' title="bbox 333 5555 1978 5636">
    <p class='ocr_par' dir='ltr' id='par_1_105' title="bbox 333 5555 1978 5636">
     <span class='ocr_line' id='line_1_105' title="bbox 333 5555 1978 5636; baseline -0.007 -11"><span class='ocrx_word' id='word_1_602' title='bbox 333 5569 534 5625; x_wconf 85' lang='lat' dir='ltr'>famuli</span> <span class='ocrx_word' id='word_1_603' title='bbox 596 5566 681 5619; x_wconf 88' lang='lat' dir='ltr'>tui</span> <span class='ocrx_word' id='word_1_604' title='bbox 737 5563 967 5619; x_wconf 89' lang='lat' dir='ltr'>abbatis</span> <span class='ocrx_word' id='word_1_605' title='bbox 1007 5567 1182 5636; x_wconf 88' lang='lat' dir='ltr'>atque</span> <span class='ocrx_word' id='word_1_606' title='bbox 1212 5556 1534 5614; x_wconf 81' lang='lat' dir='ltr'>sacerdotis</span> <span class='ocrx_word' id='word_1_607' title='bbox 1568 5555 1978 5614; x_wconf 69' lang='lat' dir='ltr'>misericordia)</span> 
     </span>
    </p>
   </div>
   <div class='ocr_carea' id='block_1_106' title="bbox 333 5643 1982 5736">
    <p class='ocr_par' dir='ltr' id='par_1_106' title="bbox 333 5643 1982 5736">
     <span class='ocr_line' id='line_1_106' title="bbox 333 5643 1982 5736; baseline -0.007 -17"><span class='ocrx_word' id='word_1_608' title='bbox 333 5663 446 5722; x_wconf 68' lang='lat' dir='ltr'>tum</span> <span class='ocrx_word' id='word_1_609' title='bbox 499 5653 808 5736; x_wconf 86' lang='lat' dir='ltr'>implorata</span> <span class='ocrx_word' id='word_1_610' title='bbox 835 5650 1161 5722; x_wconf 88' lang='lat' dir='ltr'>clementia,</span> <span class='ocrx_word' id='word_1_611' title='bbox 1195 5651 1261 5707; x_wconf 87' lang='lat' dir='ltr'>ut</span> <span class='ocrx_word' id='word_1_612' title='bbox 1291 5645 1420 5718; x_wconf 85' lang='lat' dir='ltr'>ejus</span> <span class='ocrx_word' id='word_1_613' title='bbox 1472 5643 1532 5702; x_wconf 91' lang='lat' dir='ltr'>in</span> <span class='ocrx_word' id='word_1_614' title='bbox 1564 5661 1678 5726; x_wconf 87' lang='lat' dir='ltr'>quo</span> <span class='ocrx_word' id='word_1_615' title='bbox 1727 5644 1982 5722; x_wconf 79' lang='lat' dir='ltr'>speravit</span> 
     </span>
    </p>
   </div>
   <div class='ocr_carea' id='block_1_107' title="bbox 2086 4662 3727 4740">
    <p class='ocr_par' dir='ltr' id='par_1_107' title="bbox 2086 4662 3727 4740">
     <span class='ocr_line' id='line_1_107' title="bbox 2086 4662 3727 4740; baseline -0.007 -16"><span class='ocrx_word' id='word_1_616' title='bbox 2086 4681 2425 4740; x_wconf 85' lang='lat' dir='ltr'>quaesumus</span> <span class='ocrx_word' id='word_1_617' title='bbox 2456 4662 2824 4719; x_wconf 90' lang='lat' dir='ltr'>clementiam</span> <span class='ocrx_word' id='word_1_618' title='bbox 2858 4665 3041 4726; x_wconf 91' lang='lat' dir='ltr'>tuam,</span> <span class='ocrx_word' id='word_1_619' title='bbox 3076 4665 3141 4714; x_wconf 93' lang='lat' dir='ltr'>ut</span> <span class='ocrx_word' id='word_1_620' title='bbox 3171 4663 3381 4715; x_wconf 61' lang='lat' dir='ltr'>nostra;</span> <span class='ocrx_word' id='word_1_621' title='bbox 3413 4673 3727 4733; x_wconf 84' lang='lat' dir='ltr'>congrega-</span> 
     </span>
    </p>
   </div>
   <div class='ocr_carea' id='block_1_108' title="bbox 2086 4747 3730 4824">
    <p class='ocr_par' dir='ltr' id='par_1_108' title="bbox 2086 4747 3730 4824">
     <span class='ocr_line' id='line_1_108' title="bbox 2086 4747 3730 4824; baseline -0.007 -12"><span class='ocrx_word' id='word_1_622' title='bbox 2086 4756 2263 4812; x_wconf 90' lang='lat' dir='ltr'>tionis</span> <span class='ocrx_word' id='word_1_623' title='bbox 2285 4756 2512 4819; x_wconf 89' lang='lat' dir='ltr'>fratres,</span> <span class='ocrx_word' id='word_1_624' title='bbox 2533 4753 2633 4824; x_wconf 91' lang='lat' dir='ltr'>qui</span> <span class='ocrx_word' id='word_1_625' title='bbox 2658 4767 2726 4806; x_wconf 82' lang='lat' dir='ltr'>ex</span> <span class='ocrx_word' id='word_1_626' title='bbox 2757 4749 2864 4804; x_wconf 85' lang='lat' dir='ltr'>hoc</span> <span class='ocrx_word' id='word_1_627' title='bbox 2896 4747 3107 4804; x_wconf 65' lang='lat' dir='ltr'>saeculo</span> <span class='ocrx_word' id='word_1_628' title='bbox 3147 4748 3533 4816; x_wconf 87' lang='lat' dir='ltr'>transierunt,</span> <span class='ocrx_word' id='word_1_629' title='bbox 3566 4749 3730 4803; x_wconf 85' lang='lat' dir='ltr'>beata</span> 
     </span>
    </p>
   </div>
   <div class='ocr_carea' id='block_1_109' title="bbox 2085 4836 3732 4914">
    <p class='ocr_par' dir='ltr' id='par_1_109' title="bbox 2085 4836 3732 4914">
     <span class='ocr_line' id='line_1_109' title="bbox 2085 4836 3732 4914; baseline -0.006 -14"><span class='ocrx_word' id='word_1_630' title='bbox 2085 4844 2267 4900; x_wconf 85' lang='lat' dir='ltr'>Maria</span> <span class='ocrx_word' id='word_1_631' title='bbox 2309 4857 2541 4914; x_wconf 86' lang='lat' dir='ltr'>semper</span> <span class='ocrx_word' id='word_1_632' title='bbox 2570 4839 2789 4912; x_wconf 83' lang='lat' dir='ltr'>virgine</span> <span class='ocrx_word' id='word_1_633' title='bbox 2845 4837 3240 4892; x_wconf 88' lang='lat' dir='ltr'>intercedente</span> <span class='ocrx_word' id='word_1_634' title='bbox 3290 4852 3426 4890; x_wconf 91' lang='lat' dir='ltr'>cum</span> <span class='ocrx_word' id='word_1_635' title='bbox 3458 4836 3732 4891; x_wconf 88' lang='lat' dir='ltr'>omnibus</span> 
     </span>
    </p>
   </div>
   <div class='ocr_carea' id='block_1_110' title="bbox 2086 4925 3728 5002">
    <p class='ocr_par' dir='ltr' id='par_1_110' title="bbox 2086 4925 3728 5002">
     <span class='ocr_line' id='line_1_110' title="bbox 2086 4925 3728 5002; baseline -0.006 -13"><span class='ocrx_word' id='word_1_636' title='bbox 2086 4933 2327 4996; x_wconf 83' lang='lat' dir='ltr'>sanctis,</span> <span class='ocrx_word' id='word_1_637' title='bbox 2354 4931 2423 4986; x_wconf 91' lang='lat' dir='ltr'>ad</span> <span class='ocrx_word' id='word_1_638' title='bbox 2449 4934 2741 5002; x_wconf 66' lang='lat' dir='ltr'>perpetuae</span> <span class='ocrx_word' id='word_1_639' title='bbox 2757 4925 3139 4983; x_wconf 89' lang='lat' dir='ltr'>beatitudinis</span> <span class='ocrx_word' id='word_1_640' title='bbox 3162 4925 3517 4980; x_wconf 88' lang='lat' dir='ltr'>consortium</span> <span class='ocrx_word' id='word_1_641' title='bbox 3542 4939 3728 4997; x_wconf 84' lang='lat' dir='ltr'>perve-</span> 
     </span>
    </p>
   </div>
   <div class='ocr_carea' id='block_1_111' title="bbox 2087 5018 2696 5077">
    <p class='ocr_par' dir='ltr' id='par_1_111' title="bbox 2087 5018 2696 5077">
     <span class='ocr_line' id='line_1_111' title="bbox 2087 5018 2696 5077; baseline -0.008 0"><span class='ocrx_word' id='word_1_642' title='bbox 2087 5024 2210 5077; x_wconf 90' lang='lat' dir='ltr'>nire</span> <span class='ocrx_word' id='word_1_643' title='bbox 2231 5020 2534 5077; x_wconf 91' lang='lat' dir='ltr'>concedas.</span> <span class='ocrx_word' id='word_1_644' title='bbox 2574 5018 2696 5072; x_wconf 91' lang='lat' dir='ltr'>Per.</span> 
     </span>
    </p>
   </div>
   <div class='ocr_carea' id='block_1_112' title="bbox 2157 5103 3730 5176">
    <p class='ocr_par' dir='ltr' id='par_1_112' title="bbox 2157 5103 3730 5176">
     <span class='ocr_line' id='line_1_112' title="bbox 2157 5103 3730 5176; baseline -0.007 -10"><span class='ocrx_word' id='word_1_645' title='bbox 2157 5111 2389 5167; x_wconf 81' lang='lat' dir='ltr'>Secreta.</span> <span class='ocrx_word' id='word_1_646' title='bbox 2424 5108 2596 5174; x_wconf 90' lang='lat' dir='ltr'>Deus,</span> <span class='ocrx_word' id='word_1_647' title='bbox 2640 5106 2809 5176; x_wconf 89' lang='lat' dir='ltr'>cujus</span> <span class='ocrx_word' id='word_1_648' title='bbox 2862 5103 3240 5159; x_wconf 79' lang='lat' dir='ltr'>misricordiae</span> <span class='ocrx_word' id='word_1_649' title='bbox 3294 5119 3412 5157; x_wconf 90' lang='lat' dir='ltr'>non</span> <span class='ocrx_word' id='word_1_650' title='bbox 3471 5105 3562 5158; x_wconf 89' lang='lat' dir='ltr'>est</span> <span class='ocrx_word' id='word_1_651' title='bbox 3620 5119 3730 5156; x_wconf 89' lang='lat' dir='ltr'>nu-</span> 
     </span>
    </p>
   </div>
   <div class='ocr_carea' id='block_1_113' title="bbox 2089 5190 3730 5268">
    <p class='ocr_par' dir='ltr' id='par_1_113' title="bbox 2089 5190 3730 5268">
     <span class='ocr_line' id='line_1_113' title="bbox 2089 5190 3730 5268; baseline -0.007 -13"><span class='ocrx_word' id='word_1_652' title='bbox 2089 5215 2306 5266; x_wconf 88' lang='lat' dir='ltr'>merus,</span> <span class='ocrx_word' id='word_1_653' title='bbox 2334 5196 2564 5268; x_wconf 88' lang='lat' dir='ltr'>suscipe</span> <span class='ocrx_word' id='word_1_654' title='bbox 2582 5193 2872 5266; x_wconf 88' lang='lat' dir='ltr'>propitius</span> <span class='ocrx_word' id='word_1_655' title='bbox 2897 5208 3093 5264; x_wconf 89' lang='lat' dir='ltr'>preces</span> <span class='ocrx_word' id='word_1_656' title='bbox 3113 5190 3480 5246; x_wconf 82' lang='lat' dir='ltr'>humilitatis</span> <span class='ocrx_word' id='word_1_657' title='bbox 3503 5195 3730 5257; x_wconf 63' lang='lat' dir='ltr'>nostris”,</span> 
     </span>
    </p>
   </div>
   <div class='ocr_carea' id='block_1_114' title="bbox 2088 5279 3734 5356">
    <p class='ocr_par' dir='ltr' id='par_1_114' title="bbox 2088 5279 3734 5356">
     <span class='ocr_line' id='line_1_114' title="bbox 2088 5279 3734 5356; baseline -0.007 -12"><span class='ocrx_word' id='word_1_658' title='bbox 2088 5292 2145 5344; x_wconf 92' lang='lat' dir='ltr'>et</span> <span class='ocrx_word' id='word_1_659' title='bbox 2168 5286 2385 5342; x_wconf 89' lang='lat' dir='ltr'>animis</span> <span class='ocrx_word' id='word_1_660' title='bbox 2434 5283 2649 5356; x_wconf 89' lang='lat' dir='ltr'>quibus</span> <span class='ocrx_word' id='word_1_661' title='bbox 2670 5283 2756 5338; x_wconf 91' lang='lat' dir='ltr'>tui</span> <span class='ocrx_word' id='word_1_662' title='bbox 2783 5279 3038 5336; x_wconf 90' lang='lat' dir='ltr'>nominis</span> <span class='ocrx_word' id='word_1_663' title='bbox 3069 5279 3280 5335; x_wconf 87' lang='lat' dir='ltr'>dedisti</span> <span class='ocrx_word' id='word_1_664' title='bbox 3309 5279 3734 5335; x_wconf 84' lang='lat' dir='ltr'>confessionem</span> 
     </span>
    </p>
   </div>
   <div class='ocr_carea' id='block_1_115' title="bbox 2088 5367 3734 5448">
    <p class='ocr_par' dir='ltr' id='par_1_115' title="bbox 2088 5367 3734 5448">
     <span class='ocr_line' id='line_1_115' title="bbox 2088 5367 3734 5448; baseline -0.006 -16"><span class='ocrx_word' id='word_1_665' title='bbox 2088 5393 2190 5448; x_wconf 92' lang='lat' dir='ltr'>per</span> <span class='ocrx_word' id='word_1_666' title='bbox 2212 5376 2332 5430; x_wconf 65' lang='lat' dir='ltr'>haec</span> <span class='ocrx_word' id='word_1_667' title='bbox 2355 5374 2720 5428; x_wconf 88' lang='lat' dir='ltr'>sacramenta</span> <span class='ocrx_word' id='word_1_668' title='bbox 2742 5369 2950 5426; x_wconf 84' lang='lat' dir='ltr'>salutis</span> <span class='ocrx_word' id='word_1_669' title='bbox 2969 5373 3314 5424; x_wconf 88' lang='lat' dir='ltr'>cunctorum</span> <span class='ocrx_word' id='word_1_670' title='bbox 3329 5367 3734 5424; x_wconf 83' lang='lat' dir='ltr'>remissionem</span> 
     </span>
    </p>
   </div>
   <div class='ocr_carea' id='block_1_116' title="bbox 2089 5459 2859 5532">
    <p class='ocr_par' dir='ltr' id='par_1_116' title="bbox 2089 5459 2859 5532">
     <span class='ocr_line' id='line_1_116' title="bbox 2089 5459 2859 5532; baseline -0.01 -13"><span class='ocrx_word' id='word_1_671' title='bbox 2089 5465 2281 5520; x_wconf 91' lang='lat' dir='ltr'>tribue</span> <span class='ocrx_word' id='word_1_672' title='bbox 2312 5464 2700 5532; x_wconf 91' lang='lat' dir='ltr'>peccatorum.</span> <span class='ocrx_word' id='word_1_673' title='bbox 2736 5459 2859 5512; x_wconf 88' lang='lat' dir='ltr'>Per.</span> 
     </span>
    </p>
   </div>
   <div class='ocr_carea' id='block_1_117' title="bbox 2159 5545 3733 5617">
    <p class='ocr_par' dir='ltr' id='par_1_117' title="bbox 2159 5545 3733 5617">
     <span class='ocr_line' id='line_1_117' title="bbox 2159 5545 3733 5617; baseline -0.004 -10"><span class='ocrx_word' id='word_1_674' title='bbox 2159 5550 2503 5608; x_wconf 83' lang='lat' dir='ltr'>Communia.</span> <span class='ocrx_word' id='word_1_675' title='bbox 2544 5547 2719 5614; x_wconf 89' lang='lat' dir='ltr'>Deus,</span> <span class='ocrx_word' id='word_1_676' title='bbox 2751 5547 2868 5601; x_wconf 88' lang='lat' dir='ltr'>vita</span> <span class='ocrx_word' id='word_1_677' title='bbox 2911 5545 3249 5610; x_wconf 89' lang='lat' dir='ltr'>viventium,</span> <span class='ocrx_word' id='word_1_678' title='bbox 3281 5561 3416 5617; x_wconf 92' lang='lat' dir='ltr'>spes</span> <span class='ocrx_word' id='word_1_679' title='bbox 3477 5545 3733 5601; x_wconf 86' lang='lat' dir='ltr'>morien-</span> 
     </span>
    </p>
   </div>
   <div class='ocr_carea' id='block_1_118' title="bbox 2088 5633 3735 5712">
    <p class='ocr_par' dir='ltr' id='par_1_118' title="bbox 2088 5633 3735 5712">
     <span class='ocr_line' id='line_1_118' title="bbox 2088 5633 3735 5712; baseline -0.006 -9"><span class='ocrx_word' id='word_1_680' title='bbox 2088 5648 2257 5712; x_wconf 76' lang='lat' dir='ltr'>tium,</span> <span class='ocrx_word' id='word_1_681' title='bbox 2292 5637 2453 5699; x_wconf 80' lang='lat' dir='ltr'>salus</span> <span class='ocrx_word' id='word_1_682' title='bbox 2485 5635 2749 5694; x_wconf 87' lang='lat' dir='ltr'>omnium</span> <span class='ocrx_word' id='word_1_683' title='bbox 2780 5636 2841 5694; x_wconf 89' lang='lat' dir='ltr'>in</span> <span class='ocrx_word' id='word_1_684' title='bbox 2870 5640 2925 5696; x_wconf 83' lang='lat' dir='ltr'>te</span> <span class='ocrx_word' id='word_1_685' title='bbox 2952 5633 3338 5707; x_wconf 83' lang='lat' dir='ltr'>sperantium,</span> <span class='ocrx_word' id='word_1_686' title='bbox 3373 5637 3591 5708; x_wconf 70' lang='lat' dir='ltr'>praesta</span> <span class='ocrx_word' id='word_1_687' title='bbox 3611 5647 3735 5712; x_wconf 85' lang='lat' dir='ltr'>pro-</span> 
     </span>
    </p>
   </div>
  </div>
