3896 6216
130 305 238 373 8⁵13

1272 298 2005 385 SACRAMENTARIUM
2048 301 2327 364 VETUS.

3384 301 3503 363 8'71

135 436 299 515 pitius
322 437 382 487 ut
405 433 578 503 hujus
604 431 809 487 anima:
833 431 1298 505 congregationis
1319 450 1352 487 a
1372 436 1581 487 nostra:
1606 449 1752 488 mor-
1782 442 1832 504 Α
1860 451 2086 501 xorum,
2111 451 2359 506 quorum
2380 433 2994 489 commemorationem
3016 434 3266 504 agimus,
3292 436 3505 505 etquo-

130 522 353 581 talitatis
382 522 633 578 tenebris
664 521 963 587 absolutae,
999 523 1165 576 beata
1188 521 1370 577 Maria
1393 538 1622 594 semper
1641 521 1751 576 vir-

128 612 247 687 gine
266 610 667 679 intercedente,
697 610 754 665 in
781 614 1063 682 perpetua
1082 626 1217 667 cum
1240 609 1514 665 omnibus
1532 610 1750 666 sanctis

125 702 229 758 tuis
255 700 377 757 luce
404 698 693 754 laetentur.
728 698 851 754 Per.

172 784 175 785 ⁷
488 804 658 843 MISSA
690 804 799 843 pao
830 803 1124 842 DEFUNCTA
1156 803 1387 842 summa.

186 866 519 945 Quaesumus
553 918 567 943 ,
601 875 845 932 Domine
879 876 1031 932 Deus
1063 875 1457 948 omnipotens,
1509 892 1614 948 pro
1649 878 1754 931 tua

124 964 601 1041 pietatemiserere
627 964 939 1020 animabus
968 964 1324 1020 famularum
1355 968 1610 1033 tuarum,
1640 970 1697 1020 et
1717 981 1752 1019 a

124 1040 384 1128 contagiis
415 1051 791 1109 mortalitatis
822 1058 1024 1109 exutas
1056 1040 1113 1108 in
1143 1057 1369 1107 aeterna:
1412 1052 1750 1109 salvationis

124 1152 325 1218 partem
355 1142 615 1198 restitue.
649 1143 775 1197 Per.

182 1234 406 1289 Secreta.
426 1232 528 1287 His
542 1231 865 1298 sacrificiis,
883 1231 1147 1298 Domine,
1164 1247 1525 1302 quaesumus,
1541 1230 1749 1286 anima:

123 1320 456 1379 famularum
489 1324 727 1375 tuarum
762 1318 867 1386 ill.,
902 1337 936 1377 a
960 1318 1212 1391 peccatis
1235 1320 1509 1375 omnibus
1532 1336 1748 1374 exuan-

121 1416 224 1481 tur,
255 1409 376 1467 sine
405 1408 625 1481 quibus
657 1425 691 1463 a
720 1406 892 1480 culpa
922 1422 1093 1464 nemo
1125 1406 1272 1463 liber
1301 1408 1541 1473 exstitit,
1565 1410 1630 1462 ut
1648 1423 1752 1478 per

119 1500 227 1555 haec
237 1499 338 1571 pize
352 1496 700 1570 placationis
718 1496 910 1552 ofiicia
926 1501 1267 1568 perpetuam
1290 1495 1749 1552 miscricordiam

117 1592 554 1660 consequantur.
590 1585 715 1641 Per.

175 1677 619 1733 Postcommzmio.
679 1674 1003 1741 Invenient,
1069 1691 1430 1746 quaesumus,
1481 1672 1744 1737 Domine,

115 1765 306 1820 animae
328 1762 687 1821 famularum
712 1765 947 1817 tuarum
971 1759 1076 1829 i|1.,
1102 1760 1250 1815 lucis
1274 1766 1496 1815 aeternae
1519 1776 1749 1816 consor-

111 1854 265 1920 tium,
298 1851 469 1923 cujus
506 1854 845 1925 perpetuam
870 1848 1124 1923 gratiam
1147 1854 1472 1905 consecutae
1494 1852 1634 1905 sunt
1654 1864 1746 1903 sa-

113 1927 457 1999 cramentum
471 1983 484 1995 .
519 1941 644 1996 Per.

242 2104 245 2107 Ι
394 2045 564 2086 MISSA
594 2044 971 2084 PLURIMORUM
1004 2042 1447 2082 DEFUNC’I‘ORUM.

176 2118 453 2176 Fidelium
493 2120 646 2174 Deus
678 2117 944 2173 omnium
976 2114 1243 2172 conditor
1288 2120 1344 2170 et
1394 2112 1747 2186 redemptor,

110 2209 409 2265 animabus
422 2207 780 2264 famulorum
800 2205 1272 2276 famularumque
1292 2208 1529 2259 tuarum
1544 2201 1746 2257 remis-

110 2298 322 2353 sionem
353 2302 702 2354 cunctorum
728 2295 920 2350 tribue
940 2298 1329 2365 peccatorum,
1356 2298 1418 2347 ut
1440 2290 1747 2363 indulgen-

108 2387 261 2459 tiam,
274 2404 453 2459 quam
470 2401 700 2457 semper
711 2387 1077 2456 optaverunt,
1094 2382 1207 2454 piis
1221 2380 1748 2455 supplicationibus

107 2480 556 2543 consequantur.
587 2474 714 2529 Per.

170 2564 402 2621 Secreta.
431 2562 689 2630 Hostias,
720 2577 1081 2633 qumsumus,
1130 2558 1390 2624 nomine,
1445 2574 1591 2629 quas
1642 2557 1746 2612 tibi

104 2670 201 2724 pro
232 2653 547 2709 animabus
588 2650 940 2707 famulorum
990 2648 1463 2718 famularumque
1511 2650 1746 2702 tuarum

102 2741 203 2810 ill.,
236 2742 563 2807 etl'erimus,
598 2739 946 2812 prepitiatus
976 2738 1232 2804 intende,
1260 2741 1324 2791 ut
1368 2735 1586 2807 quibus
1611 2734 1747 2790 ﬁdei

101 2830 449 2887 Christiana:
479 2828 751 2884 meritum
785 2826 1105 2893 contulisti,
1133 2827 1315 2881 dones
1340 2830 1397 2879 et
1417 2823 1743 2896 praemium.

99 2920 220 2976 Per.

162 3006 631 3062 Postcommunio.
674 3004 1019 3069 Animabus,
1072 3019 1434 3074 quaesumus,
1481 3002 1745 3069 Domine,

93 3095 463 3151 famulorum
502 3091 972 3163 famularumque
1001 3097 1236 3146 tuarum
1265 3092 1368 3159 i11.,
1403 3092 1585 3148 oratio
1612 3109 1748 3163 pro-

1860 541 1991 579 rum
2022 539 2264 596 corpora
2295 522 2351 578 in
2379 522 2486 578 hoc
2510 521 2865 578 monasterio
2887 524 2944 576 et
2965 520 3023 576 in
3046 522 3270 577 cunctis
3292 522 3500 580 cmme-

1859 612 2022 669 teriis
2036 612 2295 668 fidelium
2310 610 2706 684 requiescunt,
2727 609 3134 666 remissionem
3157 615 3500 668 cunctorum

1858 702 2049 757 tribue
2080 705 2469 774 peccatorum.
2504 700 2629 755 Per.

2125 790 2240 862 (30)
2273 803 2331 844 IN
2360 803 2783 844 TRANSLATIONE
2813 798 3008 843 SANCTI
3038 788 3238 843 minet.

1930 884 2103 944 Deus,
2124 879 2225 950 qui
2244 878 2413 933 nobis
2429 894 2532 949 per
2548 876 2940 932 ministerium
2958 875 3111 931 beati
3130 873 3309 931 Marci
3326 888 3501 931 evan-

1858 967 2074 1040 gelistze
2106 972 2165 1023 et
2194 966 2468 1038 martyris
2494 967 2579 1021 tui
2602 966 2903 1021 veritatem
2925 962 3217 1035 Evangelii
3240 962 3503 1035 patefieri

1858 1056 2115 1123 voluisti,
2146 1057 2414 1123 concede,
2446 1068 2807 1126 quaesumus,
2842 1056 2909 1109 ut
2939 1051 3094 1124 quod
3128 1052 3201 1108 ab
3224 1050 3384 1108 illius
3404 1058 3502 1108 ore

1859 1144 2195 1210 didicimus,
2223 1145 2412 1216 gratia
2440 1146 2541 1199 tua
2569 1142 2752 1214 adjuti
2786 1143 3010 1214 operari
3031 1140 3349 1197 valeamﬂs.
3374 1138 3501 1198 Per.

1931 1234 2162 1289 Secreta.
2198 1234 2323 1287 Haec
2347 1249 2451 1287 nos
2467 1232 2704 1299 oblatio,
2727 1231 2903 1299 Deus,
2926 1231 3316 1286 intercedente
3331 1229 3503 1286 beato

1858 1322 2051 1378 Marco
2080 1320 2435 1394 evangelista
2453 1326 2574 1387 tuo,
2600 1320 2844 1375 mundet
2863 1322 2920 1375 et
2936 1321 3190 1388 renovet,
3215 1313 3501 1391 gubernet

1858 1417 1916 1467 et
1947 1414 2229 1483 protegat,
2262 1414 2320 1466 et
2350 1410 2422 1466 ad
2452 1408 2706 1465 cmlestis
2736 1409 2936 1481 patria:
2968 1423 3147 1482 regna
3198 1402 3499 1480 perducat.

1859 1501 1984 1554 Per.

1930 1590 2273 1644 Communia.
2335 1587 2635 1659 Sumptis,
2694 1585 2969 1653 Domine,
3029 1583 3199 1641 donis
3251 1570 3502 1641 cmlestis

1858 1678 2119 1750 mysterii
2174 1675 2476 1732 humiliter
2530 1668 2931 1748 deprecamur,
2993 1678 3058 1730 ut
3107 1666 3503 1747 intercedente

1856 1769 2025 1823 beato
2058 1766 2250 1822 Marco
2282 1763 2635 1836 evangelista
2664 1767 2721 1819 et
2749 1766 3002 1836 martyre
3030 1766 3153 1833 tuo,
3187 1762 3245 1818 et
3276 1756 3502 1835 tempe-

1853 1856 1993 1911 ralis
2022 1850 2148 1910 vitae
2182 1870 2290 1910 nos
2316 1853 2495 1909 facias
2522 1869 2661 1925 pace
2692 1852 2967 1926 gaudere,
3001 1852 3059 1909 et
3088 1848 3312 1909 eterna
3344 1847 3503 1924 tepe-

1855 1945 1968 2000 rire
1999 1944 2353 1999 subsidium.
2388 1942 2512 1998 Per.

2519 2045 2820 2087 ΛΡΡΕΝΟΙΧ.

1928 2120 2187 2187 Custodi,
2222 2120 2416 2187 frater,
2448 2123 2670 2175 vestem
2703 2119 2853 2174 hanc
2874 2120 3137 2175 sanctam
3159 2116 3339 2189 quam
3363 2112 3504 2174 ante

1856 2209 2111 2266 tribunal
2135 2209 2364 2263 Domini
2389 2208 2573 2263 nostri
2592 2206 2730 2262 Jesu
2751 2205 2965 2262 Christi
2986 2205 3113 2261 sine
3133 2203 3364 2261 macula
3372 2221 3504 2279 pro-

1856 2300 2007 2356 feras
2038 2315 2140 2371 per
2166 2297 2439 2352 virtutem
2472 2300 2529 2351 et
2559 2293 3021 2351 misericordiam
3059 2293 3346 2365 ejusdem,
3397 2292 3499 2365 qui

1856 2405 1989 2444 cum
2021 2392 2304 2443 coaeterno
2336 2386 2501 2441 Patre
2526 2390 2585 2440 et
2612 2383 2825 2455 Spiritu
2874 2385 3075 2439 sancto
3122 2382 3263 2438 vivit
3309 2380 3366 2438 et
3412 2378 3501 2436 re-

1856 2482 2014 2550 gnat
3442 2534 3445 2537 _

1928 2558 2238 2621 Precamur
2270 2567 2342 2626 te,
2381 2560 2637 2627 Domine,
2666 2564 2732 2616 ut
2759 2558 3149 2616 intercedente“
3176 2554 3365 2615 beato
3396 2552 3500 2614 Be-

1857 2654 2085 2711 nedicto
2102 2652 2430 2708 confessore
2447 2656 2566 2720 tuo,
2585 2646 2723 2704 huic
2740 2648 2957 2725 famulo
2972 2651 3094 2716 tuo,
3112 2645 3212 2725 cui
3233 2640 3503 2703 habitum
3526 2676 3543 2687 ο

1857 2748 2070 2799 sanctae
2093 2740 2391 2812 religionis
2415 2732 2793 2811 imponimus,
2815 2722 3240 2809 indulgentiam
3274 2727 3504 2801 tribuas

1857 2849 2098 2889 suorum
2129 2830 2392 2887 omnium
2426 2831 2816 2899 peccatorum,
2849 2828 2995 2897 opus
3025 2825 3155 2898 ejus
3183 2823 3243 2880 in
3280 2824 3503 2905 bonum

1857 2921 2143 2994 perticias,
2180 2917 2639 2975 misericordiam
2669 2919 2833 2972 tuam
2873 2916 2931 2970 et
2977 2912 3226 2986 gratiam
3269 2910 3321 2968 ei
3365 2908 3504 2968 con-

1857 3010 2048 3074 cedas,
2082 3008 2215 3074 ﬁde,
2250 3023 2352 3078 spe
2381 3011 2440 3061 et
2470 3004 2752 3061 charitate
2781 3019 2916 3081 eum
2948 3002 3213 3075 repleas,
3245 2995 3504 3073 mentem

1856 3098 1907 3153 ei
1933 3099 2003 3152 ad
2037 3096 2294 3152 coelestia
2322 3093 2613 3150 desideria
2643 3093 2855 3165 erigas,
2882 3091 2953 3145 ab
2972 3089 3133 3145 omni
3154 3086 3504 3146 adversitate

93 3187 251 3241 flciat
281 3180 775 3255 supplicantium,
807 3186 872 3235 ut
920 3196 1019 3235 eas
1065 3183 1122 3235 et
1169 3196 1203 3235 a
1247 3180 1499 3252 peccatis
1546 3196 1746 3247 exuas,
1777 3171 1821 3238 C
1857 3201 1992 3241 eum
2024 3185 2328 3247 defendas.
2357 3186 2414 3237 et
2443 3182 2516 3237 ad
2566 3181 2781 3236 bonam
2834 3174 3324 3251 perseverantiam
3368 3172 3504 3233 eum

94 3279 148 3328 et
175 3279 292 3328 tua:
327 3268 752 3341 redemptionis
783 3268 962 3324 facias
990 3284 1118 3323 esse
1149 3269 1480 3340 participes.
1516 3267 1639 3323 Per.

95 3348 263 3418 MISSA
295 3378 353 3416 IN
386 3368 665 3414 HONOREM
697 3372 931 3413 OMNIUM
965 3372 1307 3411 SANCTORUM
1340 3372 1449 3411 PRO
1486 3373 1636 3411 VIVlS
1684 3373 1751 3410 ET

760 3462 1091 3502 DEFUNCTIS.

162 3541 516 3595 Sanctorum
548 3543 783 3593 tuorum
815 3534 1353 3601 intercessionibus,
1386 3549 1747 3605 quaesumus,

96 3630 360 3695 Domine,
396 3626 585 3699 gratia
612 3630 716 3680 tua
746 3638 852 3678 nos
882 3627 1140 3695 protege,
1172 3625 1230 3676 et
1258 3622 1496 3676 famulis
1538 3621 1625 3676 vel
1666 3623 1748 3677 fa-

96 3704 376 3772 mulabus
410 3714 552 3778 tuis,
582 3729 832 3787 quorum
856 3710 1471 3766 commemorationem
1495 3711 1749 3783 agimus,

94 3812 148 3861 et
178 3820 445 3878 quorum
471 3801 867 3873 eleemosynas
898 3799 1247 3871 recepimus,
1281 3815 1384 3854 seu
1434 3798 1609 3864 etiam
1657 3798 1751 3855 his

96 3894 195 3965 qui
229 3892 410 3949 nobis
459 3888 854 3946 familiaritate
903 3893 961 3944 et
1008 3886 1516 3960 consanguinitate
1557 3886 1749 3958 juncti

94 3987 255 4048 sunt,
289 3977 761 4036 misericordiam
796 3981 961 4032 tuam
993 3976 1211 4047 ubique
1242 3977 1543 4047 protende,
1576 3978 1641 4029 ut
1677 3975 1749 4030 ab

94 4071 252 4126 omni
288 4066 739 4140 impugnatione
771 4064 991 4120 defensi
1012 4069 1114 4119 tua
1134 4064 1511 4135 opitulatione
1533 4063 1753 4119 salven-

92 4165 204 4214 tur.
240 4154 314 4214 Et
348 4156 583 4233 animas
616 4153 966 4208 famulorum
996 4152 1467 4224 famularumque
1514 4157 1775 4208 tuarum<

94 4232 370 4303 omnium
403 4228 670 4298 videlicet
698 4240 959 4296 ﬁdelium
1010 4239 1426 4296 catholicorum
1476 4241 1749 4297 orthodo-

160 4352 279 4425 (30)
313 4349 412 4425 Ab‘
451 4348 842 4425 _miss_a,_quze
889 4350 978 4425 est
1026 4345 1083 4400 in
1116 4345 1518 4425 translatione
1566 4347 1751 4425 sancti

94 4416 292 4491 Marci,
327 4419 571 4476 initium
605 4416 780 4491 habet
802 4416 1295 4491 postremahujus
1313 4418 1751 4491 sacramentarii

93 4486 429 4570 Appendix1
443 4490 657 4570 __Sanc_ti
689 4486 1063 4570 evangelista.
1086 4486 1262 4570 Μεμξοί
1284 4488 1541 4570 corporis
1561 4494 1753 4570 tr_a_ns-

96 4558 235 4621 latio
272 4563 557 4622 recolitur
586 4563 678 4617 die
706 4562 770 4616 31
805 4558 1090 4626 Januarii,
1122 4565 1178 4614 et
1203 4558 1454 4614 habetur
1500 4559 1557 4613 in
1607 4560 1755 4614 Mar-

97 4637 391 4710 tyrologio
427 4635 688 4710 Romano
714 4632 867 4710 etin
888 4631 1031 4710 aliis
1061 4629 1469 4710 ecclesiasticis
1516 4629 1754 4710 tabulis.

96 4700 478 4783 Augustinus
508 4704 730 4783 Calmet
758 4704 979 4774 (Hister.
1014 4703 1254 4783 univcrs.
1365 4700 1637 4783 IY,_.ca.p_..
1668 4703 1757 4783 54)

99 4772 445 4851 opinionem
471 4776 636 4851 ail'ert
658 4772 913 4851 illorum,
939 4773 1040 4845 qui
1062 4772 1424 4851 contendunt
1444 4772 1558 4827 divi
1582 4772 1759 4851 Marci

99 4843 317 4923 corpus
336 4848 613 4923 Venetiae
630 4843 980 4923 translatum
1004 4844 1113 4923 sub
1140 4845 1319 4923 Leone
1336 4844 1589 4923 Armeno
1608 4843 1761 4923 circa

98 4914 325 4977 annum
354 4922 487 4975 815.
505 4918 654 4973 Illud
676 4934 778 4989 pro
795 4921 948 4989 certe
968 4915 1303 4989 habendum
1324 4931 1475 4989 anno
1489 4914 1761 4989 87Qhanc

98 4986 693 5061 translationemjam
717 4988 1049 5061 contigisse,
1073 4992 1128 5061 et
1148 4986 1382 5061 Venetis
1400 4986 1760 5061 custoditum

100 5057 701 5147 fuisseejusnsac'r'um
726 5057 1068 5147 corpushlta
1089 5057 1762 5147 Seruarduspmonachus

98 5138 250 5217 apud
291 5128 705 5214 Mabillonium
740 5128 870 5215 (Act.
907 5130 998 5184 SS.
1032 5135 1074 5183 t.
1111 5128 1527 5210 1V,.cap..54).
1581 5128 1762 5183 Baro-

100 5200 1763 5275 musmeminithUJustestivaetranslationissubannoSZO

100 5280 179 5404 gl.
227 5280 328 5347 22)
358 5280 442 5358 .et
464 5270 645 5356 .circa
689 5272 811 5328 inec
858 5278 977 5327 tem
987 5287 1126 5353 pora
1177 5272 1391 5354 tactam
1442 5270 1761 5326 contendit.

143 5343 1208 5404 ollandianihuicadbaarentopmiom
1230 5359 1291 5396 ιη
1312 5340 1484 5397 titulo
1507 5342 1587 5397 De
1603 5342 1761 5397 cultu

143 5340 480 5415 ollandiani
494 5345 629 5401 huic
642 5343 938 5400 adhaerent
949 5340 1208 5415 opinioni
1229 5342 1291 5415 in
1312 5340 1484 5415 titulo
1507 5342 1764 5415 Degcultu

101 5412 296 5475 sancti
331 5417 539 5482 Marci,
567 5416 664 5488 qui
698 5416 914 5488 pariter
947 5412 1202 5488 referunt
1228 5413 1537 5488 historiam
1567 5412 1765 5488 hujus

97 5489 524 5547 translationis
554 5484 622 5541 ei
651 5484 847 5541 codice
877 5501 988 5539 ms.
1041 5484 1405 5540 bibliotheca
1451 5484 1764 5551 Vaticana,

100 5562 290 5620 relato
325 5561 508 5616 etiam
541 5575 574 5614 a
600 5555 844 5630 Baronio
878 5556 935 5610 in
965 5554 1090 5630 suis
1122 5555 1274 5630 notis
1307 5556 1378 5630 ad
1425 5553 1765 5630 Martyrolo-

98 5635 297 5721 gium,
326 5648 403 5692 ex
435 5646 551 5706 quo
583 5628 777 5687 codice
807 5625 1112 5687 translatio
1141 5624 1245 5686 illa
1273 5626 1525 5687 refertur
1562 5624 1635 5686 ad
1665 5643 1766 5689 an-

441 5757 707 5823 Puaon.
751 5752 892 5820 CLI.

1858 3274 2163 3346 perducas.
2199 3271 2323 3325 Per.

1965 3379 2023 3417 IN
2048 3374 2493 3416 CIRCUMCXSIONE
2523 3373 2728 3413 DOMINI
2761 3368 2965 3411 NOSTRI
2994 3358 3130 3410 JESU
3152 3350 3397 3410 CHRISTI.

1931 3452 2010 3521 (1)
2035 3450 2141 3504 Per
2163 3447 2461 3504 Christum
2486 3447 2796 3502 Dominum
2821 3448 3109 3500 nostrum.
3132 3440 3313 3513 Cujus
3336 3440 3510 3498 hodie

1858 3536 2324 3594 circumcisionis
2362 3535 2517 3590 diem
2566 3539 2623 3590 et
2671 3532 2992 3589 nativitatis
3038 3534 3307 3587 octavum
3355 3528 3510 3586 cele-

1860 3629 2115 3695 brantes,
2149 3630 2268 3692 tua,
2303 3623 2565 3692 Domine,
2615 3621 2907 3678 mirabilia
2952 3620 3321 3687 veneramur,
3370 3615 3510 3691 quia

1861 3733 1987 3788 quae
2020 3714 2264 3787 peperit,
2289 3718 2347 3769 et
2374 3712 2570 3785 Virgo,
2606 3715 2663 3767 et
2687 3712 2870 3767 Mater
2894 3712 3002 3777 est,
3028 3710 3128 3783 qui
3151 3708 3325 3765 natus
3345 3702 3511 3788 estet

1860 3784 2151 3869 Deus—est,
2180 3802 2387 3857 merito
2418 3784 2545 3856 cceli
2576 3800 2753 3856 locuti
2785 3802 2946 3866 sunt,
2978 3797 3170 3872 angeli
3203 3784 3505 3870 gratulati,

1860 3898 2124 3967 pastores
2155 3890 2349 3959 lmtati,
2382 3890 2540 3963 magi
2572 3888 2805 3956 mutati,
2831 3894 2999 3961 reges
3019 3885 3269 3954 turbati,
3283 3880 3510 3958 parvuli

1860 3981 2113 4055 gloriosa
2145 3982 2412 4051 passione
2441 3978 2720 4035 coronati.
2753 3977 2824 4033 Et
2848 3977 2978 4032 ideo
3008 3990 3143 4032 cum
3188 3972 3433 4048 angelis.
3500 3994 3503 3997 ·

2208 4085 2266 4124 IN
2294 4082 2574 4124 TRANSITU
2605 4082 2803 4122 SANCTI
2843 4080 3159 4120 BENEDICI‘I.

1932 4159 2258 4231 (1)1Eterne
2288 4157 2462 4213 Deus.
2498 4156 2564 4210 Et
2588 4154 2834 4227 gloriam
2865 4154 3029 4210 tuam
3074 4150 3330 4224 profusis
3378 4150 3511 4222 pre;

1861 4248 2028 4304 cibus
2052 4262 2308 4312 exorare,
2343 4249 2406 4300 ut
2436 4243 2536 4316 qui
2558 4243 2712 4300 beati
2734 4241 3031 4299 Benedicti
3054 4237 3404 4297 confessoris
3426 4237 3518 4293 tui

1862 4368 2002 4408 num
2034 4353 2158 4406 820.
2192 4348 2516 4405 Sabellicus
2548 4351 2666 4404 stat
2708 4365 2811 4415 pro
2861 4363 3014 4402 anno
3063 4344 3189 4412 831,
3236 4340 3515 4415 regnante

1862 4423 2121 4498 venetiis
2151 4421 2486 4498 Justiniano
2519 4421 2687 4498 duce.
2708 4411 2947 4498 Platina
2974 4411 3515 4498 hujus-translatio:

1866 4495 1957 4550 nis
1990 4494 2259 4549 meminit
2288 4493 2398 4547 sub
2431 4491 2782 4564 pontiﬁcatu
2808 4480 3074 4564 Gregorii
3096 4485 3290 4564 [liqui
3312 4480 3521 4564 sedere

1867 4566 2040 4637 cmpit
2068 4580 2221 4637 anno
2251 4565 2378 4637 8235,
2408 4555 2554 4637 etin
2587 4555 3275 4637 pontiﬁcatu'vixitannis
3297 4571 3396 4610 sex
3416 4555 3515 4636 de-

1867 4625 2001 4692 cim.
2034 4636 2141 4690 Sed
2175 4651 2307 4690 cum
2332 4625 2704 4689 J’ustinianus
2734 4632 2907 4687 fuerit
2935 4631 3054 4686 dux
3072 4629 3326 4684 Venetus
3347 4625 3518 4683 annis

1867 4712 2095 4763 tantum
2128 4706 2380 4775 duobus,
2414 4704 2746 4760 necessario
2777 4703 2899 4775 haec
2930 4698 3236 4775 translatio
3284 4693 3526 4769 ﬁgenda"

1867 4784 1958 4834 est
1973 4777 2063 4832 vel
2087 4778 2159 4831 ad
2179 4794 2257 4841 1v,
2271 4772 2454 4831 vel’ad
2472 4793 2505 4831 v
2526 4791 2747 4830 annum
2770 4772 3133 4845 Gregorii,_et
3153 4778 3517 4845 consequen-

1867 4854 1957 4905 ter
1983 4850 2054 4904 ad
2089 4839 2308 4903 annum
2338 4847 2432 4901 834
2470 4846 2559 4901 vel
2588 4846 2711 4901 832.
2743 4839 3030 4901 Antonius
3061 4842 3273 4914 Pagius
3305 4839 3372 4914 in
3385 4839 3516 4914 _cri~

1869 4920 2004 4975 ticis
2050 4920 2203 4974 notis
2235 4918 2329 4989 (ad
2362 4936 2455 4972 an.
2490 4920 2705 4989 820,7n.
2756 4917 2833 4989 9),
2868 4911 3173 4989 Antonius
3220 4911 3520 4989 Sandinus

1872 4992 1930 5046 in
1963 5008 2069 5046 sua
2101 4982 2352 5061 Historia
2379 4987 2711 5061 Apostolica
2854 4987 2909 5042 S.
2954 4985 3169 5061 Μαεςο),
3203 4988 3279 5061 _et_
3322 4982 3520 5061 novis-

1872 5063 2018 5118 sime
2049 5054 2485 5116 eruditissimus
2506 5054 3015 5115 senator‘Venetus
3036 5054 3358 5113 Flaminius
3383 5054 3524 5109 Cor-

1872 5133 2064 5189 nelius
2093 5132 2150 5186 in
2187 5130 2654 5204 elaboratissimo
2690 5146 2869 5204 epere
2915 5130 3216 5204 (Dac._xn_1,
3240 5143 3301 5199 p.
3336 5126 3398 5196 1)
3437 5124 3520 5179 De

1871 5204 2108 5260 Venetis
2136 5201 2428 5274 Ecclesiis,
2460 5207 2643 5275 agunt
2672 5197 2753 5275 de.
2773 5200 2882 5256 hac
2910 5197 3322 5275 translatione.
3368 5263 3403 5275 Η

1944 5276 2146 5348 Hujus
2163 5274 2293 5329 festi
2327 5267 2667 5348 propagatio
2690 5272 2749 5327 in
2772 5270 3090 5348 monachos
3105 5267 3520 5348 Benedictinos

1874 5338 2192 5418 rejicivenda
2216 5338 2735 5418 est-ad:te'_mpora
2776 5342 2976 5418 sancti
3013 5340 3173 5418 Petri
3228 5338 3539 5418 Damiani,‘

1876 5405 2428 5488 quandoAppendix
2440 5405 2817 5488 huicmissali
2839 5412 2994 5488 libro
3008 5412 3159 5468 facta
3178 5410 3284 5488 est,
3304 5405 3525 5488 quique

1874 5479 2049 5543 etiam
2085 5479 2385 5542 sermones
2416 5486 2622 5541 habuit
2650 5487 2712 5555 (t.
2744 5484 2817 5556 11,
2849 5501 2908 5556 p.
2935 5484 3024 5556 3|,
3057 5487 3190 5552 etc.)
3219 5479 3278 5533 in
3307 5479 3525 5556 festivo

1877 5560 2007 5641 ejus
2032 5558 2124 5641 die
2143 5560 2211 5641 (t.
2236 5557 2307 5625 II,
2332 5574 2388 5632 p.
2409 5556 2470 5615 3t
2486 5597 2501 5627 ,
2528 5547 2687 5627 etc),
2702 5547 2898 5612 ubi'd'e
2918 5547 3123 5612 eadem
3142 5547 3527 5613 translatione

1875 5628 2052 5690 verba
2081 5628 2237 5690 facit.
