3896 6216
361 282 482 344 879

364 431 462 470 nos
495 415 1369 498 npminasanctiHApOIIinaris,
1401 413 1583 498 sancti
1612 414 1905 498 Laurentii
1951 419 2008 468 et
2037 419 2089 482 Α

359 487 549 558 sancti
582 486 872 542 Benedicti
905 485 1263 558 adjiciuntur
1309 485 2008 558 nominibusqarcbange-

359 555 550 637 lorum
582 555 1082 637 et_apostol_or1im.
1101 557 1630 637 Sacramentariu'm
1665 555 1842 637 bocce
1873 555 2009 637 con-

358 628 510 684 tinet
538 627 800 686 ordinem
833 630 905 684 ad
937 630 1422 685 catechumenum
1469 627 1824 693 faciendum,
1856 627 2009 684 ordi-

359 716 514 774 nem
546 700 943 774 baptismatis!
967 701 1039 756 ad
1099 700 1584 774 succurendum,_
1615 698 1881 774 ordinem
1924 698 2010 774 _ad

402 769 764 828 (enitentiam
795 772 1070 840 dandam,
1105 771 1366 826 ordinem
1421 771 1491 824 ad
1537 769 1891 840 visitandum
1922 769 2011 824 in-

402 788 764 828 cennentiam
795 788 1070 840 cannam,
1105 788 1366 826 ormnem
1421 788 1491 824 aa
1537 788 1891 826 Visnanoum
1922 788 2008 824 1n-

361 788 622 912 lirmum,
655 849 714 900 et
745 844 961 899 denum
993 842 1256 898 ordinem
1290 842 1374 913 ad,
1396 839 1761 913 sepulturam
1803 841 2008 896 defun-

363 911 614 985 ctorum.
659 915 811 970 Ordo
858 930 1091 985 quoque
1140 914 1212 985 in
1247 929 1314 968 eo
1365 911 1614 985 habetur
1661 914 1733 966 ad
1783 928 2010 985 sacram

363 983 664 1058 liturgiam
696 983 1115 1058 peragendam;
1149 984 1365 1058 adsunt
1415 988 1472 1058 et
1522 983 1714 1058 missae
1741 983 2010 1058 quaedam

364 1072 432 1112 ac
463 1053 765 1128 orationes
784 1053 888 1128 pr'o
916 1055 1092 1111 variis
1119 1053 1590 1128 necessitatibus,
1614 1053 1740 1128 alia:
1762 1053 1839 1128 de
1856 1071 2007 1128 com-

366 1127 664 1194 munibus,
696 1125 820 1183 επιἰὶίέ
848 1127 1087 1184 demum
1119 1143 1222 1200 pro
1259 1126 1436 1182 variis
1465 1125 1780 1198 generibus
1809 1125 2012 1182 delun-

371 1202 618 1254 ctorum.

433 1269 694 1326 Tertium
727 1269 980 1341 denique
1028 1274 1117 1326 est
1169 1269 1499 1326 breviarum
1532 1268 1703 1341 cujus
1751 1266 1962 1324 titulus
1995 1283 2008 1341 ξ

360 1342 561 1412 Incipit
607 1342 853 1413 o/ﬁcium
883 1338 1165 1413 breviarii
1207 1341 1504 1413 secundum
1535 1338 2014 1413 _ordinem_eremi

359 1409 578 1470 Sanctae
605 1409 796 1470 Crucis
826 1414 1008 1468 Fontis
1036 1412 1331 1468 Avellana'.
1367 1409 1725 1483 Incipituab_
1744 1409 2010 1483 Adventu

358 1483 610 1538 Domini.
645 1484 945 1558 Leguntur
974 1483 1176 1554 hymni
1209 1482 1432 1555 antiqui
1467 1479 1524 1536 in
1555 1480 1648 1537 die
1681 1479 2011 1536 Nativitatis

1571 280 1758 344 SEC.
1803 279 1882 344 XI
1929 277 2212 343 MONUM
2257 277 2562 344 LlTURG.

3653 279 3784 366 899

2123 413 2456 486 Dominiczn,
2488 414 2549 486 in
2581 413 2770 469 Natali
2801 413 2982 486 sancti
3005 414 3246 486 Andreze
3273 413 3546 486 apostoli,
3581 415 3780 470 sancti

2123 484 2417 540 Benedicti
2449 485 2767 554 abbatis,in
2801 485 3004 541 festivo
3036 485 3129 540 die
3166 484 3523 540 Inventionis
3552 490 3784 542 sancte

2119 555 2340 625 Crucis,
2367 555 2430 629 in
2463 555 2606 629 aliis
2626 556 2813 629 festis
2837 555 3233 629 apostolorum
3263 555 3452 629 _Petri_
3475 560 3536 613 et
3584 555 3785 623 Pauli,

2121 632 2332 700 sancite
2365 626 2558 700 Mariae
2590 626 3410 700 Magdalenaa,Assumptionis
3442 627 3628 684 beatze
3661 629 3789 685 Ma-

2125 699 2219 772 rin’
2251 697 2514 772 Virginis
2542 703 2602 754 et
2632 697 2814 754 sa'ncti
2867 698 3141 772 Martini.
3172 697 3478 772 Orationes
3526 700 3784 772 propria:

2120 767 2412 844 habentur
2440 771 2510 826 de
2541 775 2744 844 sancto
2773 767 3784 844 Ambrosio,Zenone,Syro,Blasio,

2121 841 2398 914 Gregorio
2445 858 2512 896 ac
2557 841 2881 914 zEmygdio.
2917 839 3786 914 _ls,celebratnripotissimum

2121 913 2178 967 in
2242 912 2385 967 urbe
2432 912 2751 968 Asculanai
2803 912 3061 970 Ecclesia
3109 912 3308 970 Sancti
3374 912 3602 978 Hilarii,
3660 913 3790 971 alia

2121 984 2344 1056 Sanctae
2371 983 2571 1039 Crucis
2600 985 2662 1056 in
2685 1001 2752 1040 ea
2775 985 2916 1040 urbe
2939 989 3116 1056 erant
3124 983 3282 1056 juris
3296 983 3785 1042 Avellanensium

2121 1053 2562 1128 monachorum.
2596 1055 2676 1110 De
2706 1060 2905 1111 sancto
2935 1053 3289 1128 Apollinare,
3322 1071 3500 1126 quem
3539 1073 3788 1128 summa

2122 1125 2400 1198 religione
2429 1125 2739 1198 coluerunt
2769 1125 3002 1198 semper
3039 1125 3474 1195 Avellanenses,
3506 1125 3780 1198 officium

2121 1196 2414 1278 integrum
2450 1197 2752 1278 propriunrnn
2773 1196 3342 1278 .legit_ur._Post_remo
3356 1199 3431 1278 in
3463 1197 3622 1278 calce
3652 1199 3788 1278 bro:-

2119 1267 2285 1323 viarii
2319 1267 2893 1344 reperitnnofiicium
2920 1270 3099 1344 beatas
3131 1267 3325 1325 Maria:
3356 1268 3638 1344 Virginis.
3661 1272 3782 1327 Sed

2122 1339 2395 1412 excerpta
2443 1339 2570 1412 ipsa
2617 1340 2674 1395 in
2710 1341 2990 1412 rmedium
3019 1341 3358 1409 efferamus,
3389 1339 3786 1398 iis'nimirum

2121 1409 2396 1485 omnibus
2431 1409 2861 1485 pjrzeterm_iss_i_s,
2895 1429 3022 1485 qua:
3053 1415 3285 1467 exstant
3321 1412 3383 1467 in
3433 1412 3610 1468 editis
3642 1414 3786 1468 mis-

2121 1481 2345 1537 salibus
2375 1481 2516 1537 etin
2551 1483 2868 1538 broviariis.

1264 1769 1640 1826 EXCERPTA
1676 1768 1768 1824 EX
1809 1767 2038 1824 PRIMO
2079 1765 2329 1822 CODICE
2363 1767 2873 1825 AVELLANENSI.

717 2015 880 2059 ΡΕΒῙΔ
919 2019 1164 2065 QUARTA.
1197 2019 1382 2058 CAPUT
1419 2017 1657 2057 JEJUNII.

683 2093 924 2149 Collecta
952 2091 1022 2147 ad
1049 2095 1297 2148 sanctam
1325 2092 1688 2146 Anastasiam.

429 2186 491 2240 In
516 2183 718 2254 primis
746 2197 872 2238 vero
903 2180 1200 2237 benedictio
1228 2182 1450 2236 cineris.

429 2271 812 2344 Omnipotens
861 2270 1220 2341 sempiterno
1266 2269 1440 2336 Deus,
1491 2273 1602 2324 etc.
1659 2269 1782 2322 Haec
1829 2268 2013 2338 prima

365 2363 541 2419 oratio
567 2363 646 2416 est
673 2359 858 2416 eadem
883 2375 1005 2431 qua:
1033 2359 1260 2414 habetur
1295 2359 1353 2413 in
1405 2357 1584 2413 editis.

397 2436 556 2508 .Alia
613 2452 808 2506 oratio.
869 2448 1127 2505 Concede
1175 2445 1364 2513 nobis,
1416 2445 1680 2512 Domine,
1743 2443 2014 2518 praesidia

358 2539 578 2598 militiae
608 2538 950 2595 Christiana
977 2537 1193 2593 sanctis
1215 2536 1490 2591 inchoare
1511 2534 1852 2606 jejuniis,ut
1873 2550 2008 2590 con-

359 2634 451 2686 tra
471 2626 809 2701 spirituales
830 2625 1124 2698 nequitias
1147 2623 1464 2697 pugnaturi
1487 2622 1860 2678 continentiae
1882 2639 2010 2677 mu-

359 2716 596 2774 niamur
622 2714 875 2772 anxillis.
907 2713 1031 2769 Per.

429 2807 576 2862 Alia.
611 2809 763 2860 Deus
795 2800 1192 2874 indulgentiae,
1226 2805 1378 2857 Deus
1409 2799 1643 2874 pietatis
1686 2805 1744 2856 et
1776 2799 2011 2855 miseri-

367 2893 598 2959 cordia,
629 2892 732 2964 qui
767 2889 1062 2954 Ninivitis,
1095 2891 1288 2945 cinere
1333 2894 1390 2945 et
1435 2888 1623 2945 cilicio
1664 2887 1909 2954 indutis,
1955 2894 2013 2944 et

365 2979 830 3038 misericordiam
850 2983 1014 3036 tuam
1037 2978 1429 3035 clamantibus
1451 2976 2010 3045 subvenisti,exaudi

364 3088 472 3128 nos
498 3069 786 3144 propitius
816 3067 1136 3124 clamantes
1183 3067 1254 3123 ad
1305 3070 1381 3135 te,
1415 3071 1472 3122 et
1501 3066 1650 3122 hanc
1680 3070 2008 3122 creaturam

361 3160 596 3229 cineris,
627 3175 744 3232 quo
788 3160 1140 3230 peccatores,
1174 3155 1597 3229 indulgentiam
1648 3161 1762 3212 tute
1795 3159 2008 3212 sanctae

358 3247 772 3306 misericordia
809 3245 1208 3319 implorantes,
1245 3248 1514 3309 utuntur,
1559 3243 1920 3309 benedicere,
1950 3247 2010 3299 et

2035 2001 2084 2066 B
2115 2015 2285 2071 usque
2312 1999 2382 2054 ad
2418 2001 2596 2055 locum
2624 2001 2962 2072 palmarum,
2996 2001 3096 2057 ubi
3138 1999 3440 2072 antiphona
3487 2008 3540 2056 et
3592 2017 3786 2059 versus

2126 2087 2284 2144 Unus
2313 2095 2509 2144 autem
2537 2091 2716 2159 ﬁnito,
2747 2097 2800 2146 et
2828 2089 3058 2161 repetito
3089 2089 3172 2146 Ne
3213 2089 3382 2158 forte,
3411 2090 3786 2149 subdiaconus

2119 2193 2304 2232 versus
2354 2194 2519 2250 super
2563 2179 2787 2234 titulum
2831 2178 2901 2234 ad
2946 2180 3213 2235 orientem
3249 2180 3450 2252 incipit
3492 2181 3788 2237 lectionem

2121 2265 2305 2322 Dicite
2353 2266 2484 2320 tiliae
2535 2266 2694 2322 Sion.
2743 2268 2858 2336 Qua
2899 2268 3056 2338 ﬁnita
3101 2272 3350 2324 cantetur
3397 2268 3464 2324 R.
3499 2268 3776 2330 Christus

2123 2354 2310 2409 factus
2367 2358 2473 2410 ost.
2529 2355 2731 2411 Deinde
2785 2355 3050 2412 diaconus
3103 2371 3290 2412 versus
3343 2356 3413 2412 ad
3459 2358 3784 2430 aquilonem

2120 2445 2351 2516 incipiat
2399 2443 2758 2512 Evangelia-in
2807 2463 2821 2500 :
2871 2445 3015 2500 Cum
3064 2445 3620 2518 appropinquasset.
3665 2447 3783 2515 Quo

2119 2532 2275 2602 ﬁnito
2321 2532 2713 2588 benedicuntur
2754 2533 2956 2605 palmae
2997 2536 3047 2588 et
3096 2534 3252 2590 oliva:
3299 2552 3335 2589 a
3379 2535 3660 2592 sacerdote
3705 2535 3784 2591 ad

2119 2622 2385 2676 orientem
2415 2637 2566 2676 verso
2599 2639 2618 2676 .-

2191 2708 2476 2765 Dominus
2503 2709 2828 2766 vobiscum.
2865 2743 2931 2752 —
2963 2711 3231 2770 Oremus.
3253 2713 3414 2786 Auge
3435 2711 3638 2781 ﬁdem,
3663 2717 3777 2770 etc.

2119 2800 2217 2854 llic
2258 2802 2544 2870 ponuntur
2593 2815 2776 2856 omnes
2821 2802 3062 2857 rationes
3110 2805 3170 2856 ut
3229 2803 3290 2857 in
3331 2801 3511 2870 editis,
3567 2806 3782 2874 prater

2119 2889 2277 2944 illam
2307 2889 2606 2958 longiorem
2635 2905 2756 2961 qum
2786 2891 3022 2962 incipit:
3044 2894 3194 2946 Deus
3224 2891 3324 2962 qui
3357 2890 3508 2947 miro
3540 2890 3781 2965 dispen-

2117 2977 2364 3033 sationis
2395 2977 2615 3048 ordine,
2649 2981 2756 3034 etc.

2193 3067 2338 3121 Tunc
2383 3068 2528 3121 rami
2575 3066 2844 3122 benedicti
2883 3071 3250 3138 aspergantur
3295 3085 3441 3140 aqua
3491 3069 3780 3127 benedicta

2115 3170 2241 3210 cum
2272 3154 2574 3226 antiphona
2598 3173 2618 3210 :
2639 3156 2924 3228 Asperges
2945 3172 3057 3223 me,
3091 3156 3354 3212 Domine.
3379 3158 3571 3214 Postea
3595 3160 3776 3232 proji—

2114 3245 2258 3298 citur
2283 3261 2426 3314 aqua
2455 3260 2618 3316 super
2643 3248 2964 3300 conuentum
2988 3244 3238 3302 ordinate
3264 3247 3571 3303 venientem
3590 3256 3645 3304 et
3672 3265 3772 3305 su-

355 3335 834 3395 sanctiﬁcationis
864 3339 978 3390 tuae
1003 3333 1252 3408 gratiam
1285 3333 1590 3388 infundere
1633 3333 1910 3405 digneris,
1943 3334 2010 3387 ut
2035 3363 2080 3430 ο
2112 3348 2214 3405 per
2227 3334 2512 3405 papulum.

355 3427 690 3500 quicunque
711 3425 884 3482 istius
907 3422 1168 3499 pulveris
1187 3422 1492 3478 exustione
1510 3438 1786 3494 aspersus
1808 3421 2001 3491 fuerit,

351 3516 778 3592 indulgentiam
809 3517 866 3571 et
895 3511 1300 3570 remissionem
1332 3511 1596 3567 omnium
1629 3515 2002 3584 peccatorum

354 3624 390 3663 a
418 3611 476 3662 te
501 3605 666 3679 prius
694 3605 870 3672 Deus,
904 3603 1196 3658 mereatur
1223 3599 1503 3672 accipere.
1536 3599 1660 3655 Per.

421 3696 549 3751 Alia
576 3695 768 3752 oratio.
821 3691 977 3746 Deus
1021 3689 1122 3762 qui
1173 3689 1581 3745 humiliatione
1612 3691 1718 3744 etc.
1754 3690 1875 3744 ch
1901 3705 2000 3760 pa-

351 3787 490 3841 riter
518 3783 692 3838 oratio
723 3788 800 3835 est
829 3779 1031 3846 eadem,
1064 3795 1182 3852 qum
1215 3781 1275 3834 in
1303 3779 1484 3846 editis,
1526 3777 1644 3832 alia
1687 3793 1832 3844 vero,
1881 3794 2000 3850 quae

349 3875 416 3930 in
438 3871 633 3928 iisdem
651 3869 1016 3940 subsequitur,
1049 3869 1109 3923 in
1137 3873 1317 3925 nostro
1347 3867 1564 3924 missali
1591 3883 1692 3921 ms.
1723 3866 1998 3923 desidera-

353 3969 463 4016 tur.

423 4049 679 4122 Sequitur
716 4047 1034 4119 antiphona.
1086 4047 1438 4102 Immutetur
1485 4043 1711 4099 habitu.
1767 4046 1997 4100 Interim

348 4137 588 4212 ponendi
613 4145 740 4194 sunt
765 4138 974 4192 cineres
999 4151 1160 4209 super
1187 4135 1370 4206 capita
1399 4132 1702 4188 hominum.
1738 4134 1994 4190 Memen-

347 4233 428 4296 to,
459 4227 801 4300 homo,quia
829 4225 1022 4299 pulvis
1051 4241 1135 4291 es,
1157 4227 1216 4278 et
1246 4223 1306 4278 in
1339 4220 1634 4295 pulverem
1665 4225 1993 4294 reverteris,

346 4319 444 4375 His
471 4318 648 4390 ﬁnitis
676 4316 823 4372 dicat
849 4317 1040 4370 cantor
1068 4310 1359 4368 Misereris
1384 4311 1670 4368 omnium.

987 4420 1052 4458 AD
1091 4417 1323 4457 MISSAM.

743 4493 916 4550 Statio
941 4491 1010 4547 ad
1039 4499 1284 4547 sanctam
1313 4491 1594 4547 Sabinam.

413 4587 619 4646 Oratio.
655 4584 888 4650 Przesta,
921 4581 1185 4648 Domine,
1217 4585 1348 4648 etc.,
1398 4588 1460 4636 ut
1503 4582 1562 4636 in
1608 4579 1769 4636 editis
1822 4581 1990 4637 etiam

340 4676 517 4750 quoad
543 4682 803 4731 secretam
819 4676 873 4728 et
901 4673 1484 4740 communionem,cum
1513 4669 1612 4726 hoc
1639 4671 1990 4742 tamen,un

341 4769 403 4824 in
430 4782 532 4822 ms.
557 4781 671 4822 una
699 4767 916 4818 tantum
937 4762 1113 4816 oratio
1139 4762 1382 4832 ponitur.

679 4867 958 4908 DOMINICA
997 4865 1057 4906 ΙΝ
1097 4865 1275 4906 RAMIS
1314 4865 1649 4906 PALMARUM.

408 4940 659 4998 Secunda
679 4943 814 4998 hora
831 4940 944 4996 diei
961 4938 1236 4995 mediante
1251 4954 1348 4994 con
1356 4955 1450 4994 ven
1458 4939 1581 4994 iunt
1603 4939 1664 4992 in
1681 4939 1983 4997 ecclesiam.

335 5031 526 5102 Itaque
591 5031 864 5102 fratribus
934 5030 1156 5085 tertiam
1211 5028 1574 5091 cantantibus,
1627 5027 1866 5083 indu-unt
1930 5045 1986 5084 se

335 5117 586 5173 ministri
612 5119 672 5172 in
701 5117 978 5182 vestiario,
1009 5133 1151 5171 unus
1179 5115 1249 5169 ad
1276 5131 1510 5182 crucem,
1545 5115 1652 5170 duo
1688 5115 1758 5170 ad
1786 5116 1984 5172 cande-

2187 3423 2393 3479 0ratio.
2427 3427 2579 3478 Deus
2605 3422 2706 3494 qui
2730 3422 2943 3479 Filium
2974 3428 3162 3492 tuum,
3187 3429 3299 3481 etc.

2187 3514 2311 3568 Post
2359 3512 2470 3567 haec
2516 3513 2715 3584 incipit
2763 3515 2954 3570 cantor
2983 3513 3342 3587 antiphonam
3374 3531 3388 3569 :
3417 3515 3593 3575 Pueri
3645 3517 3766 3574 Bc-

2112 3602 2385 3658 breorum
2419 3617 2432 3654 :
2463 3603 2515 3656 et
2544 3602 2707 3658 alias.
2739 3603 2967 3658 Interim
2990 3605 3241 3659 ministri
3274 3605 3556 3676 accipiunt
3582 3622 3782 3662 ramos-

2109 3691 2174 3747 de
2199 3707 2372 3746 manu
2401 3690 2713 3758 sacerdotis,
2749 3695 2937 3763 postea
2973 3693 3254 3748 osculatur
3299 3697 3596 3750 conventus
3647 3713 3784 3752 ma-'

2109 3795 2244 3834 num
2273 3780 2408 3850 ejus.
2441 3779 2644 3835 Deinde
2689 3779 2898 3835 dantur
2941 3781 3140 3853 populo
3189 3782 3474 3854 repetendo
3499 3784 3766 3856 antipha-

2108 3885 2258 3936 nam,
2289 3867 2455 3924 donec
2495 3884 2678 3924 omnes
2720 3871 3015 3940 accipiant.
3065 3871 3180 3938 Quo
3227 3871 3508 3942 completo,
3563 3874 3764 3945 incipit

2105 3961 2296 4012 cantor
2313 3957 2678 4030 antiphonum
2725 3977 2744 4012 :
2793 3957 2936 4012 Cum
2985 3958 3506 4031 appropinquaret.
3538 3960 3610 4016 Et
3635 3977 3762 4016 cum

2104 4049 2258 4104 omni
2288 4048 2627 4102 veneratione
2655 4049 2817 4118 quasi
2845 4049 3023 4117 ipsum
3068 4047 3364 4104 Dominum
3411 4051 3758 4118 comitantes,

2097 4136 2398 4208 procedunt
2425 4135 2496 4190 ad
2523 4136 2826 4191 ecclesiam.
2853 4136 3041 4207 Ibique
3064 4139 3192 4192 ante
3220 4137 3421 4193 ostium
3457 4137 3756 4208 ordinatis,

2101 4226 2263 4296 ﬁnita
2307 4224 2631 4296 antiphana,
2661 4226 2871 4281 intrant
2919 4225 3026 4282 duo
3070 4225 3272 4296 fratres
3303 4228 3364 4282 in
3389 4227 3682 4286 ecclesiam
3708 4237 3760 4286 et

2099 4323 2317 4370 cantent
2339 4333 2358 4369 :
2388 4312 2642 4381 Glauria,
2673 4313 2806 4369 laus
2835 4317 2893 4370 et
2925 4313 3111 4370 honor
3137 4314 3264 4370 tibi.
3317 4316 3384 4372 Et
3424 4324 3550 4388 post
3588 4317 3760 4388 ﬁnem

2101 4404 2356 4460 binorum
2382 4419 2636 4459 versuum
2665 4407 2913 4475 repetunt
2931 4401 3172 4474 deforis:
3191 4403 3408 4476 Gloria,
3439 4403 3595 4461 laus.
3624 4407 3756 4462 Per-

2097 4495 2328 4550 cantatis
2375 4493 2620 4548 versibus
2673 4493 2885 4548 intrant
2939 4493 3000 4546 in
3049 4493 3332 4550 ecclesiam
3383 4495 3660 4552 cantando
3693 4497 3756 4564 1i}.

2097 4581 2485 4655 Ingrediente,
2511 4579 2751 4638 sonando
2770 4579 3024 4637 omnibus
3052 4581 3249 4650 signis.

2167 4673 2394 4728 Domum
2435 4671 2679 4727 ministri
2718 4673 3037 4742 prmparent
3081 4685 3138 4725 se
3179 4669 3252 4726 ad
3295 4672 3559 4734 missam;
3588 4681 3643 4729 et
3669 4682 3757 4746 of-

2017 4732 2068 4796 D
2096 4762 2302 4833 ﬁciales
2349 4759 2455 4816 duo
2503 4761 2692 4832 cappis
2718 4732 3050 4816 induuntur
3093 4761 3156 4814 in
3198 4759 3381 4816 choro.
3413 4760 3496 4816 Ad
3536 4732 3757 4820 tractus

2096 4851 2400 4906 induantur
2463 4849 2568 4905 alii
2629 4849 2755 4917 duo,
2823 4857 2872 4904 et
2937 4856 3172 4922 quatuor
3231 4853 3474 4917 cantent,
3524 4851 3634 4908 duo
3703 4856 3755 4908 et

2093 4939 2222 4996 duo.

2428 5044 2590 5082 l-‘ERIA
2629 5044 2838 5090 QUINTA
2877 5044 2935 5083 IN
2974 5043 3150 5084 COENA
3189 5042 3413 5084 DOIlNI.

2163 5119 2307 5174 Hora
2335 5133 2480 5173 nona
2509 5117 2786 5172 excutitur
2816 5117 2962 5186 ignis
2991 5117 3056 5173 de
3081 5117 3418 5190 crystallano
3445 5117 3533 5174 vel
3569 5119 3750 5190 silice,

335 5206 515 5274 labra,
547 5207 694 5261 alter
739 5203 807 5258 ad
859 5221 1058 5276 aquam
1112 5203 1468 5272 benedictum,
1517 5201 1884 5260 subdiaconus
1910 5205 1984 5262 ad
2091 5209 2169 5265 ita
2197 5215 2256 5263 ut
2283 5223 2352 5264 ex
2382 5207 2499 5278 ipso
2523 5205 2696 5277 possit
2721 5205 2946 5262 accendi
2971 5205 3230 5272 candela;
3273 5211 3327 5262 et
3357 5205 3632 5280 benedicit
3657 5225 3750 5269 sa-

330 5295 680 5352 thuribulum
701 5295 759 5348 in
790 5295 999 5358 tunica,
1046 5293 1306 5349 diaconus
1351 5293 1412 5346 in
1463 5291 1772 5363 dalmatica,
1801 5309 1980 5349 sacer-

2089 5297 2270 5353 cerdos
2301 5296 2484 5366 ignem
2511 5293 2658 5364 apud
2684 5310 2802 5360 nos,
2833 5295 3060 5352 indutus
3088 5295 3228 5353 stola
3257 5297 3478 5352 tantum
3525 5301 3581 5352 et
3615 5298 3750 5370 plu-

329 5381 425 5439 dos
471 5385 534 5438 in
575 5397 770 5452 cappa.
819 5383 1005 5437 Finita
1057 5383 1243 5448 tertia,
1289 5379 1386 5434 ubi
1429 5383 1622 5436 cantor
1663 5381 1984 5451 imposuerit
2086 5387 2226 5442 viali
2252 5391 2303 5440 et
2329 5399 2477 5452 aqua
2507 5381 2822 5440 benedicta:
2855 5383 3332 5458 Aspergestud‘
3343 5383 3610 5455 quosdam
3627 5386 3750 5443 dia-

326 5470 688 5542 antiphonam
736 5486 750 5526 :
797 5469 1187 5543 Collegerunt,
1241 5469 1486 5524 ministri
1543 5471 1831 5526 transeunt
1880 5489 1980 5546 per
2086 5489 2252 5532 conus
2273 5470 2560 5527 benedicit.

327 5558 554 5622 charum
615 5567 868 5636 sequente
930 5562 1216 5630 conventu,
1287 5557 1556 5620 cantando
1621 5560 1978 5636 antiphonam

2161 5563 2366 5626 Oratio.
2401 5565 2574 5636 Deus,
2608 5561 2712 5643 qui
2757 5578 2862 5643 per
2905 5561 3122 5623 Filium
3168 5565 3362 5634 tuum,
3395 5562 3748 5645 angularem
