3896 6216
124 362 224 432 881

895 362 1278 429 EXCERP’I‘.
1321 358 1426 427 EX
1467 360 1693 427 CODD.
1737 361 2047 428 LITURG.
2093 365 2691 435 FONTAVELLAN.

3369 365 3488 430 882

126 498 329 563 scilicet
378 496 650 573 lapidem,
683 496 984 555 charitatis
1040 496 1312 554 ﬁdelibus
1368 496 1486 552 tuis
1536 494 1731 569 ignem
1763 492 1820 563 Α
1919 500 2136 559 Refecti
2166 501 2443 560 vitalibus
2504 503 2819 573 alimentis,
2854 519 3212 577 qumsumus,
3246 502 3490 563 Domine

127 588 418 657 contulisti,
452 588 800 661 productum
830 603 861 644 e
912 586 1074 643 silice
1122 588 1339 643 nostris
1372 585 1744 658 profuturum

128 681 337 747 usibus,
368 692 583 734 novum
632 676 789 733 hunc
827 676 1022 749 ignem
1054 676 1375 741 sanctiﬁca,
1408 677 1466 729 et
1495 673 1746 729 concede

125 768 275 828 nobis
292 767 374 823 ita
393 782 495 839 per
510 765 630 821 huic
660 764 808 821 festa
824 763 1122 837 paschalia
1152 761 1490 820 coelestibus
1520 762 1744 818 deside-

126 858 212 915 riis
239 853 580 913 inﬂammari
611 858 676 909 ut
695 854 765 909 ad
783 855 1071 925 perpetuae
1092 851 1374 907 claritatis
1406 851 1569 924 puris
1587 867 1743 906 men-

124 949 262 1007 tibus
286 943 581 1002 valeamus
611 940 760 999 festa
787 941 1134 1015 pertingere.
1172 942 1295 997 Per.

185 1038 297 1093 Alia
321 1034 511 1091 oratio.
548 1032 786 1089 Domine
813 1036 988 1102 Deus,
1027 1031 1194 1087 Pater
1222 1029 1615 1103 omnipotens,
1648 1028 1739 1085 lu-

126 1143 239 1184 men
266 1122 624 1188 indeﬂciens,
646 1124 702 1177 et
732 1124 929 1177 sancte
971 1118 1234 1176 conditor
1270 1119 1535 1175 omnium
1565 1117 1742 1173 lumi-

126 1211 558 1283 num,bene’rdic
588 1210 697 1266 hoc
727 1209 949 1278 lumen,
974 1210 1130 1281 quod
1164 1226 1197 1264 a
1224 1212 1280 1265 te
1311 1208 1740 1264 sanctiﬁcatum

124 1310 276 1377 atque
299 1300 669 1358 benedictum
690 1302 796 1365 est,
822 1300 923 1372 qui
941 1297 1286 1354 illuminasti
1308 1313 1542 1353 omnem
1569 1312 1743 1351 mun-

123 1395 342 1461 dum,ut
361 1391 432 1446 ab
450 1406 519 1446 eo
562 1389 784 1445 lumine
808 1388 1217 1455 accendamur,
1251 1391 1308 1442 et
1336 1385 1744 1441 illuminemur

124 1469 240 1557 igne
260 1479 538 1538 claritatis
558 1482 688 1546 tute,
709 1481 767 1534 et
787 1478 941 1534 sicut
962 1477 1158 1550 ignem
1173 1475 1522 1532 illuminasti
1537 1474 1740 1547 Moysi,

123 1573 193 1628 ita
210 1568 502 1626 illumines
533 1567 710 1624 corda
738 1570 795 1623 et
828 1583 1037 1623 sensus
1078 1568 1329 1633 nostros,
1364 1567 1428 1620 ut
1459 1564 1531 1620 ad
1562 1562 1742 1619 vitam

121 1663 368 1717 aeternam
387 1655 693 1731 pervenire
723 1672 1074 1711 mereamur.
1111 1654 1236 1709 Per.

178 1748 292 1804 Alia
318 1748 516 1804 oratio.
548 1746 777 1810 Veniat,
796 1760 1158 1817 quaesumus,
1183 1741 1555 1814 omnipotens
1567 1740 1740 1806 Deus,

117 1854 274 1910 super
290 1836 397 1893 hoc
420 1836 729 1891 incensum
752 1833 916 1906 larga
934 1836 1046 1888 tua:
1067 1829 1488 1888 benedictionis
1502 1828 1737 1897 infusio,

118 1930 167 1984 et
191 1926 338 1982 hunc
365 1927 721 1981 nocturnum
746 1921 1116 1995 splendorem
1134 1918 1449 1976 invisibilis
1471 1921 1746 1992 regnator

118 2016 366 2082 ascende,
389 2016 457 2069 ut
480 2030 595 2069 non
619 2011 809 2068 solum
851 2009 1227 2074 sacriﬁcium,
1250 2009 1404 2081 quod
1437 2008 1547 2064 hac
1578 2010 1745 2063 nocte

117 2104 325 2160 litatum
382 2106 479 2159 est
533 2117 745 2157 arcana
800 2098 1044 2155 luminis
1074 2098 1159 2153 tui
1191 2097 1542 2153 admistione
1572 2093 1745 2151 reful-

115 2197 250 2266 gent,
264 2192 363 2249 sed
380 2192 443 2247 in
463 2205 814 2263 quocunque
834 2188 958 2244 loco
979 2204 1046 2243 ex
1068 2186 1247 2258 hujus
1266 2184 1745 2241 sanctiﬁcationis

115 2279 372 2353 mysterio
393 2277 570 2335 fuerit
589 2278 979 2349 deportatum,
1003 2273 1246 2346 expulsa
1274 2272 1573 2330 diabolica:
1593 2274 1746 2328 frau-

116 2368 196 2425 dis
222 2367 504 2442 nequitia,
534 2365 722 2422 virtus
752 2368 863 2420 tua:
898 2361 1223 2436 maiestatis
1253 2361 1511 2418 assistat.
1545 2362 1669 2417 Per.

178 2458 244 2514 De
270 2473 372 2529 quo
415 2458 544 2526 igne
597 2470 732 2511 novo
788 2455 1000 2525 lampas
1053 2468 1168 2507 una
1222 2459 1464 2507 servetur
1518 2466 1746 2505 accensa

118 2563 267 2618 usque
280 2549 338 2601 in
350 2545 680 2601 Sabbbatum
691 2550 943 2599 sanctum
968 2542 1039 2597 ad
1058 2542 1215 2596 illum
1224 2539 1491 2596 inandum
1505 2555 1743 2608 cereum,

114 2638 199 2710 qui
242 2636 425 2693 eodem
465 2633 553 2689 die
585 2631 973 2689 benedicendus
1004 2634 1080 2686 est
1109 2630 1300 2685 ordine
1322 2644 1424 2701 quo
1455 2630 1514 2683 in
1548 2628 1741 2683 Sacra-

113 2725 364 2780 mentario
393 2723 719 2779 continetur.
751 2725 868 2777 Hoc
900 2721 1130 2792 expleto,
1153 2720 1305 2774 omni
1353 2719 1561 2773 lumine
1589 2716 1740 2773 deco-

112 2820 219 2869 rata
272 2812 522 2877 ecclesia,
584 2809 970 2880 ingrediantur
1028 2807 1098 2862 ad
1172 2808 1410 2875 missam,
1465 2821 1590 2877 quae
1640 2820 1743 2877 pro

105 2902 387 2973 praesentis
446 2898 710 2967 sacriﬁcii
760 2898 967 2952 recenti
1020 2897 1364 2951 institutione
1406 2894 1745 2950 devotissime

105 2992 440 3047 decantetur.
478 2987 541 3040 In
597 2985 698 3039 hac
743 2986 891 3041 enim
945 2984 1032 3039 die
1095 2983 1430 3053 sacriﬁcium
1503 2984 1742 3054 corporis

103 3079 264 3147 sacri,
285 3079 337 3133 et
358 3075 478 3131 divi
498 3075 747 3129 muneris
765 3074 909 3128 sacri
949 3074 1237 3143 sanguinis
1265 3074 1333 3126 ab
1373 3074 1485 3143 ipso
1517 3073 1742 3127 Domino

106 3166 488 3225 celebrationis
543 3163 774 3233 sumpsit
833 3163 1077 3217 initium.
1128 3163 1237 3215 Hac
1275 3160 1363 3214 die
1392 3162 1447 3215 in
1483 3162 1588 3215 toto
1617 3162 1744 3215 orbe

1851 590 2007 649 Deus
2038 596 2252 661 noster,
2285 595 2352 649 ut
2383 595 2537 667 quod
2569 599 2828 668 tempore
2860 593 3234 651 mortalitatis
3284 597 3491 651 nostris

1852 682 2247 756 exsequimur,
2277 684 2740 741 immortalitatis
2772 702 3014 743 munere
3044 699 3495 759 consequamur.

1854 771 1979 829 Per.

1921 865 2211 935 Postquam
2265 863 2523 923 diaconus
2578 866 2710 923 dicit
2775 864 3194 923 Benedicamus
3250 860 3498 920 Domino

1850 952 1910 1006 In
1938 953 2199 1022 plurimis
2221 954 2632 1023 Ecclesiis,'lte,
2668 955 2851 1012 missa
2880 959 2969 1011 est
3023 955 3249 1021 dicitur,
3282 953 3415 1025 quia
3445 954 3497 1007 et

1853 1037 2049 1096 Gloria
2069 1041 2125 1095 in
2144 1042 2386 1100 excelsis
2416 1044 2625 1112 dicunt,
2660 1046 2798 1117 quod
2817 1062 2915 1100 nos
2943 1060 3055 1101 non
3083 1044 3340 1099 dicimus.

2221 1149 2385 1187 FERIA
2425 1151 2598 1190 SEXTA
2636 1151 2698 1189 IN
2738 1150 3119 1189 PARASCEVEN.

1922 1218 2062 1273 Dum
2109 1225 2367 1276 cantatur
2405 1238 2552 1277 nona
2600 1223 2837 1278 induunt
2883 1223 3130 1278 sacerdos
3175 1229 3227 1278 et
3250 1218 3496 1275 ministri

1850 1308 2055 1361 casulis
2100 1310 2297 1379 nigris,
2346 1310 2396 1364 si
2462 1310 2749 1379 habentur,
2804 1313 3125 1383 faciuntque
3179 1309 3382 1365 ibidem
3436 1308 3497 1363 in

1852 1396 2106 1452 vestiario
2179 1400 2588 1470 confessionem,
2648 1408 2699 1456 et
2757 1403 2887 1455 tunc
2942 1416 3054 1455 non
3124 1399 3495 1455 accenduntur

1851 1484 2089 1541 candela:
2144 1488 2292 1544 circa
2347 1490 2545 1555 altare,
2577 1493 2627 1544 et
2655 1491 2879 1545 mittant
2903 1489 3201 1559 parvulum
3237 1489 3491 1551 linteum,

1850 1576 2276 1632 mundissimum
2326 1585 2529 1644 tamen,
2578 1595 2740 1650 super
2792 1580 2985 1633 altare.
3020 1578 3315 1648 Postquam
3368 1593 3493 1633 vero

1851 1665 2096 1721 sacerdos
2124 1682 2248 1721 cum
2274 1669 2548 1723 ministris
2598 1668 2809 1723 venerit
2853 1683 3037 1722 coram
3086 1665 3274 1733 altari,
3307 1668 3498 1721 statim

1849 1753 2109 1811 diaconus
2130 1756 2381 1812 accendit
2394 1756 2463 1812 ad
2486 1756 2790 1826 legendum,
2804 1758 3173 1830 pronuntians
3193 1756 3253 1809 in
3271 1756 3497 1810 lectione

1852 1861 2050 1901 nomen
2100 1847 2393 1917 prophetae,
2426 1849 2507 1902 sic
2538 1864 2549 1901 :
2587 1845 2773 1902 Lectio
2833 1846 2994 1901 Oseaa
3031 1843 3344 1917 prophetas.
3379 1845 3498 1913 Qua

1853 1933 2014 2003 ﬁnita
2041 1933 2234 1991 dicant
2260 1939 2492 1991 tractum
2521 1937 2581 1990 in
2609 1935 2789 2001 choro,
2821 1939 2943 2003 etc.,
2977 1936 3035 1989 ut
3066 1935 3127 1989 in
3157 1932 3315 1989 editis
3330 1949 3498 2004 usque

1853 2023 1925 2077 ad
1979 2031 2147 2079 totam
2205 2025 2460 2080 ultimam
2489 2025 2836 2082 orationem:
2868 2023 3249 2096 Omnipotens
3279 2020 3495 2095 sempi-

1852 2115 2014 2167 terne
2037 2111 2211 2168 Deus.

1924 2202 2123 2256 Finitis
2153 2203 2493 2259 orationibus
2514 2204 2671 2275 prior
2693 2204 2827 2274 facit
2863 2215 3167 2258 sermonem
3212 2199 3283 2256 ad
3321 2216 3495 2273 popu-

1854 2287 1971 2341 lum
2020 2287 2085 2342 de
2135 2304 2286 2359 pace,
2323 2296 2374 2343 ct
2424 2305 2609 2344 omnes
2663 2289 3029 2367 discordantes
3078 2288 3327 2345 Ecclesiae
3381 2304 3496 2344 suae

1852 2376 1996 2447 ﬁlios
2020 2377 2091 2432 ad
2119 2378 2464 2433 concordiam
2492 2394 2747 2435 revocare
2775 2393 3115 2450 summopere
3161 2374 3391 2445 studeat,
3436 2383 3497 2433 ut

1851 2465 2007 2535 digni
2063 2475 2399 2523 sacramento
2456 2468 2922 2524 reconciliationis
2971 2467 3232 2523 humanae
3259 2480 3370 2521 esse
3400 2481 3494 2520 va-

1854 2554 2019 2609 leant.
2055 2556 2148 2610 His
2204 2558 2495 2611 transactis
2552 2556 2809 2611 accedant
2860 2554 2930 2610 ad
2968 2570 3183 2609 enicem
3223 2553 3493 2625 discoope-

1852 2643 2121 2707 riendam,
2152 2647 2294 2699 sicut
2345 2647 2405 2699 in
2435 2645 2623 2701 ordine
2652 2646 2900 2700 habetur.
2926 2644 3044 2713 Qua
3074 2642 3414 2715 discooperto
3442 2642 3495 2697 et

1851 2732 2096 2800 adorata,
2130 2735 2311 2789 veniat
2364 2734 2609 2789 sacerdos
2658 2750 2784 2789 cum
2839 2733 3112 2788 ministris
3142 2739 3269 2787 ante
3298 2731 3492 2786 altare.

1849 2823 2119 2878 Diaconus
2174 2824 2247 2879 sit
2304 2823 2531 2879 indutus
2586 2823 2775 2879 casula
2824 2838 2947 2889 sua,
2978 2821 3121 2877 sicut
3174 2836 3288 2875 mos
3342 2822 3419 2874 est
3446 2819 3501 2875 ei

1849 2912 2226 2973 ministranti;
2251 2913 2615 2968 subdiaconus
2630 2917 2817 2968 autem
2843 2911 3065 2966 indutus
3092 2924 3208 2965 sua.
3237 2909 3501 2978 Factaque

1849 3001 2187 3070 confessione
2215 3004 2341 3057 ante
2370 3003 2564 3067 altare,
2606 3002 2817 3073 deferat
2854 3000 3122 3055 diaconus
3162 2996 3498 3069 corporalem

1849 3087 1919 3142 ad
1948 3089 2123 3144 altare
2150 3094 2203 3144 et
2232 3091 2506 3145 extendat.
2540 3091 2603 3144 Et
2644 3093 2706 3145 in
2750 3090 2994 3145 sacrario
3042 3089 3104 3141 in
3143 3086 3254 3141 loco
3307 3101 3497 3140 conve-

1848 3168 2028 3222 nienti
2052 3173 2331 3240 praeparet
2359 3170 2621 3225 diaconus
2651 3169 2878 3225 calicem
2907 3184 3027 3224 cum
3057 3168 3183 3222 vino
3219 3179 3332 3221 non
3362 3179 3497 3219 con-

104 3272 311 3313 sacrum
340 3253 589 3311 chrisma
620 3250 922 3321 conﬁcitur.
958 3254 1077 3305 Hac
1121 3249 1211 3304 die
1256 3250 1423 3305 etiam
1476 3250 1743 3320 pwniten-
1773 3235 1817 3302 C
1852 3235 2343 3327 secrato,imposito
2364 3274 2528 3328 super
2542 3260 2801 3328 patenum
2815 3254 3109 3324 diligenter
3127 3255 3498 3309 etreverentcr

108 3348 242 3401 tibus
266 3360 368 3418 per
396 3342 796 3413 indulgentiam
823 3340 1161 3396 subvenitur.

172 3421 309 3489 Dum
333 3436 520 3487 autem
539 3432 798 3486 cantatur
809 3446 975 3496 nona,
997 3433 1315 3500 praeparent
1336 3442 1392 3481 se
1420 3424 1491 3481 ad
1517 3427 1739 3481 missam

1848 3358 2070 3414 corpore
2126 3344 2375 3410 Domini,
2400 3346 2456 3400 id
2484 3354 2563 3400 cst
2594 3346 2820 3414 integris
2861 3344 3075 3407 oblatis,
3108 3356 3235 3414 quae
3260 3343 3495 3397 servata:

1848 3434 1976 3485 sunt
2003 3431 2067 3485 de
2096 3447 2314 3503 corpore
2342 3434 2562 3489 Domini
2594 3433 2773 3505 pridie
2790 3449 2811 3494 ,°
2841 3435 2893 3488 et
2936 3431 3164 3503 desuper
3214 3430 3496 3502 carporale

107 3524 287 3594 festive
330 3520 599 3591 sacerdos,
631 3519 895 3575 diaconus
947 3519 1007 3572 in
1036 3516 1352 3581 dalmatica,
1382 3514 1743 3569 subdiaconus
1845 3517 2115 3588 plicatam
2143 3527 2446 3593 componat,
2465 3523 2595 3593 quia
2612 3522 2840 3593 dignum
2859 3525 2957 3586 est,
2983 3528 3043 3576 ut
3088 3536 3281 3592 corpus
3307 3517 3492 3573 Domi-

109 3614 161 3667 in
192 3612 399 3677 tunica,
441 3610 765 3681 ceroferarii
800 3621 1011 3679 quoque
1036 3612 1086 3661 ct
1136 3607 1231 3675 qui
1270 3603 1615 3659 thuribulum
1643 3603 1742 3658 dc-

106 3704 257 3771 ferat.
291 3701 358 3755 Et
406 3702 653 3754 cantator
708 3698 765 3752 in
815 3696 996 3764 choro,
1029 3694 1255 3750 indutus
1298 3708 1487 3764 cappa,
1519 3693 1745 3747 missam

107 3790 415 3846 solemniter
441 3788 691 3859 incipiat,
726 3801 851 3857 quae
873 3802 976 3858 pro
1000 3784 1294 3856 praesentis
1345 3782 1606 3852 sacriﬁcii
1657 3797 1743 3837 re-

99 3880 235 3934 centi
314 3876 664 3933 institutione
718 3875 1059 3931 devotissime
1122 3872 1460 3928 decantetur.
1522 3872 1585 3925 In
1638 3886 1746 3942 qua

63 3988 70 4005 ι
96 3969 324 4023 iteratur
340 3972 760 4038 responsum;et
780 3967 1028 4019 cantetur
1045 3961 1298 4017 Credoin
1321 3976 1505 4015 unum
1530 3959 1742 4027 Deum,

99 4055 287 4113 Gloria
322 4056 384 4110 in
415 4051 657 4109 excelsis
688 4052 823 4108 Deo.

102 4146 197 4202 Ubi
225 4144 472 4202 chrisma
500 4142 804 4211 conﬁcitur,
835 4144 1109 4195 cantatur.

351 4244 525 4287 MlSSA
562 4247 634 4284 AD
676 4247 725 4284 S.
766 4244 1030 4283 JOANNEM
1069 4244 1126 4281 1N
1169 4242 1478 4282 LATERANO.

164 4322 385 4386 Oratio,
419 4322 528 4375 etc.
567 4319 630 4375 Ut
659 4319 714 4372 in
749 4317 948 4372 nostris
983 4314 1141 4370 editis
1174 4330 1340 4384 usque
1363 4313 1431 4368 ad
1461 4328 1743 4369 consecra-

104 4415 297 4468 tionem
325 4408 568 4481 corporis
611 4414 662 4461 et
715 4405 1006 4475 sanguinis
1054 4403 1338 4457 inclusive.
1372 4403 1498 4457 Post
1545 4402 1746 4473 Agnus

104 4501 216 4567 Dei,
245 4498 494 4557 sacerdos
523 4496 731 4552 dividat
791 4495 1022 4559 oblatas,
1056 4495 1106 4547 et
1136 4506 1340 4557 omnes,
1376 4491 1471 4560 qui
1527 4493 1747 4561 possunt

103 4591 508 4646 communicent.
545 4587 723 4641 Tantae
772 4583 873 4639 hac
923 4581 1013 4637 die
1039 4582 1418 4637 consecrentur
1445 4579 1639 4635 hostiae
1685 4584 1749 4633 ut

102 4693 167 4733 ea:
204 4680 337 4751 ipsis
375 4676 590 4750 possint
620 4678 672 4729 et
709 4672 960 4746 sequenti
1014 4670 1104 4725 die
1150 4668 1488 4740 sufﬁcienter
1547 4666 1745 4723 habere

107 4766 171 4821 ad
196 4764 730 4823 communicandum.
760 4759 1066 4818 Notandum
1124 4765 1306 4813 autem
1364 4755 1504 4828 quod
1532 4755 1597 4811 de
1624 4771 1743 4811 cor-

101 4862 221 4926 pore
248 4856 468 4912 Domini
523 4855 756 4923 intcgra:
810 4850 1010 4906 oblatae
1059 4844 1345 4903 servandae
1389 4852 1522 4901 sunt
1576 4860 1745 4917 usque

105 4959 255 5000 mane
276 4944 364 5000 die
384 4945 700 5009 Parasceve,
715 4940 779 4996 de
798 4940 994 5012 quibus
1031 4936 1453 4992 communicant.
1504 4933 1744 5003 Sanguis

108 5040 220 5089 vero
248 5033 470 5089 Domini
490 5032 607 5103 ipso
629 5030 718 5086 die
733 5030 952 5101 penitus
982 5027 1322 5083 absumatur.
1353 5024 1581 5079 Interim
1619 5039 1744 5079 vero

105 5122 521 5185 communicant,
575 5120 783 5175 dicitur
812 5136 831 5172 :
863 5121 1066 5189 Agnus
1117 5114 1326 5182 Dei;et
1374 5112 1741 5169 Communia:

107 5208 379 5267 Dominus
407 5214 603 5276 Jesus,
638 5210 837 5279 absque
868 5207 1064 5261 osculo.

172 5300 362 5356 Postea
410 5300 689 5371 incipitur
726 5295 1028 5369 antiphona
1054 5293 1125 5349 ad
1173 5308 1452 5363 vesperum
1491 5288 1741 5345 Calicem

107 5386 392 5455 salutaris,
453 5403 577 5442 cum
636 5386 888 5459 psalmis,
947 5384 1044 5455 qui
1116 5382 1358 5436 suaviter
1432 5386 1741 5435 cantentur.

106 5472 423 5544 iCbristth
453 5475 639 5531 factus
668 5479 775 5531 est.
810 5473 1118 5544 Antiphona
1140 5467 1518 5524 Cmnantibus
1549 5472 1744 5523 autem

107 5565 340 5639 accepit.
374 5570 503 5621 Post
529 5563 885 5637 Magnificat,
933 5562 1091 5632 ﬁnita
1142 5557 1445 5629 antiphona
1491 5559 1748 5629 sequitur

107 5655 276 5711 oratio
300 5655 371 5711 ad
390 5653 769 5725 complendum
801 5669 814 5707 :

1851 3608 1932 3671 ni,
1954 3608 2010 3661 in
2055 3625 2157 3680 quo
2188 3615 2264 3665 est
2304 3614 2411 3665 tota
2464 3611 2612 3665 salus
2640 3613 2825 3664 nostra
2854 3614 2907 3665 et
2936 3608 3247 3679 redemptio,
3280 3621 3493 3661 summa

1851 3700 2158 3753 reverentia
2204 3702 2485 3755 tractetur.
2522 3697 2824 3754 Procedunt
2858 3712 2980 3753 vero
3022 3695 3092 3751 ad
3121 3711 3247 3751 eum
3273 3696 3380 3750 duo
3408 3711 3493 3750 ce-

1852 3788 2118 3858 rofcrarii
2146 3789 2205 3841 in
2234 3788 2392 3857 albis,
2427 3796 2477 3843 et
2500 3789 2695 3843 tertius
2723 3802 2846 3842 cum
2870 3785 3147 3841 thuribulo
3166 3786 3494 3855 fumigante,

1854 3880 1907 3932 et
1934 3876 2302 3932 subdiaconus
2326 3884 2549 3948 portans
2578 3877 2884 3948 ampullam
2911 3889 3092 3947 aquae.
3126 3875 3344 3946 Defcrat
3396 3891 3496 3930 au-

1854 3972 1959 4020 tem
1986 3965 2246 4021 diaconus
2276 3967 2499 4021 calicem
2527 3981 2650 4020 cum
2678 3979 2898 4037 corpore
2926 3962 3339 4020 Dominidicens
3358 3963 3501 4034 apud

1851 4070 1951 4109 882

1927 4144 2045 4199 Hoc
2076 4160 2308 4216 corpus,
2333 4144 2489 4215 quod
2549 4159 2653 4215 pro
2706 4142 2869 4199 vobis
2899 4142 3187 4214 tradetur,
3220 4142 3313 4197 hic
3351 4140 3501 4197 calix

1856 4230 1996 4289 Novi
2025 4233 2381 4288 Testamenti
2431 4236 2519 4288 est
2554 4232 2613 4287 in
2646 4248 2773 4287 meo
2806 4232 3111 4305 sanguine,
3146 4231 3288 4286 dicit
3313 4230 3501 4286 Domi-

1858 4339 1990 4377 nus.
2023 4321 2142 4376 Hoc
2180 4321 2369 4384 facite,
2404 4321 2866 4393 quotiescunque
2898 4320 3159 4387 sumitis,
3192 4320 3253 4375 in
3307 4335 3500 4375 meam

1857 4410 2492 4465 commemorationem.

1930 4500 2157 4553 Tenente
2210 4505 2393 4553 autem
2448 4498 2674 4553 diacono
2731 4499 2979 4568 calicem,
3004 4496 3252 4552 sacerdos
3280 4498 3502 4552 misceat

1777 4601 1825 4665 Β
1856 4603 2077 4658 aquam,
2109 4587 2305 4658 quibus
2354 4586 2553 4642 oblatis
2602 4587 2830 4641 inclinet
2875 4584 3123 4641 sacerdos
3164 4591 3289 4640 ante
3324 4584 3501 4640 altare

1854 4675 2039 4730 dicens
2068 4695 2087 4730 :
2117 4676 2177 4729 In
2206 4673 2419 4746 spiritu
2449 4674 2820 4742 humilitatis,
2854 4678 2911 4729 et
2939 4674 2998 4728 in
3027 4672 3222 4729 animo
3253 4671 3500 4728 contrito

1855 4763 2270 4835 suscipiamur,
2302 4762 2563 4827 Domine,
2597 4781 2631 4819 a
2660 4768 2735 4828 te,
2772 4767 2880 4819 etc.
2913 4767 3043 4818 Post
3073 4763 3187 4817 haec
3225 4762 3411 4817 levans
3445 4777 3505 4819 se

1855 4854 2049 4923 incipit
2079 4852 2339 4907 mediocri
2358 4867 2481 4907 uoce
2501 4853 2794 4918 :Oremus,
2820 4850 3121 4923 praeceptis
3143 4848 3505 4907 salutaribus

1855 4940 2097 5007 moniti;
2133 4940 2301 4996 Pater
2356 4944 2574 4996 noster.
2606 4942 2671 4997 Et
2725 4941 2886 5011 ﬁniat
2933 4948 3122 5008 totum,
3154 4939 3507 5012 respondente

1851 5031 2013 5087 choro
2052 5047 2071 5082 :
2103 5030 2213 5085 Sed
2274 5029 2459 5085 libera
2519 5047 2625 5087 nos
2665 5048 2699 5087 a
2748 5030 2921 5086 malo.
2955 5032 3148 5088 Postea
3204 5031 3351 5087 dicat
3406 5034 3507 5087 sub

1850 5120 2068 5174 silentio
2099 5137 2117 5172 :
2152 5119 2355 5174 Libera
2385 5136 2512 5184 nos,
2547 5136 2912 5191 quaesumus,
2938 5120 3182 5176 Domine
3208 5123 3505 5189 ;sicutmos

1853 5215 1949 5276 est,
1981 5211 2033 5262 et
2062 5223 2187 5263 cum
2216 5207 2421 5262 dixerit
2450 5226 2467 5262 :
2493 5208 2599 5261 Per
2630 5208 2829 5263 omnia
2866 5206 3079 5264 saecula
3137 5207 3502 5263 saeculorum.

1853 5299 2058 5363 Amen,
2095 5296 2207 5351 Pax
2239 5296 2474 5352 Domini
2524 5312 2636 5351 non
2690 5296 2927 5365 dicatur,
2960 5313 3135 5369 neque
3184 5311 3283 5367 per
3323 5295 3509 5349 oscula

1853 5385 2012 5440 detur
2031 5402 2051 5445 ;
2080 5385 2172 5440 sed
2225 5389 2407 5440 sumat
2464 5385 2528 5441 de
2580 5390 2789 5453 sancta,
2822 5394 2875 5441 et
2926 5393 3099 5457 ponat
3151 5387 3210 5440 in
3257 5384 3502 5449 calicem,

1853 5474 1999 5528 nihil
2028 5473 2226 5528 dicens.
2263 5474 2651 5542 Sanctiﬁl‘atur
2693 5477 2878 5528 autem
2923 5475 3116 5528 vinum
3171 5488 3283 5527 non
3318 5486 3504 5527 conse-

1854 5565 2069 5615 cratum
2082 5577 2182 5630 per
2200 5577 2392 5631 corpus
2416 5561 2636 5616 Domini
2660 5562 2988 5627 immissum,
3006 5564 3056 5616 et
3103 5562 3508 5617 communicent

1854 5664 2044 5705 omnes
2098 5664 2224 5702 cum
2252 5648 2471 5703 silentio
2513 5648 3200 5722 fratres.;Communicatis
3257 5648 3507 5703 omnibus
