3896 6216
403 370 523 436 883

1591 373 1779 439 ΞλΕΟ.
1823 373 1906 438 XI
1947 372 2257 437 MONUM.
2301 373 2614 437 LITURG.

405 509 589 565 dicant
639 524 886 582 vesperas
940 508 1104 582 plane
1123 525 1143 572 ;
1167 509 1409 582 psalmos
1467 508 1530 564 de
1587 509 1750 579 feria.
1801 509 1994 564 Postea
2022 525 2040 562 :
2071 506 2128 574 Α
2155 507 2286 563 Jam
2304 505 2572 564 Christus
2600 507 2886 568 Dominus
2901 506 3239 578 resurrexit,
3260 508 3422 568 choro
3451 511 3822 584 respondente

405 597 762 672 Magniﬁeat,
775 599 970 654 deinde
984 598 1152 654 Pater
1175 602 1387 654 noster.
1415 599 1685 654 Miserere
1717 595 1850 660 mei,
1868 597 2041 652 Deus.

405 687 674 744 Christus
706 687 894 744 factus
925 692 1032 742 est.

478 776 702 832 Sabbati
755 792 880 832 vero
925 777 1015 832 die
1062 784 1268 844 sancto,
1299 776 1432 830 dum
1484 779 1739 830 cantatur
1757 791 1924 841 nona,
1958 776 2045 829 in-

405 865 580 921 duunt
631 881 689 921 se
751 864 997 920 ministri
1062 865 1385 919 cultioribus
1464 863 1716 928 vestibus,
1786 863 2046 918 diaconus

405 954 722 1020 dalmatica,
774 953 1136 1008 subdiaconus
1190 953 1378 1008 tunica
1424 952 1494 1006 ad
1539 953 1908 1018 thuribulum,
1941 952 2047 1007 duo

405 1034 822 1100 adcaridelabra
847 1043 908 1097 in
937 1042 1098 1097 albis.
1122 1043 1186 1096 Et
1219 1041 1377 1099 ﬁnita
1403 1057 1550 1098 nona
1598 1041 1860 1097 diaconus
1889 1041 2047 1096 bene-

405 1132 552 1188 dicat
578 1117 812 1187 cereum.

479 1219 739 1276 Exsultet
761 1220 887 1292 jam
929 1219 1191 1292 angelica
1217 1220 1393 1275 turba
1429 1219 1729 1289 ccelorum,
1764 1224 1871 1275 etc.
1898 1228 1957 1275 ut
1989 1223 2044 1276 in

407 1307 569 1364 editis
597 1324 765 1380 usque
791 1307 862 1363 ad
917 1309 1102 1365 verba.
1135 1309 1206 1364 Et
1247 1309 1507 1364 antistite
1563 1312 1781 1364 nostro.
1817 1311 2047 1381 Excepto

407 1396 547 1468 quod
575 1399 637 1453 in
663 1413 762 1453 nos
809 1413 921 1455 non
975 1397 1127 1454 adest
1185 1398 1431 1453 accensio
1487 1398 1889 1469 lampadarum.
1921 1401 2050 1453 Post

404 1501 530 1557 ergo
557 1486 825 1558 praedicta
851 1488 1015 1543 verba
1041 1485 1300 1542 antistite
1331 1489 1528 1542 nostro
1571 1487 1682 1541 hac
1738 1486 2050 1542 immediate

405 1580 690 1647 sequatur,
720 1576 968 1632 videlicet
997 1593 1015 1630 :

479 1665 551 1719 Et
605 1663 980 1720 serenissimo
1043 1664 1390 1736 imperatore
1444 1667 1642 1720 nostro
1686 1665 1752 1720 N.
1804 1666 2048 1736 ejusque

407 1751 780 1809 nobilissima
799 1751 956 1826 prole
994 1752 1082 1808 vel
1129 1757 1335 1808 cuncto
1373 1751 1626 1808 exercitu
1657 1754 1804 1824 ejus,
1835 1757 1893 1808 et
1922 1769 2046 1808 om-

2153 596 2270 652 Deo
2291 597 2532 670 gratias.
2567 601 2672 655 Hoc
2701 601 2762 669 ﬁt
2819 603 2999 656 tertio.
3033 602 3128 656 His
3179 601 3359 668 dictis,
3389 609 3588 657 cantor
3611 604 3822 675 incipit

2152 684 2274 740 alta
2353 687 2820 752 voce:A1leluia,
2903 688 3168 757 Alleluia,
3251 687 3516 746 Alleluia.
3575 691 3814 759 Deinde.

2153 775 2325 847 Kyrie
2355 777 2593 832 eleison.
2623 777 2732 845 Quo
2785 779 2940 848 ﬁnito
2988 778 3236 835 sacerdos
3277 780 3626 836 devotissime
3665 783 3819 837 inci-

2149 865 2270 936 piat
2297 883 2310 920 :
2335 865 2530 921 Gloria
2555 867 2614 921 in
2640 865 2885 923 excelsis
2907 868 3044 923 Deo.
3070 870 3196 923 Post
3218 869 3524 924 orationem
3551 871 3818 941 epistola,

2148 961 2273 1024 post
2327 957 2611 1025 epistolam
2664 954 2929 1012 Alleluia.
2990 956 3194 1012 Deinde
3249 961 3459 1013 tractus
3489 974 3508 1012 :
3543 958 3820 1014 Laudate

2155 1042 2488 1098 Dominum.
2509 1045 2622 1113 Quo
2651 1046 2829 1115 ﬁnito,
2856 1044 3118 1101 diaconus
3167 1047 3363 1118 incipit
3418 1047 3815 1118 Evangelium,

2153 1135 2280 1186 ante
2317 1132 2458 1203 quod
2487 1150 2596 1189 non
2618 1137 2866 1206 portetur
2890 1135 3098 1202 lumen,
3127 1136 3220 1191 sed
3251 1139 3468 1190 tantum
3495 1138 3815 1192 incensum.

2311 1223 2500 1276 Postea
2543 1223 2792 1277 sacerdos
2837 1223 2976 1278 dicit
3018 1223 3201 1278 Credo
3243 1223 3303 1278 in
3356 1240 3543 1279 unum
3595 1225 3813 1281 Deum.

2153 1309 2384 1365 Deinde:
2402 1309 2686 1366 Dominus
2706 1310 3030 1380 vobiscum,
3051 1316 3102 1366 et
3124 1311 3390 1368 Oremus.
3415 1313 3812 1384 Offertorium,

2153 1414 2252 1453 nec
2297 1399 2498 1470 Agnus
2547 1399 2671 1466 Dei,
2719 1415 2816 1454 nec
2858 1402 3166 1456 communio
3213 1403 3521 1456 cantatur:
3555 1404 3815 1458 osculum

2153 1493 2335 1542 tamen
2389 1488 2690 1543 secundum
2745 1505 2906 1544 usum
2934 1496 3138 1546 nostrae
3166 1489 3418 1546 Ecclesia
3450 1489 3635 1546 datur.
3669 1493 3816 1548 Data

2147 1591 2282 1646 pace
2349 1592 2473 1630 cum
2527 1576 2773 1632 sacerdos
2821 1581 2870 1632 et
2918 1578 3166 1632 ministri
3219 1580 3752 1635 communicaveth
3783 1597 3807 1634 :

2153 1663 2402 1720 Alleluia
2445 1667 2504 1720 in
2541 1665 2701 1722 choro
2751 1668 3058 1738 imponitur
3097 1682 3221 1720 cum
3247 1666 3462 1738 psalmo
3491 1685 3512 1721 .·
3545 1667 3816 1724 Laudate

2155 1753 2490 1821 Dominum,
2521 1771 2726 1810 omnes
2783 1759 3009 1828 gentes,
3043 1753 3112 1810 ad
3149 1754 3464 1827 neophytos.
3497 1759 3618 1826 Quo
3645 1757 3814 1828 ﬁnito

407 1841 583 1899 nibus
595 1841 1131 1909 circumstantibus,
1151 1841 1342 1914 quiete
1361 1845 1687 1912 temporum
1701 1858 1975 1897 concessa
1989 1841 2046 1896 in
2080 1876 2129 1942 Β
2155 1859 2281 1896 cum
2311 1842 2506 1898 Gloria
2525 1842 2776 1899 Alleluia
2793 1846 3086 1915 repetitur,
3109 1845 3295 1899 etsine
3312 1847 3564 1900 neumate
3578 1845 3812 1914 finitur.

407 1930 502 1986 his
524 1930 906 1987 Paschalibus
937 1929 1168 2002 gaudiis
1199 1947 1538 1987 conservare
1572 1929 1852 2004 digneris.
1885 1935 2051 1986 Hune
2080 1929 2127 1942 “’
2159 1932 2352 1986 Postea
2393 1933 2570 2002 prior,
2609 1935 2660 1987 si
2710 1935 2940 1987 missam
2997 1947 3110 1988 non
3154 1931 3526 2000 celebraverit,
3563 1933 3816 2004 incipiat

407 2036 546 2094 ergo
567 2036 821 2087 cereum,
838 2019 1097 2086 Domine,
1117 2036 1290 2092 quem
1312 2020 1420 2075 tibi
1449 2020 1614 2076 offert
1635 2019 1890 2076 famulus
1912 2023 2052 2074 tuus

407 2109 476 2165 Ν.
497 2114 800 2181 acceptum
817 2125 944 2164 esse
966 2108 1248 2182 digneris,
1264 2112 1330 2162 ut
1344 2107 1466 2163 hac
1488 2124 1590 2179 per
1621 2107 1838 2164 multos
1867 2123 2050 2164 annos

410 2197 577 2254 laetus
615 2202 672 2253 et
709 2198 971 2270 gaudens
1019 2195 1124 2252 tibi
1161 2196 1408 2252 Domino
1451 2201 1585 2252 vota
1631 2197 1944 2268 persolvat,
1995 2201 2052 2252 et

407 2303 596 2358 usque
618 2287 690 2342 ad
721 2289 979 2359 optatam
1010 2285 1308 2358 perveniat
1335 2289 1714 2341 senectutem.
1749 2285 1912 2341 Unde
1947 2287 2050 2342 be-

407 2375 652 2443 netdico
672 2379 748 2444 te,
782 2379 1052 2430 creatura
1079 2390 1242 2442 cerae,
1275 2391 1378 2446 per
1435 2375 1654 2440 Detum
1696 2374 1916 2442 vivum,
1951 2391 2052 2448 per

407 2465 630 2532 Detum
653 2467 944 2528 sanctum,
967 2479 1069 2536 per
1088 2463 1295 2530 Deum,
1319 2463 1420 2535 qui
1450 2467 1506 2518 te
1531 2479 1601 2518 ex
1630 2463 1907 2519 omnibus
1925 2463 2049 2535 agri

406 2555 652 2612 ﬂoribus
699 2552 1039 2627 congregari
1078 2551 1370 2625 praecepit,
1404 2555 1461 2606 et
1490 2551 1548 2606 in
1583 2555 1895 2622 conspectu
1928 2568 2048 2607 suae

405 2644 691 2703 claritatis
718 2643 915 2716 ignem
946 2641 1258 2698 accendere
1279 2639 1484 2712 jussit,
1515 2645 1583 2694 ut
1615 2639 1950 2712 ubicunque
1980 2657 2047 2696 ex

403 2738 462 2790 te
492 2733 748 2806 positum
771 2731 964 2800 fuerit,
983 2731 1062 2786 sit
1085 2729 1246 2785 locus
1295 2727 1407 2784 iste
1431 2727 1718 2795 munitus,
1752 2732 2046 2800 protectus

401 2825 582 2895 atque
607 2821 881 2878 defensus
909 2820 982 2874 ab
1015 2817 1174 2874 omni
1205 2817 1292 2872 ira
1320 2815 1517 2872 divina
1536 2821 1594 2872 et
1614 2818 1686 2871 ab
1716 2815 1875 2872 omni
1907 2817 2046 2871 infe-

403 2909 654 2968 statione
709 2907 956 2975 inimici,
991 2921 1093 2980 per
1140 2906 1414 2960 virtutem
1448 2909 1505 2960 et
1545 2921 1755 2975 nomen
1813 2905 2044 2961 Domini

402 2997 590 3054 nostri
635 2993 778 3054 Jesu
817 2995 1052 3064 Christi,
1077 2993 1180 3067 qui
1227 2993 1368 3049 vivit
1406 2997 1462 3048 et
1505 2998 1711 3066 regnat
1753 3010 1887 3049 cum
1934 2999 2043 3050 Deo

403 3087 574 3144 Patre
602 3085 662 3142 in
693 3085 917 3142 unitate
961 3083 1214 3157 Spiritus
1253 3081 1439 3138 sancti
1463 3082 1522 3136 in
1567 3081 1777 3138 saecula
1821 3083 2042 3156 sempi-

402 3183 584 3235 terna.
611 3176 816 3230 Amen.

475 3266 640 3322 Cerea
690 3263 984 3333 benedicto,
1026 3263 1265 3320 ascendit
1311 3262 1475 3318 lector
1513 3261 1584 3316 ad
1606 3261 1892 3318 ambonem
1915 3277 2042 3334 pro-
2074 3243 2117 3311 C

402 3359 706 3415 nuntians:
731 3355 919 3413 Lectio
954 3353 1088 3410 libri
1116 3353 1376 3409 Genesis.
1401 3352 1465 3408 In
1487 3351 1773 3425 principio
1809 3349 2040 3407 creavit.

403 3449 581 3505 Lectio
624 3447 828 3520 prima.
859 3446 1056 3515 Legens
1095 3443 1262 3514 plane
1307 3449 1358 3496 et
1401 3445 1588 3513 aperte
1632 3440 1702 3496 ad
1731 3441 2040 3510 intelligen-

397 3541 546 3598 dum.
571 3537 650 3594 Ad
679 3535 927 3606 singulas
977 3533 1228 3589 lectiones
1273 3531 1512 3601 singulae
1539 3530 1810 3584 orationes
1839 3527 2040 3584 haben-

397 3636 510 3695 tur,
541 3640 779 3698 quarum
819 3623 1059 3694 primam
1107 3619 1336 3674 domnus
1391 3621 1546 3690 prior
1612 3617 1764 3684 dicit,
1815 3616 2041 3672 indutus

396 3731 569 3789 cappa
613 3722 666 3770 et
703 3713 886 3777 stola;
915 3716 1192 3780 sequentes
1233 3709 1340 3762 alii
1373 3707 1685 3763 sacerdotes.
1718 3705 1795 3760 Ad
1825 3705 2041 3760 nullam

397 3805 598 3860 harum
647 3801 960 3856 orationum
999 3797 1205 3852 dicitur
1245 3795 1526 3851 Dominus
1573 3793 1897 3861 vobiscum,
1945 3795 2040 3850 sed

399 3894 615 3948 tantum
643 3889 914 3946 Oremus.

467 3978 672 4034 Oratio.
707 3981 860 4032 Deus
899 3975 1000 4048 qui
1059 3973 1424 4038 mirabiliter,
1472 3977 1604 4038 etc.,
1637 3980 1697 4026 ut
1754 3973 1816 4025 in
1866 3971 2036 4026 editis

392 4083 564 4140 usque
617 4066 687 4123 ad
734 4069 902 4122 totam
967 4065 1342 4120 duodecimam
1401 4063 1705 4126 lectionem,
1747 4063 2036 4131 postquam

390 4158 510 4216 haec
535 4156 920 4228 subjiciuntur,
951 4158 1156 4212 tractus
1188 4171 1201 4208 :
1237 4152 1400 4207 Sicut
1429 4166 1654 4206 cervus.

463 4247 666 4304 Oratio.
715 4244 1100 4318 Omnipotens
1172 4240 1524 4312 sempiterna
1585 4237 1762 4304 Deus,
1813 4237 2033 4310 respice

387 4335 678 4411 propitius
725 4334 799 4391 ad
847 4331 1211 4390 devotionem
1263 4327 1463 4402 populi
1497 4325 1874 4392 renascentis,
1927 4326 2026 4398 qui

387 4426 542 4483 sicut
569 4423 776 4482 cervus
821 4437 1109 4495 aquarum
1153 4419 1369 4492 expetit
1399 4417 1641 4482 fontem,
1672 4419 1728 4472 et
1777 4417 2029 4472 concede

385 4513 694 4588 propitius,
727 4516 794 4568 ut
816 4511 951 4566 ﬁdei
977 4509 1164 4582 ipsius
1195 4507 1324 4564 sitis
1355 4503 1729 4578 baptismatis
1752 4503 2026 4577 mysterio

383 4604 643 4661 animam
675 4613 1006 4674 corpusque
1037 4595 1375 4654 sanctiﬁcet.
1409 4595 1534 4650 Per.

451 4692 532 4749 Ad
559 4692 816 4748 ultimam
862 4688 1148 4746 lectionem
1191 4684 1436 4742 sacerdos
1465 4682 1743 4755 egrediens
1771 4698 1841 4738 ex
1867 4681 2027 4736 choro

379 4798 505 4838 cum
530 4779 806 4837 ministris
829 4778 1054 4850 optimis
1081 4775 1415 4832 vestimentis
1441 4773 1715 4838 induitur,
1745 4772 1799 4826 si
1843 4774 2028 4825 tamen

381 4870 708 4942 baptismum
736 4884 849 4926 non
875 4871 955 4925 est
982 4865 1352 4922 celebraturus
1377 4871 1535 4931 ;tunc
1557 4861 1707 4917 enim
1737 4859 2024 4916 vilioribus

378 4959 556 5014 utitur
583 4973 752 5032 usque
779 4957 848 5012 ad
879 4958 1123 5012 missam.
1151 4955 1246 5010 llis
1275 4955 1460 5024 itaque
1485 4951 1720 5022 peractis
1775 4956 2025 5004 cantores

377 5045 483 5101 duo
523 5049 709 5120 cappis
738 5045 920 5102 induti
947 5046 1207 5101 litaniam
1249 5047 1466 5099 ternum
1513 5041 1744 5112 faciant,
1776 5053 1896 5108 qua
1921 5051 2022 5107 pro

379 5141 616 5208 tempore
637 5135 1020 5208 protrahatur.
1055 5135 1170 5202 Qua
1229 5131 1392 5202 ﬁnita
1445 5131 1736 5184 conventus
1767 5127 1826 5180 in
1861 5124 2022 5180 choro

375 5229 712 5297 exspectans,
745 5221 943 5279 sedeat.
979 5222 1224 5278 Ministri
1248 5231 1431 5275 autem
1457 5217 1658 5272 reversi
1689 5217 1748 5270 in
1777 5215 2022 5297 sacrario

374 5296 547 5385 usque
574 5313 714 5370 dum
741 5325 1019 5382 campana
1042 5312 1244 5367 sancta:
1271 5309 1510 5380 fuerint;
1543 5303 1738 5374 quibus
1767 5296 2023 5356 c'esstmti-

377 5402 474 5458 bus
503 5401 570 5474 ﬁt
583 5399 852 5472 processio
867 5414 966 5470 per
987 5400 1309 5463 claustrum,
1325 5399 1378 5450 et
1405 5395 1662 5448 cantatur
1683 5387 2020 5460 antipho—na;

375 5493 517 5544 Cum
577 5487 976 5543 descendisset
1027 5486 1314 5544 Dominus
1353 5482 1425 5538 ad
1459 5480 1706 5535 inferna.
1742 5479 2020 5548 Usquequo

375 5577 597 5632 redeant
653 5578 712 5631 in
768 5576 1013 5632 chorum.
1068 5576 1167 5632 Ubi
1223 5573 1381 5643 finita
1427 5569 1729 5640 antiphona
1777 5565 2020 5621 sacerdos

375 5669 502 5721 ante
561 5667 731 5723 basim
791 5665 988 5720 altaris
1038 5664 1336 5719 consistens
1388 5657 1649 5713 mediocri
1674 5671 1798 5712 voce
1828 5655 2021 5724 incipit

2158 2019 2517 2091 antiphonam
2545 2019 2797 2092 Vespere
2852 2022 3048 2076 autem
3103 2019 3384 2090 Sabbati;
3428 2036 3556 2075 cum
3590 2022 3815 2093 psalmo

2161 2109 2494 2180 Magniﬁcat
2523 2107 2738 2164 anima.
2769 2110 2836 2165 Et
2863 2110 3024 2180 ﬁnita
3051 2109 3372 2180 antiphona,
3403 2117 3455 2165 et
3495 2113 3812 2166 communi-

2158 2201 2293 2254 catis
2338 2199 2627 2269 fratribus,
2680 2199 2899 2254 tandem
2948 2200 3194 2255 oratione
3240 2199 3304 2254 de
3351 2201 3526 2255 missa
3565 2214 3818 2271 vespera?

2159 2287 2451 2356 ﬁniuntur.
2484 2288 2546 2342 Et
2598 2287 2716 2343 ideo
2769 2287 2914 2359 apud
2974 2287 3234 2360 quosdam
3285 2303 3399 2342 non
3437 2289 3742 2356 incongrue
3773 2306 3814 2343 α

2159 2375 2384 2431 diacono
2440 2375 2861 2432 Benedieamus
2917 2375 3166 2432 Domino
3220 2375 3424 2431 dicitur
3449 2393 3472 2438 ;
3518 2375 3612 2431 sed
3661 2377 3817 2448 apud

2157 2479 2254 2518 nos
2283 2466 2490 2535 quoties
2547 2464 2742 2521 Gloria
2780 2463 2840 2520 in
2897 2463 3142 2520 excelsis
3199 2469 3312 2520 Deo
3367 2466 3611 2530 canitur,
3643 2467 3819 2522 etiam

2156 2551 2234 2607 ite
2257 2553 2436 2608 Missa
2455 2555 2545 2608 est
2564 2569 2599 2606 a
2627 2553 2852 2610 diacono
2881 2553 3106 2609 dicitur.

2390 2659 2448 2696 IN
2489 2657 2725 2697 SABBATI
2765 2659 2961 2698 SANCTI
3001 2657 3178 2697 NOCTE
3214 2658 3286 2696 AD
3328 2657 3571 2698 MISSAM.

2227 2731 2435 2785 Oratio.
2472 2730 2646 2796 Deus,
2679 2729 2781 2802 qui
2831 2730 2982 2786 hanc
3035 2729 3497 2785 saeratissimam
3547 2734 3810 2800 noctem,

2154 2821 2288 2886 etc.,
2323 2823 2381 2874 ut
2423 2822 2480 2874 in
2533 2819 2692 2874 editis
2735 2819 2912 2890 quoad
2957 2818 3097 2874 hanc
3140 2820 3462 2886 orationem,
3515 2823 3808 2888 secretam,

2151 2909 2556 2978 praefationem,
2577 2910 3059 2974 communicantes,
3087 2907 3230 2963 hanc
3258 2909 3456 2979 igitur,
3487 2915 3539 2964 et
3565 2923 3815 2964 commu-

2150 2997 2413 3062 nionem;
2441 3013 2568 3069 quee
2618 2999 2807 3052 omnia
2849 3001 3067 3053 tantum
3123 2995 3395 3052 habentur
3422 2999 3486 3053 in
3512 3000 3810 3054 enuntiato

2150 3085 2366 3141 missali
2393 3102 2520 3140 mss.

2151 3190 2362 3230 INCIPIT
2399 3191 2550 3229 0RDO
2589 3190 2867 3237 QUALITER
2905 3190 3214 3230 EPISCOPUS
3251 3191 3356 3230 νει
3387 3191 3705 3231 PRESBITER
3732 3192 3808 3231 AD

2493 3279 2709 3318 MISSAM
2749 3279 2814 3318 SE
2853 3279 3066 3318 DBBEAT
3105 3279 3472 3320 PBJEPAIIARE.

2225 3352 2499 3423 Inprimis
2528 3355 2747 3408 cantent
2775 3359 2882 3407 tres
2909 3351 3144 3423 psalmos
3167 3367 3270 3423 per
3295 3368 3354 3407 se
3384 3351 3466 3408 vel
3493 3367 3529 3408 α
3559 3354 3806 3408 circum-

2149 3441 2418 3496 stantibus
2469 3442 2698 3507 clericis,
2751 3441 2809 3496 id
2837 3445 2913 3496 est
2951 3441 3230 3512 psalmum
3265 3457 3278 3496 :
3311 3442 3498 3506 Quam
3539 3441 3804 3510 Dilecta;

2146 3546 2229 3600 ps.
2265 3528 2650 3597 Benedixisti;
2679 3545 2762 3600 ps.
2801 3527 3040 3596 Inclina,
3072 3532 3122 3583 et
3163 3544 3513 3601 preces.......
3550 3530 3802 3602 Sequun-

2151 3621 2244 3672 tur
2289 3619 2638 3689 capitulum:
2673 3619 2948 3690 Exsurge,
3010 3617 3155 3681 Fiat,
3212 3617 3365 3674 Deus
3425 3623 3803 3686 convertens,

2149 3705 2401 3762 Ostende
2431 3705 2620 3774 nobis,
2655 3707 2742 3760 Ab
2766 3705 3029 3773 occultis,
3063 3707 3189 3762 Non
3219 3705 3421 3774 intres,
3454 3708 3801 3766 Sacerdotes

2149 3794 2255 3849 tui.
2450 3850 2457 3859 _

2215 3882 2420 3938 Deinde
2447 3899 2570 3938 cum
2598 3886 2810 3939 exuerit
2839 3886 3085 3939 tunicam
3122 3883 3254 3939 dicit
3285 3902 3304 3940 :
3328 3885 3484 3940 Exue
3533 3901 3653 3954 me,
3687 3887 3796 3942 Do-

2145 3970 2325 4038 mine,
2346 3976 2593 4027 veterem
2613 3972 2910 4028 hominem
2939 3989 3073 4028 cum
3105 3972 3334 4029 actibus
3365 3973 3590 4041 suis,et
3621 3975 3796 4032 indue

2145 4075 2236 4114 me
2257 4076 2471 4114 novum
2503 4059 2823 4130 hominem,
2845 4061 2943 4134 qui
2980 4062 3303 4116 secundum
3338 4061 3524 4117 Deum
3558 4069 3794 4119 creatus

2141 4151 2230 4202 est
2257 4147 2314 4202 in
2338 4148 2571 4219 justitia
2601 4154 2659 4204 et
2689 4149 2998 4206 sanctitate
3029 4149 3312 4205 veritatis.

2212 4237 2288 4292 Ad
2314 4239 2579 4292 amictum
2609 4254 2622 4292 :
2657 4238 2887 4302 Scinde,
2923 4237 3186 4306 Domine,
3211 4253 3450 4294 saccum
3495 4255 3703 4296 meum
3733 4244 3790 4298 et

2139 4325 2214 4381 da
2244 4323 2504 4405 laetitiam
2529 4327 2723 4382 cordis
2750 4326 2884 4382 mei.
2919 4333 3122 4382 Amen.

2207 4414 2286 4469 Ad
2311 4415 2494 4470 albam
2523 4434 2542 4470 :
2573 4416 2758 4474 Indue
2797 4432 2910 4484 me,
2943 4415 3209 4485 Domine,
3244 4414 3485 4471 loricam
3536 4417 3790 4487 justitiae

2137 4507 2196 4560 et
2223 4502 2452 4575 galeam
2481 4504 2712 4560 salutis.
2742 4506 2950 4560 Amen.

2059 4610 2104 4674 D
2205 4593 2284 4648 Ad
2306 4594 2590 4665 cingulum
2619 4611 2638 4648 :
2667 4593 2981 4665 Prmeinge,
3005 4593 3270 4660 Domine,
3301 4593 3540 4651 lumbos
3573 4596 3790 4654 mentis

2136 4696 2276 4736 mea;
2294 4685 2351 4736 et
2380 4681 2735 4738 circumcide
2757 4681 2901 4737 vitia
2930 4682 3123 4738 cordis
3153 4681 3288 4737 mei.
3320 4683 3529 4738 Amen.

2207 4769 2284 4825 Ad
2329 4771 2527 4826 stolam
2571 4787 2582 4826 :
2635 4770 2797 4827 Stolo.
2833 4771 3078 4842 justitiaa
3141 4771 3464 4841 circumda,
3515 4772 3788 4844 Domine,

2134 4857 2412 4914 cervicem
2447 4863 2732 4926 meam,et
2761 4859 2835 4914 ab
2857 4859 3018 4914 omni
3041 4859 3416 4930 corruptione
3443 4861 3789 4936 peccatipu-

2133 4946 2297 5002 ritiea
2327 4951 2583 5002 mentem
2617 4963 2832 5003 meam.

2202 5035 2280 5090 Ad
2309 5036 2555 5090 casulam
2574 5053 2592 5090 .-
2611 5036 2792 5092 Indue
2815 5051 2927 5101 me,
2951 5036 3212 5101 Domine,
3237 5035 3592 5094 sacerdotali
3607 5038 3787 5109 justi-

2131 5123 2232 5190 tia,
2256 5127 2318 5178 ut
2345 5123 2540 5178 induci
2565 5140 2792 5180 merear
2816 5125 2875 5180 in
2909 5123 3287 5181 tabernacula
3327 5125 3717 5198 sempiterna.

2202 5213 2341 5266 Dum
2390 5212 2563 5266 intrat
2603 5211 2674 5266 ad
2720 5213 2898 5268 altare
2942 5213 3136 5269 dicat:
3178 5213 3432 5270 lntroibo
3483 5215 3558 5270 ad
3605 5214 3786 5272 altare

2130 5299 2252 5363 Dei,
2286 5299 2354 5352 ad
2388 5299 2570 5354 Deum
2605 5317 2618 5354 :
2648 5301 2787 5370 psat.
2821 5301 3032 5358 Judica
3071 5318 3185 5368 me,
3210 5300 3384 5358 Deus.

2203 5387 2338 5442 Cum
2364 5389 2670 5457 pervenerit
2699 5388 2768 5444 ad
2807 5390 2984 5446 altare
3013 5389 3301 5448 humiliter
3330 5391 3604 5448 inclinato
3637 5393 3784 5448 vultu

2129 5475 2275 5530 dicat
2299 5475 2692 5545 confessionem
2719 5477 2860 5533 hanc
2901 5482 3069 5534 totam
3107 5495 3204 5550 per
3253 5479 3504 5536 ordinem
3538 5499 3558 5535 :
3585 5481 3781 5554 .Kyrie.

2127 5561 2372 5619 Christe.
2397 5561 2566 5618 Pater
2594 5571 2812 5633 uoster,
2833 5565 2934 5639 qui
2965 5583 3048 5622 es.
3082 5567 3455 5638 Adjutorium
3487 5575 3779 5626 nostrum.

2128 5650 2236 5716 Qui
2267 5651 2405 5707 fecit
2437 5650 2650 5708 oculum
2691 5659 2749 5710 et
2793 5660 3026 5710 terram.
3074 5655 3442 5712 Confitemini
3507 5658 3778 5728 Domino,
