3896 6216
912 352 1295 419 EXCERPT.
1338 348 1443 418 EX
1482 351 1713 421 CODD.
1762 353 2076 422 LlTURG.
2124 356 2723 423 FONTAVELLAN.

3401 305 3522 419 ssc

131 482 400 562 quoniam
430 482 640 555 bonus,
669 484 947 559 quoniam
976 488 1036 545 in
1058 488 1336 546 saeculum
1362 488 1765 547 misericordia
1790 492 1846 559 Α
1872 490 2094 548 scimus
2125 493 2385 550 confiteri
2409 494 2565 566 quod
2599 509 2715 549 non
2739 491 3017 550 timemus
3037 490 3371 563 admittere;
3400 471 3526 551 ver.

128 579 266 649 ejus.
286 577 357 634 Et
398 593 505 650 ego
555 577 734 634 miser
782 576 1002 646 infelix,
1031 579 1309 635 confiteor
1351 579 1467 635 Deo
1497 578 1762 652 omnipo-

126 666 258 725 tenti
285 664 463 735 Patri,
497 670 556 722 et
593 666 760 735 Filio,
785 671 841 723 et
871 667 1113 741 Spiritui
1156 672 1379 737 sancto,
1404 671 1461 723 et
1489 669 1764 724 omnibus

126 754 334 829 angelis
363 758 421 812 et
450 755 673 812 sanctis
711 757 858 828 ejus,
883 761 940 812 et
970 757 1098 825 tibi,
1132 757 1328 821 frater,
1355 756 1494 829 quia
1532 756 1763 829 peccavi

125 843 288 901 nimis
335 859 467 900 mea
504 843 696 917 culpa,
729 862 861 902 mea
889 845 1081 918 culpa,
1113 862 1245 902 mea
1292 844 1484 918 culpa,
1508 846 1565 900 in
1600 845 1762 918 cogi-

126 933 347 1002 tatione,
376 932 690 1003 locutione,
710 934 1118 1003 delectatione,
1141 950 1431 991 consensu
1460 939 1517 991 et
1546 952 1717 1007 opere
1746 953 1759 991 :

126 1022 241 1079 ideo
268 1022 552 1094 deprecor
579 1039 782 1079 omnes
808 1027 1041 1080 sanctos
1071 1024 1173 1080 Dei
1196 1027 1253 1079 et
1272 1028 1349 1091 te,
1374 1023 1575 1091 frater,
1601 1040 1766 1081 orare

129 1114 179 1167 et
202 1109 558 1167 intercedere
582 1127 687 1183 pro
708 1128 802 1168 me
829 1115 1130 1185 peccatore
1154 1112 1469 1169 Dominum
1497 1115 1764 1170 nostrum

123 1199 309 1257 Jesum
338 1199 663 1256 Christum.

186 1288 493 1345 Miseratur
519 1288 605 1344 tui
649 1290 1019 1364 omnipotens
1069 1293 1243 1361 Deus,
1268 1296 1325 1349 et
1352 1291 1612 1348 dimittat
1659 1291 1763 1361 tibi

124 1377 303 1434 omnia
330 1382 577 1450 peccata
605 1382 738 1447 tua;
771 1378 977 1436 liberet
1005 1387 1062 1437 te
1094 1383 1165 1438 ab
1195 1381 1354 1437 omni
1387 1380 1561 1452 malo,
1584 1380 1766 1437 salvet

123 1466 504 1523 et-confirmet
533 1472 589 1523 te
619 1467 679 1523 in
710 1468 871 1525 omni
908 1487 1081 1542 opere
1119 1471 1290 1537 bono,
1313 1474 1370 1525 et
1398 1471 1681 1542 perducat
1708 1473 1765 1525 te

121 1555 371 1612 Christus
400 1555 589 1612 Filius
619 1557 720 1613 Dei
752 1557 810 1612 in
839 1557 1019 1614 vitam
1050 1562 1347 1615 aeternam.
1376 1561 1584 1615 Amen.

184 1643 616 1718 lndulgentiam
646 1650 703 1702 et
732 1647 1142 1704 remissionem
1187 1648 1452 1704 omnium
1496 1652 1762 1721 peccato-

118 1748 236 1788 rum
265 1737 628 1801 nostrorum,
653 1739 711 1791 et
740 1736 998 1807 spatium
1029 1753 1198 1805 verae,
1230 1737 1539 1794 fructuosae
1578 1736 1761 1810 pinni—

117 1820 294 1877 tentiis
323 1823 555 1879 tribuat
584 1823 754 1880 nobis
784 1825 1156 1896 omnipotens
1188 1825 1493 1881 Dominus.

179 1911 227 1977 Ῠ.
258 1911 410 1969 Deus
443 1916 513 1968 tu
541 1916 884 1970 convertens
907 1913 1228 1970 viviﬁcabis
1259 1930 1384 1970 nos.

180 2000 233 2069 ἡ.
263 2000 331 2057 Et
358 2000 534 2073 plebs
565 2000 859 2058 laztabitur
885 2002 948 2057 in
978 2006 1053 2058 te.

178 2097 227 2163 ᾗ.
257 2097 516 2155 Ostende
545 2098 735 2168 nobis,
760 2100 1027 2167 Domine,
1051 2099 1512 2157 misericordiam
1536 2104 1719 2157 tuam.

179 2186 236 2254 ἢ.
265 2186 334 2243 Et
362 2186 625 2244 salutare
652 2192 822 2244 tuum
849 2189 924 2244 da
954 2189 1143 2244 nobis.

178 2274 228 2342 ᾗ.
260 2275 384 2331 Non
417 2276 609 2332 intres
638 2275 697 2332 in
723 2276 974 2349 judicio.

183 2363 238 2431 ιῆ.
271 2364 416 2430 Quia
448 2381 565 2420 non
588 2366 1032 2437 justificabitur.

181 2452 234 2519 Ῡ.
264 2452 562 2527 Propitius
591 2457 734 2510 esto.

185 2541 242 2610 ἢ.
274 2541 596 2615 Nequando
627 2543 840 2600 dicant.

182 2628 234 2697 ᾖ.
265 2630 534 2700 Domine,
564 2633 771 2688 exaudi
804 2633 1127 2690 orationem
1159 2650 1372 2690 meam.

186 2718 242 2787 ii.
276 2719 347 2774 Et
377 2718 599 2777 clamor
628 2737 794 2777 meus
825 2723 896 2777 ad
926 2726 982 2778 te
1011 2724 1222 2779 veniat.

186 2806 237 2872 ἲ.
269 2807 558 2864 Dominus
586 2808 909 2867 vobiscum.

185 2896 246 2964 lii,
279 2897 351 2951 Et
380 2911 516 2952 cum
547 2897 759 2968 spiritu
785 2902 907 2954 tuo.

182 2983 394 3039 Oratio.
425 2984 604 3039 Aufer
633 3002 666 3040 a
696 2986 886 3055 nobis,
920 2988 1184 3053 Domine,
1207 3007 1566 3061 quaesumus,
1586 2990 1767 3047 inter-

112 3070 482 3127 venientibus
511 3072 641 3128 istis
688 3080 745 3130 et
786 3076 1060 3132 omnibus
1090 3078 1308 3134 sanctis
1353 3080 1493 3145 tuis,
1526 3084 1766 3136 cunctas

114 3158 455 3231 iniquitates
487 3165 737 3230 nostras,
767 3168 830 3218 ut
878 3164 949 3219 ad
994 3164 1206 3221 Sancta
1236 3171 1571 3223 sanctorum
1602 3168 1766 3240 puris

116 3247 411 3304 mentibus
444 3265 779 3306 mereamur
807 3249 1067 3308 introire.
1101 3253 1210 3309 Per
1237 3255 1573 3311 Dominum.

183 3337 409 3404 Quando
437 3339 718 3395 osculatur
744 3341 923 3397 altare
954 3340 1125 3397 dicit:
1149 3342 1398 3399 Oramus
1418 3348 1495 3409 te,
1523 3343 1769 3399 Domine

118 3421 264 3481 Deus
294 3430 495 3484 noster
522 3427 915 3501 omnipotens,
941 3432 1006 3485 ut
1034 3446 1137 3502 per
1168 3430 1378 3485 merita
1408 3436 1765 3499 sanctorum,

120 3528 365 3583 quorum
397 3515 657 3588 reliquiae
688 3516 783 3573 hic
808 3521 969 3585 sunt,
993 3517 1297 3592 indulgere
1319 3519 1489 3575 nobis
1510 3520 1769 3593 digneris

118 3602 314 3659 omnia
340 3610 579 3676 peccata
609 3610 830 3662 nostra.

182 3691 386 3748 Deinde
430 3710 556 3750 cum
602 3696 963 3766 Evangelium
1010 3697 1287 3752 osculatur
1314 3714 1333 3751 :
1367 3696 1482 3753 Pax
1530 3696 1767 3766 Christi,

122 3791 291 3846 quam
324 3781 494 3838 nobis
523 3799 627 3855 per
649 3784 1029 3857 Evangelium
1060 3803 1236 3841 suum
1268 3786 1532 3855 tradidit,
1565 3788 1771 3842 conﬁr-

123 3870 235 3921 met
263 3874 321 3924 et
348 3876 650 3927 conservet
679 3873 855 3930 corda
896 3877 954 3930 et
993 3891 1236 3947 corpora
1265 3879 1467 3932 nostra
1499 3875 1559 3931 in
1590 3875 1769 3932 vitam

123 3957 409 4015 aeternam.
442 3963 648 4018 Amen.

184 4045 321 4102 Ante
350 4050 714 4122 Evangelium
743 4068 867 4107 cum
903 4055 1149 4124 posuerit
1179 4055 1465 4110 incensum
1500 4056 1560 4109 in
1588 4055 1767 4109 thuri-

125 4128 305 4190 bulum
327 4136 482 4204 dicit,
516 4140 601 4193 vel
630 4144 924 4212 antequam
953 4142 1215 4196 diaconus
1242 4159 1300 4197 se
1327 4144 1559 4198 inclinet
1579 4160 1597 4197 :
1626 4143 1772 4198 Odo-

124 4233 240 4276 rem
281 4223 535 4280 ccelestis
585 4225 984 4298 inspirationis
1015 4245 1133 4284 sum
1165 4231 1442 4286 accendat
1490 4231 1547 4285 in
1601 4232 1769 4287 nobis

125 4304 427 4381 Dominus,
461 4317 520 4368 et
548 4313 791 4387 impleat
834 4316 1010 4371 corda
1040 4322 1239 4372 nostra
1278 4318 1349 4372 ad
1395 4319 1686 4375 audienda
1714 4325 1773 4376 et

125 4392 419 4469 implenda
444 4402 535 4458 sui
568 4403 864 4476 Evangelii
896 4410 1198 4477 praecepta.
1233 4406 1341 4472 Qui
1371 4406 1527 4461 vivit.

195 4486 315 4542 Alia
343 4493 536 4547 oratio.
571 4491 634 4546 In
667 4493 905 4549 nomine
935 4493 1141 4561 Patris,
1166 4498 1223 4549 et
1253 4492 1402 4562 Filii,
1435 4498 1489 4548 et
1521 4494 1773 4566 Spiritus

1872 582 1964 639 bis
1996 582 2114 638 tuis
2157 586 2386 639 tantum
2435 582 2839 656 obsequimur,
2871 581 3041 639 corde
3089 583 3430 652 mentimur,
3462 587 3523 641 et

1873 672 2027 744 quod
2050 671 2193 728 velle
2213 689 2319 728 nos
2341 672 2614 741 dicimus,
2636 671 2790 729 nolle
2808 670 3024 728 nostris
3062 671 3288 728 actibus
3317 689 3524 744 appro-

1870 763 2112 829 bemus;
2149 764 2248 818 sed
2291 778 2485 835 parce,
2511 761 2770 829 Domine,
2807 759 3245 827 conﬁtentibus,
3288 760 3525 834 ignosce

1873 848 2269 922 peccantibus,
2295 849 2570 908 miserere
2593 854 2647 908 te
2682 848 3047 924 rogantibus,
3070 853 3123 907 et
3164 848 3304 921 quia
3332 849 3525 905 omnis

1875 956 2086 995 sensus
2116 940 2174 995 in
2204 941 2588 997 sacramentis
2610 941 2729 997 tuis
2760 940 3033 996 infirmus
3060 942 3168 1008 est,
3193 942 3250 994 et
3278 939 3435 1011 apud
3466 942 3524 995 te

1874 1045 1991 1084 non
2022 1028 2239 1086 habent
2267 1031 2443 1085 verba
2472 1030 2598 1085 sine
2628 1028 2891 1097 crimine,
2916 1031 3146 1101 praesta,
3170 1026 3435 1096 Domine,
3458 1032 3526 1084 ut

1874 1131 1942 1174 ex
1971 1119 2141 1173 nobis
2173 1118 2433 1191 indignis
2462 1125 2518 1174 et
2546 1119 2948 1190 peccatoribus
2979 1117 3157 1173 verba
3185 1133 3301 1172 non
3336 1115 3522 1173 susci-

1873 1207 2022 1280 pias,
2047 1224 2150 1279 per
2176 1207 2554 1280 temetipsum
2583 1208 2814 1265 veniam
2845 1205 3133 1279 largiaris,
3157 1206 3258 1277 qui
3286 1206 3433 1262 vivis
3463 1210 3522 1263 et

1874 1295 2214 1353 dominaris.

1944 1388 2085 1442 Dum
2112 1387 2284 1442 abluit
2319 1403 2514 1441 manus
2538 1389 2825 1458 postquam
2858 1386 3160 1457 perlectum
3187 1385 3263 1439 est
3291 1400 3519 1455 cvange-

1874 1475 2051 1545 liumf:
2075 1475 2306 1548 Largire
2328 1475 2599 1531 sensibus
2622 1473 2855 1542 nostris,
2871 1473 3241 1545 omnipotens
3262 1472 3523 1541 Pater,ut
3590 1542 3594 1547 η

1873 1566 2027 1622 sicut
2054 1564 2151 1620 hic
2171 1564 2492 1621 abluuntur
2513 1562 2959 1635 inquinamenta
2979 1577 3284 1629 manuum,
3309 1560 3393 1616 sic
3412 1578 3447 1616 a
3466 1563 3524 1617 te

1873 1654 2233 1711 mundentur
2255 1653 2502 1709 interius
2523 1650 2878 1725 pollutiones
2900 1649 3209 1716 mentium,
3226 1651 3283 1705 et
3301 1653 3524 1705 crescat

1872 1744 1932 1800 in
1966 1744 2135 1800 nobis
2161 1747 2544 1816 augmentum
2578 1744 2913 1798 sanctarum
2944 1738 3249 1794 virtutum.

1788 1864 1836 1929 B
1945 1835 2246 1904 Antequam
2274 1833 2344 1887 ad
2384 1834 2728 1887 sacramenta
2774 1828 3014 1897 accedat,
3057 1827 3370 1926 inclinetse
3398 1829 3525 1882 ante

1864 1924 2039 1979 altare
2064 1923 2244 1978 dicens
2265 1940 2284 1977 :
2317 1922 2599 1976 Facturus
2630 1934 2738 1992 ego
2768 1921 3037 1991 peccator
3067 1914 3414 1972 memoriam
3438 1931 3526 1972 sa-

1867 2010 2074 2068 lutaris
2104 2011 2307 2068 hostiae
2339 2009 2521 2066 totius
2546 2007 2774 2076 mundi,
2798 2022 2933 2062 cum
2964 2005 3123 2061 illius
3154 2003 3521 2077 dignitatem,

1869 2104 1925 2157 et
1954 2116 2146 2156 meam
2194 2100 2426 2155 intueor
2472 2097 2812 2167 fceditatem,
2845 2085 3200 2151 conscientia
3246 2096 3525 2165 torqueor

1869 2194 2264 2261 peccatorum,
2279 2203 2481 2243 verum
2512 2185 2652 2259 quia
2690 2189 2754 2240 tu
2786 2182 3042 2239 multum
3070 2180 3404 2237 misericors
3434 2196 3519 2249 es,

1868 2276 2139 2351 imploro,
2163 2280 2228 2331 ut
2255 2276 2513 2349 digneris
2535 2273 2680 2330 mihi
2702 2274 2842 2329 dare
2864 2271 3140 2343 spiritum
3163 2267 3518 2325 contribula-

1867 2370 2016 2434 tum,
2050 2366 2203 2438 quod
2236 2364 2341 2420 tibi
2372 2368 2604 2436 gratum
2637 2360 2904 2419 revelasti
2935 2358 3309 2425 sacrificium,
3339 2360 3405 2413 ut
3451 2373 3517 2413 eo

1868 2454 2212 2527 purificatus
2232 2453 2389 2508 vitali
2417 2451 2620 2507 hostiae
2638 2449 2765 2523 pias
2790 2465 3002 2504 manus
3019 2447 3518 2518 admoveam,quaz

1869 2543 2067 2599 omnia
2092 2545 2327 2615 peccata
2360 2557 2488 2596 mea
2517 2539 2765 2606 aboleat,
2789 2541 2847 2593 et
2875 2552 2943 2592 ea
2970 2535 3031 2591 in
3061 2537 3413 2608 perpetuum
3435 2533 3518 2589 vi-

1871 2631 2032 2688 tandi
2050 2629 2337 2687 cautelam
2358 2628 2648 2693 infundat,
2663 2625 3074 2696 omnibusque,
3089 2640 3193 2696 pro
3211 2622 3427 2694 quibus
3452 2620 3523 2677 ti-

1869 2721 1929 2776 bi
1961 2720 2202 2776 ot'fertur
2230 2717 2437 2775 salutis
2460 2713 2811 2772 commercia
2838 2711 3140 2785 largiatur.
3160 2711 3286 2767 Per.
3314 2711 3519 2766 Amen.

1943 2809 2168 2878 Quando
2199 2810 2318 2879 quis
2346 2808 2502 2879 offert
2527 2805 2858 2861 oblationem
2882 2801 3219 2873 presbytero,
3244 2799 3426 2854 dicat:
3456 2801 3524 2852 In

1873 2898 2081 2971 spiritu
2109 2895 2461 2952 humilitatis
2484 2899 2541 2949 et
2561 2893 2620 2949 in
2654 2891 2848 2947 animo
2879 2888 3129 2946 contrito
3151 2886 3259 2944 tibi
3279 2884 3525 2942 Domino

1872 2985 2128 3043 Creatori
2152 3002 2280 3041 meo
2301 2983 2555 3040 hostium
2573 2982 2750 3037 olfero
2771 2996 2874 3053 pro
2894 2977 3239 3035 remissione
3260 2974 3525 3032 omnium

1874 3078 2241 3147 peccatorum
2274 3088 2560 3139 meorum,
2595 3075 2651 3125 et
2684 3071 3027 3124 cunctorum
3069 3063 3333 3121 ﬁdelium
3361 3064 3525 3120 vivo-

1878 3179 2009 3219 rum
2041 3166 2217 3234 atque
2247 3166 2631 3217 mortuorum.

1947 3249 2203 3307 Sacerdos
2232 3250 2562 3305 oblationem
2588 3246 2861 3317 accipiens
2889 3243 3075 3298 dicat:
3106 3239 3369 3312 Suscipe,
3399 3256 3527 3296 san-

1876 3343 1969 3395 cta
1996 3338 2273 3405 Trinitas,
2306 3338 2457 3392 hanc
2501 3334 2877 3397 oblationem,
2899 3346 3080 3402 quam
3109 3328 3215 3385 tibi
3244 3328 3413 3383 otl‘ert
3441 3327 3527 3383 fa-

1877 3427 2078 3485 mulus
2104 3431 2266 3494 tuus,
2297 3430 2354 3481 et
2384 3428 2595 3496 praesta
2624 3426 2688 3478 ut
2714 3421 2776 3477 in
2807 3422 3189 3492 conspectum
3219 3420 3390 3473 tuum
3420 3415 3526 3473 tibi

1876 3517 2116 3591 placens
2148 3516 2444 3572 ascendat.

1949 3606 2092 3662 Alia.
2128 3603 2389 3675 Suscipe,
2424 3604 2625 3658 sancta
2668 3597 2944 3664 Trinitas,
2967 3611 3145 3668 quam
3175 3593 3281 3650 tibi
3327 3594 3526 3661 olfero,

1878 3712 1983 3768 pro
2014 3693 2324 3750 animabus
2356 3689 2711 3747 famulorum
2752 3684 3225 3756 famularumque
3266 3685 3526 3752 tuarum,

1880 3789 1947 3840 ut
1980 3782 2240 3855 requiem
2273 3785 2547 3837 aeternam
2581 3777 2662 3833 illi
2693 3778 2875 3833 dones
2900 3774 3054 3831 inter
3073 3776 3306 3829 sanctos
3328 3774 3386 3827 et
3417 3770 3530 3826 cle-

1880 3877 2004 3929 ctos
2034 3876 2189 3939 tuos,
2223 3874 2287 3927 ut
2318 3870 2379 3925 in
2408 3868 2641 3925 illorum
2675 3863 2989 3933 consortio,
3011 3862 3132 3919 vita
3161 3861 3535 3935 perfruamur

1879 3966 2113 4017 aeterna.
2149 3960 2273 4015 Per.

1950 4051 2256 4122 Presbyter,
2298 4050 2388 4104 vel
2423 4049 2686 4104 diaconus
2727 4045 2956 4100 calicem
2991 4043 3165 4114 o/fert,
3196 4039 3389 4096 dicat:
3419 4038 3532 4095 Do-

1881 4139 2038 4194 mine
2068 4139 2206 4194 Jesu
2251 4138 2499 4204 Christe,
2523 4135 2623 4208 qui
2668 4134 2727 4189 in
2760 4147 2931 4189 cruce
2962 4128 3254 4203 passionis
3300 4131 3413 4183 tuae
3461 4127 3533 4183 de

1879 4226 2059 4282 latere
2089 4231 2192 4282 tuo
2244 4226 2591 4298 sanguinem
2644 4226 2703 4278 et
2746 4237 2986 4294 aquam,
3015 4219 3170 4274 unde
3210 4214 3531 4272 Ecclesiam

1880 4332 2269 4382 consecrares,
2302 4329 2539 4369 manare
2585 4310 2839 4376 voluisti,
2874 4308 3104 4380 suscipe
3152 4306 3261 4361 hoc
3311 4303 3531 4359 sacrifi-

1881 4406 2037 4461 cium
2069 4403 2237 4460 allari
2266 4408 2366 4459 tuo
2401 4400 2859 4474 superpositum,
2883 4401 2940 4453 et
2981 4394 3250 4463 concede,
3275 4391 3533 4448 clemen-

1880 4493 2127 4561 tissime,
2154 4497 2218 4546 ut
2248 4509 2349 4565 pro
2382 4489 2779 4563 redemptione
2804 4490 3004 4543 nostra
3034 4488 3091 4540 et
3118 4481 3296 4538 totius
3323 4480 3528 4535 mundi

132 4574 328 4631 sancti.
364 4583 675 4637 incensum
708 4579 1342 4654 istud,etc.Dirigatur,
1376 4583 1637 4650 Domine,
1662 4588 1770 4639 etc.
1804 4592 1851 4656 Ι)
1881 4582 1942 4638 in
1973 4586 2351 4653 conspectum
2383 4580 2588 4636 divinae
2637 4575 2961 4649 maiestatis
3008 4577 3122 4629 tute
3170 4587 3304 4627 cum
3353 4568 3531 4624 odore

199 4661 328 4719 Cum
355 4673 541 4725 autem
585 4670 850 4727 diaconus
892 4673 1116 4742 petierit
1165 4670 1585 4727 benedictionem
1615 4690 1633 4725 :
1664 4672 1772 4728 Do-

136 4747 322 4809 minus
351 4756 430 4814 sit
460 4758 519 4813 in
552 4758 724 4815 corde
754 4762 852 4815 tuo
882 4764 941 4815 et
981 4759 1039 4815 in
1072 4758 1244 4815 labiis
1276 4759 1415 4827 tuis,
1453 4762 1517 4815 ut
1545 4775 1773 4832 compe-

134 4836 312 4896 tenter
339 4846 575 4904 nunties
604 4847 984 4921 Evangelium
1010 4847 1194 4921 pacis.

198 4926 437 4991 Perlecto
466 4939 652 4991 autem
681 4938 979 5007 Evangelia
1008 4937 1153 4993 dicat
1183 4954 1201 4991 :
1234 4936 1350 4992 Pax
1376 4936 1502 4992 tibi.

142 5095 151 5107 .
193 5013 421 5107 Quando
468 5030 653 5080 autem
698 5026 978 5082 osculatur
1024 5027 1385 5094 Evangelium
1433 5026 1568 5081 dicit
1606 5042 1620 5081 :
1674 5026 1780 5082 Per

138 5103 272 5160 istos
301 5124 599 5170 sermones
642 5115 829 5170 sancti
881 5115 1174 5188 Evangelii
1228 5112 1358 5171 Filii
1407 5114 1499 5170 sui
1546 5115 1777 5171 Domini

141 5195 313 5278 nostri
359 5200 501 5258 Jesu
548 5202 783 5272 Christi,
822 5202 1129 5278 indulgeat
1169 5203 1458 5259 Dominus
1509 5204 1780 5261 universa

142 5274 343 5341 delicta
372 5294 590 5347 nostra.

206 5369 498 5447 Antequam
548 5381 879 5437 oblationem
924 5384 1159 5454 accipiat
1210 5381 1521 5437 humillime
1570 5380 1713 5437 dicat
1758 5398 1778 5443 ;

141 5451 280 5513 Ante
299 5467 491 5524 oculos
512 5470 856 5538 tuos,Deus,
874 5486 1010 5525 reus
1040 5451 1407 5525 conscientia:
1436 5469 1602 5525 testis
1633 5469 1779 5525 assi-

143 5544 246 5617 δίο»
270 5565 468 5626 rogare
488 5576 601 5617 non
623 5560 834 5628 audeo,
856 5560 1011 5632 quod
1044 5559 1355 5632 impetrare
1381 5575 1496 5614 non
1524 5574 1777 5629 mereor;

146 5632 205 5687 tu
223 5638 375 5701 enim
406 5647 541 5719 scis,
560 5649 825 5718 Domine,
841 5666 968 5723 quae
990 5652 1245 5721 aguntur
1274 5648 1333 5704 in
1365 5647 1559 5719 nobis,
1580 5648 1783 5705 erube-

1885 4671 2190 4728 suavitatis
2222 4670 2516 4726 ascendat.
3570 4734 3573 4737 δ

1958 4760 2091 4814 Cum
2135 4762 2476 4831 superposita
2523 4758 2703 4812 oblata
2752 4754 2839 4826 [t.,
2873 4752 3048 4824 offert]
3098 4748 3243 4804 dicat
3290 4765 3309 4801 :
3358 4748 3532 4801 Acce-

1885 4852 2049 4920 ptum
2082 4848 2188 4902 tibi
2220 4846 2297 4903 sit
2322 4845 2707 4919 omnipotenti
2728 4844 2843 4900 Deo
2865 4837 3220 4897 sacrificium
3251 4835 3408 4892 istud
3440 4851 3535 4890 su-

1887 4954 1989 5011 per
2019 4936 2200 4992 altare
2228 4940 2397 4991 tuum
2427 4936 2707 5007 positum.

1962 5028 2107 5082 Tunc
2133 5026 2284 5081 calin:
2327 5040 2491 5096 super
2531 5024 2706 5078 altare
2745 5023 3020 5095 ponitur:
3053 5015 3364 5074 Offerimus
3406 5013 3535 5081 tibi,

1887 5115 2134 5173 Domine
2164 5114 2403 5169 calicem
2437 5110 2731 5180 salutaris,
2754 5111 3137 5182 deprecamur
3166 5101 3537 5161 clementiam

1887 5209 2073 5271 tuam,
2104 5207 2167 5258 ut
2194 5202 2253 5257 in
2289 5204 2602 5273 conspectu
2633 5198 2842 5255 divina:
2872 5194 3198 5268 majestatis
3222 5198 3336 5249 tua
3365 5189 3540 5246 sacri-

1890 5294 2088 5349 ficium
2122 5295 2388 5348 nostrum
2419 5306 2553 5345 cum
2586 5289 2761 5345 odore
2790 5285 3095 5344 suavitatis
3125 5279 3420 5339 ascendat.
3539 5349 3545 5355 ἢ

1960 5385 2103 5438 Tunc
2144 5381 2331 5438 devota
2373 5396 2545 5434 manu
2575 5378 2851 5434 benedicat
2880 5375 3210 5431 oblationem
3237 5372 3288 5425 et
3317 5365 3541 5422 calicem

1888 5471 2071 5527 dicens
2096 5490 2115 5525 :
2139 5469 2307 5537 Veni,
2323 5467 2719 5523 sanctificator
2742 5463 3111 5534 omnipotens
3136 5462 3346 5514 aeterne
3368 5458 3538 5522 Deus,

1888 5559 2170 5624 benetdic
2199 5563 2256 5613 et
2285 5556 2588 5613 sanctiﬁca
2616 5555 2725 5610 hoc
2765 5551 3119 5611 sacrificium
3169 5545 3276 5603 tibi
3323 5557 3541 5616 praepa-

1890 5651 2108 5704 ratum.
