3896 6216
316 374 435 442 88⁸1

1502 374 1694 440 SIEC.
1739 373 1820 437 X1
1861 371 2176 438 MONUM.
2221 374 2536 440 LITURG.

387 511 530 578 Alia.
565 509 628 566 In
658 508 896 566 nomine
925 509 1114 566 Patris
1143 515 1200 565 et
1233 510 1356 565 Filii
1389 515 1444 568 et
1467 509 1718 580 Spiritus
1749 508 1957 578 sancti,
1985 506 2042 574 Α
2071 507 2260 580 Hujus
2287 508 2636 566 sacramenti
2661 508 2952 580 susceptio
2972 507 3075 566 fiat
3097 505 3286 576 nobis,
3309 505 3586 574 Domine,
3611 523 3750 564 om-

316 599 395 656 sit
421 597 532 656 hoc
571 596 925 654 sacrificium
969 597 1432 666 immaculatum,
1456 603 1512 656 et
1543 616 1578 653 a
1605 602 1661 654 te
1692 597 1806 652 Deo
1836 597 1960 652 vivo

315 690 377 746 et
393 704 528 745 vero
559 687 903 754 adunatum,
928 691 985 742 et
1013 691 1415 742 consecratum
1447 691 1504 742 et
1530 686 1921 744 benedictum.

385 777 558 851 Super
603 775 782 846 ablata
839 793 858 830 :
917 773 1247 840 Sanctiﬁca,
1281 791 1643 846 quaesumus,
1693 773 1958 838 Domine,

315 866 468 922 hanc
496 863 907 944 obla’rtionem,
948 866 1014 918 ut
1056 863 1224 919 nobis
1273 862 1565 936 Unigeniti
1614 863 1700 918 tui
1750 879 1960 936 corpus

315 955 442 1015 fiat.

385 1041 560 1116 Super
603 1041 826 1098 calicem
872 1040 1064 1096 dicat:
1095 1039 1423 1108 Sanctiﬁca,
1455 1056 1815 1112 quaesumus,
1849 1040 1958 1096 Do-

316 1130 496 1200 mine,
527 1130 685 1186 hunc
733 1128 840 1186 cali
867 1133 893 1195 τ
921 1145 1068 1197 cem,
1099 1133 1189 1196 ut_
1212 1128 1382 1184 nobis
1414 1127 1540 1183 Filii
1584 1127 1669 1184 tui
1717 1128 1960 1202 sanguis

315 1221 433 1288 ﬁat.

387 1307 521 1364 Cum
551 1310 831 1364 incensum
857 1309 1098 1380 posuerit
1123 1309 1180 1361 in
1211 1307 1492 1362 thurihulo
1523 1308 1666 1362 dicat
1695 1325 1713 1362 :
1745 1307 1850 1363 Per
1880 1306 1962 1362 in-

311 1396 726 1472 tercessionem
780 1395 965 1452 sancti
1013 1395 1298 1451 Gabrielis
1346 1395 1700 1467 archangeli,
1747 1399 1961 1466 etc.,ut

313 1487 374 1542 in
403 1486 602 1544 nostris
630 1485 810 1540 editis.
835 1486 895 1540 In
926 1500 1054 1539 mss.
1087 1492 1265 1540 tamen
1295 1485 1440 1540 deest
1467 1485 1762 1540 conclusio.

381 1575 482 1632 Hic
509 1575 793 1630 incensum
836 1589 998 1646 super
1026 1573 1359 1644 sacriﬁcium
1385 1575 1559 1644 faciat
1605 1575 1687 1628 vel
1739 1575 1797 1629 in
1843 1576 1959 1629 cir-

310 1663 469 1720 cuitu
497 1661 679 1718 dicat:
709 1659 1021 1717 lncensum
1048 1660 1225 1716 istud.
1255 1662 1482 1732 Require
1511 1665 1670 1716 retro.

385 1751 520 1806 Cum
548 1751 832 1806 incensum
861 1750 1086 1821 affertur
1111 1749 1345 1820 singulis
1371 1749 1504 1804 dicit
1531 1767 1550 1804 :
1582 1751 1871 1807 Accendat
1898 1751 1957 1806 in

311 1839 483 1902 nobis
514 1837 796 1894 Dominus
829 1837 1023 1909 ignem
1053 1836 1291 1904 amoris,
1324 1842 1383 1893 et
1412 1837 1710 1894 flammam
1733 1843 1957 1896 aeterna:
1990 1869 2038 1935 Β

312 1926 636 1986 cbaritatis.

386 2023 582 2074 Postea
635 2022 808 2072 vertat
847 2018 900 2070 te
945 2013 1016 2070 ad
1071 2015 1485 2071 circumstantes
1542 2017 1726 2072 dicat:
1766 2016 1955 2085 Orate,

316 2107 544 2178 fratres,
570 2121 674 2178 pro
706 2121 820 2170 me,
846 2108 910 2160 ut
940 2120 1136 2159 meum
1167 2107 1223 2160 et
1250 2107 1507 2160 vestrum
1540 2105 1854 2178 impleatur
1882 2106 1960 2161 of-

313 2194 533 2252 ﬁcium.

382 2284 578 2341 Dicant
623 2281 1000 2355 respondentes
1028 2299 1048 2336 :
1079 2280 1258 2338 Orent
1298 2298 1402 2354 pro
1434 2286 1488 2338 te
1519 2299 1722 2339 omnes
1769 2285 1957 2340 sancti

310 2377 368 2432 et
403 2372 570 2434 electi
618 2369 740 2428 Dei.
774 2369 1058 2428 Exaudiat
1104 2373 1160 2426 te
1208 2369 1494 2426 Dominus
1539 2376 1801 2428 orantem
1853 2390 1957 2445 pro

311 2465 510 2534 nostra
564 2459 950 2532 omniumque
1007 2457 1214 2514 salute.
1265 2461 1486 2515 Memor
1541 2461 1618 2516 sit.
1672 2461 1958 2518 Dominus

310 2547 502 2632 omnis
533 2547 804 2608 sacriﬁcii
847 2547 933 2603 tui
963 2551 1022 2604 et
1067 2545 1475 2604 holocaustum
1521 2552 1691 2606 tuum
1741 2549 1958 2624 pingue

309 2639 430 2696 ﬁat.

379 2730 573 2786 Postea
599 2726 746 2783 dicat
777 2725 871 2781 has
904 2725 1144 2797 psalmos
1169 2741 1188 2778 :
1219 2725 1302 2778 Ad
1345 2728 1420 2792 te,
1453 2724 1718 2792 Domine,
1753 2726 1954 2782 levavi.

310 2814 850 2885 Psalmum,Misere
883 2813 1018 2880 mei,
1067 2813 1250 2882 Deus;
1297 2814 1440 2884 psal.
1493 2814 1755 2881 Domine,
1804 2816 1958 2872 refu-

310 2905 474 2980 gium
503 2903 723 2970 factus;
745 2902 889 2974 psat.
912 2900 1021 2966 Qui
1049 2900 1277 2956 habitat
1303 2899 1362 2956 in
1394 2901 1701 2972 adjutorio.
1722 2903 1957 2960 Salvum

312 2995 402 3051 fac
450 3007 681 3050 servum
731 2993 920 3046 tuum.
953 2988 1096 3059 Fiat,
1131 2988 1394 3058 Domine,
1430 2989 1830 3049 misericordia
1858 2998 1959 3050 tua

311 3099 492 3162 super
519 3097 646 3146 nos.
678 3079 952 3154 Exsurge,
984 3077 1246 3134 Domine.

384 3171 588 3227 Oratio.
623 3168 946 3234 Gaudeant,
969 3166 1608 3240 Domine,quzesumus,
1637 3169 1838 3226 famuli
1871 3171 1955 3228 tui

309 3258 607 3330 beneficiis
637 3257 986 3332 impetratis,
1009 3259 1067 3312 et
1104 3257 1318 3329 quibus
1349 3257 1620 3314 fiduciam
1654 3262 1954 3330 sperandae

309 3346 518 3408 salutis
563 3345 842 3413 tribuisti,
865 3349 1074 3418 optate:
1111 3343 1521 3402 misericordim
1553 3347 1743 3404 tribue
1792 3349 1953 3405 beni-

307 3453 460 3512 gnus
488 3435 778 3494 effectum.
812 3435 936 3491 Per.

375 3526 484 3583 Per
512 3524 711 3583 omnia
754 3523 966 3580 saecula
1009 3522 1376 3588 seculorum,
1408 3527 1542 3594 etc.,
1575 3529 1632 3579 ut
1666 3528 1725 3580 in
1753 3529 1954 3583 nostris

305 3615 486 3682 editis,
520 3621 641 3693 tum.
683 3613 864 3688 quoad
910 3627 1094 3668 omnes
1135 3614 1490 3683 praefationes
1537 3629 1876 3670 communem
1902 3623 1955 3670 et

297 3701 680 3778 particulares,
703 3718 827 3757 cum
871 3699 1046 3772 quoad
1090 3716 1352 3755 canonem
1397 3717 1566 3771 usque
1609 3701 1680 3755 ad
1726 3705 1952 3760 nomina

300 3789 546 3856 Joannis
574 3793 632 3846 et
661 3789 844 3857 Pauli,
867 3787 1084 3845 Casmie
1135 3791 1194 3842 et
1237 3788 1525 3857 Damiani,
1553 3793 1672 3860 post
1719 3807 1837 3862 quze
1865 3809 1947 3848 se-

301 3883 550 3954 quuntur
597 3877 717 3936 haec
744 3877 908 3932 verba
938 3894 956 3931 :
989 3892 1096 3932 nec
1127 3893 1238 3932 non
1288 3880 1345 3932 et
1391 3875 1646 3944 illorum,
1697 3895 1947 3950 quorum

2070 597 2236 658 nium
2286 603 2654 670 peccatorum
2705 603 3040 653 nostrorum
3089 595 3380 664 remissio,
3411 611 3519 668 per
3561 595 3748 654 Chri-

2069 689 2250 740 stum.
3721 727 3728 734 .

2143 774 2351 831 Caetera
2381 777 2506 830 sunt
2535 774 2741 845 eadem,
2768 789 2891 848 quae
2933 777 2993 829 in
3033 775 3192 830 editis
3229 790 3396 846 usque
3438 773 3514 830 ad
3561 779 3754 832 totam

2068 864 2369 919 orationem
2395 881 2414 918 :
2449 862 2678 919 Placeat
2729 863 2852 929 tibi,
2887 867 3088 920 sancta
3135 863 3414 932 Trinitas,
3450 865 3513 920 in
3565 881 3754 934 quam

2069 953 2400 1007 terminatur
2441 952 2602 1008 Missa
2647 955 2925 1008 enuntiati
2970 953 3212 1008 missalis
3262 968 3363 1008 ms.
3397 953 3498 1008 ubi
3525 968 3656 1010 non
3681 953 3752 1022 ﬁt

2067 1043 2291 1107 mentio,
2323 1057 2494 1113 neque
2523 1041 2588 1096 de
2619 1041 2700 1096 Ite
2730 1040 2908 1097 Missa
2936 1045 3046 1108 est,
3071 1044 3194 1110 etc.,
3224 1057 3400 1113 neque
3445 1041 3514 1098 de
3569 1041 3752 1099 baxe-

2067 1129 2320 1196 dictianc,
2346 1146 2516 1201 neque
2543 1129 2608 1187 de
2649 1130 2965 1201 Evangelia,
2998 1137 3058 1186 ut
3102 1130 3246 1202 apud
3281 1146 3400 1186 nos.
3454 1129 3751 1188 Similiter

2066 1234 2336 1290 nusquam
2360 1220 2419 1272 in.
2447 1233 2654 1274 canone
2677 1219 2739 1288 ﬁt
2765 1221 2964 1274 mentio
2993 1219 3058 1274 de
3079 1219 3584 1289 genuﬂexianibus.

2269 1307 2503 1362 ΜΙΞΞιΕ
2535 1307 2605 1362 IN
2637 1306 3032 1364 NATALITIIS
3061 1306 3523 1366 SANCTORUM.

2458 1413 2514 1451 ΙΝ
2557 1412 2755 1452 NATALI
2795 1412 2992 1452 SANCTI
3028 1413 3324 1452 AMBROSII.

2141 1485 2344 1540 Oratio.
2377 1483 2572 1540 Sancti
2604 1484 2895 1540 Ambrosii
2919 1502 3044 1552 nos,
3069 1484 3584 1558 Domine,jugiter
3602 1503 3742 1560 pro-

2067 1577 2348 1644 sequatur
2376 1573 2579 1638 oratio,
2603 1577 2669 1628 ut
2712 1573 2867 1645 quod
2909 1572 3107 1646 petitio
3156 1577 3360 1630 nostra
3386 1589 3504 1630 non
3537 1575 3739 1648 impe-

2068 1666 2202 1727 trat,
2234 1661 2360 1734 ipso
2390 1678 2492 1733 pro
2523 1661 2692 1717 nobis
2722 1661 3139 1720 interveniente
3170 1665 3500 1736 prastetur.
3535 1663 3674 1721 Per.

2137 1749 2371 1805 Secreta.
2426 1752 2551 1806 Haac
2599 1750 2660 1804 in
2711 1749 2879 1806 nobis
2928 1751 3236 1818 sacriﬁcia,
3273 1753 3439 1819 Deus,
3471 1751 3740 1810 interce-

2067 1837 2238 1894 dente
2259 1838 2595 1895 beatissimo
2617 1839 2947 1896 contessore
2970 1843 3069 1896 tuo
3086 1840 3391 1896 Ambrosio
3410 1844 3468 1898 et
3485 1840 3741 1900 actione

2067 1931 2470 2000 permaneant,
2503 1931 2560 1983 et
2588 1930 2924 2000 operatione
2955 1929 3282 1984 ﬁrmentur.
3314 1929 3435 1984 Per.

2138 2018 2479 2074 Communia.
2505 2016 2634 2071 Haec
2660 2033 2766 2071 nos
2788 2016 3145 2085 communio,
3169 2017 3433 2086 Domine,
3458 2021 3683 2090 purget
3699 2035 3740 2074 a

2068 2104 2330 2172 crimine,
2355 2109 2412 2160 et
2439 2104 2830 2162 intercedente
2857 2105 3024 2161 beato
3050 2105 3357 2162 Ambrosio
3389 2107 3736 2172 confessore

2066 2197 2168 2248 tuo
2199 2197 2375 2265 atque
2405 2192 2676 2266 pontifice
2708 2192 3040 2250 coelestibus
3081 2193 3358 2250 remediis
3390 2195 3572 2253 faciat
3599 2212 3734 2257 esse

2068 2286 2387 2339 consortes.
2418 2283 2542 2337 Per.

2481 2387 2540 2428 IN
2570 2387 2782 2427 OCTAVA
2813 2387 3008 2427 SANCTI
3038 2388 3302 2427 ANDREE.

2140 2461 2340 2517 Oratio.
2379 2459 2644 2532 Protegat
2682 2476 2809 2523 nos,
2845 2458 3102 2527 Domine,
3136 2460 3350 2533 saepius
3397 2461 3559 2516 beati
3606 2464 3730 2528 An-

2066 2549 2214 2603 dreae
2247 2547 2492 2620 apostoli
2523 2548 2610 2602 tui
2642 2547 2886 2618 repetita
2917 2547 3276 2618 solemnitas,
3311 2553 3376 2604 ut
3405 2550 3586 2622 cujus
3617 2568 3726 2623 pa-

2066 2636 2313 2693 trocinia
2351 2637 2477 2691 sine
2526 2635 2958 2692 intermissione
3007 2635 3340 2706 recolimus,
3375 2642 3726 2712 perpetuam

2067 2725 2466 2781 defensionem
2497 2724 2842 2781 sentiamus.
2876 2726 3000 2782 Per.

2138 2814 2370 2869 Secreta.
2405 2812 2832 2886 Indulgentiam
2874 2813 3044 2869 nobis
3074 2814 3372 2886 praebeant
3417 2815 3545 2872 hec
3596 2835 3726 2876 mu-

2069 2919 2229 2970 nera,
2253 2918 2614 2974 quaesumus,
2653 2901 2910 2970 Domine,
2945 2901 3279 2975 largiorem,
3303 2920 3430 2976 quae
3476 2905 3586 2962 tibi
3623 2924 3726 2979 pro

2065 2991 2411 3048 venerandis
2468 2991 2656 3048 sancti
2713 2991 2951 3048 Andreae
3012 2991 3315 3064 suffragiis
3369 2992 3724 3052 offeruntur.

2067 3080 2191 3136 Per.

2139 3170 2476 3226 Communia.
2501 3169 2748 3240 Adjuvet
2769 3167 3048 3224 familiam
3080 3172 3266 3236 tuam,
3292 3169 3564 3241 Domine,
3590 3189 3726 3245 sup-

2066 3258 2334 3331 plicando
2363 3258 2728 3314 venerandus
2758 3257 3016 3314 Andreas
3041 3257 3365 3330 apostolus,
3389 3262 3449 3315 et
3470 3259 3611 3331 pius
3641 3262 3725 3317 in-

2062 3353 2354 3404 terventor
2382 3348 2686 3414 efﬁciatur,
2721 3345 2819 3418 qui
2853 3346 2938 3401 tui
2972 3345 3228 3402 nominis
3257 3347 3486 3404 exstitit
3512 3351 3722 3421 praedi-

2062 3443 2222 3492 cator
2251 3442 2308 3492 et
2337 3442 2542 3492 rector.
2582 3435 2704 3490 Per.

2355 3543 2412 3579 IN
2446 3541 2637 3580 NATALI
2671 3539 2898 3580 ΞΑΝΟΤᾸΞ
2930 3539 3112 3579 ιυαιιε
3142 3541 3414 3581 νικαικῐε.

2297 3613 2480 3669 Oratio
2508 3622 2559 3668 et
2585 3616 2789 3668 secreta
2821 3611 3026 3668 eaedem
3049 3627 3176 3684 quae
3205 3615 3264 3668 in
3291 3614 3476 3670 editis.

2131 3700 2468 3757 Communia.
2494 3701 2651 3768 Laeti,
2671 3700 2934 3767 Domine,
2956 3701 3322 3773 sumpsimus
3345 3709 3714 3762 sacramenta

2059 3789 2332 3854 ccelestia,
2359 3789 2752 3846 intercedente
2775 3805 2878 3861 pro
2910 3788 3076 3844 nobis
3101 3791 3268 3846 beata
3291 3790 3470 3848 Lucia
3495 3797 3712 3866 marty-

2058 3895 2137 3946 re,
2163 3878 2234 3933 ad
2265 3879 2444 3934 vitam
2476 3878 2645 3934 nobis
2678 3877 2986 3950 proﬁciant
3016 3877 3459 3950 sempiternam.
3495 3881 3625 3938 Per.

2342 3984 2398 4022 ΙΝ
2431 3984 2628 4022 NATALI
2659 3983 2856 4022 SANC’I‘I
2888 3983 3102 4021 ΤΗΟΜᾹΞ
3131 3983 3422 4023 APOSTOLI.

2436 4054 2621 4112 Oratio
2651 4060 2702 4112 et
2731 4063 2931 4111 secreta
2960 4060 3021 4110 ut
3049 4057 3109 4112 in
3141 4055 3322 4111 editis.

301 3965 474 4024 hodie
503 3965 890 4022 solemnitatis
922 3964 979 4018 in
1009 3967 1318 4036 conspectu
1341 3963 1536 4037 gloriae
1557 3969 1669 4020 tua:
1701 3967 1948 4025 celebra-

297 4059 397 4112 tur
423 4053 781 4128 triumphus.
807 4054 938 4122 Quae
977 4056 1282 4125 sequuntur
1327 4055 1387 4108 in
1431 4070 1534 4109 ms.
1562 4057 1779 4112 missali
1805 4074 1947 4114 cam-

293 4145 489 4201 munia
515 4137 644 4200 sunt
673 4140 832 4198 editis
856 4157 1026 4214 usque
1052 4141 1122 4196 ad
1158 4144 1325 4197 tatam
1353 4143 1658 4200 arationem
1688 4162 1707 4200 :
1740 4145 1945 4203 Libera
2125 4145 2463 4200 Communia.
2511 4144 2668 4200 Beati
2716 4143 2963 4217 apostoli
3007 4143 3093 4199 tui
3131 4143 3393 4210 Thomas,
3441 4146 3705 4218 Domine,

293 4249 403 4290 nos
433 4247 798 4306 quaasumus,
829 4235 938 4286 etc.
2051 4249 2412 4305 quaesumus,
2447 4232 2858 4290 intercessione
2888 4251 2994 4290 nos
3028 4233 3260 4305 adjuva,
3284 4250 3392 4306 pro
3415 4236 3593 4307 cujus
3623 4253 3707 4296 so-

365 4321 572 4388 Oratia.
605 4319 731 4376 Fiat
759 4318 1090 4376 commistio
1121 4322 1178 4376 et
1207 4319 1561 4377 consecratio
1587 4323 1854 4394 Corporis
1885 4328 1942 4380 et
2049 4321 2348 4376 lemnitate
2378 4321 2746 4394 percepimus
2775 4325 2877 4378 tua
2906 4326 3108 4378 sancta
3136 4321 3426 4380 laetantes.
3459 4323 3592 4382 Per.

290 4407 608 4486 Sanguinis
637 4407 868 4465 Domini
900 4408 1084 4466 nostri
1113 4407 1252 4464 Jesu
1274 4408 1488 4464 Christi
1519 4409 1939 4483 accipientibus
2288 4427 2347 4466 ιη
2380 4427 2575 4466 nmu
2605 4425 2800 4466 SANCTI
2831 4427 3112 4467 amsrssu
3145 4428 3459 4468 manners.

287 4500 348 4556 in
376 4499 555 4556 vitam
585 4502 882 4556 cateruam.
913 4499 1117 4554 Amen.
2121 4500 2325 4556 Oratio.
2353 4498 2590 4554 Votivos
2643 4514 2772 4564 nos,
2827 4497 3090 4567 Domine,
3143 4516 3494 4572 quaesumus
3553 4502 3699 4560 beati

354 4590 555 4663 Agnus
586 4585 815 4660 Dei,qui
848 4586 1005 4644 tollis
1029 4589 1266 4660 peccata
1290 4586 1494 4642 mundi
1527 4587 1802 4644 miserere
1832 4605 1934 4644 no-
1963 4593 2012 4662 Β
2039 4587 2332 4644 Anastasii
2365 4587 2639 4660 martyris
2668 4587 2754 4643 tui
2786 4585 3000 4642 natalis
3029 4603 3262 4660 semper
3292 4589 3571 4662 excipiat,
3603 4593 3698 4664 qui

284 4675 398 4733 bis.
429 4675 616 4732 Tribus
639 4675 867 4731 vicibus.
2040 4681 2098 4734 et
2119 4676 2554 4748 jucunditatem
2586 4676 2754 4731 nobis
2781 4693 2897 4730 sua:
2926 4673 3371 4748 glorificationis
3403 4677 3694 4750 infundat,

352 4764 431 4821 Ad
457 4781 645 4837 pacem
673 4763 963 4822 osculanda
992 4765 1166 4820 altare
1194 4781 1213 4818 :
1245 4763 1488 4819 Domine
1517 4767 1655 4819 Jcsu
1686 4763 1928 4835 Christe,
2042 4769 2098 4820 et
2127 4765 2232 4820 tibi
2265 4781 2370 4822 nos
2401 4765 2608 4820 reddat
2637 4768 2920 4838 acceptos.
2957 4765 3081 4819 Per.

280 4839 414 4922 etc.,
447 4857 506 4908 ut
536 4855 596 4908 in
619 4852 780 4910 editis
807 4869 980 4926 usque
1007 4852 1076 4907 ad
1105 4855 1272 4908 totam
1301 4854 1522 4907 tertiam
1571 4853 1891 4909 arationem.
2111 4854 2342 4909 Secreta.
2377 4853 2688 4909 Praesentia
2719 4867 2981 4920 munera,
3018 4867 3384 4924 quaesumus,
3433 4855 3691 4928 Domine,

355 4941 578 5008 Quando
601 4957 794 5013 corpus
837 4943 1058 4998 Domini
1086 4943 1146 4996 in
1175 4942 1433 4996 manibus
1475 4943 1691 5012 accipit,
1735 4942 1878 4996 dicat
1912 4959 1924 4996 :
2039 4941 2121 4997 ita
2149 4957 2356 4997 serena
2385 4940 2596 5013 pietate
2625 4941 2852 4998 intuere
2877 4945 2940 4996 ut
2969 4940 3158 4997 sancti
3181 4941 3444 5014 Spiritus
3463 4945 3698 5018 perfun-

279 5027 494 5083 Panem
527 5027 816 5084 caelestem
849 5030 1132 5102 accipiam
1159 5033 1222 5084 et
1260 5045 1470 5084 nomen
1505 5029 1731 5083 Domini
1768 5029 1925 5084 invo-
2037 5031 2252 5084 dantur
2297 5029 2722 5096 benedictione,
2764 5033 2820 5084 et
2869 5029 2927 5082 in
2972 5027 3188 5084 nostris
3237 5031 3522 5097 cordibus
3568 5051 3690 5092 eam

279 5114 442 5170 cabo.
466 5114 862 5183 Domine,non
883 5134 1013 5172 sum
1034 5117 1353 5189 dignus,ut
1375 5115 1556 5170 intres
1574 5117 1682 5170 sub
1709 5121 1922 5172 tectum
2035 5117 2402 5172 dilectionem
2444 5115 2696 5172 validam
2739 5117 3072 5181 infundant,
3105 5133 3208 5190 per
3237 5135 3422 5191 quam
3453 5128 3688 5181 sanctus

277 5217 505 5270 meum;
539 5203 640 5258 sed
692 5206 922 5258 tantum
961 5203 1053 5260 dic
1099 5204 1294 5271 verbo,
1327 5207 1385 5258 et
1432 5204 1736 5259 sanabitur
1781 5222 1925 5276 puer
2035 5211 2256 5276 martyr
2286 5205 2486 5260 omnia
2514 5205 2775 5276 corporis
2806 5208 3100 5262 tormenta
3127 5205 3367 5265 devicit.
3396 5209 3528 5267 Per.

281 5304 468 5346 meus.
2105 5293 2443 5348 Communia.
2479 5291 2875 5362 Sumpsimus,
2914 5293 3180 5361 Domine,
3213 5296 3408 5355 sancti
3442 5299 3684 5358 Anasta-

347 5376 580 5443 Quando
608 5377 1017 5432 communicat:
1051 5378 1272 5451 Corpus
1301 5377 1532 5433 Domini
1570 5377 1754 5432 nostri
1782 5379 1920 5435 Jesu
2030 5380 2101 5436 sii
2137 5379 2408 5452 martyris
2451 5379 2536 5433 tui
2581 5379 2948 5438 solemnitate
2987 5381 3247 5438 cmlestia
3295 5394 3685 5458 sacramenta,

273 5461 484 5516 Christi
534 5459 825 5516 custodiat
871 5465 1126 5520 animam
1176 5481 1366 5520 meam
1423 5465 1480 5519 in
1529 5465 1706 5520 vitam
1758 5471 1919 5523 zeter-
2028 5468 2198 5538 cujus
2229 5465 2546 5538 suffragiis,
2570 5483 2930 5538 quaesumus,
2955 5469 3249 5541 largiaris,
3271 5476 3338 5528 ut
3361 5475 3522 5545 quod
3553 5481 3688 5534 tem-

2027 5554 2302 5628 poraliter
2342 5553 2622 5626 gerimus,
2666 5557 2896 5613 aeternis
2947 5557 3179 5629 gaudiis
3223 5576 3682 5635 consequamur.

2029 5643 2152 5700 Per.

277 5564 437 5602 nam.

351 5634 427 5687 Ad
457 5634 697 5688 sonitum
720 5643 939 5707 patens:
968 5641 1110 5696 hanc
1138 5642 1334 5710 fratres
1364 5641 1660 5696 arationem
1685 5641 1870 5699 dicant
1897 5661 1914 5697 :
