3896 6216
139 336 251 401 889

537 488 596 527 IN
624 487 824 529 NATALI
854 489 1046 530 SANCTI
1075 489 1358 529 PROJECPI.

205 561 403 619 Oratio.
436 560 594 617 Beati
624 562 898 635 martyris
945 564 1033 618 tui
1082 562 1326 635 Projecti
1376 577 1507 628 nos,
1540 575 1770 631 quaesu-

142 667 284 716 mus,
314 649 580 717 Domine,
630 650 972 707 interventio
1005 650 1259 724 gloriosa
1288 649 1676 713 commendet,
1708 651 1775 701 ut

141 739 284 812 quod
324 737 543 794 nostris
583 740 812 796 actibus
853 757 968 795 non
991 756 1306 806 meremur,
1341 739 1469 809 ejus
1500 736 1773 810 precibus

141 842 583 899 consequamur.
619 827 743 883 Per.

202 913 427 970 Secreta.
460 914 725 986 Suscipe,
780 914 1046 978 Domine,
1107 914 1396 987 propitius
1445 914 1770 969 orationem

142 1008 536 1058 nostramcum
568 1002 962 1059 oblationibus
994 1003 1318 1059 hostiarum
1355 1000 1775 1073 superimposi-

143 1092 574 1164 tis,etmartyris
585 1092 831 1163 Projecli
844 1093 1246 1164 deprecatione
1259 1092 1458 1164 pietati
1474 1096 1586 1146 tuae
1603 1088 1773 1161 perfi-

142 1196 197 1236 ce
214 1179 499 1253 benignus
537 1185 825 1253 acceptas,
858 1186 916 1237 et
949 1180 1133 1248 illam,
1167 1199 1292 1253 quae
1324 1182 1382 1236 in
1414 1197 1480 1236 eo
1512 1177 1778 1251 ﬂagravit

144 1268 295 1324 fortis
316 1267 641 1337 dilectio,in
664 1270 833 1326 nobis
855 1271 1050 1343 aspira
1096 1270 1404 1342 benignus.
1438 1271 1560 1325 Per.

206 1357 541 1414 Communia.
576 1358 799 1424 Votiva,
826 1359 1089 1424 Domine,
1113 1375 1217 1431 pro
1238 1358 1388 1415 beati
1405 1357 1675 1429 martyris
1692 1354 1779 1410 tui

142 1446 368 1519 Projecti
399 1447 680 1519 passione
708 1449 861 1503 dona
890 1448 1279 1520 percepimus,
1320 1464 1679 1519 quaesumus,
1714 1451 1779 1502 ut

141 1535 258 1607 ejus
285 1534 595 1607 precibus,
630 1540 687 1591 et
733 1537 1038 1608 praesentis
1086 1537 1217 1591 vitae
1276 1536 1446 1591 nobis
1477 1535 1695 1608 pariter
1723 1540 1781 1590 et

142 1627 355 1680 aeterna;
371 1624 609 1680 tribuas
628 1624 890 1681 conferre
911 1625 1261 1681 subsidium.
1298 1624 1419 1680 Per.

372 1748 431 1785 IN
462 1747 665 1786 NATALI
716 1747 946 1786 SANCTE
976 1749 1225 1787 BRIGIDE
1253 1748 1526 1786 VIRGINIS.

206 1817 801 1890 0ratio.0mnipotens
826 1820 1181 1892 sempiterne
1198 1820 1372 1887 Deus,
1400 1819 1499 1891 qui
1528 1819 1778 1891 pruden-
1811 1836 1859 1902 B

141 1906 278 1962 tium
309 1906 690 1980 lampadidus
720 1907 844 1963 oleo
875 1909 1037 1964 bonae
1065 1909 1430 1964 conscientiae
1454 1910 1675 1964 ornatis
1699 1908 1783 1964 lu-

142 2012 265 2051 men
308 1997 420 2051 tua:
461 1994 751 2051 claritatis
777 1996 1058 2063 infundis,
1096 1998 1342 2052 concede
1374 1998 1684 2069 propitius,
1718 2002 1784 2053 ut

142 2084 343 2140 beateaa
366 2084 618 2158 Brigidte
639 2084 817 2157 virgis
835 2088 970 2153 tum,
1005 2086 1174 2155 cujus
1217 2085 1482 2141 natalitia
1511 2086 1779 2153 colimus,

142 2186 173 2225 a
196 2170 490 2226 fatuarum
524 2170 815 2227 consortio
846 2173 975 2243 ejus
1018 2172 1533 2229 intercessionibus
1575 2174 1784 2232 libere-

143 2275 285 2315 mur.
320 2259 445 2317 Per.

205 2347 435 2405 Secreta.
470 2348 723 2413 Hostias,
784 2366 1145 2421 quaesumus,
1184 2350 1444 2417 Domine,
1487 2351 1780 2423 paciﬁcas,

143 2453 279 2508 quas
308 2440 422 2492 tum
454 2438 749 2509 majestati
809 2438 1148 2494 solemniter
1203 2440 1526 2503 offerimus,
1571 2446 1782 2497 sanctae

142 2525 381 2598 Brigidaa
426 2525 672 2599 virginis
718 2531 829 2581 tuae
862 2528 1087 2583 meritis
1117 2529 1436 2597 sanctiﬁca,
1470 2533 1534 2584 ut
1565 2534 1622 2585 et
1652 2532 1783 2586 vin-

141 2613 264 2668 cula
319 2618 693 2686 peccatorum
776 2619 1113 2671 nostrorum
1171 2616 1497 2685 absolvant,
1555 2623 1612 2674 et
1670 2624 1784 2676 tua:

140 2700 304 2759 nobis
331 2702 572 2759 famulis
602 2703 719 2759 tuis
753 2704 1166 2760 misericordiae
1199 2706 1351 2762 dona
1376 2706 1781 2780 multiplicent.

139 2788 258 2846 Per.

204 2878 552 2935 Communio.
575 2879 818 2944 Divinis,
840 2897 1199 2952 quaesumus,
1220 2883 1484 2951 Domino,
1503 2885 1785 2958 redempti

139 2966 460 3038 mysteriis,
486 2970 553 3021 ut
578 2967 760 3022 beatae
782 2968 1028 3040 Brigidae
1053 2970 1298 3043 virginis
1346 2975 1460 3026 tuae
1492 2974 1786 3047 suffragiis

134 3052 534 3121 sublevemur,
567 3059 625 3111 et
645 3072 677 3111 a
700 3056 1000 3128 praesentis
1024 3058 1151 3112 vitae
1173 3060 1623 3117 adversitatibus
1645 3062 1784 3117 libe-

135 3158 357 3210 remur,
389 3144 448 3197 et
466 3146 690 3199 internae
713 3144 1045 3200 beatudinis
1067 3146 1305 3216 praemia
1335 3164 1782 3221 consequamur.

139 3230 258 3287 Per.

528 3337 664 3376 PUR]
673 3337 888 3379 FICATlo
918 3339 1147 3379 SANCTE
1178 3339 1392 3380 ΜΛΙίΙΕ.

142 3406 373 3484 Collecta
418 3408 490 3464 ad
536 3419 785 3467 sanctum
838 3412 1163 3467 Adrianum.
1196 3415 1259 3468 In
1304 3416 1502 3484 primis
1540 3420 1788 3471 cantetur

209 3482 426 3553 tertia;
472 3489 662 3553 postea
713 3484 1105 3539 benedicuntur
1133 3482 1397 3551 candelae,
1429 3485 1625 3541 deinde
1654 3487 1787 3544 dicit

203 3551 465 3608 sacerdos.

206 3658 447 3714 Oremus.
508 3659 748 3729 Exaudi,
809 3677 1151 3732 quaesumus
1210 3661 1472 3729 Domine,
1553 3662 1782 3734 plebem

137 3745 313 3814 tuam,
376 3764 504 3819 quae
561 3748 929 3804 extrinsecus
986 3767 1184 3805 annua
1215 3750 1425 3805 tribuis
1480 3751 1783 3809 devotione

136 3835 414 3903 venerari,
475 3836 725 3893 interius
782 3838 1016 3910 assequi
1076 3839 1275 3911 gratia:
1322 3843 1434 3894 tuae
1468 3837 1594 3896 luce
1641 3858 1778 3897 con-

136 3923 289 3980 cede.

202 4012 306 4069 Per
333 4014 534 4069 omnia
563 4015 775 4071 saecula
823 4016 1185 4072 saeculorum.
1247 4019 1450 4073 Amen.
1495 4018 1776 4076 Dominus

134 4101 456 4157 vobiscum.
488 4102 559 4157 Et
606 4119 740 4157 cum
778 4104 988 4175 spiritu
1011 4109 1130 4160 tuo.
1165 4107 1412 4161 Sursum
1436 4108 1629 4162 corda.
1664 4110 1774 4165 Ha-

133 4187 338 4245 bemus
368 4189 441 4244 ad
464 4189 800 4257 Dominum,
852 4192 1081 4248 Gratias
1107 4210 1351 4266 agamus
1381 4195 1626 4252 Domino
1659 4198 1775 4254 Deo

133 4281 348 4335 nostro.
381 4277 638 4350 Dignum
668 4283 727 4335 et
747 4280 980 4350 justum
1008 4285 1116 4337 est.

198 4368 486 4440 Praefatio.
529 4366 676 4423 Vere
723 4368 971 4441 dignum
1014 4373 1071 4424 et
1093 4371 1324 4441 justum
1348 4374 1695 4445 est,aaquum
1718 4379 1776 4431 et

135 4453 381 4512 salutare
411 4473 519 4513 nos
540 4502 543 4505 .
565 4456 672 4512 tibi
703 4472 938 4530 semper
992 4463 1049 4513 et
1078 4458 1297 4529 ubique
1326 4460 1545 4532 gratias
1579 4477 1770 4534 agere,

927 338 1307 404 EXGERPT.
1351 335 1455 401 EX
1495 333 1722 399 CODD.
1768 330 2082 397 LITURG.
2127 333 2727 404 FONTAVELLAN.

1795 466 1850 534 Α
1880 469 2045 526 nium
2068 473 2403 527 sanctorum
2421 475 2657 529 tuorum
2680 471 2827 527 bene
2849 474 2878 539 1-
2898 470 3089 527 dicere
3112 473 3168 529 et
3198 470 3383 528 sancti
3407 476 3435 539 ’r
3455 471 3520 528 ﬁ-

3402 333 3524 398 890

1880 576 2012 616 care
2032 560 2310 633 digneris,
2344 564 2408 616 ut
2437 560 2616 633 hujus
2644 560 2831 635 plebis
2854 563 2988 628 tuae,
3018 577 3145 632 quae
3193 560 3293 617 illa
3338 561 3522 619 hono-

1882 649 2041 704 riﬁco
2072 650 2128 704 in
2161 651 2436 705 manibus
2494 654 2707 722 portat,
2765 654 2941 722 teque
2972 649 3260 705 cantando
3299 649 3520 719 laudat,

1882 738 2159 794 exaudias
2206 755 2373 794 voces
2416 739 2487 793 de
2534 738 2675 794 cmlo
2697 742 2895 794 sancto
2917 741 3018 793 tuo
3041 741 3098 793 et
3127 738 3198 792 de
3229 738 3365 792 sede
3396 754 3524 793 ma-

1874 826 2105 897 jestatis
2136 831 2270 893 tuae,
2302 827 2703 899 propitiusque
2726 827 2808 883 sis
2831 826 3106 882 omnibus
3131 824 3525 882 clamantibus

1883 915 1955 970 ad
1984 919 2058 985 te,
2094 932 2240 987 quos
2290 915 2589 971 redemisti
2647 915 2901 987 pretioso
2943 915 3230 988 sanguine
3258 914 3385 970 Filii
3416 914 3523 984 tui,

1884 1003 1983 1076 qui
2013 1009 2203 1061 tecum
2227 1004 2366 1059 vivit
2397 1008 2454 1059 et
2484 1009 2688 1078 regnat
2736 1006 2886 1060 Deus
2933 1003 2993 1059 in
3027 1005 3248 1061 unitate
3277 1004 3526 1077 Spiritus

1885 1095 2091 1159 sancti,
2125 1111 2225 1166 per
2257 1094 2453 1149 omnia
2504 1093 2715 1149 saecula
2745 1093 3113 1149 saeculorum.
3145 1096 3351 1150 Amen.
3385 1094 3526 1150 Ore-

1887 1200 2040 1238 mus.
2063 1183 2367 1254 Praeceptis
2388 1182 2745 1239 salutaribus
2770 1182 2974 1238 moniti
2991 1186 3048 1239 et
3068 1182 3264 1239 divina
3286 1182 3520 1239 institu-

1884 1272 2041 1327 tione
2055 1271 2307 1340 formati,
2340 1271 2626 1326 audemus
2647 1270 2836 1326 dicere
2861 1287 2873 1325 :
2895 1271 3064 1326 Pater
3085 1276 3301 1337 noster,
3335 1271 3433 1343 qui
3465 1287 3528 1325 es

1886 1361 1943 1415 in
1977 1360 2332 1431 cmlis,usque
2352 1361 2418 1415 Et
2446 1376 2517 1415 ne
2549 1377 2655 1416 nos
2675 1359 2919 1416 inducas
2941 1359 3529 1417 intentationem.Sed

1886 1448 2069 1505 libera
2098 1467 2203 1505 nos
2233 1466 2267 1504 a
2295 1447 2470 1505 malo.

1960 1540 2055 1593 Hic
2082 1543 2261 1594 mutat
2280 1555 2458 1594 vocem
2503 1539 2657 1611 quasi
2691 1538 2907 1608 legens:
2930 1538 3175 1593 Oremus
3216 1554 3228 1592 :
3261 1538 3529 1605 Benedic,

1890 1628 2130 1683 Domine
2153 1627 2291 1683 Jesu
2326 1626 2574 1691 Christe,
2609 1625 2759 1680 hanc
2789 1630 3115 1681 creaturam
3140 1625 3287 1681 cerei
3305 1626 3534 1699 suppli-

1888 1715 2215 1771 cationibus
2239 1715 2541 1781 nostris,et
2567 1714 2809 1769 infunde
2825 1713 2876 1769 ei
2894 1732 2996 1787 per
3015 1714 3297 1770 virtutum
3320 1718 3533 1771 auctis

1890 1805 2080 1860 crucis
2144 1803 2649 1869 benefdictionem
2695 1803 3013 1869 caelestem,
3073 1807 3137 1858 ut
3167 1803 3266 1874 qui
3297 1818 3427 1859 eam
3460 1804 3530 1859 ad

1891 1893 2223 1965 repellenda
2248 1894 2517 1949 tenebras
2540 1893 2799 1948 humano
2829 1892 3025 1965 generi
3048 1891 3324 1960 tribuisti,
3355 1892 3531 1949 talem

1890 1982 2190 2055 signaculo
2223 1982 2410 2038 crucis
2441 1985 2554 2036 tum
2585 1980 2986 2038 fortitudinem
3043 1985 3100 2036 et
3142 1981 3535 2049 benefdictio-

1892 2087 2024 2126 nem
2048 2070 2311 2143 accipiat,
2345 2075 2409 2125 ut
2428 2070 2486 2125 in
2511 2069 2959 2142 quibuscunque
2978 2068 3120 2126 locis
3149 2086 3396 2126 accensa
3419 2069 3537 2127 sive

1892 2159 2080 2231 posita
2103 2159 2295 2225 fuerit,
2328 2158 2590 2214 discedat
2633 2157 2902 2214 diabolus
2933 2162 2992 2213 et
3019 2159 3451 2226 contremiscat,
3482 2164 3540 2215 et

1893 2248 2076 2320 fugiat
2096 2246 2349 2320 pallidus
2371 2264 2504 2303 cum
2528 2246 2803 2303 omnibus
2826 2246 3109 2302 ministris
3130 2246 3254 2303 suis
3273 2247 3343 2303 de
3370 2246 3536 2303 habi-

1892 2336 2214 2392 tationibus
2244 2336 2381 2406 illis,
2414 2353 2519 2392 nec
2551 2338 2866 2409 prmsumat
2913 2334 3168 2408 amplius
3215 2335 3539 2408 inquietare

1891 2426 1978 2481 vel
2012 2425 2255 2482 illudere
2312 2425 2699 2481 servientibus
2755 2428 2887 2480 Deo.
2924 2424 3170 2480 Proinde
3219 2424 3535 2497 supplices,

1893 2532 2233 2589 qumsumus
2260 2518 2337 2582 te,
2355 2513 2614 2581 Domine,
2639 2514 2950 2570 utemittas
2972 2517 3240 2569 sanctum
3264 2514 3536 2587 angelum

1892 2608 2060 2659 tuum
2118 2602 2493 2675 Raphaelem,
2550 2603 2647 2674 qui
2680 2602 2891 2658 evulsit
2921 2608 2977 2657 et
3006 2600 3219 2674 repulit
3250 2619 3283 2658 a
3310 2604 3455 2659 Sara
3484 2605 3542 2659 et

1892 2693 2073 2749 Tobia
2102 2692 2451 2748 daemonium
2488 2691 2853 2747 mortiferum
2912 2706 3012 2746 eos
3056 2689 3451 2759 infestantem,
3485 2696 3542 2747 et

1894 2786 2154 2837 conterat
2176 2780 2343 2836 illum
2383 2784 2440 2837 et
2470 2780 2671 2852 perdat
2718 2780 2788 2835 de
2808 2777 3035 2835 cunctis
3078 2777 3542 2837 habitationibus

1894 2870 2210 2926 colentium
2232 2870 2514 2937 Deum,de
2534 2867 2815 2935 basilicis,
2831 2868 2902 2923 de
2923 2866 3216 2932 domibus,
3250 2868 3320 2923 de
3351 2883 3541 2941 angu-

1894 2959 1990 3025 lis,
2020 2960 2091 3015 de
2120 2959 2391 3027 lectibus,
2422 2959 2493 3013 de
2550 2957 2886 3025 refectoriis,
2947 2957 3018 3011 de
3048 2955 3336 3012 universis
3373 2955 3537 3025 locis,

1893 3048 1951 3102 in
1976 3048 2427 3119 quibuscunque
2448 3048 2563 3102 Deo
2585 3046 2937 3101 famulantes
2960 3044 3229 3100 habitant
3244 3047 3301 3099 et
3322 3045 3539 3116 requie-

1900 3134 2690 3207 scunt,dormiunt,vigilant,
2724 3132 3049 3198 ambulant,
3083 3136 3139 3187 et
3172 3131 3538 3201 consistunt;

1819 3201 1862 3267 C
1900 3241 2005 3280 nec
2033 3201 2220 3280 valeat
2244 3223 2340 3278 ille
2361 3201 2657 3295 malignus
2679 3220 2934 3292 amplius
2963 3220 3289 3291 inquietare
3313 3220 3401 3275 vel
3433 3237 3537 3292 pa-

1895 3328 2060 3367 vores
2084 3312 2309 3366 mittere
2332 3327 2507 3382 super
2524 3309 2676 3376 illos,
2711 3325 2858 3381 quos
2880 3308 3065 3364 sancti
3088 3307 3421 3363 chrismatis
3454 3308 3539 3363 tui

1897 3399 2168 3455 unctione
2192 3399 2377 3455 fecisti
2400 3415 2527 3455 esse
2558 3396 2839 3452 munitos.
2874 3397 3026 3452 Bene
3062 3401 3088 3461 τι
3126 3396 3253 3450 dico
3278 3401 3354 3463 te,
3387 3413 3536 3465 cera,

1895 3488 1953 3542 in
1978 3488 2213 3543 nomine
2234 3487 2335 3542 Dei
2358 3485 2544 3543 Patris
2566 3485 2721 3541 omni
2732 3485 3067 3558 potentis,et
3097 3483 3225 3541 Filii
3257 3485 3385 3555 ejus
3411 3484 3537 3539 uni-

1892 3576 2094 3648 geniti,
2126 3580 2183 3632 et
2212 3576 2442 3647 Spritus
2472 3575 2659 3630 sancti
2708 3573 3005 3646 paracleti,
3060 3577 3123 3628 ut
3180 3574 3262 3629 sis
3320 3572 3537 3646 ubique

1891 3664 2106 3721 diaboli
2120 3665 2569 3737 eii‘ugato,atque
2580 3664 2843 3719 omnium
2857 3661 3393 3718 conturbernalium
3407 3678 3540 3718 suo-

1891 3770 2020 3809 rum
2053 3752 2478 3819 exterminatio,
2504 3752 2817 3823 adjuvante
2839 3751 3042 3806 eadem
3066 3754 3267 3807 sancta
3297 3754 3355 3806 et
3384 3751 3536 3806 indi-

1888 3843 2063 3898 vidua
2094 3842 2397 3908 Trinitate,
2431 3858 2557 3913 quae
2606 3841 2664 3894 in
2696 3840 2945 3895 Unitatis
2997 3839 3251 3895 essentia
3305 3839 3446 3896 vivit
3481 3844 3538 3895 et

1888 3935 2203 4004 conregnat
2225 3931 2283 3984 in
2305 3929 2517 3986 saecula
2547 3928 2910 3985 saeculorum.
2938 3930 3142 3983 Amen.

1958 4021 2143 4096 Finita
2191 4019 2559 4075 benedictione
2601 4017 2850 4073 sacerdos
2870 4019 3106 4088 accipiat
3137 4032 3341 4089 aquam
3372 4017 3535 4073 bene-

1885 4108 2107 4173 diclam,
2140 4112 2189 4163 et
2220 4112 2473 4179 aspergat
2491 4124 2653 4179 super
2680 4107 2953 4171 candelas,
2985 4110 3036 4161 et
3064 4110 3245 4161 sumat
3273 4106 3339 4161 de
3366 4108 3535 4161 cereis

1884 4205 1936 4252 et
1961 4195 2236 4251 accendat.
2273 4196 2405 4252 Cum
2460 4198 2717 4266 cmperint
2774 4196 3013 4263 accendi,
3073 4199 3262 4250 cantor
3320 4193 3534 4249 inchoet

1886 4285 2025 4340 hanc
2054 4285 2665 4356 antiphonam.Lumen
2699 4283 2770 4339 ad
2802 4282 3212 4338 revelationem
3243 4282 3528 4353 gentium,

1883 4375 2169 4429 Psalmus:
2205 4373 2391 4428 Nunc.
2416 4374 2658 4444 Repetita
2690 4372 2993 4443 antiphona
3024 4388 3120 4442 per
3139 4385 3319 4427 omnes
3344 4386 3531 4425 versus

1883 4463 2123 4535 ejusdem
2145 4459 2571 4534 psalmi.Gloria
2599 4459 2773 4516 Patri.
2798 4460 2963 4516 Sicut
2990 4464 3113 4515 erat
3144 4476 3158 4527 ;
3203 4474 3371 4529 usque
3399 4458 3532 4513 dum

134 4541 371 4603 Domine
395 4550 615 4615 sancte,
657 4546 827 4602 Pater
880 4546 1272 4620 omnipotens,
1333 4552 1541 4604 aeterne
1602 4552 1773 4619 Deus,
1803 4566 1851 4630 D
1881 4551 2251 4606 accendantur
2302 4566 2486 4606 omnes
2541 4550 2804 4606 candelae.
2860 4549 3106 4604 Accmisis
3160 4562 3283 4602 vero
3347 4546 3532 4603 dicant

133 4630 354 4690 Greater
401 4634 530 4691 coeli
577 4640 636 4691 et
663 4640 846 4703 terrm,
882 4636 998 4692 Rex
1018 4652 1243 4709 regum,
1266 4641 1321 4692 et
1351 4637 1633 4693 Dominus
1667 4640 1769 4694 do-

134 4720 499 4795 minantium,
530 4741 637 4781 nos
669 4724 964 4797 supplices
995 4729 1149 4791 tuos,
1178 4726 1251 4780 ad
1277 4730 1334 4780 te
1363 4725 1685 4784 clamantes
1715 4732 1773 4784 et

133 4815 445 4883 exoranbes,
476 4812 794 4869 clementer
826 4814 1104 4869 exaudire
1140 4814 1400 4886 dignare.
1434 4813 1541 4877 Qui
1573 4816 1773 4872 omnia

134 4909 196 4952 ex
211 4898 385 4958 nihilo
407 4902 643 4970 creasti,
675 4906 733 4958 et
752 4903 929 4974 jussu
958 4906 1059 4958 tuo
1083 4919 1187 4975 per
1209 4918 1385 4975 opera
1404 4918 1582 4975 apum
1612 4902 1771 4961 hunc

132 4981 406 5058 liquorem
461 4991 535 5047 ad
565 4991 974 5063 perfectionem
1028 4991 1177 5047 cerei
1222 4991 1421 5048 venire
1452 4991 1657 5060 fecisti,
1713 4997 1771 5049 et

135 5075 231 5143 qui
244 5075 529 5136 hodierna
548 5080 642 5136 die
662 5081 1003 5153 petitionem
1011 5082 1159 5152 justi
1179 5080 1471 5137 Simeonis
1488 5080 1766 5153 implesti,

133 5164 184 5216 te
212 5162 507 5225 humiliter
535 5169 934 5241 deprecamur,
972 5176 1034 5223 ut
1059 5170 1166 5225 has
1186 5168 1458 5226 candelas
1486 5171 1557 5224 ad
1591 5187 1765 5225 usum

135 5246 429 5313 hominum
447 5261 508 5313 et
535 5257 605 5313 ad
637 5259 949 5314 sanitatem
979 5275 1288 5329 corporum
1320 5263 1378 5314 et
1407 5259 1764 5330 animarum,

132 5336 243 5399 sive
260 5342 339 5401 in.
361 5350 542 5413 terra,
571 5346 692 5402 sive
740 5347 801 5403 in
819 5347 991 5418 aquis
1009 5362 1264 5402 accensae
1296 5346 1516 5402 fuerint
1544 5364 1647 5419 per
1674 5348 1764 5402 in-

131 5430 477 5490 vocationem
505 5433 591 5489 tui
649 5434 1003 5491 sanctissimi
1062 5435 1319 5491 nominis
1367 5439 1426 5491 et
1454 5453 1556 5507 per
1585 5436 1762 5492 inter-

132 5518 440 5578 cessionem
472 5527 685 5580 sanctie
714 5524 904 5580 Mariis
949 5524 1247 5595 genitricis
1292 5524 1418 5579 Filii
1449 5524 1557 5591 tui,
1592 5528 1764 5595 cujus

135 5600 296 5665 hodie
340 5610 488 5668 festa
551 5613 754 5669 devote
803 5612 1191 5679 celebrantur,
1252 5629 1318 5668 ac
1379 5628 1578 5683 preces
1637 5629 1764 5668 om-

1879 4640 2019 4695 hanc
2047 4640 2369 4696 orationem.

1952 4729 2153 4785 Oratio.
2179 4726 2560 4800 Omnipotens
2572 4726 2924 4798 sempiterne
2938 4725 3112 4791 Deus,
3137 4722 3236 4796 qui
3249 4722 3530 4780 hodierna

1880 4817 1972 4872 die
1995 4816 2370 4888 Unigenitum
2400 4820 2568 4871 tuum
2595 4814 2750 4871 ulnis
2772 4813 2961 4870 sancti
2987 4812 3277 4869 Simeonis
3297 4811 3357 4868 in
3378 4815 3526 4869 tem-

1878 4904 1975 4977 plo
1989 4908 2188 4960 sancto
2199 4908 2302 4958 tuo
2314 4903 2754 4975 suscipiendum
2769 4901 3219 4975 praesentasti,te
3230 4900 3525 4974 supplices

1879 4994 2353 5065 deprecamur,ut
2382 4992 2490 5048 hos
2512 5008 2709 5048 cereos
2730 4996 2885 5055 tuos,
2906 5008 3052 5063 quos
3072 5008 3179 5046 nos
3210 4989 3410 5047 ﬁdeles
3438 4991 3525 5046 tui

1878 5082 2036 5137 omni
2071 5081 2507 5155 magnificentia
2563 5081 2950 5153 suscipientes
2993 5084 3221 5153 gestare
3253 5079 3523 5151 cupimus

1877 5170 2005 5225 luce
2027 5186 2324 5235 accensos,
2359 5168 2738 5234 benefdicere
2794 5172 2851 5224 et
2887 5168 3310 5233 sancti’rﬁcare,
3347 5171 3521 5236 atque

1876 5259 2099 5314 lumine
2128 5274 2394 5330 supernae
2426 5256 2850 5312 benedictionis
2882 5257 3197 5311 accendere
3240 5253 3516 5326 digneris,

1875 5352 2164 5420 quatenus
2195 5362 2295 5402 eos
2314 5346 2419 5401 tibi
2452 5345 2699 5401 Domino
2733 5346 2842 5401 Deo
2873 5350 3072 5399 nostro
3102 5338 3521 5406 olferentes,di-

1873 5436 1972 5509 gni
2003 5441 2059 5491 et
2089 5439 2289 5491 sancto
2333 5433 2467 5505 igne
2508 5437 2622 5488 tum
2662 5431 3017 5487 dulcissimae
3048 5427 3347 5485 charitatis
3380 5440 3517 5482 sucv

1873 5524 2031 5580 censi
2064 5524 2123 5578 in
2154 5522 2370 5594 templo
2401 5527 2604 5577 sancto
2626 5520 2820 5592 gloriae
2842 5524 2955 5574 tuae
2980 5515 3378 5591 repraesentari
3399 5529 3517 5571 me-

1876 5627 2129 5668 reamur.
2162 5612 2270 5666 Per
2298 5609 2592 5665 eumdem.
