3896 6216
309 383 418 447 891

1495 373 1684 436 S/EC.
1730 372 1811 436 XI
1855 369 2168 436 MONUM.
2217 377 2526 441 LITURG.

3595 373 3729 437 892

381 518 564 576 Finita
617 514 863 573 aratione
911 519 1143 587 pergant
1195 509 1265 568 ad
1319 520 1562 568 sanctam
1604 512 1836 567 Mariam
1861 528 1950 566 σα·
1982 507 2038 574 Α
2069 517 2500 582 sanctorum,ut
2520 514 2667 571 festa
2683 515 3006 588 martyrum
3024 513 3261 569 tuorum
3288 508 3631 568 Laurentini
3665 515 3728 567 et

307 609 483 666 nenda
541 605 939 678 antiphanam:
1001 607 1135 668 Ave,
1168 603 1368 669 Maria,
1401 603 1587 675 gratia
1630 601 1822 674 plena,
1856 601 1955 657 Dei

307 698 555 774 genitrix
587 697 766 770 virgo.
827 695 1061 750 Adorna
1091 693 1418 748 thalamum
1477 696 1668 759 tuum,
1711 691 1868 759 Sion,
1901 695 1958 746 et

310 789 562 860 suscipe.

382 879 589 934 Oratio.
642 875 854 930 Perﬁce
914 875 967 927 in
1031 871 1220 936 nobis,
1281 869 1544 937 Domine,
1591 887 1952 940 quaesumus,

308 966 556 1039 gratiam
605 969 790 1025 tuam.
841 961 936 1033 qui
961 962 1108 1032 justi
1139 959 1426 1014 Simeonis
1463 961 1954 1032 exspectationem

306 1053 587 1126 implesti,
613 1057 676 1107 ut
700 1052 851 1106 sicut
874 1049 968 1105 ille
992 1054 1237 1104 mortem
1263 1065 1377 1102 non
1409 1048 1572 1113 vidit,
1608 1047 1950 1119 priusquam

309 1142 607 1198 Christum
641 1140 954 1195 Dominum
985 1137 1176 1192 videre
1222 1140 1563 1200 mereretur,
1625 1136 1706 1191 ita
1762 1141 1818 1191 et
1849 1153 1954 1192 nos

306 1233 485 1287 vitam
518 1229 886 1286 obtineamus
916 1231 1212 1282 arternam.
1248 1226 1352 1281 Per
1372 1227 1666 1281 eumdem.

756 1334 812 1371 IN
846 1333 1014 1371 FESTO
1065 1333 1254 1370 SANC'I'I
1297 1331 1497 1370 BLASII.

377 1410 586 1464 Oratio.
634 1407 787 1462 Deus
845 1407 945 1476 qui
978 1409 1318 1476 praesentem
1365 1404 1516 1459 diem
1552 1404 1950 1458 lionorabilem

304 1497 543 1554 nobisin
559 1496 713 1552 beati
735 1495 906 1550 Blasii
934 1493 1205 1564 martyris
1243 1493 1326 1547 tui
1349 1492 1717 1548 solemnitate
1743 1493 1949 1558 fecisti,

303 1588 377 1643 da
411 1585 644 1658 populis
676 1585 792 1639 tuis
824 1581 1220 1654 spiritualium
1253 1598 1470 1638 munus
1500 1582 1873 1653 gaudiorum,
1897 1588 1953 1638 et

303 1675 569 1732 omnium
626 1673 887 1728 ﬁdelium
950 1676 1174 1726 mentes
1231 1671 1415 1743 dirige
1465 1671 1522 1725 in
1556 1671 1706 1726 viam
1741 1671 1949 1727 salutis

303 1768 549 1820 aeternae.
583 1762 706 1818 Per.

372 1854 603 1908 Secreta.
646 1851 900 1916 Hostias,
933 1850 1199 1915 Domine,
1235 1866 1379 1920 quas
1429 1850 1646 1904 nomini
1681 1855 1778 1904 tuo
1811 1867 1948 1904 con-
1982 1879 2027 1943 Β

303 1941 615 1998 secrandas
646 1938 1170 2004 oti'erimus,sancti
1195 1937 1369 1992 Blasii
1392 1939 1665 2010 martyris
1698 1938 1782 1993 tui
1814 1955 1945 2010 pro-

302 2035 583 2103 sequatur
611 2029 814 2095 oratio,
842 2045 943 2098 per
968 2043 1143 2099 quam
1173 2043 1278 2082 nos
1296 2026 1512 2098 expiari
1534 2027 1758 2082 tribuas
1789 2044 1944 2098 qua-

303 2137 513 2177 sumus
543 2123 600 2173 et
629 2117 880 2173 defendi.
910 2117 1036 2172 Per.

377 2209 712 2264 Communia.
738 2205 896 2261 Beati
932 2204 1106 2261 Blasii
1140 2204 1411 2276 martyris
1440 2203 1543 2269 tui,
1586 2221 1944 2275 quaesumus,

307 2296 563 2360 Domine,
587 2295 1003 2351 intercessione
1027 2310 1132 2349 nos
1155 2294 1385 2364 adjuva,
1401 2310 1504 2364 pro
1527 2294 1696 2364 cujus
1729 2293 1947 2348 solem-

303 2388 481 2442 nitate
513 2384 877 2458 percepimus
909 2388 1011 2438 tua
1053 2387 1252 2438 sancta
1280 2381 1539 2438 lzetantes
1578 2382 1945 2438 commercia.

303 2476 426 2532 Per.

709 2580 766 2617 IN
800 2577 970 2616 I-‘ESTO
1001 2577 1193 2616 SANCTI
1225 2577 1538 2615 BENEDICTI.

371 2654 577 2709 Oratio.
613 2652 792 2717 Deus,
825 2651 924 2722 qui
958 2651 1194 2705 beatum
1225 2649 1606 2704 Benedictum
1655 2666 1946 2706 comesse-

300 2758 421 2798 rem
455 2745 624 2796 tuum
659 2741 718 2794 in
754 2739 926 2794 terris
957 2738 1073 2792 vita
1119 2737 1399 2792 laudabili
1452 2738 1757 2805 decorasti,
1801 2742 1858 2794 et
1888 2739 1946 2794 in

300 2829 464 2886 cmlis
493 2833 707 2882 aeterna
728 2826 914 2899 gloria
935 2825 1423 2897 sublimasti,cjus
1456 2843 1794 2898 quaesumus
1826 2828 1946 2882 suf-

302 2916 670 2990 fragantibus
706 2914 930 2970 meritis
970 2913 1086 2968 vita
1107 2917 1306 2968 nostra
1326 2915 1476 2986 apud
1503 2918 1553 2969 te
1580 2917 1947 2971 commende-

299 3012 414 3062 tur.
451 3006 574 3060 Per.

372 3095 604 3149 Secreta.
654 3091 988 3148 Benedictio
1021 3096 1141 3158 tua,
1174 3092 1440 3159 Domine,
1471 3092 1622 3146 beati
1657 3093 1946 3148 Benedicti

301 3181 651 3240 confessoris
685 3181 1100 3236 intercessione
1132 3197 1308 3252 super
1336 3179 1444 3236 has
1468 3180 1690 3238 hostias
1715 3183 1946 3237 descen-

299 3273 552 3344 dat,quae
574 3275 631 3326 et
646 3269 1116 3325 benedictionem
1134 3268 1302 3324 nobis
1324 3269 1943 3342 clementeroperetur,

300 3366 357 3417 et
377 3361 558 3416 beata:
582 3358 1043 3414 immortalitatis
1065 3359 1220 3414 dona
1247 3357 1535 3414 conciliet.
1571 3358 1694 3414 Per.

372 3450 711 3506 Communia.
767 3447 924 3502 Beati
970 3446 1264 3502 Benedicti
1309 3447 1662 3503 confessoris
1695 3448 1802 3515 tui,
1834 3448 1943 3502 Do-

300 3537 754 3610 mine,precibus
787 3537 1166 3604 conﬁdentes,
1191 3553 1554 3607 quaesumus,
1570 3536 1943 3592 clementiam

298 3634 482 3696 tuam,
516 3631 580 3682 ut
610 3643 712 3698 per
741 3642 828 3692 ea,
853 3643 980 3696 qua:
1024 3625 1412 3696 sumpsimus,
1445 3630 1662 3681 aeterna
1689 3626 1946 3683 remedia

299 3717 622 3790 capiamus.
659 3715 781 3770 Per.

599 3821 655 3859 IN
686 3817 1146 3858 ANNUNTIATIONE
1176 3818 1399 3856 SANCTHS
1430 3819 1644 3857 ΜΑΗΙᾸΞ.

370 3895 546 3960 Deus,
579 3892 680 3962 qui
711 3891 994 3945 hodierna
1023 3889 1114 3944 die
1141 3889 1395 3945 Verbum
1427 3895 1594 3946 tuum
1613 3892 1792 3947 beata:
1825 3892 1946 3947 Vir-

300 3981 452 4054 ginis
481 3980 606 4036 alvo
628 3977 944 4034 coadunari
975 3977 1230 4046 voluisti,
1267 3979 1353 4033 fac
1386 3995 1489 4034 nos
1537 3979 1617 4036 ita
1649 3997 1945 4054 peragere,

300 4076 366 4126 ut
395 4069 499 4125 tibi
531 4067 758 4140 placere
785 4066 1100 4122 valeamus.
1136 4067 1242 4123 Per
1261 4069 1553 4124 eumdem.

374 4159 589 4213 Sacrata
610 4164 672 4212 ut
698 4157 761 4212 in
780 4155 960 4212 editis.

372 4247 710 4304 Communia.
740 4245 974 4306 Adesto.
1023 4245 1286 4313 Domine,
1322 4246 1538 4319 papula
1571 4252 1692 4313 tuo,
1728 4255 1792 4303 ut
1821 4266 1948 4321 quaa

302 4335 556 4408 sumpsit
587 4334 854 4402 ﬁdeliter,
915 4341 973 4389 et
1031 4341 1223 4391 mente
1254 4335 1366 4391 sibi
1415 4341 1472 4391 et
1502 4353 1740 4408 corpore
1770 4337 1949 4392 beatae

300 4425 492 4482 Mariae
551 4440 783 4496 semper
839 4423 1080 4496 virginis
1151 4424 1564 4480 intercessione
1634 4427 1949 4482 custodiat.

301 4520 428 4571 Per.

693 4621 749 4658 IN
783 4619 950 4658 FESTO
990 4619 1219 4658 SANCT/E
1259 4620 1586 4659 EUPHEMIIE.

373 4695 578 4751 Oratio.
611 4692 870 4748 Concede
892 4692 1080 4759 nobis,
1113 4693 1485 4764 omnipotens
1535 4693 1703 4762 Deus,
1737 4699 1948 4751 sanctae

303 4781 576 4856 martyris
619 4786 731 4837 tuae
787 4781 1119 4852 Euphemiaa
1176 4787 1235 4837 et
1294 4781 1584 4838 exsultare
1613 4783 1859 4852 meritis,
1893 4788 1949 4840 et

301 4871 582 4929 beneﬁcia
601 4871 813 4928 referre
843 4870 1161 4942 suffragiis.
1196 4871 1320 4926 Per.

369 4964 607 5016 Secreta.
642 4959 984 5016 Muneribus
1014 4960 1250 5027 nostris,
1284 4959 1548 5027 Domine,
1590 4966 1646 5016 te
1680 4962 1948 5036 magniﬁ-

302 5051 966 5118 cantes,qutesumus,ut
987 5049 1044 5103 in
1067 5054 1278 5105 sancta)
1295 5048 1464 5104 nobis
1478 5049 1951 5106 solemnitatibus

302 5135 637 5208 Euphemia:
694 5136 911 5209 gaudia
941 5153 1198 5208 superna
1231 5136 1503 5193 concilies
1543 5143 1600 5194 et
1630 5139 1952 5210 patrocinia

305 5222 665 5296 sempiterna
691 5225 978 5295 largiaris.
1010 5226 1130 5280 Per.

379 5314 715 5368 Communia.
749 5314 972 5366 Sancta:
1003 5315 1275 5387 martyris
1305 5321 1416 5369 tua:
1456 5315 1788 5387 Euphemiaa
1822 5333 1949 5383 nos,

308 5400 574 5467 Domine,
606 5405 775 5472 grata
821 5402 1131 5460 comitetur
1151 5403 1356 5470 oratio,
1390 5408 1446 5458 et
1475 5408 1636 5458 tuam
1667 5404 1836 5460 nobis
1863 5405 1954 5458 in-

308 5487 668 5559 dulgentiam
703 5505 937 5560 poscere
968 5508 1084 5547 non
1107 5491 1370 5547 desistat.
1400 5491 1526 5546 Per.

490 5591 546 5628 IN
581 5593 748 5633 FESTO
775 5595 856 5634 SS.
910 5597 1276 5636 LAURENTINI.
1320 5595 1385 5632 ET
1415 5596 1774 5636 PERGENTINI.

385 5664 589 5719 Oratio.
644 5667 902 5724 Tuorum
964 5685 1089 5736 nos,
1153 5667 1416 5736 Domine,
1475 5669 1748 5742 precibus
1791 5674 1954 5726 tuere

2069 605 2393 677 Pergentini
2417 605 2542 661 sine
2570 605 2893 661 cessatione
2922 605 3281 665 venerantes,
3317 605 3374 656 et
3414 601 3552 656 ﬁdei
3585 617 3726 656 mu-

2069 696 2302 750 niamur
2331 694 2544 750 auxilio
2575 699 2632 750 et
2672 694 2983 766 magniﬁco
3014 691 3392 765 proﬁciamus
3422 689 3722 763 exemplo.

2070 785 2194 839 Per.

2137 875 2368 928 Secreta.
2405 873 2728 944 Martyrum
2759 878 2996 928 tuorum
3020 869 3358 926 Laurentini
3377 873 3434 924 et
3462 869 3722 940 Pergen-

2064 963 2192 1028 tini,
2226 962 2490 1028 Domine,
2521 963 2666 1018 festa
2695 965 3036 1018 venerantes
3064 975 3308 1015 munera
3341 957 3566 1013 nomini
3604 962 3718 1014 tuo

2064 1052 2256 1108 dicata
2287 1052 2609 1120 offerimus,
2633 1046 3431 1123 prmsta,qumsumus,utillis
3454 1062 3727 1102 reveren-

2063 1141 2206 1196 tiam
2266 1142 2590 1196 deferentes
2650 1139 2819 1196 nobis
2855 1138 3086 1194 veniam
3146 1137 3552 1208 impetremus.
3585 1136 3718 1191 Per.

2135 1231 2469 1284 Communia.
2506 1229 2764 1300 Protege,
2826 1227 3090 1293 Domine,
3153 1225 3381 1298 plebem
3431 1228 3621 1292 tuam,
3659 1227 3720 1280 et

2063 1319 2436 1374 festivitatem
2470 1323 2793 1389 martyrum
2825 1322 3062 1372 tuorum
3121 1313 3456 1370 Laurentini
3489 1316 3548 1369 et
3580 1313 3721 1368 Per—

2061 1409 2489 1479 gentini,quam
2523 1408 2689 1462 nobis
2721 1403 3276 1470 tradidisti,assidue
3308 1402 3572 1458 debitam
3602 1402 3715 1456 tibi

2061 1497 2206 1552 solvi
2240 1497 2509 1568 precibus
2539 1496 2789 1551 concede
2819 1498 3177 1550 sanctorum.
3213 1493 3338 1546 Per.

2204 1603 2260 1639 IN
2293 1602 2459 1639 FESTO
2490 1602 2682 1640 SANC’I‘I
2730 1600 3010 1639 BONIFACII
3041 1599 3162 1637 CUM
3197 1597 3374 1635 SOCIIS
3415 1597 3567 1635 SUIS.

2131 1675 2412 1746 Deus,qui
2445 1675 2679 1730 beatum
2705 1671 3066 1728 Bonifacium
3087 1670 3423 1743 pontiﬁcem
3437 1674 3717 1724 constan-

2060 1765 2150 1818 tia:
2185 1764 2240 1818 in
2267 1765 2534 1835 passione
2555 1761 2861 1827 roborasti,
2894 1760 3110 1832 quippe
3159 1757 3242 1813 illi
3284 1758 3356 1813 ad
3389 1756 3719 1830 praedican-

2059 1854 2198 1908 dum
2226 1852 2498 1924 gentibus
2529 1852 2774 1924 gloriam
2804 1855 2967 1905 tuam
2999 1848 3331 1904 Heobanem
3361 1851 3417 1902 et
3445 1844 3713 1902 Adbela-

2059 1943 2213 1998 rium
2246 1942 2469 1997 sociare
2512 1941 2789 2013 dignatus
2819 1955 2902 2007 es,
2955 1943 3064 1993 etc.

2058 2050 2116 2086 IN
2150 2047 2318 2085 FESTO
2344 2046 2676 2086 SANCTORUM
2705 2045 2916 2094 ALBINI,
2952 2042 3176 2082 PAULINI
3209 2041 3275 2080 ΕΤ
3317 2039 3550 2088 ΝΙΟΕΤΑΞ,
3581 2039 3714 2077 CUM

2413 2135 2729 2174 NONGENTIS
2777 2132 3086 2172 OC'I‘OGINTA
3137 2131 3349 2170 NOVEM.

2129 2210 2334 2264 Oratio.
2367 2207 2704 2280 Pr0pitiare,
2739 2204 2998 2271 Domine,
3033 2201 3562 2275 supplicationibus
3605 2217 3711 2256 no-

2057 2299 2215 2366 stris,
2267 2302 2324 2354 et
2379 2302 2714 2352 sanctorum
2770 2297 3095 2366 martyrum
3157 2297 3255 2347 tuo
3298 2289 3511 2357 Albini,
3557 2290 3712 2345 Pau-

2058 2387 2162 2443 lini
2193 2392 2248 2442 et
2277 2387 2487 2442 Nicetre
2509 2384 2764 2457 episcopi
2796 2399 2929 2438 cum
2960 2380 3270 2454 nongentis
3293 2378 3592 2452 octoginta
3611 2395 3713 2435 ne-

2055 2494 2206 2543 vem,
2237 2476 2337 2548 qui
2371 2475 2528 2546 passi
2559 2478 2698 2529 sunt
2727 2476 2963 2544 propter
2992 2486 3204 2526 nomen
3265 2473 3456 2534 tuum,
3501 2483 3712 2523 eorum

2057 2564 2518 2638 suifragantibus
2549 2561 2794 2629 meritis,
2854 2576 3053 2632 preces
3112 2563 3344 2614 nostras
3397 2557 3714 2629 dignanter

2057 2654 2285 2720 exaudi,
2319 2657 2385 2708 ut
2404 2652 2778 2707 dimittantur
2817 2648 2986 2705 nobis
3013 2653 3248 2720 peccata
3279 2650 3500 2714 nostra,
3533 2649 3593 2702 et
3623 2649 3708 2700 te-

2057 2761 2193 2800 cum
2224 2743 2412 2799 vivere
2443 2742 2502 2796 in
2527 2745 2808 2796 aeternum
2840 2754 3188 2794 mereamur.
3224 2736 3349 2792 Per.

2129 2834 2359 2888 Secreta.
2420 2828 2682 2901 Suscipe,
2739 2828 3004 2895 Domine,
3067 2823 3710 2898 prepitius,orationes

2059 2927 2291 2978 nostras
2330 2937 2464 2976 cum
2495 2917 2889 2975 oblationibus
2919 2915 3270 2982 hostiarum,
3294 2919 3350 2969 et
3380 2918 3710 2986 martyrum

2059 3016 2316 3076 tuorum,
2379 3025 2629 3080 quorum
2688 3005 2968 3062 notabilia
3012 3003 3267 3076 gloriosa
3319 3001 3709 3069 celebramus,

2059 3099 2522 3172 deprecationem
2557 3095 2791 3168 pietatis
2824 3098 2933 3149 tuae
2956 3094 3167 3167 perﬁce
3186 3091 3437 3164 benigno
3457 3091 3706 3159 all‘ectu;

2060 3188 2450 3259 etillam,qua2
2470 3186 2528 3241 in
2554 3185 2636 3240 eis
2665 3185 2930 3256 ﬂagravit
2960 3181 3126 3238 fortis
3156 3180 3410 3247 dilectio,
3441 3179 3503 3235 in
3535 3181 3708 3236 nobis

2056 3277 2339 3349 respirare
2372 3275 2660 3346 benignus
2691 3272 2960 3328 concede.
2991 3272 3116 3326 Per.

2129 3367 2464 3422 Communia.
2499 3364 2846 3419 Sanctorum
2875 3366 3135 3428 tuorum,
3165 3360 3423 3426 Domine,
3445 3373 3699 3430 quorum

2055 3457 2203 3512 festa
2233 3454 2615 3518 celebramus,
2655 3449 3070 3507 intercessione
3118 3465 3287 3520 opem
3321 3446 3701 3504 miseriordiaa

2054 3545 2224 3601 nobis
2244 3544 2454 3608 tribue,
2490 3547 2555 3596 ut
2585 3541 2683 3612 qui
2718 3555 2992 3596 coronam
3023 3537 3285 3610 martyrii
3316 3537 3401 3592 tui
3435 3553 3552 3592 non
3580 3552 3704 3591 me-

2053 3631 2482 3698 remur,saltem
2506 3648 2539 3685 a
2567 3629 2737 3685 venia
2766 3645 2881 3683 non
2914 3627 3288 3700 repellamur.
3323 3626 3448 3680 Per.

2303 3735 2360 3772 IN
2391 3732 2602 3773 VIGILIA
2643 3733 2837 3770 SANCTI
2867 3732 3104 3772 JOANNIS
3151 3730 3454 3770 ΒΛΡΤΙΞΤᾸΞ.

2127 3807 2310 3862 Oratio
2343 3811 2403 3861 ut
2430 3808 2490 3860 in
2528 3805 2707 3861 aditis.

2128 3897 2362 3952 Secreta.
2395 3896 2638 3950 Munera
2667 3891 2867 3965 populi
2901 3892 3008 3960 tui,
3042 3907 3406 3963 quaasumus,
3440 3891 3708 3958 Domine,

2057 3983 2406 4058 propitiatus
2437 3981 2756 4048 intende,et
2785 3979 3197 4037 beatiJoannis
3220 3978 3518 4052 Baptistae,
3541 3981 3712 4051 cujus

2057 4091 2164 4130 nos
2187 4072 2396 4128 tribuis
2419 4071 2620 4144 prmire
2651 4070 2957 4136 solemnia,
2991 4070 3079 4124 fac
3107 4069 3361 4141 gaudere
3393 4067 3710 4141 sum‘agiis.

2059 4164 2184 4219 Per.

2591 4250 2753 4304 Missa
2781 4264 2944 4303 mane
2968 4248 3171 4319 prima.

2133 4338 2635 4405 Oratia.Concede,
2661 4333 3406 4409 quaesumus,omnipotens
3437 4335 3615 4402 Deus,
3648 4337 3712 4389 ut

2062 4429 2163 4502 qui
2195 4427 2349 4484 beati
2377 4427 2620 4484 Joannis
2652 4427 2926 4498 Baptista:
2959 4423 3246 4481 solemnia
3274 4423 3545 4492 colimus,
3581 4425 3710 4495 ejus

2062 4518 2216 4591 apud
2244 4522 2299 4573 te
2332 4514 3229 4586 intercessionibusmuniamur.
3263 4513 3386 4568 Per.

1976 4613 2024 4677 1)
2127 4607 2361 4670 Secreta.
2394 4606 2656 4671 Munera,
2689 4618 3051 4676 qumsumus,
3088 4601 3348 4669 Domine,
3368 4605 3502 4666 etc.,
3544 4610 3606 4656 ut
3654 4604 3708 4657 in

2059 4698 2240 4754 aditis.

2132 4786 2469 4841 Communia.
2497 4785 2732 4851 Praesta,
2754 4798 3115 4853 quaesumus,
3143 4779 3514 4852 omnipotens
3533 4779 3714 4848 Deus,

2059 4878 2126 4930 ut
2155 4873 2255 4946 qui
2287 4873 2542 4930 coelestia
2572 4871 2851 4928 alimenta
2897 4869 3288 4942 percepimus,
3317 4867 3712 4926 intercedente

2059 4965 2228 5019 beato
2255 4963 2476 5018 Joanne
2499 4959 2780 5032 Baptista,
2808 4976 2912 5032 per
2931 4958 3053 5014 haec
3079 4963 3284 5015 contra
3315 4957 3559 5014 adversa
3590 4975 3712 5013 om-

2061 5052 2158 5108 nia
2189 5050 2546 5106 muniamur.
2583 5049 2706 5105 Per.

2132 5141 2252 5197 Alia
2312 5140 2381 5195 ad
2443 5140 2713 5212 Vexperas.
2751 5142 2920 5204 Deus,
2983 5136 3083 5208 qui
3145 5153 3253 5192 nos
3311 5151 3511 5191 annua
3560 5134 3711 5192 beati

2058 5229 2305 5286 Joannis
2338 5229 2611 5300 Baptista
2665 5225 2953 5282 solemnia
3012 5225 3380 5297 frequentare
3419 5224 3712 5295 concedis,

2061 5323 2290 5390 praesta,
2325 5333 2685 5389 quaesumus,
2719 5320 2783 5371 ut
2841 5319 2899 5370 et
2929 5313 3151 5370 devotis
3181 5314 3384 5370 eadem
3417 5312 3712 5369 mentibus

2061 5407 2445 5471 celebremus,
2477 5411 2534 5461 et
2563 5406 2692 5476 ejus
2748 5403 3070 5476 patrocinio
3127 5405 3500 5475 promerente
3549 5402 3712 5475 plene

2063 5492 2365 5565 capiamus
2414 5490 2743 5546 securitatis
2795 5494 3198 5562 augmentum.
3230 5489 3356 5546 Per.

2242 5598 2297 5635 IN
2329 5596 2539 5636 VIGILIA
2567 5596 2981 5636 APOSTOLORUM
3036 5596 3203 5634 PETRI
3234 5597 3301 5635 ET
3342 5593 3537 5635 PAULI.

2136 5670 2336 5726 Oratio.
2371 5670 2546 5738 Deus,
2607 5669 2709 5741 qui
2768 5669 2936 5726 nobis
2978 5668 3282 5726 beatorum
3313 5667 3714 5740 apostolorum
