3896 6216
188 360 313 424 893

1006 359 1392 424 EXCERPT.
1438 357 1543 421 EX.
1586 354 1807 419 GODD.
1853 353 2170 418 LITURG.
2212 352 2802 417 FONTAVELLAN.

3471 361 3603 423 891

198 500 440 552 tuorum
471 494 634 554 Petri
665 500 724 554 et
751 493 914 554 Pauli
946 495 1213 553 natalit’ia
1224 493 1480 568 gloriosa
1491 491 1696 565 praeire
1713 507 1848 547 con-
1878 490 1936 558 Α
1965 493 2132 547 ceant
2161 488 2373 547 habere
2386 493 2808 563 contemptum,
2828 494 2884 548 et
2896 508 3091 550 amare
3105 492 3257 553 dona
3278 496 3602 558 caelestium

197 584 376 654 cedis,
394 585 618 655 tribue,
635 604 996 658 quaesumus,
1013 602 1214 643 eorum
1229 602 1335 640 nos
1366 599 1597 654 semper
1614 584 1671 637 et
1685 581 1854 637 bene-

192 674 345 730 ﬁciis
376 676 692 747 praeveniri
723 680 781 731 et
808 674 1173 732 orationibus
1204 672 1486 744 adjuvari.
1520 672 1642 726 Per.

267 762 508 831 Secreta,
539 768 603 819 ut
633 766 692 820 in
716 764 896 820 editis.

268 851 625 909 Communia.
658 853 834 919 Deus,
868 851 1282 926 quiecclesiam
1314 854 1475 905 tuam
1508 846 1854 919 apostolitui

194 941 350 997 Petri
383 941 504 997 ﬁde
537 945 599 997 et
630 943 865 998 nomine
883 939 1490 1011 consecrasti,quique
1520 935 1854 993 beatumilli

195 1028 444 1087 Paulum
479 1030 556 1086 ad
608 1031 1046 1104 praedicandum
1093 1030 1365 1103 gentibus
1415 1026 1660 1100 gloriam
1692 1032 1853 1082 tuam

195 1119 416 1176 sociare
447 1119 734 1192 dignatus
760 1137 843 1189 es,
877 1120 1126 1175 concede
1153 1123 1459 1183 utomnes,
1491 1116 1589 1187 qui
1617 1116 1687 1170 ad
1716 1131 1854 1187 apo-

194 1208 484 1264 stolorum
519 1212 761 1264 tuorum
794 1208 1080 1264 solemnia
1118 1208 1530 1271 convenerunt,
1564 1202 1854 1276 spirituali

193 1296 678 1353 remuneratione
708 1297 985 1353 ditentur.
1018 1298 1143 1353 Per.

386 1402 448 1441 IN
491 1402 669 1441 FESTO
707 1400 1122 1441 APOSTOLORUM
1164 1401 1325 1439 PETRI
1366 1400 1428 1437 ΕΤ
1472 1399 1660 1437 PAULI.

265 1474 474 1529 Oratio.
512 1474 903 1547 Omnipotens
935 1473 1289 1544 sempiterno
1328 1470 1503 1533 Deus,
1538 1470 1637 1541 qui
1669 1468 1857 1524 Eccle-

196 1561 344 1618 siam
376 1565 551 1618 tuam
576 1563 640 1618 in
670 1561 993 1635 apostolica
1022 1560 1314 1617 soliditate
1345 1560 1651 1615 fundatam
1674 1559 1744 1613 ab
1768 1559 1855 1612 in-

196 1651 502 1708 fernarum
535 1652 931 1708 eruisterrore
945 1653 1493 1722 portarum,prazsta
1522 1647 1580 1703 in
1601 1647 1859 1703 tuaveri-

194 1745 314 1797 tate
342 1739 882 1813 persistens,nulla
899 1740 1141 1812 recipiat
1155 1737 1447 1794 consortia
1477 1737 1852 1809 perﬁdorum.

196 1830 325 1886 Per.

267 1918 512 1975 Secreta.
548 1917 858 1974 Familiam
894 1922 1077 1985 tuam,
1120 1916 1387 1985 Domine,
1438 1915 1727 1987 prapitius
1766 1914 1853 1968 in-

192 2009 378 2077 tuere,
413 2010 475 2064 et
502 2006 844 2080 apostolicis
902 2006 1145 2063 defende
1200 2003 1506 2076 prasidiis,
1540 2009 1605 2059 ut
1651 2021 1854 2061 eorum

194 2097 474 2169 precibus
505 2097 886 2170 gubernetur,
907 2095 1122 2167 quibus
1154 2094 1361 2149 nititur
1389 2098 1443 2149 te
1470 2092 1856 2149 eonstituente

192 2184 590 2258 principibus.
623 2185 747 2242 Per.

266 2275 616 2331 Communia.
650 2274 868 2330 Exaudi
900 2291 1025 2341 nos,
1062 2279 1211 2329 Deus
1241 2271 1517 2329 salutaris
1549 2274 1765 2336 noster,
1801 2273 1857 2326 et

194 2362 605 2435 apostolorum
638 2368 873 2419 tuorum
906 2380 1011 2419 nos
1041 2367 1204 2418 tuere
1243 2360 1552 2433 praesidiis,
1604 2376 1853 2431 quorum

194 2452 436 2509 donasti
467 2451 672 2509 fideles
703 2469 832 2509 esse
855 2452 1155 2508 doctrinis.
1190 2451 1319 2507 Per.

820 2541 898 2596 Ad
934 2543 1233 2611 Vespermn.

269 2630 487 2686 Oratio.
523 2630 758 2697 Praesta,
786 2647 1147 2703 qumsumus,
1181 2628 1551 2700 omnipotens
1584 2627 1756 2694 Deus,
1792 2632 1857 2682 ut

199 2718 301 2790 qui
327 2718 1237 2791 jugiterapostolicadefensione
1254 2717 1577 2782 munimur,
1606 2732 1855 2772 necsuc-

201 2807 570 2864 cumbamus
598 2807 779 2875 vitiis,
812 2824 917 2863 nec
948 2807 1345 2879 opprimemur
1400 2804 1674 2862 adversis.
1729 2807 1853 2861 Per.

448 2911 511 2949 IN
550 2911 762 2950 OCTAVA
802 2912 999 2950 SANCTI
1037 2912 1274 2950 JOANNIS
1315 2902 1617 2950 ΒᾸΡΤΙΒΤᾸΞ.

276 2983 495 3038 Oratio.
531 2983 762 3048 Praesta,
797 3000 1159 3054 quaesumus,
1183 2984 1556 3055 omnipotens
1589 2989 1756 3051 Deus,
1793 2989 1858 3040 ut

197 3067 475 3125 Ecclesia
501 3074 623 3138 tua,
639 3087 768 3142 quae
786 3071 991 3126 iterato
1014 3072 1370 3127 nativitatem
1386 3073 1759 3143 praecursoria
1774 3073 1858 3128 Fi-

197 3158 264 3213 lii
296 3157 386 3214 tui
418 3158 891 3219 DomininostriJ
901 3176 1003 3215 esu
1017 3159 1485 3215 ChristiJoannis
1516 3160 1856 3231 Baptistaein

200 3252 754 3314 octavoveneratur,
777 3265 842 3303 eo
857 3248 982 3320 ipso
997 3265 1099 3319 pro
1116 3264 1183 3303 ea
1208 3248 1363 3319 apud
1394 3247 1856 3305 misericordiam

200 3341 371 3393 tuam
403 3336 810 3408 praeveniente,
834 3355 868 3392 a
895 3336 1150 3409 peccatis
1172 3336 1512 3392 omnibuste
1542 3336 1857 3393 miserante

200 3423 446 3481 liberari
477 3441 830 3482 mereamur.
866 3431 996 3481 Per.

271 3514 511 3570 Secreta.
565 3514 763 3571 Sancti
821 3514 1065 3569 Joannis
1127 3512 1401 3586 Baptistae
1453 3513 1857 3570 honorabilem

206 3602 569 3660 nativitatem
588 3604 955 3669 muneribus,
971 3620 1002 3658 ο
1017 3602 1311 3674 piisssime
1324 3602 1856 3674 Domine,gemina-

204 3691 282 3747 tis
314 3692 375 3747 in
407 3696 608 3749 octavo
638 3692 895 3749 Ecclesia
913 3697 1012 3749 tua
1041 3692 1135 3747 dio
1153 3690 1527 3746 devotissime
1550 3691 1855 3762 consequi-

202 3783 321 3847 tur,
356 3785 569 3853 praasta
596 3781 767 3837 solita
795 3780 1105 3837 clementia
1122 3784 1216 3836 tua
1235 3780 1437 3852 utipso
1470 3796 1572 3851 pro
1595 3779 1854 3835 eainter-

201 3869 471 3926 veniente
494 3870 553 3925 id
588 3887 805 3927 munus
836 3870 1093 3926 salutare
1123 3870 1232 3927 sibi
1281 3878 1459 3941 penes
1500 3872 1557 3924 te
1589 3868 1714 3924 ﬁeri
1741 3886 1857 3925 me-

207 3962 370 4014 reatu
379 3976 428 4027 r,
463 3959 588 4014 Per.

220 4084 229 4090 '
278 4047 620 4103 Communia.
652 4048 893 4103 Munera
923 4051 1044 4111 tua,
1079 4047 1273 4119 quzein
1292 4047 1575 4103 honorem
1598 4046 1855 4101 nominis

206 4134 291 4189 tui
323 4134 387 4189 in
420 4134 788 4190 solemnitate
814 4135 1019 4190 iterata
1038 4135 1280 4191 Joannis
1306 4135 1577 4206 Baptista:
1604 4152 1853 4206 praecur-

206 4223 361 4277 soris
390 4220 520 4277 Filii
550 4222 634 4276 tui
669 4222 899 4278 Domini
956 4224 1139 4277 nostri
1168 4224 1306 4279 Jesu
1358 4223 1569 4279 Christi
1617 4228 1856 4295 sumpta

205 4314 373 4380 sunt,
405 4325 768 4381 quaesumus,
803 4310 1172 4381 omnipotens
1193 4310 1368 4377 Deus,
1402 4315 1679 4382 praestent
1696 4311 1856 4366 auxi-

202 4397 353 4454 lium
386 4397 653 4455 Ecclesiai
684 4402 889 4464 tuaa,ut
923 4398 1151 4470 expiata
1196 4399 1268 4453 ab
1300 4399 1459 4453 omni
1491 4398 1856 4455 immissione

210 4486 575 4543 insidiatoris
603 4490 660 4542 te
691 4487 1017 4551 benedicat,
1050 4486 1155 4542 tibi
1186 4486 1421 4553 serviat,
1454 4490 1529 4553 et,
1561 4491 1616 4542 te
1664 4492 1852 4559 prote-

208 4579 399 4649 gente,
433 4576 505 4630 ab
536 4576 812 4631 omnibus
836 4574 1009 4631 malis
1040 4591 1273 4647 semper
1303 4575 1380 4630 sit
1400 4573 1602 4630 libera.
1637 4575 1761 4631 Per.

580 4682 639 4719 IN
678 4681 848 4720 FESTO
886 4681 1115 4720 SANCTxE
1154 4680 1472 4718 MUSTIOL.‘E.

277 4752 482 4809 Oratio.
514 4754 745 4809 Crescat
773 4753 832 4807 in
863 4753 1054 4818 nobis,
1086 4752 1349 4818 Domine,
1379 4767 1611 4823 semper
1640 4756 1853 4807 sanctae

198 4839 592 4909 jucunditatis
623 4841 883 4905 effectus,
914 4845 981 4896 ut
1000 4842 1179 4897 beatae
1229 4839 1516 4896 Mustiolzs
1575 4840 1850 4912 martyris

207 4929 315 4983 tua;
347 4930 678 4985 veneranda
706 4928 988 4985 festivitas
1020 4932 1322 5001 augeatur.
1356 4929 1480 4984 Per.

274 5018 511 5075 Secreta.
544 5017 767 5074 Sanctae
797 5017 1081 5074 Mustiolae
1113 5016 1384 5089 martyris
1413 5021 1548 5082 tuae,
1578 5016 1847 5085 Domine,

207 5104 356 5165 festa
383 5106 763 5176 celebrantes,
795 5124 994 5179 preces
1024 5105 1346 5173 offerimus,
1369 5105 1622 5162 hostiam
1644 5105 1849 5161 immo-

206 5191 417 5261 lamus,
448 5200 661 5267 priests
682 5212 1047 5268 quaesumus,
1075 5198 1140 5250 ut
1168 5212 1301 5250 cum
1326 5194 1595 5267 praesidio
1623 5198 1845 5266 tempo-

207 5281 308 5338 rali
340 5287 398 5339 et
423 5282 603 5341 vitam
634 5284 802 5341 nobis
833 5284 1145 5356 praebeant,
1171 5287 1228 5337 et
1258 5283 1620 5338 incrementa
1648 5299 1846 5354 perpe-

209 5372 327 5428 tua.
359 5372 485 5428 Per.

276 5458 611 5517 Communia.
638 5461 792 5517 Deus
820 5460 1103 5517 virtutum
1125 5459 1468 5527 ccelestium,
1503 5476 1844 5532 quaesumus

209 5548 271 5601 ut
300 5548 606 5616 sacrificia,
665 5567 770 5622 pro
822 5553 1034 5605 sanctas
1084 5547 1369 5604 Mustiolae
1424 5548 1698 5621 martyris
1728 5552 1845 5604 tuae

208 5635 475 5704 passione
504 5638 713 5706 delata,
731 5637 1154 5694 desideriorum
1176 5654 1282 5694 nos
1312 5636 1724 5708 temporalium
1746 5637 1845 5692 do-

1962 580 2337 653 gaudiorum.
2374 580 2499 635 Per.

2127 685 2186 724 IN
2227 686 2437 725 OCTAVA
2476 685 2891 728 APOSTOLORUM
2930 687 3093 729 PETRI
3133 691 3200 730 ET
3239 693 3428 733 PAULI.

2036 759 2218 814 Oratio
2248 762 2298 812 at
2327 761 2529 814 secreta
2552 761 2611 814 in
2642 760 2820 815 editis.

2036 847 2372 903 Communia.
2410 849 2717 905 Beatorum
2741 851 3141 922 apostolorum
3179 858 3436 923 tuorum,
3485 857 3601 913 Do-

1964 935 2142 1003 mine,
2178 936 2328 991 Petri
2361 940 2417 991 et
2448 937 2609 993 Pauli
2631 939 2960 996 desiderata
2985 943 3272 1000 solemnia
3300 961 3605 1003 recensen-

1963 1028 2072 1091 tes,
2106 1030 2337 1097 praasta,
2371 1042 2732 1097 quaesumus,
2766 1034 2832 1084 ut
2856 1047 3058 1087 eorum
3082 1034 3606 1106 supplicationibus

1964 1113 2340 1179 mundemur,
2373 1130 2621 1185 quorum
2655 1116 2914 1188 regimur
2943 1120 3293 1193 principatu.
3328 1123 3453 1178 Per.

2171 1218 2228 1257 IN
2270 1219 2436 1258 FESTO
2476 1220 2817 1262 SANCTORUM
2856 1224 3071 1264 SEPTEM
3110 1214 3433 1279 FRATRUMJ

2036 1293 2237 1348 Oratio.
2271 1294 2504 1359 Praesta,
2533 1311 2894 1364 quaesumus,
2926 1300 3295 1372 omnipotens
3334 1303 3509 1372 Deus,
3544 1309 3610 1360 ut

1965 1381 2065 1454 qui
2096 1381 2379 1453 gloriosos
2406 1388 2690 1456 martyres
2710 1385 3362 1460 Januarium,Felicem,
3392 1393 3606 1465 Philip-

1965 1487 2129 1541 pum,
2163 1471 3168 1545 Silvanum,Alexandrum,Vitalem
3184 1482 3605 1552 atqueMartia—

1966 1558 2102 1626 lem,
2136 1559 2316 1614 fortes
2345 1559 2404 1614 in
2438 1576 2547 1615 sua
2573 1562 2934 1619 confessione
2962 1567 3361 1638 cognovimus,
3392 1574 3525 1637 etc.,
3549 1576 3609 1626 ut

1967 1651 2023 1704 in
2056 1649 2231 1714 editis,
2263 1650 2432 1704 etiam
2461 1651 2636 1721 quoad
2655 1657 2921 1707 secretam
2947 1658 2995 1710 et
3031 1661 3606 1726 pastcamm-unianem.

2338 1756 2396 1792 IN
2437 1756 2599 1795 FESTO
2638 1758 2829 1796 SANCTI
2871 1759 3233 1800 PATERNIANI.

1886 1859 1934 1925 Β
1964 1913 1997 1925 ι.
2039 1827 2243 1882 Oratio.
2276 1827 2454 1925 Deus,
2486 1829 2583 1900 qui
2618 1846 2721 1925 per
2742 1831 3218 1903 angelum.tuum
3248 1836 3608 1909 Raphaelem

1962 1913 2071 1970 iter
2101 1916 2409 1972 ostendisti
2443 1917 2611 1974 beato
2641 1919 3008 1987 Paterniano,
3041 1927 3098 1977 et
3127 1924 3352 1980 obitum
3375 1927 3612 1984 demon-

1965 2003 2187 2071 strasti,
2214 2006 2420 2060 exaudi
2454 2023 2653 2079 preces
2684 2024 2832 2079 quas
2860 2010 2918 2065 in
2952 2013 3080 2081 ejus
3110 2012 3213 2068 tibi
3246 2014 3614 2073 solemnitate

1966 2092 2303 2160 deferimus,
2333 2097 2465 2160 etc.,
2500 2103 2560 2150 ut
2590 2098 2646 2151 in
2679 2096 2857 2166 editis,
2889 2101 2951 2154 in
3004 2103 3238 2159 secunda
3286 2107 3455 2162 missa
3483 2123 3609 2162 can-

1963 2184 2183 2253 fessaris
2200 2183 2495 2254 pontiﬁcis.
2872 2192 2879 2201 '

2322 2289 2380 2326 IN
2420 2289 2589 2328 FESTO
2633 2291 2861 2331 SANCTIE
2899 2295 3262 2336 MARGARITE.

2037 2358 2241 2415 Oratio.
2276 2360 2450 2427 Deus,
2488 2361 2587 2433 qui
2626 2362 2853 2419 beatam
2905 2366 3277 2440 Margaritam
3326 2370 3611 2445 virginem

1966 2447 2250 2504 hodierna
2279 2450 2350 2505 ad
2393 2449 2567 2506 caelos
2627 2468 2731 2523 per
2789 2455 3052 2528 martyrii
3099 2457 3358 2530 palmam
3412 2461 3609 2518 venire

1965 2537 2175 2602 fecisti;
2205 2538 2454 2594 concede
2486 2539 2772 2612 prapitius
2794 2546 2878 2611 ut,
2912 2545 3041 2615 ejus
3070 2547 3335 2621 exempla
3366 2566 3611 2623 sequen-

1965 2629 2051 2682 tes
2084 2627 2155 2681 ad
2185 2633 2241 2681 te
2272 2627 2571 2699 pervenire
2606 2645 2957 2687 mereamur.
2991 2633 3118 2689 Per.

2035 2715 2267 2770 Secreta.
2304 2716 2430 2770 Haec
2477 2715 2735 2786 victima,
2788 2721 3047 2790 Domine,
3099 2740 3459 2795 quaesumus,
3507 2745 3612 2801 pro

1964 2803 2146 2859 beata:
2174 2803 2414 2873 virginis
2447 2804 2771 2877 Margarita:
2805 2810 3082 2883 martyrio
3114 2812 3330 2880 oblata,
3365 2820 3423 2870 et
3444 2833 3613 2873 men-

1963 2891 2111 2947 tium
2147 2892 2315 2948 nobis
2336 2893 2672 2964 puritatem,
2707 2900 2764 2951 et
2792 2913 3101 2969 corporum
3115 2901 3375 2959 obtineat
3396 2906 3610 2962 sancti-

1966 2983 2170 3035 tatem.
2204 2982 2329 3036 Per.

2039 3069 2375 3125 Communia.
2436 3072 2642 3143 Hujus,
2696 3074 2958 3144 Domine,
3020 3082 3369 3137 sacramenti
3417 3099 3612 3155 perce-

1970 3157 2167 3228 ptione
2197 3162 2253 3213 et
2282 3159 2460 3214 beatae
2484 3161 2807 3233 Margarita:
2829 3165 3072 3238 virginis
3103 3168 3536 3241 intercessione,
3557 3179 3615 3229 et

1889 3220 1932 3287 (ἶ
1969 3248 2032 3299 tu
2064 3245 2123 3300 in
2155 3246 2324 3302 nobis
2358 3263 2591 3303 manere
2623 3249 2882 3322 dignare,
2914 3258 2971 3309 et
3019 3273 3124 3311 nos
3158 3256 3217 3313 in
3268 3262 3324 3314 te
3351 3220 3611 3317 vicissim

1969 3349 2202 3388 manere
2232 3335 2501 3390 concede.
2526 3337 2650 3393 Per.

2126 3440 2183 3477 IN
2224 3440 2392 3479 FESTO
2431 3441 2772 3483 SANCTORUM
2813 3447 3030 3492 QUIRICI
3069 3451 3138 3488 ET
3173 3452 3438 3493 JULI'I'I'E.

2039 3512 2243 3567 Oratio.
2277 3513 2450 3580 Deus,
2486 3513 2587 3586 qui
2636 3522 2971 3575 sanctorum
3020 3527 3258 3580 tuorum
3309 3526 3525 3590 Quirici
3558 3534 3615 3584 et

1964 3599 2182 3655 Julittze
2211 3600 2484 3657 cordibus
2504 3603 2800 3661 flammam
2819 3612 2929 3664 tuae
2959 3609 3287 3669 dilectionis
3318 3617 3610 3685 accendis,

1966 3689 2040 3743 da
2061 3689 2336 3744 cordibus
2360 3691 2575 3747 nostris
2596 3695 2860 3750 eamdem
2891 3698 3023 3753 fidei
3055 3699 3477 3776 charitatisque
3506 3704 3615 3760 vir-

1965 3781 2174 3842 tutem,
2189 3781 2252 3832 ut
2273 3795 2522 3849 quorum
2539 3782 3219 3861 gaudemustriumphis,
3232 3807 3614 3860 provocemur

1965 3866 2264 3938 exemplis.
2295 3867 2422 3921 Per.

2036 3955 2278 4010 Secreta.
2303 3955 2405 4012 llla
2418 3974 2526 4014 nos
2553 3959 2787 4029 veritas,
2803 3962 3065 4034 Domine,
3084 3969 3611 4041 semperillumini-

1966 4047 2080 4111 net,
2114 4060 2240 4115 quae
2273 4050 2856 4107 sanctorumtuorum
2871 4055 3145 4113 cordibus
3176 4058 3475 4117 flammam
3495 4046 3609 4117 tuaa

1963 4131 2294 4189 dilectionis
2326 4136 2606 4193 accendit.
2645 4139 2771 4195 Per.

2038 4221 2374 4278 Communia.
2407 4223 2687 4299 Deus,qui
2713 4231 2931 4287 sanctis
2952 4233 3069 4290 tuis
3097 4237 3456 4309 martyribus
3478 4238 3610 4304 Qui-

1965 4309 2082 4365 rico
2138 4314 2196 4365 et
2224 4310 2442 4368 Julittm
2490 4315 2758 4373 vincendi
2819 4320 3117 4389 solatium,
3168 4328 3225 4379 et
3255 4324 3606 4382 immensam

1964 4399 2334 4454 vincentibus
2363 4401 2611 4473 gloriam
2634 4412 2908 4465 aeternam
2942 4412 3233 4482 concedis,
3248 4418 3306 4468 et
3325 4413 3609 4471 laceratae

1965 4503 2170 4543 carnes
2201 4505 2423 4557 eorum,
2458 4496 2737 4566 tanquam
2771 4498 3007 4554 odorem
3039 4500 3258 4556 bonum
3304 4502 3608 4560 suavitatis

1886 4576 1933 4640 D
1964 4576 2243 4643 assumis,
2280 4579 2489 4649 tribue,
2524 4599 2886 4654 quaesumus,
2932 4592 2997 4642 ut
3043 4587 3196 4644 sicut
3222 4588 3305 4644 eis
3335 4607 3608 4649 coronam

1964 4665 2226 4738 martyrii
2243 4669 2587 4738 praestitisti,
2602 4673 2682 4729 ita
2694 4675 2862 4730 nobis
2876 4681 3242 4747 peccatorum
3275 4684 3607 4737 nostrorum

1961 4753 2189 4809 veniam
2222 4754 2509 4828 largiaris.
2545 4761 2667 4816 Per.

2016 4858 2071 4896 1N
2109 4859 2332 4899 FESTUM
2372 4863 2714 4907 SANCTORUM
2752 4869 3075 4911 ERMAGOBxE
3114 4873 3181 4911 ET
3218 4873 3550 4916 FORTUNATI.

2031 4930 2236 5022 Oratio.
2269 4933 2820 5009 Inter-venientibus,
2842 4942 3107 5013 Domine,
3142 4946 3361 5004 sanctis
3392 4953 3608 5022 marty-

1958 5017 2121 5104 ribus
2153 5020 2270 5076 tuis
2331 5025 2645 5099 Ermagora
2691 5035 2749 5086 et
2796 5031 3137 5101 Fortunato,
3197 5035 3460 5093 Ecclesiae
3492 5017 3606 5093 tuis

1955 5124 2124 5164 voces
2155 5110 2418 5181 placatus
2437 5116 2700 5187 admitte,
2737 5123 3127 5180 utdestruetis
3157 5125 3606 5183 adversitatibus

1959 5196 2266 5266 universis,
2300 5218 2508 5260 secura
2539 5206 2641 5262 tibi
2674 5210 2885 5266 serviat
2915 5212 3200 5269 libertate.
3234 5215 3360 5270 Per.

2024 5286 2258 5343 Secreta.
2294 5291 2535 5349 Munera
2565 5295 2915 5356 humilitatis
2948 5307 3178 5371 nostrae,
3213 5301 3474 5370 Domine,
3501 5318 3604 5373 pro

1954 5380 2292 5433 sanctorum
2308 5385 2634 5454 martyrum
2648 5390 2882 5442 tuorum
2901 5389 3224 5461 Ermagorze
3240 5389 3603 5444 etFortunati

1952 5461 2207 5533 gloriosa
2238 5469 2511 5538 passione
2538 5478 2596 5527 et
2617 5473 2990 5533 solemnitate
3017 5478 3344 5544 offerentes,
3378 5492 3603 5547 quaesu-

1954 5555 2406 5637 mus,propitius
2420 5561 2707 5631 respicere
2721 5562 3043 5634 dignare,et
3056 5567 3318 5637 ipsorum
3331 5564 3603 5620 interces-

1953 5636 2118 5694 sione
2159 5643 2278 5698 tam
2311 5645 2382 5701 ad
2403 5647 2725 5717 profectum
2740 5650 2868 5706 vitae
2883 5669 3061 5723 quam
3082 5636 3299 5709 animae
3322 5652 3603 5709 salutaria
