3896 6216
257 394 376 463 895

1429 380 1618 445 SEO.
1664 378 1746 442 XI
1791 372 2114 441 MOMUM.
2159 373 2473 439 LITUBG.

3537 309 3694 428 ,ὦ

259 527 429 587 nobis
458 525 740 582 consueta
767 516 1140 578 miseratione
1162 512 1740 591 pervenireconeede.
1768 510 1895 566 Per.
1927 508 1983 576 Α
2009 513 2164 568 tione
2193 512 2362 584 cujus
2394 505 2663 566 natalitia
2691 521 2792 579 per
2811 503 2933 561 haec
2965 505 3168 561 sancta
3217 515 3344 574 quae
3399 497 3676 573 sumpsi.-

330 616 669 675 Cammunia.
731 614 1063 678 Sumentes,
1126 606 1392 673 Domine,
1437 602 1694 660 cmlestia
1750 601 1903 656 dona

261 705 892 782 mysterii,quaesumus
905 701 1313 754 utsanctorum
1333 697 1653 764 martyrum
1668 694 1901 744 tuorum

260 780 592 869 Ermagoraa
605 798 660 849 et
692 788 988 848 Fortunati
1006 788 1353 858 adjuvemur
1383 780 1631 846 meritis,
1649 793 1901 850 quorum

264 886 694 944 solemnitatem
728 879 924 935 debita
954 875 1323 931 veneratione
1354 871 1739 926 celebramus.
1777 870 1900 920 Per.

261 996 318 1033 IN
363 991 531 1031 FESTO
581 987 808 1027 SANCTJE
861 979 1134 1021 PRAXEDIS
1182 977 1434 1018 VIRGINIS
1487 975 1553 1012 ET
1603 972 1902 1012 MARTYRIS.

336 1064 550 1122 Oratio.
585 1061 758 1124 Deus,
783 1056 880 1128 qui
915 1047 1566 1122 intereanterapotentiae
1597 1050 1708 1100 tuae
1730 1045 1906 1100 mira-

263 1153 395 1210 cula
426 1151 601 1207 etiam
648 1148 704 1202 in
762 1161 900 1201 sexu
954 1140 1142 1214 fragili
1183 1138 1483 1194 victoriam
1534 1134 1818 1190 castitatis
1851 1137 1908 1189 et

263 1240 527 1313 martyrii
583 1233 908 1300 contulisti,
969 1232 1062 1297 da,
1125 1244 1484 1300 quaesumus,
1543 1228 1607 1279 ut
1640 1224 1819 1278 beatae
1853 1226 1909 1276 et

262 1311 478 1387 sanetae
511 1324 786 1397 martyris
816 1327 928 1377 tuae
962 1317 1237 1375 Praxcdis
1270 1316 1617 1386 adjuvemur
1659 1311 1905 1379 meritis,

262 1421 431 1490 cujus
464 1413 844 1472 beatitudinis
875 1409 1229 1465 irradiamur
1253 1403 1554 1475 exemplis.
1589 1406 1714 1455 Per.

333 1509 568 1564 Secreta.
603 1502 830 1574 Accipe,
867 1499 1133 1564 Domine,
1171 1511 1416 1550 munera
1461 1510 1587 1564 qum
1639 1492 1695 1546 in
1728 1491 1907 1544 beatae

262 1595 538 1667 martyris
568 1599 679 1647 tuae
713 1587 986 1645 Praxedis
1004 1584 1372 1642 solemnitate
1393 1581 1735 1645 deferimus,
1770 1577 1909 1650 quia

263 1688 332 1743 ad
360 1689 461 1740 tua
497 1680 789 1756 praeconia
819 1675 1063 1732 recurrit
1093 1677 1149 1729 et
1182 1673 1438 1739 laudem,
1465 1669 1620 1742 quod
1652 1667 1788 1724 talis
1819 1671 1908 1722 est

262 1780 388 1831 orta
417 1770 680 1828 mortalis
712 1769 1038 1837 assumpta.
1075 1767 1200 1819 Per.

2013 620 2166 669 mus,
2197 602 2383 658 votivo
2415 596 2802 672 praevenimus
2832 593 3134 666 obsequio.
3168 591 3296 646 Per.

2343 706 2401 746 IN
2443 705 2610 744 FESTO
2650 701 2848 743 SANGTI
2887 697 3319 740 CHRISTOPIIORI.

2087 782 2290 850 Oratio,
2326 785 2385 836 ut
2418 783 2476 834 in
2500 780 2678 833 editis.

2085 873 2318 927 Secreta.
2353 869 2540 940 Hujus
2569 866 2673 921 tibi
2691 863 2981 937 precibus,
3004 858 3272 924 Domine,
3295 871 3677 930 quassamus,

2015 965 2180 1033 grata
2204 960 2325 1014 haec
2359 958 2633 1013 reddatur
2652 951 2885 1017 oblatio,
2911 966 3012 1023 pro
3045 949 3215 1018 cujus
3244 950 3332 1003 est
3350 944 3681 1002 festivitate

2016 1047 2396 1105 immolanda.
2430 1051 2556 1100 Per.

2089 1139 2425 1195 Communia.
2460 1132 2682 1206 Repleti
2714 1147 2942 1195 sumus,
2979 1127 3245 1191 Domine,
3300 1138 3549 1180 munere
3576 1139 3678 1179 so-

2015 1226 2337 1284 lemnitatis
2365 1227 2594 1296 optatae,
2630 1237 2746 1293 qua
2776 1218 2927 1274 beati
2958 1212 3360 1287 Christophori
3388 1212 3678 1285 martyris

2020 1317 2103 1372 tui
2135 1319 2191 1370 et
2220 1313 2554 1369 celebritate
2584 1311 2847 1364 vivamus
2879 1309 2935 1361 et
2963 1304 3254 1377 precibus.
3284 1301 3412 1358 Per.

2425 1419 2481 1456 IN
2523 1415 2692 1454 essm
2732 1412 2953 1452 unum
2991 1399 3048 1450 et
3085 1409 3258 1448 censa

2088 1497 2298 1555 Oratio,
2332 1497 2386 1546 ut
2421 1493 2480 1546 in
2508 1491 2684 1544 editis.

2090 1586 2291 1639 Sorcta.
2327 1583 2676 1636 Sanctorum
2726 1578 3050 1646 martyrum
3085 1575 3343 1637 tuorum,
3397 1568 3676 1634 Domine,

2014 1673 2240 1731 Nazarii
2291 1674 2348 1726 ot
2405 1667 2554 1724 Celsi
2611 1663 3030 1720 intercessione
3082 1660 3371 1733 placatus,
3431 1661 3678 1731 praesta,

2017 1777 2378 1837 quaesumus,
2413 1762 2480 1814 ut
2511 1773 2638 1828 quae
2670 1750 2978 1824 temporali
3011 1749 3373 1805 celebramus
3413 1746 3674 1814 actione,

335 1861 672 1920 Communia.
709 1857 836 1912 Haec
893 1855 949 1908 in
982 1851 1170 1918 nobis,
1225 1848 1491 1944 Domine,
1539 1847 1728 1918 gratia
1785 1850 1906 1912 tua,
1939 1880 1986 1944 B
2019 1855 2296 1927 perpetua
2327 1847 2650 1905 salvatione
2683 1841 3005 1914 capiamus,
3039 1844 3166 1894 per,

263 1965 624 2026 quaesumus,
658 1961 888 2016 semper
908 1944 1189 2006 exerceat,
1222 1942 1360 1993 utet
1380 1935 1594 1990 divinis
1625 1935 1912 1989 instauret

262 2023 463 2097 nostra
509 2037 684 2093 corda
733 2030 1047 2106 mysteriis,
1107 2032 1164 2084 et
1194 2031 1409 2083 sanctae
1469 2023 1742 2096 martyris
1799 2027 1909 2077 tua:

263 2127 537 2187 Praxedis
568 2120 1121 2180 commemoratione
1152 2116 1426 2172 laetificet.
1460 2117 1586 2167 Per.

504 2234 556 2271 IN
594 2229 762 2269 FESTO
803 2226 1027 2267 SANC'I‘IE
1066 2223 1262 2262 MARI/E
1302 2218 1675 2258 MAGDALENE).

334 2306 518 2363 Oratio
547 2308 598 2359 et
625 2302 839 2358 Secreta
868 2302 925 2353 ut
956 2300 1016 2352 in
1039 2297 1215 2352 editis.

335 2394 669 2452 Communia.
701 2389 961 2456 Viviﬁca,
986 2385 1249 2448 Domine,
1283 2381 1541 2438 animam
1573 2376 1910 2450 etspiritum

264 2489 533 2543 nostrum
565 2479 782 2554 peccati
814 2476 1051 2532 vulnere
1100 2471 1452 2538 sauciatum,
1510 2466 1914 2524 intercedente

264 2577 433 2632 beata
464 2569 648 2628 Maria
669 2563 1138 2640 Magdalena,qui
1154 2563 1283 2633 ejus
1301 2558 1569 2632 precibus
1583 2561 1685 2612 tua
1700 2555 1915 2609 invicta

262 2664 475 2719 virtute
506 2658 969 2731 quatriduanum
988 2654 1267 2708 Lazarum
1304 2643 1670 2703 resuscitasti
1705 2644 1912 2698 demo-

266 2753 568 2809 numento.
604 2745 712 2810 Qui
743 2743 908 2801 vivis.

626 2853 684 2889 ΙΝ
725 2849 893 2887 FESTO
933 2845 1127 2884 SANCTI
1166 2839 1556 2882 APOLLINARIS.

343 2928 530 2984 Oratio
563 2927 623 2980 in
653 2922 834 2978 editis.

343 3019 576 3074 Secreta.
612 3009 876 3082 Respice,
911 3006 1175 3073 Domine,
1210 3019 1386 3074 super
1414 3001 1524 3055 has
1563 2998 1784 3054 hostias
1816 3013 1918 3052 no-

272 3113 424 3164 stras
457 3119 604 3176 quas
633 3098 856 3156 nomini
882 3092 1310 3151 tuosaerandas
1342 3089 1660 3153 offerimus,
1691 3090 1748 3143 et
1767 3086 1920 3141 beati

269 3192 618 3269 Apollinaris
635 3186 908 3260 martyris
922 3184 1007 3241 tui
1041 3187 1215 3255 atque
1227 3179 1519 3253 pontiﬁcis
1531 3180 1922 3250 prosequatur

270 3239 983 3269 ηννυικκν---π---δ--ττη
1049 3239 1056 3240 ί
1119 3239 1137 3255 ι
1228 3239 1244 3253 ι
1531 3239 1550 3250 .
1725 3239 1737 3248 ,

270 3284 474 3350 oratio,
509 3297 611 3353 per
641 3293 818 3349 quam
851 3291 957 3330 nos
988 3267 1401 3344 expiarifacias
1433 3271 1490 3322 et
1518 3264 1768 3322 defendi.
1790 3269 1916 3318 Per.
1950 3239 1996 3307 (ἶ

344 3371 678 3429 Communia.
713 3369 928 3420 Praesta
958 3361 1146 3428 nobis,
1181 3373 1546 3432 quaesumus,
1579 3354 1924 3421 Domine,ut

270 3468 373 3520 tua
402 3462 609 3518 saneta
637 3472 771 3528 quae
793 3451 1182 3524 sumpsimus,
1205 3444 1477 3520 praesidia
1499 3443 1711 3499 mentis
1731 3447 1789 3497 et
1805 3457 1924 3496 cor-

273 3537 568 3626 poris.....,
603 3551 680 3616 et,
717 3538 1235 3599 intervenientibus
1251 3529 1788 3605 beatiApollinaris
1809 3545 1926 3584 me-

274 3623 424 3710 ritis,
457 3655 523 3694 ac
553 3635 828 3693 omnibus
861 3628 1096 3686 absolve
1127 3623 1398 3698 peccatis.
1433 3626 1560 3676 Per.

640 3742 698 3779 IN
740 3737 908 3777 FESTO
949 3732 1180 3773 SANCTE
1219 3727 1557 3769 CHRISTINIE.

350 3817 554 3872 Oratio.
589 3813 823 3868 Crescat
853 3809 910 3862 in
942 3804 1133 3868 nobis,
1158 3800 1424 3868 Domine,
1459 3813 1687 3868 semper
1710 3797 1924 3851 sanctae

274 3901 666 3979 jucunditatis
696 3899 955 3962 effectus,
992 3893 1246 3948 utbeatm
1279 3887 1621 3944 Christianae
1654 3883 1926 3956 martyris

279 4002 391 4051 tua:
421 3989 754 4047 veneranda
785 3983 1068 4040 festivitas
1099 3981 1398 4050 augeatur.
1432 3979 1559 4030 Per.

353 4083 586 4138 Secreta.
613 4077 835 4132 Sancta:
858 4070 1200 4128 Christianae
1224 4064 1641 4138 martyristuae,
1670 4061 1927 4130 Domine,

283 4186 483 4245 preces
498 4160 1085 4230 otferimus,hostiam
1101 4155 1495 4222 immolamus,
1517 4156 1748 4226 praesta,
1775 4167 1930 4222 quae-

284 4238 513 4326 sumus,
548 4259 613 4311 ut
643 4271 775 4309 cum
810 4249 1076 4324 praesidio
1109 4244 1436 4318 temporali,
1467 4246 1524 4298 et
1551 4243 1729 4298 vitam
1763 4238 1932 4296 nobis

285 4349 597 4423 prmbeant,
633 4348 689 4400 et
719 4342 1077 4398 incrementa
1106 4339 1403 4409 perpetua.
1435 4337 1561 4387 Per.

358 4437 695 4494 Communia.
729 4437 883 4488 Deus
913 4429 1192 4483 virtutum
1221 4421 1567 4486 caelestium,
1593 4434 1936 4491 quaesumus

287 4533 351 4586 ut
381 4524 668 4584 sacrificia
699 4539 801 4595 pro
814 4523 1026 4577 sanetae
1047 4513 1352 4572 Christinae
1376 4509 1773 4581 martyristuae
1793 4525 1931 4580 pas-

2093 1940 2430 1996 Cammunia.
2467 1933 2709 1999 Exaudi,
2762 1929 3027 1996 Domine,
3079 1941 3282 1999 preces
3332 1928 3681 1994 nostras,et

2019 2029 2273 2104 populus
2301 2031 2462 2090 tuus,
2492 2022 2591 2095 qui
2620 2021 2730 2078 sub
2762 2019 2940 2074 tantis
2970 2020 3308 2073 sanctorum
3340 2016 3678 2086 martyrum

2020 2103 2254 2175 tuorum
2287 2113 2513 2172 Nazarii
2544 2116 2598 2168 et
2630 2108 2782 2166 Celsi
2815 2105 3273 2180 patrociniis_est
3293 2103 3678 2172 constitutus,

2022 2213 2140 2264 eta
2171 2205 2293 2261 suis
2352 2199 2772 2259 offensionibus
2829 2196 3127 2261 liberetur,
3159 2177 3218 2249 ἒι
3269 2193 3342 2247 ab
3395 2189 3678 2247 omnibus

2023 2299 2256 2352 tueatur
2278 2290 2556 2348 adversis.
2592 2293 2718 2343 Per.

2023 2401 2080 2440 IN
2121 2399 2317 2440 NATALI
2359 2393 2698 2437 SANCTARUM
2736 2390 3020 2431 VIRGINUM
3060 2387 3254 2428 FLORIE
3305 2385 3372 2426 ΒΤ
3409 2377 3677 2426 Ῑιεῦῐιΐιᾶῗ.

2095 2475 2302 2530 Oratio.
2330 2472 2413 2526 Da
2442 2468 2633 2533 nobis,
2669 2464 2912 2521 Domine
2944 2463 3119 2528 Deus,
3154 2462 3372 2525 noster,
3424 2459 3485 2513 in
3538 2473 3675 2512 san-

2021 2569 2251 2620 ctarum
2283 2563 2605 2630 martyrum
2622 2561 2858 2610 tuarum
2877 2551 3055 2608 Florae
3073 2557 3125 2606 et
3157 2546 3388 2604 Lucillaa
3411 2546 3674 2603 incessa-

2026 2652 2124 2708 bili
2155 2629 2523 2706 veneratione
2556 2641 2756 2709 lmtari,
2791 2645 2855 2696 ut
2887 2640 3043 2713 quod
3093 2637 3266 2710 digna
3313 2640 3509 2691 mente
3559 2629 3676 2690 non

2025 2755 2342 2814 possumus
2373 2735 2682 2800 celebrare,
2716 2728 3047 2786 humilibus
3081 2725 3289 2783 saltem
3342 2725 3677 2797 frequente-

2032 2847 2165 2886 mus
2197 2824 2514 2898 obsequiis.
2548 2827 2674 2878 Per.

2101 2920 2330 2974 Secreta.
2363 2913 2696 2976 Oiferimus,
2730 2908 2996 2975 Domine,
3029 2920 3228 2978 preces
3257 2910 3316 2960 et
3345 2919 3594 2959 munera
3613 2902 3674 2958 in

2030 3011 2309 3066 honorem
2341 3006 2677 3060 sanctarum
2697 2997 2989 3070 virginum
3023 3000 3259 3050 tuarum
3292 2991 3470 3048 Florae
3493 2996 3552 3046 et
3573 2991 3678 3046 Lu-

2030 3097 2174 3155 cillae
2205 3093 2547 3168 gaudentes,
2601 3092 2809 3162 praesta
2857 3100 3219 3158 quaesumus,
3273 3086 3340 3137 ut
3366 3085 3424 3137 et
3467 3096 3682 3137 conve-

2031 3167 2260 3243 nienter
2287 3183 2408 3238 haee
2439 3195 2608 3251 agere
2638 3191 2988 3241 mereamur,
3023 3177 3079 3228 et
3109 3167 3433 3228 remedium
3469 3169 3682 3242 sempi-

2032 3281 2261 3331 ternum
2294 3270 2593 3327 valeamus
2622 3265 2940 3337 acquirere.
2975 3267 3101 3318 Per.

2103 3361 2439 3419 Communia.
2473 3353 2888 3420 Sacramentis,
2926 3350 3190 3420 Domine,
3223 3347 3566 3404 muniamur
3585 3363 3678 3402 ac-

2031 3453 2235 3525 ceptis,
2268 3455 2324 3505 et
2354 3451 2690 3504 sanctarum
2708 3447 2944 3498 tuarum
2973 3439 3268 3513 virginum
3291 3437 3470 3494 Florae
3484 3440 3539 3492 et
3563 3437 3680 3492 Lu-

2034 3541 2178 3598 cillae
2208 3536 2622 3596 intercessione
2635 3537 2836 3590 contra
2857 3547 3062 3587 omnes
3076 3528 3251 3601 nequi
3263 3528 3374 3584 tias
3390 3526 3679 3583 irruentes

2035 3629 2215 3688 armis
2246 3625 2579 3683 cmlcstibus
2606 3625 2998 3695 protegamur.
3037 3624 3165 3675 Per.

2097 3735 2156 3775 IN
2197 3729 2537 3774 INVENTIONB
2577 3727 2771 3767 SANCTI
2814 3723 3087 3764 STEPHANI
3129 3716 3622 3760 PROTOMABTYRIS.

2108 3807 2311 3865 Oratio.
2345 3804 2522 3869 Deus,
2555 3800 2652 3872 qui
2684 3816 2748 3856 es
2779 3801 3117 3854 sanctorum
3151 3800 3386 3850 tuorum
3411 3793 3689 3865 splendor

2037 3893 2343 3961 mirabilis,
2379 3891 2479 3964 qui
2512 3890 2794 3945 hodierna
2822 3887 2915 3943 die
2933 3901 3176 3957 corpora
3205 3885 3545 3940 sanctorum
3567 3887 3690 3938 tuo-

2038 4002 2168 4042 rum
2201 3979 2502 4054 Stephani,
2534 3976 2852 4045 Nicodemi,
2885 3972 3219 4030 Gamalielis
3251 3977 3436 4044 atque
3463 3971 3688 4028 Albibon

2038 4072 2369 4131 inventione
2416 4068 2667 4142 gioriosa
2708 4064 2994 4132 revelasti,
3044 4065 3120 4118 da
3150 4061 3320 4117 nobis
3371 4060 3432 4117 in
3481 4064 3690 4117 atoma

2039 4162 2238 4220 laetitia
2268 4161 2338 4216 de
2367 4173 2568 4215 eorum
2597 4155 2872 4212 societate
2902 4152 3174 4226 gaudere.
3209 4154 3336 4206 Per.

2113 4253 2325 4307 Sacrata
2349 4256 2410 4304 ut
2437 4250 2496 4302 in
2525 4246 2684 4302 aditis
2708 4244 3078 4316 plurimarum
3106 4248 3417 4311 martyrum
3460 4244 3692 4311 tempore

2043 4340 2300 4397 Paschali

2115 4428 2450 4485 Communia.
2471 4422 2869 4494 Sumpsimus,
2898 4418 3162 4484 Domine,
3197 4421 3538 4474 sanctorum
3564 4420 3686 4471 tuo-

2045 4533 2176 4574 rum
2204 4514 2506 4587 Stephani,
2541 4508 2860 4576 Nicodemi,
2894 4507 3235 4563 Gamalielis
3268 4510 3442 4578 atq-ue
3471 4505 3687 4560 A‘bibon

288 4619 450 4675 sione
478 4608 1122 4680 delata,desideriorum
1137 4621 1244 4659 nos
1258 4598 1670 4672 temporalium
1693 4597 1939 4653 doceant
1967 4613 2014 4678 Β
2046 4603 2334 4663 solemnia
2362 4600 2723 4657 celebrantes
2751 4601 3123 4653 sacramenta
3152 4595 3429 4663 οωιθειίας
3466 4598 3689 4667 prata,

287 4708 500 4764 habere
529 4705 954 4774 contemptum,
987 4699 1044 4751 et
1073 4695 1226 4749 dona
1265 4689 1479 4746 habere
1523 4686 1737 4743 faciant
1766 4686 1931 4743 coele-

290 4797 467 4853 stium
501 4791 871 4866 gaudiorum.
907 4791 1033 4842 Per.

555 4898 614 4936 IN
653 4894 867 4936 VIGILIA
906 4888 1102 4930 SANCTI
1139 4884 1335 4925 JACOBI
1374 4881 1665 4921 APOSTOLI.

364 4965 571 5026 Oratio.
603 4967 862 5024 Concede
895 4963 1083 5028 nobis,
1119 4956 1491 5029 omnipotens
1523 4955 1698 5019 Deus,
1733 4958 1940 5009 ventu-

293 5076 420 5116 ram
451 5057 601 5112 beati
633 5051 981 5129 apostolitui
1011 5046 1210 5106 Jacobi
1232 5043 1661 5102 solemnitatem
1685 5058 1939 5116 congruo

296 5144 607 5221 praevenire
633 5145 873 5212 honore,
896 5145 953 5195 et
979 5136 1304 5193 venientem
1329 5132 1506 5204 digna
1534 5129 1826 5186 celebrare
1847 5131 1942 5185 de—

294 5236 544 5291 vatione.
582 5233 704 5289 Per.

365 5326 604 5381 Secreta.
634 5321 881 5390 Accepta
910 5316 1014 5371 tibi
1045 5315 1140 5378 sit,
1164 5311 1426 5378 Domine,
1459 5311 1669 5363 nostrae
1693 5306 1943 5362 devotio-

301 5414 390 5470 nis
416 5411 655 5476 oblatio,
685 5411 741 5463 et
768 5406 838 5461 ad
871 5403 1056 5460 sancti
1087 5399 1290 5458 Jacobi
1326 5394 1573 5469 apostoli
1619 5394 1704 5448 tui
1739 5399 1943 5450 ventu-

299 5519 423 5558 ram
462 5497 727 5571 puriores
763 5495 934 5550 faciat
975 5510 1083 5550 nos
1124 5489 1323 5545 venire
1373 5482 1768 5539 festivitatem.
1814 5488 1943 5540 Per.

371 5570 712 5645 Communia.
749 5588 963 5640 Praesta
991 5579 1184 5645 nobis,
1217 5579 1435 5631 aeterne
1466 5570 1750 5640 Salvator,
1796 5573 1947 5629 beati

301 5674 502 5736 Jacobi
535 5673 780 5746 apostoli
835 5672 923 5729 tui
982 5685 1088 5724 nos
1140 5665 1360 5734 ubique
1389 5659 1485 5732 pia
1543 5661 1767 5735 protegi
1815 5679 1949 5717 ora-

2044 4709 2404 4769 quaesumus,
2439 4694 2507 4746 ut
2537 4689 2692 4760 quod
2726 4685 3128 4758 temporaliter
3157 4684 3442 4758 gerimus,
3466 4681 3691 4739 aeternis

2051 4782 2284 4857 gaudiis
2315 4791 2768 4850 consequamur.
2803 4779 2931 4830 Per.

2611 4881 2946 4920 BENEDIGTIO
2988 4877 3134 4919 υνίε.

2121 4957 2427 5025 Benetdic,
2448 4955 2713 5022 Domine,
2748 4957 2804 5010 et
2821 4953 2928 5009 hos
2945 4952 3170 5007 fructus
3198 4965 3376 5006 novos
3398 4965 3543 5017 uvae,
3559 4965 3694 5020 quos

2050 5054 2115 5106 tu
2147 5045 2391 5104 Domine
2445 5061 2574 5099 rore
2605 5041 2732 5098 οωΙὶ
2767 5045 2823 5097 et
2873 5040 3222 5096 inundantia
3267 5037 3598 5112 pluviarum
3645 5040 3694 5092 et

2050 5143 2382 5208 temporum
2415 5132 2727 5189 serenitate
2757 5135 2929 5202 atque
2961 5127 3388 5200 tranquillitate
3419 5125 3490 5183 ad
3513 5129 3690 5182 matu-

2053 5228 2287 5282 ritatem
2320 5222 2634 5296 perducere
2665 5220 2940 5291 dignatus
2973 5235 3056 5285 es,
3090 5221 3148 5274 et
3194 5215 3409 5273 dedisti
3456 5231 3595 5272 eam
3626 5215 3690 5270 ad

2057 5332 2200 5372 usus
2233 5315 2485 5376 nostros,
2520 5323 2653 5363 cum
2685 5307 3006 5379 gratiarum
3050 5305 3274 5362 actione
3321 5305 3612 5377 percipere
3638 5303 3690 5358 in

2056 5402 2293 5460 nomine
2323 5395 2554 5454 Domini
2575 5396 2715 5452 Jesu
2739 5395 2974 5462 Christi,
3003 5412 3106 5468 per
3138 5411 3314 5468 quem
3345 5394 3465 5449 haec
3483 5391 3690 5460 omnia,

2057 5492 2323 5556 Domine,
2360 5502 2592 5558 semper
2622 5486 2776 5542 bona
2805 5502 2989 5542 creas.
3025 5490 3156 5541 Per.

2131 5598 2188 5635 IN
2231 5593 2400 5635 FESTO
2441 5590 2636 5630 SANCTI
2675 5591 2880 5630 DONATI
2921 5588 3189 5630 EPISCOPI
3225 5589 3290 5628 ET
3328 5557 3628 5627 MADTYRIS.‘

2135 5668 2337 5724 Oratio.
2400 5669 2572 5733 Deus,
2608 5663 2707 5735 qui
2769 5663 2828 5718 in
2887 5660 3278 5718 beatiDon—ati
3325 5657 3596 5730 martyris
3618 5656 3693 5712 tui
