3896 6216
178 306 305 379 897.

980 302 1365 366 nxcnap'r.
1409 303 1515 375 EX
1554 303 1786 371 conn.
1831 305 2145 375 IJTUIIG.
2191 292 2781 373 FONTAVELLAN.

3462 306 3589 373 ωε

181 443 355 510 atque
387 435 679 509 pontiﬁcis
704 436 976 493 manibus
1006 436 1194 509 poculi
1248 438 1569 510 fragmenta
1605 444 1825 495 restau-
1855 442 1911 509 Α
2012 442 2347 498 Communia.
2380 447 2549 514 Deus,
2584 443 2682 515 qui
2738 442 3054 500 Ecclesium
3103 446 3263 501 tuam
3301 459 3581 516 sponsam

131 602 140 610 ἢ
181 541 305 585 rare
353 525 635 599 dignatus
686 542 768 591 es,
801 525 1258 598 supplicantium
1293 542 1493 599 preces
1541 528 1831 601 benignus
1937 546 2139 586 vocare
2168 531 2445 605 dignatus
2473 550 2555 599 es,
2590 536 2657 588 ut
2698 550 2825 605 quin
2873 532 3113 589 haberet
3162 533 3430 605 gratiam,
3481 548 3584 604 per

179 613 404 686 exaudi,
438 617 506 671 ut
537 613 693 686 quod
728 613 943 671 ﬁducia
974 632 1089 671 non
1121 615 1298 672 habet
1323 616 1829 690 meritorum,ejus
1938 619 2038 676 Dei
2069 620 2431 679 devotionem
2462 622 2703 679 haberet
2729 622 2904 678 etiam
2935 639 3003 678 ex
3032 621 3261 678 nomine
3284 622 3582 694 pietatem,

178 705 342 762 nobis
371 703 798 759 intercessione
828 705 1097 760 donetur.
1134 709 1261 761 Per.

1939 709 2032 777 da,
2066 713 2131 766 ut
2160 711 2350 767 omnis
2381 711 2502 766 hzec
2533 711 2699 783 plebs
2741 711 2963 767 nomini
3014 715 3115 767 tuo
3163 709 3439 776 serviens,
3472 709 3583 766 hu-

245 794 480 861 Sacreta.
517 796 696 862 Deus,
728 792 826 865 qui
886 792 946 848 in
1005 792 1160 851 beati
1212 793 1418 851 Donati
1469 794 1724 868 episcopi
1774 800 1832 855 et
1930 798 2034 869 jus
2063 798 2329 856 vocabuli
2361 800 2653 857 consortio
2683 799 2860 873 digna
2892 816 3019 856 esse
3049 802 3362 867 mereatur,
3394 802 3451 854 et
3490 814 3584 854 eo.

179 881 452 955 martyris
488 881 574 947 tui
609 881 883 938 manibus
913 881 1104 954 poculi
1137 882 1465 956 fragmenta
1504 889 1831 943 restaurare

178 972 453 1046 dignatus
479 986 548 1035 es
580 987 827 1028 munera
848 970 1036 1044 plebis
1056 975 1169 1029 tute
1191 972 1543 1045 prepitiatus
1575 974 1829 1041 intende,

1940 887 2118 943 clesia
2148 892 2249 944 tua
2279 888 2337 944 in
2370 888 2792 962 templo,cujus
2826 887 3259 944 anniversarius
3285 887 3410 943 dies
3439 886 3586 943 cele-

1940 976 2165 1042 bratur,
2190 978 2296 1034 tibi
2328 978 2585 1047 collecta,
2618 983 2674 1035 te
2705 978 2928 1043 timeat,
2961 982 3016 1034 te
3047 976 3339 1049 diligat,te
3369 993 3584 1049 sequa-

178 1065 239 1118 ut
283 1062 413 1133 ejus
464 1059 640 1125 nobis
691 1060 793 1117 ﬁat
815 1059 1163 1133 supplicatio
1216 1060 1495 1119 salutaris
1524 1079 1627 1135 pro
1659 1064 1831 1135 cujus
1938 1069 2054 1132 tur,
2090 1070 2153 1121 ut
2177 1067 2319 1123 dum
2343 1068 2568 1140 jugiter
2617 1084 2720 1140 per
2765 1065 3005 1138 vestigia
3052 1070 3152 1122 tua
3196 1066 3482 1139 graditur,
3512 1065 3586 1123 ad

180 1149 549 1213 solemnitate
578 1147 922 1206 hodiernam
955 1148 1111 1212 diem
1144 1149 1528 1209 celebramus.
1562 1152 1687 1208 Per.
1766 1164 1767 1167 ‘

245 1239 594 1303 Communia.
630 1236 1011 1310 Omnipotens
1042 1243 1100 1294 et
1128 1237 1463 1297 misericors
1493 1240 1667 1307 Deus,
1695 1247 1829 1310 etc.;

176 1336 235 1387 ut
261 1329 324 1385 in
350 1327 542 1395 editis.

359 1433 420 1471 IN
459 1431 681 1471 VIGILIA
720 1430 1143 1473 ASSUMPTIONIS
1171 1433 1400 1475 SANCTIE
1438 1435 1650 1479 MARIE.

245 1505 449 1572 Oratio,
478 1513 546 1561 ut
576 1506 637 1561 in
665 1505 844 1562 editis.

239 1594 474 1651 Secreta.
510 1594 749 1668 Magna,
789 1611 1154 1668 qumsumus,
1202 1596 1465 1668 Domine,
1516 1599 1667 1670 apud
1718 1599 1832 1655 ele-

175 1682 456 1741 mentiam
484 1687 657 1743 tuam
691 1701 795 1757 pro
828 1685 998 1742 nobis
1030 1685 1375 1742 interveniat
1406 1688 1503 1743 Dei
1524 1688 1833 1746 Genitrieis

1941 1153 2196 1211 coelestia
2228 1156 2539 1228 promissa,
2576 1160 2629 1212 te
2659 1157 2927 1224 ducente,
2953 1155 3251 1231 pervenire
3272 1158 3584 1212 mereatur.

1941 1245 2067 1300 Per.

2293 1351 2349 1388 IN
2389 1350 2557 1389 FESTO
2597 1351 2789 1390 SANCTI
2830 1350 3238 1390 SYMPIIORIANI.

2013 1423 2215 1477 Oratio.
2247 1421 2406 1477 Beati
2438 1422 2713 1494 martyris
2742 1423 2822 1478 tui
2856 1422 3288 1494 Symphoriani,
3316 1420 3584 1488 Domine,

1943 1529 2048 1567 nos
2080 1516 2241 1569 tuere
2271 1511 2580 1584 praesidiis,
2618 1516 2680 1567 ut
2720 1514 2889 1583 cujus
2921 1513 3352 1567 solemnitatem
3394 1526 3592 1567 annua

1942 1600 2243 1656 devotione
2274 1600 2605 1667 recolimus,
2639 1600 2766 1671 ejus
2811 1598 3332 1655 intercessionibus
3362 1599 3435 1655 ab
3464 1614 3588 1654 om-

1942 1688 2115 1744 nibus
2147 1689 2598 1745 adversitatibus
2628 1705 2923 1743 eruamur.
2958 1689 3085 1742 Per.

174 1772 375 1876 oratio,
407 1789 593 1846 quam
625 1772 840 1873 idcirco
871 1772 947 1876 de
975 1774 1505 1876 praesentisasculc.
1526 1776 1830 1832 transtuli-
1864 1810 1913 1876 Β
2012 1779 2245 1876 Sacrata.
2278 1778 2541 1850 Suscipe,
2593 1778 2836 1876 Domine
2892 1792 3258 1876 cumsumus,
3286 1775 3593 1875 .propitius

175 1862 269 1931 sti,
302 1866 365 1919 ut
388 1879 504 1940 pro
539 1863 791 1936 peccatis
822 1866 1043 1920 nostris
1094 1863 1444 1920 ﬁducialiter
1490 1864 1830 1923 intercedat.

176 1951 278 2008 Per
306 1953 613 2010 eumdem.

249 2041 1639 2116 Communia.Concede,qusesumus,omnipotcns
1665 2046 1833 2109 Deus,

175 2128 245 2186 ab
276 2131 457 2186 beatas
494 2130 697 2187 Maria:
722 2146 955 2204 semper
972 2131 1217 2204 virginis
1237 2132 1451 2205 gaudia
1471 2138 1684 2189 aeterna
1714 2150 1837 2206 per-

175 2220 415 2293 tingere,
449 2221 529 2279 de
562 2221 734 2293 cujus
765 2238 872 2276 nos
902 2222 1233 2279 veneranda
1280 2222 1683 2294 assumptione
1734 2223 1833 2278 tri-

176 2308 307 2365 buis
338 2324 545 2369 annua
574 2308 944 2367 solemnitate
973 2311 1247 2383 gaudere.
1284 2310 1390 2366 Per
1418 2311 1710 2367 enmdem.

502 2415 566 2455 IN
602 2415 1001 2461 ASSUMPTIONB
1041 2415 1272 2456 SANCTE
1311 2417 1524 2457 MARUB.

253 2485 461 2543 Oratio.
498 2487 846 2545 Veneranda
876 2486 1066 2553 nobis,
1098 2487 1364 2554 Domine,
1405 2488 1583 2558 hujus
1615 2488 1727 2545 diei
1759 2489 1839 2545 fe-

186 2574 415 2632 stivitas
467 2592 639 2648 opem
680 2576 940 2632 conferat
969 2576 1242 2643 salutem,
1274 2577 1332 2631 in
1364 2594 1483 2649 qua
1513 2582 1713 2634 saneta
1745 2579 1840 2634 Dei

186 2663 441 2736 genitrix
503 2668 752 2721 mortem
813 2664 995 2720 subiit
1041 2664 1442 2736 temporalem,
1485 2683 1590 2723 nec
1646 2672 1843 2724 tamen

187 2752 399 2810 mortis
448 2753 697 2810 nexibus
740 2752 985 2823 deprimi
1025 2755 1235 2825 potuit,
1271 2771 1396 2826 qua:
1429 2754 1641 2812 Filium
1672 2761 1842 2813 tuum

190 2838 514 2897 Dominum
545 2844 814 2901 nostrum
857 2842 929 2897 de
972 2858 1034 2898 se
1080 2842 1284 2915 genuit
1317 2844 1703 2902 incarnatum.
1736 2845 1844 2913 Qui

190 2931 415 2985 tecum.

262 3015 505 3072 Secreta.
538 3016 876 3085 Subveniat,
918 3019 1182 3087 Domine,
1231 3036 1592 3091 quaesumus,
1622 3026 1757 3089 ete.,
1787 3028 1849 3078 ut

186 3104 251 3158 in
275 3102 465 3172 aditis,
483 3105 652 3163 etiam
677 3105 856 3178 quoad
880 3110 1453 3177 postcammunianem.

572 3210 633 3251 IN
672 3210 881 3250 OCTAVA
921 3210 1117 3253 SANCTI
1159 3212 1480 3252 LAURENTII.

262 3282 475 3341 Oratio.
509 3283 666 3341 Beati
709 3284 1005 3340 Laurentii
1052 3301 1160 3341 nos
1192 3285 1383 3355 faciat,
1418 3285 1679 3355 Domine,
1713 3305 1847 3359 pas-

192 3370 280 3427 sio
307 3372 644 3429 veneranda
672 3370 1021 3440 laetantes,et
1052 3379 1116 3429 ut
1141 3390 1275 3429 eum
1307 3374 1669 3431 sufﬁcienter
1697 3392 1849 3432 reco-

190 3458 408 3529 lamus,
442 3460 657 3534 dignus
687 3461 922 3516 efficiat.
958 3462 1083 3518 Per.

261 3548 501 3611 Secreta.
537 3550 691 3609 Beati
739 3550 1035 3606 Laurentii
1085 3551 1360 3624 martyris
1409 3568 1537 3621 nos,
1584 3553 1847 3620 Domine,

192 3637 464 3708 precibus
512 3642 770 3713 protege,
831 3640 1001 3711 cujus
1059 3639 1460 3698 honorabilem
1509 3642 1847 3713 passionem

192 3726 538 3784 muneribus
578 3727 892 3800 geminatis
942 3744 1353 3801 exsequamur,
1387 3746 1515 3802 quae
1547 3730 1684 3787 licet
1713 3748 1845 3804 pro-

193 3813 337 3885 priis
367 3816 447 3873 sit
478 3817 858 3875 memoranda
886 3817 1617 3891 principiis,indesinenter
1643 3825 1839 3877 tamen

194 3908 498 3973 permanet
527 3904 802 3978 gloriosa.
838 3906 963 3963 Per.

261 3996 607 4055 Communia.
638 3994 909 4051 Solemne
939 3996 1107 4053 nobis
1138 3997 1480 4054 intercessio
1513 3998 1665 4054 beati
1698 4003 1843 4055 Lau-

191 4081 367 4137 rentii
398 4081 692 4155 martyris,
725 4100 1085 4154 quaesumus,
1117 4085 1385 4154 Domine,
1419 4090 1653 4159 praestet
1682 4087 1842 4143 anxi-

190 4164 340 4223 lium
366 4172 434 4223 ut
463 4168 713 4225 ccelestis
744 4187 958 4227 mensa:
987 4173 1562 4248 participatio,quam
1587 4177 1842 4249 sumpsi-

191 4272 348 4325 mus,
404 4254 625 4313 tribuat
671 4258 941 4315 Ecclesia:
991 4265 1105 4317 tum
1154 4263 1502 4323 recensitam
1557 4264 1841 4322 latitiam.

191 4343 319 4401 Per.

646 4452 703 4492 IN
742 4453 911 4493 FESTO
952 4453 1148 4494 SANCTI
1191 4456 1394 4495 MAGNI.

1943 1866 2264 1923 orationem
2295 1871 2556 1922 nostram
2571 1883 2707 1922 cum
2729 1865 3125 1921 oblationibus
3145 1864 3474 1922 hostiarum
3496 1881 3591 1921 su-

1945 1972 2047 2028 per
2074 1954 2388 2028 impositis,
2420 1960 2477 2011 et
2508 1954 2783 2026 martyris
2812 1954 2898 2009 tui
2931 1951 3343 2026 Symphoriani
3388 1954 3593 2025 depre-

1944 2044 2171 2100 catione
2201 2044 2401 2115 pietati
2451 2048 2563 2099 tum
2613 2043 2826 2115 perﬁce
2876 2042 3167 2114 benignus
3216 2045 3509 2114 acceptus,
3541 2044 3599 2098 et

1945 2132 2137 2199 illum,
2192 2132 2293 2204 qui
2345 2133 2405 2187 in
2453 2148 2586 2189 eum
2640 2132 2923 2203 ﬂagravit,
2975 2131 3280 2197 fervorem,
3317 2129 3379 2185 in
3428 2129 3598 2186 nobis

1947 2221 2142 2292 aspira
2171 2221 2481 2293 benignus,
2515 2225 2579 2274 ut
2607 2220 2666 2275 i-n
2692 2224 2793 2275 tua
2821 2218 3128 2274 dilectione
3158 2222 3597 2291 permanentes,

1947 2314 2004 2366 et
2032 2311 2089 2365 in
2121 2314 2225 2365 tua
2252 2310 2365 2366 fide
2410 2309 2781 2365 inveniamur
2830 2307 3092 2374 stabiles,
3123 2312 3183 2363 et
3224 2307 3283 2363 in
3335 2306 3597 2363 moribus

1949 2399 2268 2455 concordes
2300 2403 2356 2454 et
2382 2398 2441 2454 in
2475 2413 2646 2470 opere
2678 2397 2965 2453 efﬁcaces.
3002 2396 3123 2451 Per.

2023 2488 2360 2544 Communia.
2421 2488 2595 2544 Sacro
2656 2501 2897 2542 munere
2964 2484 3176 2551 satiati,
3235 2499 3599 2557 quesumus,

1951 2577 2324 2650 omnipotens
2354 2577 2531 2642 Deus,
2565 2578 2628 2630 ut
2657 2574 3079 2631 interveniente
3109 2574 3282 2629 beato
3312 2573 3599 2646 Sympho-

1953 2667 2116 2721 ria~o
2147 2669 2401 2737 martyre
2439 2668 2538 2719 tuo
2569 2678 2774 2718 omnes
2822 2678 2929 2717 nos
2977 2664 3312 2716 sanctorum
3364 2664 3602 2716 tuorum

1945 2754 2159 2827 jubeas
2190 2770 2297 2809 nos
2328 2751 2535 2807 ascisci
2569 2751 2833 2823 collegio.
2868 2750 2993 2813 Per,

2134 2861 2190 2898 IN
2231 2860 2395 2899 FEG'I‘O
2435 2858 2628 2897 SANCTI
2670 2852 3090 2896 BARTHOLOMIEI
3131 2850 3421 2894 APOSTOLI'.

2029 2934 2213 2989 Oratio
2243 2936 2295 2987 et
2325 2934 2529 2987 secreta
2556 2938 2619 2985 ut
2645 2931 2706 2985 in
2735 2928 2911 2984 editis.

2033 3022 2369 3076 Communia.
2404 3020 2661 3091 Protege,
2695 3017 2960 3084 Domine,
2990 3015 3274 3089 populum
3326 3018 3520 3081 tuum,
3550 3018 3606 3070 et

1959 3109 2206 3183 apostoli
2257 3108 2340 3164 tui
2390 3106 2798 3163 Bartbolomasi
2844 3104 3167 3177 patrocinio
3215 3104 3609 3160 conﬁdentem

1878 3175 1920 3242 Ο
1958 3175 2239 3272 perpetua
2267 3195 2600 3253 defensione
2632 3175 2926 3254 conserva.
2964 3194 3088 3248 Per.

2281 3302 2337 3341 IN
2378 3300 2547 3340 FESTO
2586 3299 2775 3339 SANCTI
2813 3297 2950 3338 RUFI
2991 3298 3294 3337 MARTYRIB.

2030 3377 2248 3433 Oratio.
2278 3375 2492 3429 Adesto
2524 3370 3053 3444 supplicationibus
3085 3369 3321 3438 nostris,
3355 3374 3418 3425 ut
3445 3371 3600 3428 beati

1954 3464 2086 3521 Ruﬁ
2117 3460 2637 3519 intercessionibus
2660 3459 3041 3526 conﬁdentes,
3066 3474 3173 3513 nec
3196 3458 3374 3514 minis
3398 3463 3609 3517 terrea-

1957 3571 2092 3610 mur
2116 3550 2551 3608 adversantium
2582 3566 2688 3604 nee
2718 3547 2838 3604 ullo
2868 3547 3290 3605 conturbamur
3339 3546 3601 3605 incursu.

1957 3644 2082 3699 Per.

2028 3733 2269 3787 Secreta.
2301 3727 2923 3800 Oblatis,quaasumus,
2936 3726 3198 3795 Domine,
3216 3725 3450 3798 placare
3478 3740 3608 3782 mu—

1956 3821 2216 3886 neribus,
2252 3823 2310 3875 et
2338 3817 2737 3874 intercedente
2780 3816 2950 3872 beato
3004 3815 3154 3871 Rufo
3201 3818 3456 3887 martyre
3484 3817 3607 3882 tuo,

1955 3928 1989 3967 a
2017 3910 2246 3966 cunctis
2276 3923 2383 3963 nos
2411 3906 2654 3963 defende
2684 3903 2980 3978 periculis.
3013 3904 3141 3960 Per.

2023 3994 2718 4059 €mmia£mlestibus
2741 3993 2941 4051 refecti
2971 3993 3356 4050 sacramentis
3384 3997 3443 4049 et
3469 4007 3609 4066 gau-

1954 4086 2389 4161 diis,suppliees
2418 4089 2475 4142 te
2504 4101 2801 4158 rogamus,
2833 4083 3099 4153 Domine,
3114 4087 3180 4139 ut
3208 4098 3463 4155 quorum
3482 4081 3606 4154 glo-

1954 4178 2178 4234 riamur
2206 4173 2546 4248 triumphis,
2580 4176 2955 4246 protegamur
2985 4170 3242 4228 auxiliis.
3279 4171 3404 4227 Per.

2214 4283 2275 4321 1N
2314 4280 2482 4320 FESTO
2521 4278 2715 4318 SANCTI
2753 4278 2989 4318 JOANNIS
3029 4274 3335 4316 BAPTISTE.

2027 4356 2210 4413 Oratio
2239 4359 2303 4409 ut
2334 4355 2395 4408 in
2421 4351 2605 4408 aditis.

2025 4447 2258 4501 Secreta.
2294 4443 2537 4497 Munera
2561 4437 2964 4507 tibi,Domine,
2996 4452 3100 4509 pro
3148 4433 3337 4491 sancti
3386 4436 3607 4507 martyr.

260 4519 472 4581 Oratio.
505 4520 720 4581 Adesto
751 4523 1017 4594 Domine,
1051 4526 1583 4599 supplicationibus
1603 4532 1842 4600 nostris,
1874 4543 1921 4607 Β
1953 4535 2036 4592 ris
2065 4534 2151 4589 tui
2182 4531 2428 4589 Joannis
2463 4529 2735 4601 Baptistae
2776 4527 3047 4600 passione
3094 4522 3434 4589 deferimus,
3466 4522 3607 4594 quia

192 4611 248 4662 et
291 4608 687 4669 intercedente
718 4613 886 4673 beato
918 4619 1171 4687 martyre
1214 4620 1315 4672 tuo
1365 4618 1594 4691 Magno,
1621 4620 1694 4675 ab
1734 4620 1841 4677 ho-

192 4698 371 4763 stium
402 4716 512 4757 nos
540 4700 787 4758 defende
819 4704 1172 4776 propitiatus
1203 4706 1465 4763 incursu.
1504 4707 1626 4763 Per.

260 4787 497 4847 Secreta.
544 4789 760 4851 Praesta
808 4792 998 4861 nobis,
1052 4810 1411 4866 quaesumus,
1473 4796 1843 4870 omnipotens

192 4871 363 4944 Deus,
396 4883 465 4933 ut
494 4882 704 4934 nostris
735 4880 1091 4942 humilitatis
1122 4883 1357 4953 oblatio,
1384 4889 1440 4941 et
1471 4902 1573 4958 pro
1605 4889 1841 4943 tuorum

190 4961 293 5019 tibi
324 4970 492 5039 grata
523 4966 600 5025 sit
628 4968 847 5027 honore
879 4977 1303 5042 sanctorum,et
1328 4991 1434 5031 nos
1466 4991 1705 5047 corpore
1736 4993 1838 5049 pa-

193 5048 329 5110 riter
356 5059 417 5114 et
445 5060 638 5117 mente
670 5060 956 5130 puriﬁcet.
992 5062 1116 5119 Per.

264 5140 602 5201 Communia.
637 5147 762 5202 Tua
791 5153 994 5205 sancta
1013 5155 1336 5217 sumentes,
1366 5154 1844 5224 quazsumus,Do-

195 5228 369 5370 Istinc,
401 5237 470 5289 ut
498 5234 651 5292 beati
682 5235 876 5311 Magni
919 5255 1026 5297 nos
1076 5239 1307 5298 faveant
1344 5242 1516 5298 beata
1545 5242 1834 5316 praesidia.

236 5333 315 5370 er.

236 5333 315 5376 61'.

363 5427 425 5466 IN
465 5428 835 5477 DEDICATIONE
874 5432 1145 5477 BASILICE
1183 5435 1375 5477 SANCTI
1415 5437 1663 5477 FLORIDI.

195 5581 243 5650 οι
264 5494 446 5599 Oratio
481 5509 532 5558 et
574 5511 799 5576 secreta,
850 5509 915 5563 ut
950 5507 1011 5565 in
1061 5506 1222 5567 editis
1270 5511 1333 5568 in
1373 5509 1715 5570 dedicatione
1748 5527 1834 5571 aa-

245 5598 393 5650 θαι.

245 5598 393 5655 θεας

1956 4625 2096 4679 dum
2130 4621 2333 4676 ﬁnitur
2365 4619 2421 4673 in
2452 4616 2645 4684 terris,
2680 4615 2867 4671 factus
2917 4618 3007 4670 est
3059 4610 3276 4668 caelesti
3316 4610 3455 4667 sede
3482 4626 3606 4682 per-

1952 4716 2189 4784 petuus,
2213 4713 2270 4764 et
2296 4722 2637 4778 quaesumus
2669 4708 2732 4760 ut
2754 4705 2885 4776 ejus
2915 4704 3153 4758 obtentu
3206 4699 3375 4756 nobis
3427 4699 3604 4772 proﬁ-

1953 4800 2067 4856 ciat
2094 4798 2165 4855 ad
2198 4795 2467 4852 salutem.
2502 4794 2628 4849 Per.

2024 4885 2363 4943 Communia.
2394 4882 2663 4938 Conferat
2697 4881 2885 4947 nobis,
2923 4880 3182 4945 Domine,
3214 4878 3405 4935 sancti
3432 4876 3603 4937 Joan-

1949 4977 2042 5032 nis
2092 4973 2366 5047 Baptistm
2415 4977 2664 5042 utraque
2714 4969 3077 5035 solemnitas,
3110 4972 3178 5023 ut
3205 4970 3262 5023 et
3291 4965 3605 5040 magniﬁca

1949 5068 2335 5130 sacramenta,
2368 5077 2495 5133 quis
2525 5059 2914 5131 sumpsimus,
2957 5057 3321 5114 sanctiﬁcata
3366 5071 3603 5113 venere-

1950 5173 2106 5223 mur,
2132 5158 2190 5209 et
2217 5152 2277 5206 in
2306 5150 2475 5205 nobis
2507 5148 2705 5221 potius
2732 5147 2890 5203 edita
2915 5146 3297 5220 gaudeamus.
3325 5144 3451 5201 Per.

2312 5256 2372 5295 ΙΝ
2412 5255 2575 5294 1³38το
2613 5254 2840 5299 SANCTtE
2877 5252 3233 5293 FELICITATIS.

2021 5333 2225 5390 Oratio.
2259 5330 2495 5395 Praesta,
2529 5341 2895 5399 quaesumus,
2927 5325 3298 5398 omnipotens
3332 5326 3503 5387 Deus,
3538 5324 3603 5375 ut

1947 5424 2130 5481 beata
2168 5417 2480 5475 Felicitatis
2511 5415 2789 5487 martyris
2817 5418 2933 5471 tua
2962 5412 3252 5472 solemnia
3294 5426 3600 5467 recensen-

1945 5517 2034 5569 tee
2064 5508 2292 5566 meritis
2322 5505 2511 5580 ipsius
2541 5511 2917 5576 protegamur
2947 5506 3005 5559 et
3027 5500 3320 5575 precibus.
3354 5500 3481 5556 Per.

2014 5599 2255 5667 Sacrata.
2290 5595 2444 5655 Vota
2470 5591 2673 5672 populi
2699 5591 2809 5662 tui,
2829 5590 3098 5665 Domine,
3126 5586 3479 5669 propitiatus
3507 5585 3599 5651 in-
