3896 6216
188 282 289 361 9m

988 289 1366 353 EXCE‘RP’I‘.
1416 289 1514 351 EX
1564 291 1790 354 CODD.
1838 289 2152 354 LlTURG.
2201 290 2800 353 FONTAVELLAN.

3457 280 3574 347 902

189 436 332 487 mus,
364 418 627 491 Domine,
651 419 834 477 bonos
867 437 1059 479 mores
1081 421 1346 496 placatus
1370 422 1640 494 institue;
1661 429 1725 481 tu
1756 425 1815 481 in
1847 427 1901 494 Α
2008 425 2343 481 Communia.
2387 425 2719 496 Sumentes,
2761 422 3024 491 Domine,
3059 425 3347 495 perpetua
3378 438 3576 478 sacra-

188 526 269 580 eo,
305 509 455 581 quod
488 508 592 564 tibi
642 508 927 582 placitum
960 510 1057 580 sit,
1104 511 1414 585 dignanter
1459 512 1724 584 infunde,
1754 519 1820 570 ut

187 602 239 653 et
281 598 488 671 dignus
529 597 626 670 sit,
672 603 729 656 et
776 603 879 657 tua
915 601 1105 657 valeat
1149 600 1431 658 beneﬁcia
1477 604 1816 675 promereri.

187 686 302 743 Per.
1164 694 1173 701 “

252 777 583 834 Communia.
629 776 779 848 Hac,
812 794 1174 851 quaesumus,
1207 780 1475 851 Domine,
1504 786 1639 851 etc.,
1668 786 1730 838 ut
1764 785 1823 839 in

185 863 352 922 editis.

392 969 516 1009 ALIA
556 971 727 1011 MISSA
765 972 876 1011 PRO
914 972 1224 1014 SEMETIPSO
1261 975 1599 1015 SACERDOTE.

253 1041 451 1097 Oratio.
478 1042 831 1116 Suppliciter
875 1049 952 1113 te,
996 1045 1261 1118 piissime
1290 1046 1468 1116 Deus,
1504 1048 1669 1105 Pater
1696 1065 1821 1106 om-

189 1128 466 1203 nipotens,
490 1130 594 1203 qui
614 1136 704 1189 est
723 1136 948 1189 creator
976 1133 1241 1190 omnium
1273 1151 1493 1206 rerum,
1518 1138 1819 1210 deprecor,

189 1221 246 1272 ut
282 1219 419 1274 dum
471 1236 567 1275 me
619 1220 903 1277 famulum
951 1225 1116 1278 tuum
1157 1238 1353 1279 coram
1405 1226 1824 1299 omnipotentia

187 1307 501 1378 maiestatis
547 1312 662 1365 tua
716 1310 963 1383 graviter
1011 1310 1329 1383 deliquisse
1376 1315 1673 1386 conﬁteor,
1724 1333 1826 1388 per

187 1395 655 1454 intercessionem
687 1400 866 1454 beata
898 1399 1091 1456 Maria
1114 1417 1347 1474 semper
1364 1402 1606 1475 virginis
1628 1412 1685 1461 et
1705 1422 1826 1461 om-

186 1485 710 1543 niumsanctorum
741 1491 975 1544 tuorum
1008 1506 1246 1545 manum
1280 1492 1689 1548 misericordiae
1712 1498 1824 1550 tua

186 1572 317 1629 mihi
346 1574 636 1648 porrigas,
670 1581 961 1648 quatenus
990 1578 1130 1634 dum
1161 1579 1312 1635 hanc
1342 1580 1691 1638 oblationem
1714 1586 1824 1638 tua

186 1662 406 1734 pietatis
427 1662 630 1732 oﬂ‘ero,
652 1665 806 1736 quod
825 1666 1092 1739 nequiter
1114 1667 1350 1737 admisi,
1371 1668 1828 1728 clementissime

186 1751 438 1825 digneris
465 1769 563 1809 me
588 1753 906 1811 absolvere.
940 1757 1063 1812 Per.

249 1840 478 1897 Secreta.
513 1841 668 1898 Deus
717 1842 1151 1915 misericordiae,
1184 1850 1335 1902 Deus
1381 1847 1636 1919 pietatis,
1670 1850 1824 1905 Deus

186 1929 584 2004 indulgentia,
606 1930 866 2005 indulge,
898 1950 1118 2005 quaso,
1143 1938 1201 1990 et
1232 1934 1508 1992 miserere
1538 1938 1653 1993 mei
1675 1938 1825 1994 servi

185 2019 289 2086 tui,
313 2022 369 2076 et
397 2019 757 2077 sacriﬁcium
778 2022 933 2093 quod
967 2021 1199 2094 pietatis
1229 2029 1342 2079 tua
1363 2025 1562 2096 gratia
1595 2026 1829 2082 humili-

185 2110 267 2163 ter
296 2109 491 2178 oﬂ'ero,
526 2109 777 2182 benigne
828 2110 1088 2183 digneris
1119 2112 1435 2185 suscipere,
1483 2119 1541 2170 et
1569 2120 1826 2187 peccata,

187 2211 306 2268 qua
334 2196 672 2254 labentibus
693 2198 852 2254 vitiis
874 2201 1157 2269 contraxi,
1182 2200 1361 2257 beata
1383 2202 1576 2258 Maria
1600 2220 1832 2277 semper

182 2284 439 2359 virginis,
474 2290 533 2342 et
563 2286 828 2343 omnium
843 2291 1182 2344 sanctorum
1201 2293 1435 2346 tuorum
1453 2291 1588 2364 pius
1610 2310 1675 2348 ac
1697 2310 1828 2365 pro-

184 2373 358 2446 pitius
383 2378 442 2431 et
471 2375 808 2432 misericors
832 2375 1161 2451 indulgeas,
1194 2383 1251 2434 et
1266 2378 1457 2435 locum
1478 2382 1831 2453 pmnitentia

187 2478 249 2518 ac
277 2461 668 2537 lacrymarum
693 2464 939 2521 ﬁumina
961 2468 1237 2537 concede,
1262 2473 1326 2523 ut
1353 2469 1584 2525 veniam
1609 2487 1837 2528 merear

189 2550 443 2624 accipere
475 2552 845 2609 delictorum.
883 2555 1006 2610 Per.

261 2639 600 2698 Communia.
652 2646 828 2712 Deus,
879 2644 979 2716 qui
1011 2644 1293 2715 vivorum,
1326 2664 1388 2703 es
1416 2647 1676 2705 Salvator
1705 2667 1831 2706 om—

192 2727 376 2799 nium,
412 2730 512 2802 qui
546 2746 661 2785 non
692 2730 781 2786 vis
809 2736 1055 2788 mortem
1087 2738 1591 2806 peccatorum,nec
1622 2738 1836 2796 lataris

190 2815 249 2872 in
279 2818 609 2891 perditione
639 2819 1034 2890 morientium,
1066 2826 1123 2877 te
1168 2822 1510 2897 suppliciter
1540 2826 1835 2899 deprecor,

191 2909 257 2959 ut
284 2905 572 2960 concedas
602 2905 746 2960 mihi
775 2908 1003 2963 veniam
1044 2915 1413 2981 peccatorum
1454 2930 1740 2985 meorum,
1775 2921 1839 2972 ut

189 2991 458 3047 admissa
487 2992 752 3060 deﬂeam,
784 2999 841 3049 et
869 2999 1241 3067 postmodum
1270 3000 1480 3069 flenda,
1500 3020 1613 3059 non
1632 3005 1840 3062 admit-

188 3083 310 3135 tam
337 3095 351 3135 :
387 3082 447 3135 ut
481 3096 613 3135 cum
645 3081 786 3135 mihi
819 3088 1079 3139 extarma
1104 3086 1227 3142 dies
1256 3087 1503 3160 ﬁnisque
1522 3091 1649 3147 vita
1671 3094 1840 3151 adve-

1934 516 2131 569 menta
2160 512 2369 570 salutis
2391 517 2551 569 tuam
2575 513 2959 585 deprecamur
2977 509 3368 579 clementiam,
3391 515 3456 565 ut
3476 527 3580 584 per

1929 620 1998 659 ea
2028 601 2316 658 famulum
2348 605 2517 658 tuum
2537 602 2605 658 N.
2638 602 2710 658 ab
2730 600 2889 659 omni
2922 597 3266 657 adversitate
3287 604 3576 672 protegas.

1930 691 2056 749 Per.

2489 798 2615 836 ALIA
2655 797 2766 836 PRO
2805 794 2998 836 AMICIS
3008 820 3020 832 .

2004 873 2207 928 Oratio.
2259 870 2433 939 Deus,
2484 870 2585 942 qui
2634 868 2937 925 charitatis
2987 868 3139 924 dona
3182 882 3285 941 per
3331 865 3581 939 gratiam

1932 960 2120 1017 sancti
2149 959 2400 1033 Spiritus
2419 963 2654 1015 tuorum
2678 957 2953 1013 cordibus
2972 955 3265 1023 infudisti,
3287 955 3363 1011 da
3390 953 3583 1010 famu-

1932 1046 2135 1103 listuis
2151 1047 2217 1102 N.
2244 1063 2347 1118 pro
2366 1045 2582 1117 quibus
2598 1050 2761 1101 tuam
2784 1045 3169 1116 deprecamur
3189 1042 3582 1111 clementiam,

1932 1133 2182 1191 salutem
2215 1134 2429 1189 mentis
2450 1138 2509 1189 et
2536 1133 2818 1204 corporis,
2864 1138 2930 1188 ut
2960 1137 3014 1187 te
3043 1136 3168 1187 tota
3194 1131 3407 1188 virtute
3446 1129 3585 1186 dili-

1931 1226 2093 1297 gant,
2127 1226 2183 1277 et
2214 1239 2339 1294 qua
2370 1222 2477 1277 tibi
2508 1221 2721 1293 placita
2751 1226 2891 1277 sunt
2923 1227 3043 1275 tota
3071 1220 3376 1278 devotione
3406 1219 3586 1292 perﬁ-

1933 1313 2108 1367 ciant.
2143 1315 2270 1365 Per.

2004 1401 2236 1456 Secreta.
2270 1398 2561 1465 Miserere,
2615 1415 2977 1470 quaesumus,
3030 1398 3298 1466 Domine,
3347 1396 3587 1453 famulis

1933 1490 2072 1558 tuis,
2108 1506 2212 1562 pro
2255 1488 2468 1560 quibus
2501 1487 2607 1543 hoc
2641 1488 2992 1543 sacriﬁcium
3024 1487 3217 1543 laudis
3250 1491 3361 1542 tua
3394 1485 3588 1541 oil‘eri-

1937 1596 2070 1635 mus
2126 1577 2439 1650 majcstati,
2495 1581 2559 1631 ut
2605 1592 2707 1647 per
2754 1575 2874 1630 hac
2925 1579 3292 1632 sacramenta
3320 1591 3587 1646 superna

1936 1666 2359 1724 benedictionis
2380 1666 2629 1739 gratiam
2656 1665 2977 1732 obtineant,
3010 1669 3067 1720 et
3087 1663 3333 1737 gloriam
3364 1668 3588 1719 aterna

1857 1793 1906 1859 B
1936 1756 2321 1814 beatitudinis
2343 1755 2665 1827 acquirunt.
2701 1754 2826 1808 Per.

2008 1847 2345 1903 Communia.
2382 1843 2585 1898 Divina
2616 1842 2865 1898 libantes
2896 1841 3191 1915 mysteria,
3227 1858 3588 1914 quaeumus,

1936 1934 2202 2005 Domine,
2236 1937 2299 1989 ut
2317 1933 2437 1988 hac
2454 1930 2734 1987 salutaria
2765 1935 3135 1986 sacramenta
3162 1929 3246 1985 illi
3278 1929 3594 2003 proﬁciant

1937 2026 2008 2079 ad
2043 2022 2482 2095 prosperitatem
2515 2025 2571 2076 et
2593 2037 2816 2093 pacem,
2852 2037 2953 2092 pro
2986 2036 3237 2092 quorum
3259 2018 3590 2085 dilectione,

1937 2111 2058 2167 hac
2088 2115 2199 2166 tua
2231 2109 2552 2165 obtulimus
2583 2108 2895 2181 majestati.
2932 2108 3056 2163 Per.

2010 2201 2156 2255 Alia.
2186 2200 2362 2268 Deus,
2396 2198 2495 2270 qui
2529 2197 2864 2270 supplicum
2896 2201 3132 2253 tuorum
3162 2200 3295 2251 vota
3324 2213 3428 2269 per
3463 2196 3596 2252 cha-

1940 2288 2132 2346 ritatis
2162 2288 2357 2344 ofﬁcia
2405 2287 2701 2359 suscipere
2749 2285 3032 2359 dignaris,
3085 2286 3160 2340 da
3199 2285 3439 2341 famulis
3471 2285 3591 2340 tuis

1940 2380 1998 2435 in
2032 2382 2134 2434 tua
2162 2377 2441 2450 proﬁcere
2471 2375 2802 2443 dilectione,
2839 2380 2900 2430 ut
2930 2378 2987 2430 et
3022 2374 3125 2429 tibi
3159 2391 3366 2430 secura
3396 2379 3596 2432 mente

1942 2468 2294 2538 deserviant,
2317 2471 2373 2522 et
2402 2466 2459 2521 in
2494 2470 2597 2522 tua
2615 2482 2754 2538 pace
2776 2482 3006 2538 semper
3027 2465 3303 2521 assistere
3328 2480 3593 2520 merean-

1942 2562 2055 2613 tur.
2090 2562 2217 2613 Per.

2443 2660 2613 2699 MlSSA
2664 2659 2774 2705 PRO
2816 2659 3077 2697 PECCATIS
3086 2684 3099 2696 .

2018 2736 2224 2790 Oratio.
2272 2731 2592 2788 Exsultatio
2637 2730 2853 2803 divina,
2909 2732 3094 2804 pietas
3126 2734 3385 2804 paterna,
3419 2730 3597 2800 maje-

1947 2829 2066 2879 stas
2094 2824 2403 2890 immensa,
2430 2827 2484 2877 te
2513 2819 2759 2894 supplex
2788 2824 3162 2891 tremensque
3193 2820 3473 2892 deprecor
3494 2836 3598 2890 pro

1950 2910 2170 2966 famula
2193 2914 2295 2966 tua
2323 2910 2391 2965 N.
2423 2914 2484 2965 ut
2501 2910 2603 2965 des
2624 2910 2674 2965 ei
2695 2913 2949 2965 mentem
2974 2925 3202 2983 puram,
3228 2906 3600 2963 cbaritatem-

1949 3016 2062 3071 que
2093 2999 2432 3070 perfectam,
2481 2998 2540 3053 in
2584 2998 2813 3053 actibus
2863 2997 3283 3064 sinceritatem,
3332 2997 3391 3051 in
3424 2996 3598 3052 corde

1951 3086 2288 3160 puritatem,
2321 3087 2378 3141 in
2412 3103 2583 3159 opere
2613 3087 2906 3153 virtutem,
2956 3085 3015 3140 in
3047 3085 3311 3140 moribus
3341 3083 3604 3157 discipli-

186 3167 362 3239 nerit,
394 3169 771 3225 emendatum
794 3170 1022 3227 delictis
1044 3174 1318 3231 omnibus
1341 3159 1432 3233 me
1453 3180 1696 3252 angelus
1713 3199 1842 3238 san-
1871 3159 1914 3227 (ἶ
1954 3159 2111 3241 nam,
2149 3179 2212 3229 ut
2241 3175 2396 3247 quod
2446 3192 2574 3240 1108,
2618 3174 2751 3230 licet
2780 3173 3027 3245 indigni:
3062 3177 3199 3228 ante
3225 3178 3601 3244 οοηδΡθοῖυπι

190 3255 410 3313 ctitatis
441 3257 747 3330 suscipiat.
783 3263 902 3316 Per.

263 3402 267 3405 ,
599 3363 771 3404 MISSA
810 3365 918 3404 Ριιο
956 3367 1133 3405 AMICO
1174 3368 1433 3409 VIVENTE.

262 3433 473 3490 Oratio.
517 3439 672 3493 Deus
701 3437 801 3508 qui
843 3437 1140 3509 justiﬁcas
1187 3441 1459 3513 impium,
1511 3448 1569 3500 et
1611 3463 1724 3502 non
1754 3448 1842 3505 vis

193 3527 442 3581 mortem
477 3529 872 3599 peccatorum,
909 3530 1274 3599 majestatem
1311 3535 1473 3587 tuam
1506 3534 1847 3608 suppliciter

193 3611 593 3685 deprecamur,
634 3619 700 3670 ut
738 3616 1027 3672 famulum
1061 3623 1247 3688 tuum,
1275 3619 1344 3675 N.
1368 3621 1438 3676 de
1479 3626 1581 3679 tua
1618 3624 1844 3681 miseri-

194 3701 392 3757 cordia
411 3703 821 3775 conﬁdentem,
847 3704 1063 3761 calesti
1089 3711 1361 3781 protegas
1378 3709 1668 3784 benignus
1691 3715 1847 3769 auxi-

191 3787 290 3861 lio,
318 3796 375 3847 et
416 3792 656 3850 assidua
684 3795 1038 3866 protectione
1060 3812 1386 3867 conserves,
1421 3803 1487 3855 ut
1506 3800 1848 3875 tibijugiter

192 3878 510 3936 famulatur
550 3886 608 3938 et
654 3882 832 3939 nullis
861 3884 1282 3943 tentationibus
1333 3904 1368 3944 a
1413 3892 1470 3945 te
1516 3895 1839 3964 separetur.

190 3968 319 4025 Per.

260 4057 501 4129 Secreta.
532 4058 742 4130 Hujus,
777 4059 1043 4128 Domine,
1074 4079 1436 4135 quasumus,
1470 4066 1687 4124 virtute
1717 4086 1841 4143 my-

188 4145 354 4203 sterii
384 4150 443 4200 et
470 4162 505 4200 a
524 4147 775 4218 propriis
793 4164 901 4203 nos
929 4152 1151 4206 munda
1179 4152 1429 4221 delictis,
1465 4160 1522 4211 et
1554 4156 1844 4214 famulum

192 4239 370 4291 tuum
392 4233 462 4290 N.
496 4233 569 4289 ab
601 4236 876 4292 omnibus
902 4238 1136 4296 absolve
1161 4244 1432 4313 peccatis.
1469 4245 1593 4302 Per.

266 4314 610 4370 Communia.
664 4315 981 4373 Puriﬁcent
1010 4335 1136 4385 nos,
1183 4321 1447 4389 Domine,
1481 4342 1843 4398 quasumus,

192 4405 567 4458 sacramenta
590 4421 720 4476 qua
746 4407 1134 4479 sumpsimus,
1165 4414 1224 4464 et
1262 4410 1551 4470 famulum
1581 4419 1749 4473 tuum
1776 4418 1843 4473 N.

1953 3263 2281 3335 maiestatis
2314 3266 2424 3317 tua
2457 3261 2706 3318 ﬁdeliter
2721 3262 3038 3333 devotaque
3062 3278 3166 3333 pro
3198 3260 3327 3333 ipsa
3356 3259 3607 3316 clemen-

1953 3353 2045 3409 tia
2075 3356 2187 3407 tua
2228 3351 2548 3420 offerimus,
2600 3351 2834 3424 pietatis
2884 3354 2996 3404 tua
3049 3348 3241 3422 gratia
3288 3348 3605 3405 obtinendo

1953 3444 2283 3514 cognoscat.
2318 3444 2447 3494 Per.

2026 3531 2256 3585 Secreta.
2274 3527 2536 3601 Indulge,
2564 3527 2822 3595 Domine,
2844 3524 3199 3599 supplicanti
3219 3526 3365 3582 mihi
3386 3525 3608 3583 famulo

1952 3624 2074 3685 tuo,
2107 3619 2182 3674 da
2221 3617 2651 3691 indulgentiam
2701 3615 3002 3689 poscendi,
3035 3621 3099 3671 ut
3125 3632 3327 3672 secure
3359 3615 3467 3672 tibi
3496 3620 3607 3672 Do-

1957 3708 2115 3764 mino
2165 3707 2281 3763 Deo
2339 3710 2535 3762 nostro
2593 3706 2889 3762 victimam
2952 3722 3059 3778 pro
3120 3704 3344 3761 famula
3404 3708 3508 3760 tua
3561 3705 3609 3760 N

1955 3796 2159 3853 offerre
2174 3796 2418 3862 valeam,
2456 3799 2521 3850 ut
2539 3812 2644 3868 pro
2664 3793 2891 3850 dilectis
2910 3794 3038 3849 suis
3068 3795 3300 3850 veniam
3331 3794 3609 3861 obtineat,

1954 3890 2011 3941 et
2041 3902 2144 3957 per
2174 3889 2229 3941 te
2260 3884 2480 3957 pariter
2503 3887 2708 3939 sancta
2733 3899 2979 3939 munera
3008 3885 3323 3939 consecuta
3350 3882 3423 3939 ad
3454 3881 3612 3939 salu-

1952 3979 2071 4030 tem
2102 3978 2327 4030 aterna
2354 3972 2554 4046 gratiae
2592 3989 2728 4029 cum
2749 3976 2850 4029 tuo
2877 3972 3167 4044 adjutorio
3189 3971 3378 4045 possit
3407 3987 3611 4045 perve-

1955 4062 2097 4118 nire.
2134 4063 2259 4119 Per.

2030 4152 2371 4209 Communia.
2424 4151 2717 4207 Conﬁrma
2749 4151 2879 4221 hoc,
2930 4150 3106 4218 Deus,
3158 4150 3310 4222 quod
3341 4152 3615 4221 operatus

1963 4256 2025 4297 es
2059 4241 2117 4295 in
2151 4241 2343 4309 nobis,
2384 4245 2443 4296 et
2473 4240 2700 4296 custodi
2749 4239 3023 4312 gratiam,
3054 4254 3232 4310 quam
3262 4236 3431 4292 nobis
3480 4252 3613 4290 con-

1961 4330 2112 4387 ferre
2143 4329 2420 4403 dignatus
2451 4346 2536 4395 es,
2558 4334 2792 4385 tuorum
2812 4327 3225 4384 intercessione
3254 4328 3612 4393 sanctorum,

1965 4425 2020 4476 et
2050 4419 2271 4474 donum
2304 4423 2417 4473 tua
2466 4416 2880 4473 misericordia
2926 4414 3158 4471 famulae
3214 4418 3329 4471 tua
3354 4413 3615 4470 conferre

192 4490 272 4591 ab.
295 4491 455 4592 omni
503 4490 677 4564 culpa
728 4492 979 4593 liberum
1029 4512 1158 4553 esse
1188 4501 1458 4567 concede,
1491 4507 1548 4558 et
1575 4506 1676 4576 qui
1707 4523 1842 4563 con-
1874 4528 1920 4595 ι)
1955 4508 2218 4581 dignare.
2252 4506 2379 4563 Per.

192 4580 451 4637 scientia
474 4585 637 4637 reatu
661 4582 1107 4656 constringitur,
1131 4587 1382 4644 caelestis
1407 4593 1646 4648 remedii
1665 4593 1845 4665 pleni-

192 4669 392 4727 tudine
422 4669 721 4744 glorietur.
759 4672 881 4728 Per.

643 4777 752 4817 PRO
790 4780 978 4819 Αωειε
1029 4781 1389 4823 VIVENTIBUS.

261 4847 470 4904 Oratio.
519 4847 903 4923 Omnipotens
955 4854 1311 4927 sempiterno
1368 4857 1540 4926 Deus,
1574 4859 1846 4918 miserere

190 4933 428 4993 famulis
460 4936 598 5007 tuis,
622 4944 679 4994 et
708 4940 893 5014 dirige
922 4959 1022 4999 eos
1051 4944 1375 5001 secundum
1410 4950 1571 5003 tuam
1600 4947 1848 5006 clemen-

190 5023 332 5111 tiam
362 5026 424 5081 in
458 5026 613 5085 viam
634 5027 844 5086 salutis
864 5034 1112 5098 aterna,
1144 5038 1208 5089 ut
1240 5036 1294 5090 te
1316 5035 1569 5093 donante
1598 5037 1704 5094 tibi
1725 5037 1845 5111 pla-

192 5110 304 5168 cita
330 5113 593 5189 cupiant,
626 5120 683 5173 et
711 5120 834 5175 tota
861 5119 1075 5177 virtute
1105 5123 1430 5195 perﬁciant.
1464 5125 1590 5183 Per.

262 5202 507 5261 Secreta.
542 5206 832 5277 Proﬁciat,
860 5225 1222 5282 quasumus,
1252 5212 1517 5283 Domine,
1542 5215 1664 5272 hac
1681 5216 1840 5274 obla-

194 5290 293 5359 tio,
341 5309 525 5366 quam
573 5298 683 5351 tua
733 5296 1025 5370 supplices
1073 5299 1372 5359 offerimus
1421 5305 1734 5377 majestati,
1769 5307 1839 5362 ad

193 5376 443 5437 salutem
475 5382 830 5440 famulorum
864 5389 1121 5456 tuorum,
1146 5391 1212 5443 ut
1240 5376 1604 5461 providentia
1622 5397 1725 5450 tua
1753 5411 1843 5451 eo-

195 5483 329 5523 rum
356 5469 478 5527 vita
506 5470 660 5529 inter
707 5474 949 5532 adversa
979 5478 1035 5531 et
1063 5491 1341 5553 prospera
1374 5479 1593 5557 ubique
1623 5482 1840 5558 diriga-

191 5559 309 5623 tur.
339 5560 473 5622 Per.

2372 4611 2543 4650 MISSA
2580 4612 2709 4650 ΑΗΔ
2748 4609 2857 4650 PRO
2898 4608 3181 4648 PECCATlS.

2028 4685 2233 4741 Oratio.
2298 4683 2453 4739 Deus
2502 4683 2937 4751 misericordia,
2994 4682 3149 4738 Deus
3204 4678 3610 4753 indulgentia,

1956 4772 2195 4847 indulge
2226 4789 2445 4845 quaso,
2473 4775 2530 4828 et
2562 4772 2837 4829 miserere
2870 4769 3089 4827 famulo
3121 4775 3220 4826 tuo
3239 4768 3308 4825 N.
3362 4772 3427 4824 ut
3465 4766 3613 4824 deli-

1955 4867 2203 4930 ctorum,
2237 4879 2365 4934 qua
2396 4860 2501 4916 tibi
2531 4878 2598 4918 ex
2620 4878 2717 4917 ore
2746 4860 2997 4934 aperuit,
3029 4859 3192 4916 nulla
3214 4860 3273 4914 in
3292 4874 3358 4915 eo
3382 4855 3615 4914 macula

1954 4955 2280 5008 reservetur
2309 4950 2575 5019 interius,
2602 4950 2703 5007 sed
2742 4966 2843 5023 per
2890 4948 3241 5022 panitentia
3272 4948 3498 5005 luctum
3529 4947 3603 5003 ad

1952 5045 2055 5098 tua
2081 5042 2374 5095 mereatur
2404 5040 2704 5112 pervenire
2735 5039 3047 5112 promissa.
3079 5039 3206 5096 Per.

2020 5129 2198 5184 Lectio
2228 5127 2529 5183 Ezechielis
2571 5128 2872 5200 prophetae.
2924 5127 3338 5185 Convertimini
3384 5127 3456 5182 ad
3490 5142 3609 5191 me,

1951 5223 2085 5285 etc.,
2117 5234 2286 5290 usque
2310 5217 2449 5273 dicit
2472 5217 2778 5273 Dominus.

2022 5306 2313 5379 Sequentia
2341 5307 2518 5362 sancti
2561 5306 2850 5375 Evangelii
2913 5306 3211 5362 secundum
3266 5303 3605 5359 Mattha‘um.

1951 5396 2017 5451 In
2044 5391 2143 5451 illo
2174 5398 2470 5468 tempore:
2504 5393 2919 5450 Discumbente
2939 5394 3101 5462 Jesu,
3123 5399 3258 5461 etc.,
3283 5406 3452 5462 usque
3482 5406 3611 5462 pec-

1951 5486 2178 5542 catores
2207 5483 2266 5539 in
2292 5482 2722 5556 paenitentiam.

2021 5569 2256 5633 Secreta.
2297 5571 2563 5652 Respice,
2612 5586 2976 5651 quasumus,
3008 5566 3273 5641 Domine,
3305 5566 3379 5626 ad
3408 5575 3610 5645 preces
