3896 6216
361 285 479 348 903
1591 281 1779 344 sec.
1823 279 1902 342 x1
1945 277 2258 343 MONUM.
2306 277 2537 341 AUCT.
3665 249 3804 336 soi

360 418 566 475 famuli
623 417 710 473 tui
768 417 868 490 qui
917 416 1024 474 tibi
1068 421 1261 472 mente
1307 420 1364 472 et
1393 417 1563 472 corde
1623 431 1684 470 se
1742 429 2011 487 peccasse
2042 415 2094 481 Α
2124 413 2280 467 renis
2326 411 2631 466 affectibus
2671 409 2884 483 expiati
2923 410 2996 465 ad
3049 407 3290 482 superni
3337 407 3802 482 plenitudinem

358 507 611 582 graviter
638 505 975 575 conﬁtetur;
1000 509 1058 560 et
1085 509 1313 578 praesta,
1339 509 1406 560 ut
1422 520 1524 577 per
1543 504 1892 560 oblationem
1914 503 1994 557 tui
2119 498 2490 568 sacramenti,
2523 499 2694 571 cujus
2725 498 3038 554 libavimus
3054 503 3256 555 sancta
3274 497 3622 554 tendamus.
3651 495 3798 552 Per.

359 595 618 669 corporis
638 600 696 651 et
724 594 1050 668 sanguinis,
1075 612 1252 668 quam
1275 594 1380 650 tibi
1410 610 1514 667 pro
1543 593 1669 666 ipso
1700 592 1998 647 offerimus

353 685 586 742 veniam
617 685 926 756 impetrare
953 683 1271 739 valeamus.
1303 684 1425 738 Per.

432 775 770 830 Communia.
821 773 1056 839 Refecti,
1109 789 1468 843 quaesumus,
1525 769 1785 836 Domine,
1847 767 1999 824 datis

360 863 501 930 tuis,
535 866 593 917 te
623 860 916 934 supplices
945 877 1274 927 exoramus,
1305 863 1370 914 ut
1394 875 1669 914 converso
1700 860 1876 913 fratre
1896 874 1996 912 no-

359 957 479 1009 stro
505 951 577 1007 ad
611 949 762 1004 viam
802 947 1067 1020 justitiae,
1100 949 1320 1004 fontem
1350 945 1740 1020 lacrymarum
1772 947 1831 1000 in
1863 962 1996 1001 eum

357 1039 680 1107 concutias,
711 1042 767 1094 et
795 1055 866 1093 ne
896 1036 1050 1092 ultra
1077 1037 1331 1108 lugenda
1358 1036 1705 1101 committat,
1739 1051 1872 1090 eum
1905 1050 1999 1106 pa-

354 1134 522 1188 terna
548 1128 761 1201 pietate
793 1125 1042 1182 custodi.
1067 1131 1194 1182 Per.

657 1233 768 1270 PRO
807 1231 1240 1270 COXFITENTIBUS
1281 1231 1521 1270 PECCATA
1559 1231 1688 1270 SUA.

2751 631 2880 669 ALIA
2938 631 3124 670 MISSA.

2185 722 2388 776 Oratio.
2444 725 2617 789 Deus,
2653 720 2752 792 qui
2803 725 3188 778 contritorum
3239 735 3358 775 non
3394 718 3668 793 despicis
3701 735 3800 792 ge-

2111 810 2343 878 mitum,
2362 815 2418 866 et
2447 809 2818 866 maerentium
2837 827 2950 866 non
2982 809 3212 884 spernis
3233 809 3535 878 affectum,
3571 809 3794 864 adesto

2109 900 2379 972 precibus
2420 900 2655 967 nostris,
2706 917 2855 972 quas
2887 899 3088 971 pietati
3122 903 3234 954 tua:
3262 913 3366 971 pro
3393 896 3796 954 tribulatione

2116 993 2316 1045 nostra
2345 989 2667 1056 offerimus,
2700 987 3082 1060 implorantes
3108 993 3175 1043 ut
3205 1003 3310 1043 nos
3341 985 3679 1043 clementer
3697 1003 3796 1042 su-

2111 1077 2348 1149 scipias,
2391 1081 2448 1133 et
2479 1077 2603 1132 solo
2655 1077 2935 1133 bonitatis
2975 1081 3091 1132 tua:
3133 1075 3352 1132 intuitu
3403 1073 3668 1143 tribuas,
3723 1080 3791 1131 ut

2112 1166 2396 1238 quidquid
2445 1171 2645 1221 contra
2677 1181 2784 1222 nos
2813 1165 3110 1221 diabolicae
3145 1170 3319 1238 atque
3349 1164 3631 1220 humanas
3661 1181 3790 1220 mo-

2107 1254 2334 1311 liuntur
2363 1255 2764 1323 adversitatcs,
2787 1255 2860 1310 ad
2889 1253 3138 1310 nihilum
3169 1253 3420 1327 redigas,
3446 1256 3506 1310 et
3528 1251 3786 1310 consilio

427 1306 632 1362 Oratio.
667 1303 907 1372 Exaudi,
959 1320 1320 1376 quaesumus,
1363 1303 1627 1368 Domine,
1661 1301 1995 1375 supplicum

351 1411 574 1467 preces,
607 1397 738 1459 etc.,
773 1397 835 1448 ut
869 1395 928 1448 in
957 1393 1172 1448 litantis
1202 1393 1378 1449 editis.

422 1483 656 1538 Secreta.
691 1482 924 1537 Hostias
962 1481 1094 1548 tibi,
1125 1481 1389 1547 Domine,
1433 1479 1779 1554 placationis
1808 1477 1994 1534 offeri~

353 1589 510 1640 mus,
540 1577 606 1626 ut
626 1570 837 1626 delicta
858 1576 1058 1626 nostra
1079 1569 1393 1625 miseratus
1423 1569 1690 1625 absolvas
1710 1572 1767 1624 et
1798 1583 1992 1640 pacem

356 1660 525 1716 nobis
551 1660 856 1717 concedas.
890 1659 1016 1714 Per.

427 1747 763 1805 Communia.
816 1752 1034 1804 Prmsta
1088 1747 1277 1814 nobis,
1337 1751 1548 1804 aeterne
1596 1746 1878 1811 Salvator,
1933 1750 1999 1801 ut

354 1837 738 1910 percipientes
757 1837 863 1892 hoc
884 1853 1122 1892 munere
1153 1836 1381 1892 veniam
1409 1839 1777 1908 peccatorum
1801 1836 1871 1891 de
1885 1835 2006 1893 tuis

351 1941 585 2000 semper
612 1925 909 1982 beneficiis
939 1925 1275 1998 gloriemur.

863 2029 1030 2072 IISSA
1067 2031 1178 2070 PRO
1220 2031 1493 2070 PECCATIS.

423 2105 628 2161 Oratio.
681 2103 855 2170 Deus,
910 2105 1008 2176 qui
1059 2103 1428 2176 peccantium
1479 2119 1594 2158 non
1641 2102 1728 2158 vis
1779 2103 2004 2159 animas

350 2194 562 2266 perire,
595 2193 695 2249 sed
723 2193 948 2264 culpas,
973 2193 1206 2248 contine
1221 2209 1454 2266 pmnam
1486 2209 1662 2264 quam
1689 2207 2003 2259 meremur,

347 2285 404 2338 et
433 2299 610 2354 quam
644 2298 956 2353 precamur
1005 2298 1182 2354 super
1217 2299 1323 2337 nos
1372 2281 1604 2336 effunde
1633 2280 2005 2336 clementiam

344 2375 530 2438 tuam,
565 2375 632 2426 ut
687 2371 758 2426 de
793 2385 1038 2426 mmrore
1093 2370 1374 2443 gaudium
1429 2373 1542 2423 tuae
1593 2368 2004 2425 misericordia:

351 2460 630 2532 consequi
663 2475 1016 2516 mereamur.
1051 2460 1178 2516 Per.

418 2547 648 2603 Secreta.
705 2547 1024 2603 Subveniat
1077 2546 1270 2614 nobis,
1325 2545 1590 2611 Domine,
1640 2560 2001 2616 quaesumus,

347 2636 616 2692 sacrificii
648 2636 952 2708 praesentis
975 2634 1212 2701 oblatio,
1240 2651 1367 2706 qua:
1399 2651 1506 2689 nos
1537 2633 1684 2688 etab
1716 2633 2004 2688 universis

345 2725 642 2781 erroribus
671 2729 934 2797 potenter
971 2723 1254 2790 absolvat,
1287 2727 1344 2778 et
1374 2739 1406 2778 a
1439 2721 1617 2778 totius
1648 2720 1854 2792 eripiat
1879 2737 2004 2795 per-

347 2812 586 2869 ditionis
618 2812 879 2867 incursu.
913 2816 1041 2868 Per.

421 2901 759 2956 Conamunio.
795 2900 1037 2966 Exaudi,
1071 2899 1338 2965 Domine,
1369 2898 1653 2970 gemitum
1695 2897 1894 2970 populi
1914 2897 2003 2952 tui

346 3007 419 3047 ne
449 2988 584 3063 plus
603 2990 758 3062 apud
780 2993 836 3043 te
848 2987 1037 3044 valeat
1058 2987 1799 3058 ot‘l’ensiodelinquentium,
1822 3002 1999 3058 quam

346 3077 748 3134 misericordia
794 3081 899 3133 tua
953 3077 1178 3132 indulta
1227 3075 1462 3131 fletibus
1511 3073 1993 3147 supplicantium.

346 3171 472 3224 Per.

707 3271 817 3309 PRO
857 3269 1203 3309 REMISSIONE
1242 3268 1564 3308 PECCA’I‘ORU
1575 3271 1636 3309 Μ.

416 3344 602 3400 Oratio
631 3347 684 3399 et
711 3346 934 3409 secreta,
968 3349 1028 3398 ut
1060 3344 1120 3397 in
1147 3341 1328 3397 editis.

419 3432 757 3488 Communia.
792 3433 946 3498 Quos
969 3447 1210 3486 munere
1240 3429 1456 3486 caelesti
1485 3428 1694 3497 reficis,
1728 3427 1990 3492 Domine,

346 3522 540 3577 divino
569 3527 732 3576 tuere
758 3519 1047 3593 praesidio,
1071 3529 1136 3574 ut
1165 3519 1282 3574 tuis
1315 3517 1606 3590 mysteriis
1635 3515 1996 3590 perfruentes

347 3609 529 3666 nullis
555 3609 880 3666 subdamur
895 3608 1177 3675 adversis,
1200 3613 1258 3662 et
1285 3623 1320 3662 a
1339 3605 1566 3662 cunctis
1582 3604 1997 3678 iniquitatibus

349 3697 566 3754 nostris
593 3714 737 3752 exue
759 3713 866 3752 nos
886 3695 1258 3768 omnipotens
1279 3695 1454 3764 Deus,
1475 3699 1532 3750 et
1553 3695 1608 3749 in
1631 3699 1733 3750 tua
1753 3693 1840 3749 fac
1858 3709 1998 3766 pace

348 3787 621 3861 gaudere.
655 3789 782 3840 Per.

647 3889 816 3929 MISSA
855 3889 965 3927 PRO
1004 3887 1168 3928 MALIS
1206 3887 1694 3928 COGITATIONIBUS.

421 3962 608 4018 Oratio
635 3963 696 4016 in
725 3969 947 4027 secreta,
978 3969 1040 4015 ut
1068 3962 1130 4014 in
1161 3959 1342 4016 editis.

421 4050 760 4106 Communia.
796 4048 901 4104 Per
928 4047 1036 4104 hoc
1083 4048 1459 4115 sacrificium,
1494 4063 1856 4120 quesumus,
1887 4050 2000 4102 Do-

351 4138 531 4204 mine,
571 4137 724 4210 quod
759 4141 872 4192 tuae
925 4135 1248 4192 obtulimus
1278 4135 1590 4207 majestati,
1625 4136 1698 4190 ab
1727 4135 2001 4190 omnibus

349 4243 450 4283 cor
478 4224 682 4283 famuli
713 4224 798 4280 tui
831 4223 1086 4280 emunda
1111 4221 1554 4280 tentationibus.
1589 4221 1712 4280 Per.

625 4331 791 4371 NISSA
831 4330 942 4370 PRO
981 4329 1273 4368 PETITIONE
1313 4329 1722 4368 LACRYMAR'UM.

421 4404 608 4460 Oratio
631 4413 683 4460 et
702 4401 1165 4472 Posteammunia,
1198 4405 1259 4456 ut
1287 4403 1349 4456 in.
1381 4401 1564 4458 editis.

420 4495 656 4551 Secreta.
718 4493 847 4548 Haec
923 4491 1231 4561 sacriﬁcia,
1304 4507 1665 4563 quaesumus,
1737 4491 1999 4562 Domine,
2031 4513 2078 4577 Β

347 4601 478 4656 quas
511 4588 625 4638 tuae
655 4581 852 4653 pietati
886 4579 1232 4651 obtulimus,
1265 4579 1436 4636 nobis
1465 4579 1773 4652 proficiant
1791 4581 1862 4635 ad
1896 4596 1998 4636 no-

348 4678 604 4729 strorum
633 4671 865 4726 veniam
917 4673 1312 4742 peccatorum,
1344 4674 1403 4724 et
1455 4669 1850 4725 miserationis
1883 4673 1992 4724 tuae

347 4777 582 4834 semper
610 4760 875 4816 tribuant
905 4757 1204 4816 solatium.
1242 4758 1365 4812 Per.

775 4865 944 4905 MISSA
986 4863 1097 4902 PRO
1133 4863 1542 4903 TRIBULATIONE
1553 4890 1564 4902 .

421 4940 628 4994 Oratio.
663 4937 1018 4993 Ineifabilem
1059 4935 1521 4992 misericordiam
1547 4941 1732 5001 tuam,
1767 4952 1997 5008 quazsu-

349 5043 504 5089 mus,
549 5024 812 5093 Domine,
857 5025 1026 5082 nobis
1056 5025 1372 5082 clementer
1414 5026 1674 5092 ostende,
1727 5031 1791 5079 ut
1820 5023 1998 5079 simul

351 5129 460 5170 nos
489 5129 525 5168 a
549 5113 801 5184 peccatis
849 5129 1030 5168 exuas
1056 5118 1113 5168 et
1141 5131 1176 5168 a
1216 5113 1404 5186 pcenis
1438 5130 1586 5184 quas
1625 5128 1728 5184 pro
1759 5111 1852 5167 his
1884 5129 2000 5167 me-

351 5217 551 5257 remur
581 5199 662 5256 eri
669 5198 815 5271 pias.
849 5200 974 5255 Per.

423 5291 656 5346 Secreta.
688 5287 960 5344 Purificet
977 5305 1103 5356 nos,
1128 5289 1392 5357 Domine,
1415 5303 1777 5360 quaesumus,
1803 5304 2005 5344 mune-

353 5379 434 5434 ris
461 5376 763 5451 przesentis
793 5374 1031 5443 oblatio,
1053 5383 1110 5432 et
1130 5377 1340 5450 dignos
1361 5393 1529 5432 sacra
1559 5376 2004 5448 participatione

355 5465 637 5536 perﬁciat.
669 5463 794 5519 Per.

426 5553 762 5614 Communia.
793 5552 1032 5628 Praesta,
1054 5553 1316 5627 Domine,
1339 5567 1700 5630 quaesumus,
1733 5557 1799 5610 ut
1829 5571 1864 5613 a
1891 5558 2006 5615 ter-

2108 1343 2516 1400 miscricondize
2536 1349 2651 1400 tum
2673 1343 2904 1414 allidas,
2929 1348 3224 1414 quatenus
3248 1341 3433 1398 nullis
3451 1341 3783 1402 adversita-

2111 1433 2274 1490 tibus
2304 1433 2445 1502 laesi,
2495 1434 2596 1490 sed
2629 1435 2702 1488 ab
2733 1433 2892 1488 omni
2946 1431 3322 1488 tribulatione
3380 1437 3440 1488 et
3496 1431 3782 1506 angustia

2113 1521 2363 1589 liberati,
2397 1522 2617 1594 gratias
2643 1521 2745 1577 tibi
2769 1523 2828 1576 in
2856 1520 3109 1577 Ecclesia
3139 1523 3242 1576 tua
3271 1517 3622 1577 referamus.
3650 1519 3778 1578 Per.

2183 1613 2417 1666 Secreta.
2471 1616 2644 1678 Deus,
2701 1612 2801 1683 qui
2864 1611 3174 1667 tribulatos
3230 1611 3404 1667 corde
3461 1627 3667 1678 sanas,
3707 1612 3778 1666 ad

2107 1699 2256 1755 hanc
2288 1700 2576 1772 propitius
2624 1699 2878 1754 hostiam
2933 1700 3246 1772 dignanter
3277 1697 3530 1764 attende,
3564 1703 3625 1755 et
3657 1713 3780 1770 qua

2033 1783 2082 1849 B
2113 1789 2288 1844 totius
2317 1789 2518 1844 mundi
2553 1787 2784 1843 voluisti
2806 1787 2988 1843 laxari
3011 1787 3246 1856 delicta,
3274 1787 3778 1860 protribulatione

2115 1883 2316 1934 nostra
2344 1877 2656 1932 clementer
2683 1893 2938 1944 assume,
2971 1882 3290 1948 nostraque
3319 1879 3520 1932 cuncta
3547 1875 3778 1932 discri-

2115 1968 2275 2023 mina
2294 1966 2534 2034 solvere,
2553 1964 2992 2022 tribulationem
3019 1966 3274 2036 attende,
3298 1965 3570 2022 miserias
3588 1964 3769 2038 petle,

2113 2055 2416 2129 angustias
2445 2059 2502 2111 et
2530 2072 2838 2128 pressurae
2859 2070 3085 2119 amove,
3109 2059 3174 2110 ut
3189 2054 3346 2111 exuti
3370 2055 3446 2110 ab
3463 2053 3768 2120 omnibus,

2113 2162 2240 2217 quae
2282 2145 2559 2216 patimur,
2619 2143 2813 2212 malis,
2858 2143 2918 2198 in
2969 2144 3087 2199 tuis
3134 2159 3367 2217 semper
3407 2141 3770 2200 delectemur

2115 2232 2402 2290 exsultare
2432 2233 2750 2288 beneficiis.
2785 2233 2907 2290 Per.

2187 2323 2526 2378 Communia.
2559 2321 2817 2385 Dimitte,
2840 2337 3198 2394 quaesumus,
3230 2322 3500 2391 Domine,
3535 2327 3769 2394 peccata

2115 2415 2334 2478 nostra,
2367 2415 2424 2465 et
2444 2411 2634 2465 tribue
2655 2410 2824 2465 nobis
2843 2409 3306 2466 misericordiam
3320 2414 3512 2479 tuam,
3535 2410 3768 2483 orisque

2115 2499 2300 2554 nostri
2344 2497 2599 2570 alloquio
2657 2499 3001 2569 deprecatus
3051 2503 3314 2554 nostram
3363 2497 3766 2556 humilitatem

2113 2588 2365 2655 attende,
2413 2585 2642 2642 vincula
2673 2587 2850 2654 sclve,
2885 2587 3096 2643 delicta
3123 2586 3270 2655 dele,
3321 2586 3763 2644 tribulationem

2111 2675 2353 2748 inspice,
2378 2675 2788 2732 adversitatem
2812 2675 3048 2747 repelle,
3067 2677 3454 2748 effectumque
3467 2676 3762 2749 petitionis

2113 2769 2321 2820 nostra:
2345 2765 2569 2836 jugiter
2597 2763 2914 2820 clementer
2941 2765 3170 2819 exaudi.
3206 2763 3332 2819 Per.

2538 2897 2709 2935 MISSA
2750 2898 2807 2934 IN
2844 2897 3110 2936 TEMPORE
3151 2896 3330 2936 BELLI.

2183 2988 2388 3042 Oratio.
2424 2985 2806 3058 Omnipotens
2853 2991 2909 3041 et
2939 2985 3270 3042 misericors
3319 2991 3473 3043 Deus
3525 3003 3562 3043 a
3589 2986 3753 3044 bello-

2111 3093 2239 3131 rum
2273 3093 2400 3142 nos,
2436 3092 2797 3148 quaesumus,
2825 3074 3058 3130 turbine
3074 3075 3162 3130 fac
3182 3075 3436 3147 quietos,
3461 3075 3755 3148 quiabona

2021 3148 2064 3216 C
2106 3165 2274 3222 nobis
2303 3165 2628 3238 praestabis,
2654 3165 2703 3220 si
2726 3180 2927 3236 pacem
2955 3164 3185 3221 dederis
3215 3167 3272 3220 et
3303 3164 3526 3222 mentis
3562 3168 3622 3220 et
3647 3181 3756 3222 cor-

2104 3253 2282 3326 poris.
2318 3253 2443 3308 Per.

2175 3343 2408 3398 Secreta.
2443 3342 2832 3408 Sacriﬁcium,
2863 3347 2998 3410 etc.,
3034 3345 3088 3397 ut
3119 3344 3179 3397 in
3209 3342 3388 3398 editis.

2179 3432 2518 3488 Communia.
2585 3430 2948 3487 Sacrosancti
3015 3431 3274 3503 corporis
3330 3433 3388 3487 et
3453 3431 3749 3504 sanguinis

2108 3521 2334 3576 Domini
2385 3519 2569 3576 nostri
2607 3520 2746 3576 Jesu
2807 3519 3021 3576 Christi
3071 3521 3381 3576 refectione
3428 3519 3746 3587 confortati,

2106 3609 2402 3682 supplices
2435 3615 2491 3664 te
2524 3625 2819 3680 rogamus,
2853 3609 3225 3680 omnipotens
3246 3609 3421 3678 Deus,
3448 3612 3520 3662 ut
3545 3607 3652 3664 hoc
3677 3624 3748 3664 re-

2108 3698 2298 3753 medio
2329 3695 2610 3769 singulari
2641 3697 2712 3751 ab
2737 3696 3004 3752 omnium
3025 3701 3396 3768 peccatorum
3419 3713 3530 3752 nos
3552 3694 3748 3771 cogita-

2107 3787 2263 3841 tione
2297 3784 2587 3857 purifices,
2613 3787 2670 3840 et
2700 3801 2733 3840 a
2746 3784 3135 3856 periculorum
3171 3785 3406 3842 munies
3429 3785 3746 3842 incursione

2108 3878 2473 3930 cunctorum.
2506 3876 2614 3928 Per
2637 3872 2929 3928 eumdem.

2486 4003 2656 4042 MISSA
2698 4003 2809 4042 PRO
2850 4003 3368 4052 PERSEQUENTIBUS.

2181 4095 2387 4151 Oratio.
2418 4093 2684 4149 Hostium
2729 4097 3087 4159 nostrorum,
3121 4110 3484 4166 quaesumus,
3517 4093 3748 4150 Domine

2108 4183 2284 4251 Deus,
2319 4181 2467 4238 elide
2490 4182 2852 4255 superbiam,
2883 4187 2941 4237 et
2962 4199 3064 4254 per
3084 4183 3566 4239 intercessionem
3583 4183 3746 4239 beata

2112 4271 2305 4327 Mariae
2339 4269 2616 4342 Virginis,
2640 4275 2698 4325 et
2727 4270 2990 4326 omnium
3015 4274 3358 4326 sanctorum
3389 4271 3749 4328 dexteth

2108 4363 2325 4416 virtute
2360 4363 2680 4432 prosterno.
2717 4359 2842 4415 Per.

2180 4449 2413 4506 Secreta.
2448 4449 2653 4519 Hujus,
2697 4447 2960 4515 Domine,
2995 4465 3362 4519 quwsumus,
3391 4447 3614 4505 virtute
3642 4463 3750 4518 my-

2110 4539 2268 4594 sterii
2303 4555 2407 4610 per
2452 4535 2928 4592 intercessionem
2961 4537 3142 4592 beatae
3174 4535 3368 4592 Mariae
3418 4536 3674 4610 Virginis
3700 4540 3750 4592 et

2109 4625 2375 4682 omnium
2408 4629 2793 4680 sanctoruma
2815 4624 3031 4680 nostris
3048 4625 3407 4680 mundemur
3429 4625 3690 4692 occultis,
3701 4627 3750 4680 et

2106 4715 2180 4770 ab
2213 4713 2589 4769 inimicorum
2623 4711 2942 4767 liberamur
2973 4711 3224 4769 insidiis.
3249 4713 3374 4768 Per.

2179 4804 2518 4860 Communia.
2548 4801 2834 4869 Viviﬁcet,
2877 4817 3237 4873 quaesumus,
3272 4801 3546 4870 Domine,
3575 4801 3750 4874 prapi-

2108 4893 2271 4948 tiatio
2303 4892 2388 4946 tui
2417 4895 2620 4946 sancta
2636 4890 2920 4962 mysterii,
2937 4893 2995 4945 et
3015 4906 3117 4963 per
3131 4889 3342 4946 merita
3371 4891 3556 4946 beata!
3579 4887 3750 4946 Maria

2109 4977 2388 5050 Virginis.
2422 4982 2480 5032 et
2506 4981 2844 5032 sanctorum
2864 4976 3128 5032 omnium
3147 4976 3560 5048 pariternobis
3581 4975 3753 5050 expia-

2109 5067 2329 5122 tionem
2360 5065 2582 5122 tribuat
2612 5071 2670 5120 et
2699 5065 3026 5120 munimen.
3061 5065 3185 5120 Per.

2411 5199 2584 5238 mssa
2625 5198 2679 5237 ιη
2713 5197 2982 5236 remeans
3021 5179 3486 5238 MOBTALITATIS.'

2495 5271 2678 5326 Oratio
2701 5274 2756 5326 et
2782 5278 2986 5326 secreta
3016 5276 3080 5325 ut
3109 5272 3170 5324 in
3197 5269 3381 5326 editis.

2183 5378 2524 5434 Communia.
2553 5377 2930 5432 Sacramenta
2945 5393 3461 5448 nos,quesumus,
3496 5377 3744 5442 Domine,

2111 5470 2215 5522 tua
2227 5469 2428 5521 sancta
2459 5468 2778 5533 sumentes,
2801 5469 2860 5521 et
2889 5466 2962 5522 ab
2973 5465 3130 5522 omni
3146 5465 3436 5540 propitius
3455 5465 3749 5540 iniquitate

2114 5560 2174 5615 et
2201 5552 2464 5635 periculo
2489 5553 2750 5612 defende.
2786 5554 2913 5613 Per.
