3896 6216
584 393 754 434 MISSA
786 394 894 433 PRO
924 394 1053 433 ITER
1081 393 1415 433 AGENTIBUS.

564 466 747 522 Oratio
776 472 829 521 et
858 474 1059 522 secreta
1087 474 1149 522 ut
1177 467 1240 521 in
1268 465 1448 521 editis.

249 556 581 611 Communia.
615 554 771 611 Deus
800 554 1046 611 infinitae
1077 554 1489 610 misericordia
1532 558 1589 609 et
1638 555 1821 626 maje-

178 643 342 700 atatis
373 643 698 711 immensae,
731 661 908 716 quem
940 660 1045 700 nec
1076 644 1266 716 spatia
1296 642 1581 712 locorum,
1607 660 1711 699 nec
1733 643 1819 699 in-

174 730 405 787 tervalla
435 736 791 804 temporum,
826 734 897 788 ab
923 732 1035 802 his,
1062 749 1211 804 quos
1236 732 1440 799 tueris,
1462 732 1815 805 abjungunt,

176 822 369 876 adesto
402 820 639 876 famulis
665 821 786 877 tuis
816 821 873 875 in
904 827 960 877 te
993 821 1209 893 ubique
1240 820 1581 885 ﬁdentibus,
1614 826 1670 876 et
1717 837 1822 893 per

177 926 421 978 onmem,
455 926 638 981 quam
670 910 808 965 ituri
841 914 981 966 sunt
1010 910 1189 977 viam,
1221 910 1339 965 dux
1381 908 1464 965 eis
1514 915 1570 966 et
1621 927 1816 966 comes

175 1015 295 1054 esse
324 997 602 1071 dignare;
636 998 783 1054 nihil
806 999 891 1055 eis
917 997 1287 1055 adversitatis
1310 1003 1535 1067 noceat,
1562 997 1640 1053 nil
1663 998 1817 1053 difﬁ-

175 1087 403 1143 cultatis
431 1087 704 1153 obsistat,
736 1092 947 1144 cuneta
975 1088 1059 1144 eis
1109 1086 1392 1153 salubria,
1439 1090 1651 1142 cuncta
1702 1087 1821 1141 sint

168 1192 460 1248 prospera,
497 1180 567 1231 ut
596 1176 706 1232 sub
736 1194 845 1250 ope
874 1177 1118 1232 dexterae
1161 1180 1273 1231 tua:
1324 1176 1611 1248 quidquid
1651 1177 1818 1249 justo

175 1264 516 1337 expetierint
563 1264 851 1334 desiderio
905 1264 1075 1320 celeri
1126 1268 1561 1336 consequantur
1590 1264 1817 1320 effectu.

174 1352 289 1408 Per.

236 1475 399 1514 MISSA
447 1476 508 1513 ΙΝ
564 1475 659 1513 DIE
706 1474 1093 1582 DEPOSH‘iONIS
1142 1474 1442 1524 DEFUNC’I‘I,
1499 1474 1583 1527 III,
1629 1457 1717 1513 V61
1738 1476 1815 1526 VI,

867 1546 934 1582 γε
987 1546 1116 1582 XXX.

867 1546 957 1585 V81
987 1546 1116 1583 XXX.

537 1619 719 1674 Oratio
749 1625 809 1673 ut
827 1620 887 1673 in
916 1617 1078 1673 editis
1109 1618 1199 1672 die
1227 1619 1424 1673 tertio.

238 1706 1000 1773 Secreta.Adesto,Domine,
1032 1705 1564 1779 supplicationibus
1600 1706 1820 1762 nostris
1850 1744 1898 1810 Β

169 1803 220 1853 et
248 1796 393 1853 hanc
424 1795 807 1861 oblationem,
827 1811 1006 1867 quam
1028 1795 1134 1850 tibi
1160 1795 1461 1851 offerimus
1483 1812 1587 1868 pro
1625 1795 1824 1851 anima

171 1885 366 1942 famuli
398 1884 488 1941 tui
523 1885 590 1939 N.
623 1884 682 1939 in
716 1885 810 1939 die
860 1883 1243 1956 depositionis
1290 1885 1418 1955 ejus
1467 1884 1637 1939 tertio
1691 1884 1825 1955 (vel-

173 1974 413 2046 septimo
429 1975 520 2029 vel
541 1973 886 2042 tricesimo),
910 1970 1177 2045 placidus
1198 1989 1264 2028 ac
1280 1971 1572 2044 benignus
1586 1988 1823 2028 assume

180 2068 298 2119 Per.

239 2151 577 2207 Communia.
612 2150 995 2221 Omnipotens
1027 2149 1374 2222 simpiterne
1422 2154 1597 2211 Deus.
1649 2148 1824 2205 collo-

175 2257 297 2295 care
319 2241 569 2312 dignare
590 2239 819 2294 animas
836 2237 1193 2294 famulorum
1214 2236 1685 2310 famularumque
1702 2242 1826 2293 tua-

173 2345 319 2393 rum,
346 2327 586 2384 illorum
603 2342 856 2397 quorum
869 2326 1026 2382 diem
1041 2325 1406 2382 celebramus
1418 2325 1822 2399 depositionis,

171 2415 226 2470 in
257 2416 488 2472 sinibus
518 2415 839 2483 Abraham,
874 2416 1037 2470 Isaac
1068 2418 1126 2469 et
1155 2414 1354 2480 Jacob,
1387 2419 1454 2469 ut
1504 2431 1639 2469 cum
1693 2415 1819 2470 dies

166 2504 482 2577 agnitionis
512 2508 624 2560 tuae
656 2503 975 2570 advenerit,
1009 2503 1163 2558 inter
1193 2506 1427 2559 sanctos
1447 2507 1579 2558 tuos
1612 2508 1668 2559 et
1704 2502 1824 2558 ele-

168 2597 287 2649 ctos
318 2592 657 2650 resuscitari
678 2592 1005 2665 praecipias.
1040 2591 1166 2647 Per.

414 2698 586 2737 MISSA
617 2698 726 2736 PRO
758 2698 872 2736 UNO
901 2697 1223 2736 SACERDOTE
1254 2695 1568 2735 DEFUNCTO.

233 2771 440 2827 Oratio.
479 2768 638 2826 Beati
671 2768 883 2825 Floridi
918 2769 1269 2827 confessoris
1311 2767 1421 2836 tui,
1476 2784 1823 2839 quaesumus

167 2859 434 2925 Domine,
468 2856 884 2912 intercessione
906 2874 1015 2912 nos
1047 2860 1304 2930 protege,
1347 2861 1404 2912 et
1432 2856 1693 2912 animam
1740 2856 1821 2911 fa-

165 2945 311 3001 muli
332 2943 421 2999 tui
439 2945 761 3000 sacerdotis
782 2948 1119 2999 sanctorum
1133 2949 1373 3000 tuorum
1388 2946 1572 3017 junge
1588 2961 1823 3000 consor-

163 3034 283 3090 tiis.
304 3033 431 3087 Per.

993 247 1371 306 EXCERPT.
1420 245 1518 305 EX
1564 245 1791 306 CODD.
1839 244 2154 306 LITURG.
2200 246 2789 309 FONTAVELLAN.

3477 251 3598 313 906

1860 378 1917 445 Α
1945 377 2174 433 animas
2206 378 2562 433 famulorum
2584 384 2820 435 tuorum
2843 380 3335 438 subdiacenorum
3358 383 3419 438 in
3441 381 3597 440 lucis

1931 470 2159 521 aeterna:
2189 466 2458 539 perﬁcias
2491 467 2726 539 regione
2756 469 3033 541 gaudere.
3069 471 3194 525 Per.

2004 555 2346 612 Communia.
2370 556 2471 612 His
2497 555 2827 624 sacriﬁciis,
2843 574 3204 629 quaesumus,
3221 560 3601 633 omnipotens

1929 644 2106 710 Deus,
2138 649 2466 716 purgentur
2498 644 2711 700 animae
2735 650 2788 700 et
2812 645 3056 717 Spiritus
3078 644 3434 702 famulorum
3470 653 3597 705 tuo-

1927 749 2061 786 rum
2090 731 2606 802 subdiaconorum,
2628 738 2691 787 ut
2712 734 2783 788 ad
2808 733 3232 806 indulgentiam
3258 740 3318 790 et
3342 736 3583 809 refrige-

1931 820 2083 875 rium
2117 821 2541 893 sempiternum
2569 821 2871 893 parveuire
2898 827 3255 879 mereantur.
3288 824 3415 879 Per.

2188 900 2191 905 ί
2349 928 2514 966 MISSA
2546 928 2657 966 pne
2686 928 2792 966 υκο
2822 927 3139 967 assumere.

2002 999 2201 1054 Oratio.
2233 999 2614 1070 Omnipotens
2661 1000 3017 1071 sempiterne
3066 1001 3242 1070 Deus,
3288 1002 3381 1056 cui
3433 1019 3588 1056 nun-

1931 1103 2108 1158 quam
2139 1086 2264 1142 sine
2294 1104 2396 1160 spe
2416 1089 2829 1161 miseg'mrdiae
2852 1088 3238 1161 supplicatur,
3262 1090 3581 1163 propitiare

1931 1175 2139 1231 animae
2172 1176 2375 1231 famuli
2409 1177 2515 1242 tui,
2549 1181 2614 1231 ut
2645 1177 2746 1248 qui
2779 1178 2849 1233 de
2879 1178 2987 1233 hac
3008 1177 3126 1233 vita
3153 1178 3214 1234 in
3246 1180 3333 1234 tui
3387 1180 3584 1236 nomi-

1930 1264 2023 1319 nis
2035 1264 2399 1320 confessione
2420 1266 2712 1333 discessit,
2734 1271 3071 1321 sanctorum
3090 1271 3326 1322 tuorum
3345 1285 3593 1323 numero

1934 1353 2113 1408 facias
2143 1354 2467 1427 aggregari.
2493 1355 2619 1409 Per.

2001 1440 2234 1497 Secreta.
2269 1441 2607 1513 Propitiare,
2652 1459 3012 1513 quaesumus,
3061 1443 3325 1511 Domine,
3373 1444 3584 1499 animae

1930 1530 2137 1586 famuli
2169 1531 2253 1585 tui
2286 1531 2376 1597 N.,
2412 1547 2515 1597 pro
2547 1548 2663 1602 quo
2690 1531 2796 1586 tibi
2828 1530 3053 1587 hostias
3085 1531 3428 1602 placationis
3451 1532 3593 1586 olfe-

1932 1620 2139 1690 rimus,
2173 1623 2246 1687 et,
2272 1618 2411 1691 quia
2442 1620 2500 1675 in
2534 1620 2642 1674 hac
2674 1619 2802 1674 luce
2825 1620 2881 1673 in
2909 1620 3019 1674 fide
3043 1619 3261 1675 mansit
3280 1618 3587 1687 catholica,

1930 1705 1989 1761 in
2021 1708 2218 1763 futura
2246 1708 2363 1763 vita
2392 1708 2443 1763 ei
2469 1707 2772 1762 retributio
2795 1707 3046 1763 ccelestis
3067 1706 3266 1780 gaudii
3303 1708 3592 1763 condone-

1934 1801 2050 1851 tur.
2071 1801 2199 1851 Per.

2008 1884 2346 1941 Communia.
2371 1886 2609 1951 Praesta,
2635 1902 2997 1957 quaesumus,
3021 1886 3179 1941 omni
3187 1888 3393 1958 potens
3413 1886 3589 1941 Deus.

1936 1960 2001 2028 ut
2031 1972 2229 2029 anima
2260 1973 2465 2029 famuli
2496 1972 2581 2028 tui
2615 1975 2681 2028 Ν.
2716 1975 2787 2028 ab
2819 1973 3044 2046 angelis
3064 1972 3216 2029 lucis
3239 1978 3511 2045 suscepta
3532 1974 3593 2028 in

1936 2067 2260 2135 praeparata
2289 2061 2625 2117 habitacula
2657 2061 2867 2117 deduci
2898 2061 3079 2117 facias
3104 2062 3432 2117 beatorum.
3464 2062 3593 2117 Per.

2259 2168 2428 2206 MISSA
2459 2168 2567 2205 PRO
2601 2167 2888 2205 PLURIBUS
2918 2167 3248 2206 DEFUNCTIS.

2009 2240 2210 2295 Oratio.
2244 2238 2417 2307 Deus,
2451 2241 2623 2311 cujus
2654 2239 3064 2294 misericordiae
3097 2254 3211 2293 non
3243 2224 3353 2294 est.
3385 2255 3597 2294 nume-

1937 2344 2058 2395 rus,
2084 2326 2316 2399 suscipe
2338 2327 2628 2399 propitius
2649 2344 2749 2398 pro
2764 2326 3441 2382 animabusfamulorum
3458 2332 3591 2381 tuo-

1938 2434 2070 2471 rum
2102 2432 2302 2489 preces
2333 2420 2587 2482 nostras,
2623 2422 2680 2470 et
2708 2415 2857 2470 lucis
2890 2415 2974 2471 eis
3005 2414 3268 2470 laetitiam
3301 2401 3496 2488 atque.
3530 2414 3592 2469 in

1938 2505 2171 2577 regione
2193 2509 2529 2560 sanctorum
2553 2510 2788 2559 tuorum
2818 2504 3155 2559 societatem
3174 2504 3443 2559 concede.
3464 2504 3591 2558 Per.

2006 2593 2358 2649 Secreta.Pro
2371 2593 2587 2665 requie,
2604 2591 2866 2656 Domine,
2885 2592 3219 2647 animarum
3235 2590 3590 2647 famulorum

1936 2688 2174 2739 tuorum
2206 2682 2274 2736 N.
2309 2682 2542 2753 suscipe
2570 2680 2848 2748 hostiam,
2882 2697 3059 2752 quam
3083 2683 3143 2735 tu
3169 2681 3286 2735 Deo
3309 2681 3462 2735 Patri
3484 2697 3591 2751 pro

1937 2770 2106 2826 nobis
2138 2769 2403 2825 obtulisti
2436 2769 2771 2842 benignam,
2806 2773 2873 2823 ut
2902 2767 3004 2840 qui
3048 2784 3226 2823 causa
3276 2766 3587 2822 hominum

1935 2858 2291 2915 descendisti
2322 2858 2393 2913 de
2424 2856 2603 2923 caelis,
2636 2862 2692 2913 te
2723 2857 3000 2912 redeunte
3018 2860 3352 2911 mereantur
3389 2872 3590 2912 nume-

1937 2948 2051 3002 rari
2083 2948 2142 3002 in
2174 2946 2467 3002 consortio
2495 2951 2853 3013 sanctorum,
2884 2945 2982 3017 qui
3016 2961 3149 2999 cum
3185 2945 3295 2999 Deo
3317 2945 3485 2999 Patre
3535 2948 3590 2999 et

1933 3036 2152 3108 Spiritu
2183 3039 2385 3091 sancto
2414 3035 2562 3089 vivis
2585 3040 2642 3090 et
2660 3051 2871 3107 regnas
2891 3033 2950 3088 in
2975 3032 3186 3089 saicula
3207 3032 3581 3088 saeculorum;

166 3120 173 3123 “
234 3122 474 3176 Secreta.
530 3120 792 3192 Suscipe,
845 3136 1207 3193 quaesumus,
1261 3121 1531 3189 Domine,
1600 3120 1823 3177 hostias
1853 3107 1897 3174 (ἶ
1975 3107 2356 3180 iCommum’o.
2392 3123 2523 3177 Haac
2550 3139 2656 3178 nos
2688 3122 3045 3187 communio,
3079 3120 3344 3187 Domine,
3375 3126 3590 3194 purget

162 3202 518 3281 placationis
549 3212 606 3263 et
634 3207 825 3263 laudis
871 3225 1020 3280 quas
1065 3208 1173 3263 tibi
1224 3209 1285 3265 in
1334 3210 1617 3265 honorem
1666 3210 1818 3265 beati

163 3296 377 3354 Floridi
410 3297 769 3354 confessoris
798 3297 884 3352 tui
918 3296 1342 3353 consecrandas
1389 3296 1726 3365 deferimus,
1766 3301 1823 3353 et

165 3403 264 3458 pro
297 3384 503 3457 requie
535 3384 738 3440 famuli
768 3386 855 3441 tui
887 3386 1206 3442 sacerdotis
1244 3386 1312 3441 N.
1342 3384 1446 3441 tibi
1480 3385 1823 3458 suppliciter

166 3473 569 3530 immelamus.
603 3474 731 3530 Per.

238 3564 580 3625 Communia.
616 3564 952 3619 Ascendant
978 3564 1049 3618 ad
1084 3566 1160 3630 te,
1197 3563 1464 3629 Domine,
1496 3579 1699 3635 preces
1726 3579 1822 3618 no-

165 3656 322 3720 strae,
356 3656 413 3707 et
442 3652 704 3708 animam
732 3650 936 3707 famuli
979 3651 1066 3706 tui
1116 3652 1437 3707 sacerdotis
1484 3651 1553 3707 N.
1607 3652 1824 3725 gaudia

168 3745 381 3797 aeterna
412 3740 759 3812 suscipiant,
791 3745 848 3796 et
866 3756 1043 3813 quem
1076 3739 1262 3796 fecisti
1281 3738 1613 3813 adoptionis
1639 3740 1822 3812 parti-

172 3828 379 3901 cipem,
402 3829 617 3900 jubeas
647 3828 1000 3885 haereditatis
1014 3831 1129 3883 tuae
1156 3845 1284 3884 esse
1305 3833 1655 3885 consortem.
1692 3828 1819 3884 Per.

472 3934 640 3972 MISSA
670 3934 780 3973 PRO
812 3934 1153 3974 DIACONIBUS
1184 3935 1515 3974 DEFUNC’I‘IS.

242 4007 447 4061 Oratio.
465 4006 700 4071 Adesto,
723 4006 989 4076 Domine,
1013 4006 1544 4078 supplicationibus
1582 4005 1819 4074 nostris,

169 4098 224 4149 et
252 4094 464 4149 animae
496 4093 855 4148 famulorum
885 4098 1126 4149 tuorum
1157 4095 1560 4163 diaeonorum,
1596 4098 1655 4150 et
1703 4111 1824 4152 om-

171 4182 333 4237 nium
362 4180 708 4235 clericorum
730 4185 843 4236 tua;
862 4181 1294 4254 propitiationis
1316 4183 1745 4239 abundantiam
1768 4188 1825 4238 et

171 4268 596 4343 indulgentiam
624 4274 1075 4341 consequantur,
1110 4273 1168 4324 et
1192 4270 1342 4327 lucis
1393 4276 1681 4344 perpetua:
1720 4273 1823 4326 tri-

174 4359 319 4415 buas
347 4356 433 4413 eis
465 4359 853 4414 mansionem.
887 4362 1016 4413 Per.

1932 3230 1965 3267 a
1991 3211 2253 3280 crimine,
2287 3216 2342 3266 et
2364 3210 2676 3265 animabus
2697 3209 3054 3264 famulorum
3079 3213 3313 3264 tuorum
3329 3208 3586 3265 ccelestis

1931 3299 2129 3373 gaudii
2162 3300 2383 3354 tribuat
2412 3298 2796 3366 consortium,
2829 3302 2896 3353 ut
2925 3301 3057 3353 ante
3086 3296 3366 3353 thronum
3384 3296 3584 3369 gloria:

1930 3396 2042 3444 tuae
2064 3392 2377 3461 segregataa
2400 3403 2535 3442 cum
2558 3385 2795 3453 dextris,
2819 3385 2962 3441 nihil
2985 3402 3297 3441 commune
3321 3380 3591 3441 habeant

1932 3494 2065 3533 cum
2100 3475 2378 3532 sinistris.
2412 3476 2538 3530 Per.
3282 3472 3285 3475 ⁴

2229 3582 2398 3620 MISSA
2430 3580 2767 3620 PLURIMORU
2776 3582 2813 3620 Μ
2836 3580 3204 3619 DEFUNCTORU
3213 3582 3278 3619 Μ.

2005 3656 2209 3711 Oratio.
2244 3653 2417 3719 Deus,
2449 3651 2541 3708 cui
2568 3652 2870 3724 proprium
2901 3657 2990 3707 est
3019 3669 3251 3725 semper
3289 3652 3579 3724 misereri,

1933 3749 1991 3800 et
2017 3760 2218 3815 preces
2239 3740 2512 3797 exaudire
2526 3740 3009 3813 supplicantium,
3026 3740 3343 3812 propitiare
3361 3740 3590 3797 anima-

1933 3834 2044 3887 bus
2074 3829 2428 3886 famulorum
2446 3834 2688 3885 tuorum
2706 3830 2798 3897 N.,
2820 3833 2885 3884 ut
2906 3833 2959 3884 te
2985 3828 3310 3884 miserante
3333 3846 3366 3884 a
3389 3844 3596 3901 pecca-

1933 3926 2127 3976 torum
2146 3916 2397 3975 vinculis
2422 3918 2696 3989 absoluti,
2721 3919 2792 3974 ad
2814 3923 3038 3974 aeternae
3079 3915 3462 3974 beatitudinis
3509 3936 3599 3974 rc-

1935 4008 2134 4081 quiem
2165 4007 2465 4078 pervenire
2495 4011 2851 4063 mereantur.
2895 4007 3016 4062 Per.

2006 4097 2238 4152 Secreta.
2273 4096 2536 4167 Suscipe,
2571 4094 3028 4152 clementissime
3059 4095 3249 4163 Pater,
3283 4112 3388 4167 pro
3433 4094 3595 4150 cem-

1936 4183 2355 4240 memoratione
2380 4183 2735 4239 famulorum
2758 4187 2996 4239 tuorum
3023 4183 3088 4237 N.
3119 4183 3376 4238 hostium
3400 4182 3595 4255 placa-

1937 4273 2112 4329 tionis
2141 4278 2197 4327 et
2226 4272 2441 4338 laudis,
2476 4277 2541 4327 ut
2569 4271 2842 4328 sacrificii
2899 4272 3203 4344 prazsentis
3253 4270 3470 4326 oblatio
3520 4272 3594 4326 ad

1938 4361 2307 4433 refrigerium
2340 4362 2671 4416 animarum
2707 4377 2910 4416 eorum
2942 4366 2994 4415 te
3040 4359 3354 4415 miserante
3402 4376 3602 4430 perve-

238 4448 473 4502 Secreta.
507 4447 730 4502 Exaudi
779 4464 907 4514 nos,
957 4450 1160 4502 sancte
1200 4446 1379 4503 Pater
1426 4447 1822 4519 omnipotens,
1857 4469 1905 4535 D
1938 4450 2078 4504 niat.
2100 4450 2224 4505 Per.

176 4534 378 4591 {sterne
410 4536 586 4605 Deus,
621 4539 686 4591 ut
714 4535 806 4592 bis
838 4535 1022 4592 sacris
1051 4535 1397 4591 muneribus
1419 4534 1683 4608 placatus
1699 4536 1821 4591 ani-

179 4640 299 4681 mas
328 4625 598 4680 omnium
632 4624 989 4680 famulorum
1021 4629 1260 4680 tuorum
1309 4623 1690 4680 diaconorum
1736 4641 1825 4680 re-

178 4714 431 4785 demptio
466 4714 826 4786 sempiterna
847 4713 1165 4787 possideat.
1199 4713 1323 4770 Per.

243 4802 583 4859 Communia.
607 4802 988 4875 Omnipotens
1010 4807 1221 4858 aeterne
1251 4801 1424 4869 Deus,
1457 4800 1689 4875 suscipe
1703 4818 1829 4874 pro-

180 4889 351 4958 pitius
394 4908 601 4965 preces
656 4895 885 4947 nostras
944 4907 1049 4963 pro
1108 4889 1420 4946 animabus
1468 4888 1825 4946 famulorum

180 4982 405 5036 tuorum
438 4980 845 5048 diaconorum,
879 4984 943 5035 ut
968 4980 1028 5035 in
1057 4978 1206 5035 lucis
1236 4977 1471 5052 regione
1491 4996 1590 5035 eas
1611 4979 1672 5034 in
1699 4996 1827 5036 san-

179 5071 395 5125 ctorum
427 5075 668 5125 tuorum
700 5067 1156 5133 numerofacias
1187 5068 1513 5141 aggregari.
1550 5067 1676 5126 Per.

614 5153 778 5215 mss».
795 5174 905 5213 Pno
919 5173 1395 5213 suamncomaus.

251 5248 451 5303 Oratio.
491 5247 666 5312 Deus,
699 5244 793 5302 cui
824 5245 1128 5317 proprium
1159 5251 1249 5315 est
1279 5244 1543 5302 misereri
1592 5263 1825 5320 semper

184 5336 233 5385 et
265 5350 515 5404 parcere,
551 5341 683 5403 etc.,
719 5342 781 5390 ut
812 5336 871 5388 in
892 5332 1071 5388 editis.

220 5424 479 5497 Secreta.
516 5423 825 5478 Otl‘erimus
857 5420 984 5489 tibi,
1038 5421 1299 5487 Domine,
1360 5422 1585 5479 hostias
1634 5422 1823 5497 placa-

184 5508 353 5566 tionis
382 5517 438 5568 et
468 5510 681 5577 laudis,
719 5515 783 5566 ut
802 5513 1094 5582 perpetuae
1118 5508 1531 5567 misericordia:
1556 5514 1821 5586 largitate

491 5639 758 5698 PATROL.
806 5636 956 5697 CLI.

2009 4539 2350 4594 Communia.
2380 4537 2646 4602 Absolve,
2681 4554 3048 4608 quaesumus,
3073 4534 3340 4601 Domine,
3365 4534 3597 4591 animas

1936 4625 2293 4681 famulorum
2324 4630 2559 4680 tuorum
2592 4626 2659 4679 Ν.
2695 4626 2766 4681 ab
2794 4625 3060 4679 omnium
3093 4622 3324 4678 vinculo
3355 4618 3597 4678 delicto-

1937 4731 2090 4779 rum,
2116 4718 2181 4768 ut
2212 4714 2270 4768 in
2305 4713 2747 4770 resurrectionis
2780 4712 2965 4786 gloria
2998 4712 3148 4765 inter
3178 4715 3411 4765 sanctos
3463 4713 3600 4767 tuos

1940 4802 2271 4857 resuscitati
2303 4801 2612 4874 respirent.
2648 4803 2766 4858 Per.

2331 4907 2500 4945 MISSA
2534 4908 2643 4945 PRO
2675 4907 2885 4946 FEMINA
2917 4905 3232 4944 DEFUNCTA.

2009 4981 2212 5036 Oratio.
2248 4979 2632 5051 Omnipotens
2666 4980 3020 5051 sempiterna
3053 4978 3231 5044 Deus,
3254 4977 3522 5034 conditor
3543 4982 3600 5033 et

1937 5069 2271 5140 redemptor
2294 5068 2627 5122 animarum
2652 5068 2749 5140 qui
2780 5067 3093 5123 animabus
3116 5071 3597 5123 sanctorumtuo-

1937 5174 2065 5212 rum
2089 5162 2312 5212 aeterna:
2344 5156 2728 5212 beatitudinis
2760 5155 3066 5229 praemium
3088 5155 3413 5221 contulisti,
3452 5170 3597 5225 prae-

1937 5252 2047 5314 sta,
2086 5260 2449 5317 quaesumus,
2474 5249 2539 5298 ut
2567 5244 2765 5299 anima
2797 5243 3031 5299 famula:
3062 5248 3182 5300 tuae
3214 5242 3283 5298 N.
3314 5257 3491 5313 quam
3524 5240 3595 5293 de

1934 5335 2040 5389 hoc
2075 5332 2285 5389 saeculo
2317 5331 2568 5405 migrare
2590 5333 2852 5403 jussisti,
2891 5334 3061 5402 cujus
3093 5326 3600 5387 commemoratio-

1936 5440 2065 5478 nem
2102 5421 2353 5494 agimus,
2388 5425 2726 5476 sanctorum
2759 5419 3050 5476 consortio
3098 5418 3315 5490 perfrui
3370 5431 3603 5473 merea-

1936 5520 2049 5567 tur.
2092 5510 2216 5565 Per.

3199 5637 3279 5695 29
