3896 6216
309 295 427 358 903

1538 293 1726 357 ελδερ.
1770 293 1850 355 XI
1893 290 2205 355 MONUM.
2254 291 2484 354 AUCT.

3591 265 3733 352 se;

308 429 514 486 famuli
570 428 656 484 tui
715 429 816 500 qui
864 428 971 486 tibi
1016 433 1208 484 mente
1255 432 1312 484 et
1340 429 1511 484 corde
1569 444 1632 483 se
1689 443 1958 500 peccasse.
1989 428 2042 494 Α
2071 425 2227 480 renis
2275 424 2579 480 allectibus
2619 424 2830 497 expiati
2869 425 2942 480 ad
2997 422 3237 497 superni
3284 423 3729 497 plenitudinem

305 518 558 593 graviter
585 517 922 586 conﬁtetur;
947 521 1004 572 et
1032 522 1260 590 praesta,
1286 522 1352 573 ut
1369 533 1470 589 per
1489 516 1838 572 oblationem
1863 516 1942 569 tui

307 606 564 681 corporis
585 612 642 663 et
671 606 998 680 sanguinis,
1022 624 1197 680 quam
1223 606 1326 662 tibi
1358 623 1462 679 pro
1491 605 1616 677 ipso
1647 604 1946 659 olferimus

301 697 532 754 veniam
564 697 873 768 impetrare
900 695 1218 752 valeamus.
1249 696 1372 751 Per.

379 787 716 842 Communia.
767 785 1002 851 Refecti,
1055 801 1415 855 quaesumus,
1471 782 1732 846 Domine,
1793 780 1946 837 datis

306 875 448 942 tuis,
481 877 538 929 te
568 872 862 946 supplices
892 888 1220 938 exoramus,
1252 875 1317 926 ut
1341 887 1616 926 converso
1648 872 1824 926 fratre
1843 887 1943 925 no-

305 968 425 1020 stro
451 963 523 1018 ad
556 961 708 1016 viam
749 959 1014 1031 justitize,
1047 960 1266 1015 fontem
1297 957 1687 1032 lacrymarum
1719 959 1778 1013 in
1809 975 1944 1013 eum

303 1050 626 1119 concutias,
657 1053 712 1105 et
742 1066 812 1104 ne
842 1048 997 1104 ultra
1025 1047 1278 1120 lugenda
1305 1048 1652 1114 committat,
1685 1063 1818 1102 eum
1852 1063 1946 1118 pa-

299 1144 468 1198 terna
495 1139 707 1212 pietate
739 1136 988 1192 custodi.
1013 1141 1140 1193 Per.

603 1242 714 1281 PRO
753 1242 1186 1282 COXFITENTIBUS
1228 1242 1467 1281 PECCATA
1506 1243 1633 1281 SUA.

373 1316 578 1372 Oratio.
613 1313 853 1382 Exaudi,
906 1331 1266 1387 quaesumus,
1309 1315 1572 1378 Domine,
1607 1312 1942 1387 supplicum

298 1421 520 1477 preces,
552 1407 684 1470 etc.,
719 1407 782 1459 ut
815 1405 873 1458 in
903 1404 1118 1459 litaniis
1147 1403 1323 1460 editis.

369 1493 602 1549 Secreta.
636 1493 868 1548 Hostias
908 1492 1039 1559 tibi,
1070 1492 1334 1558 Domine,
1379 1491 1724 1564 placationis
1754 1489 1939 1545 oti'eri-

300 1599 456 1650 mus,
485 1587 551 1637 ut
571 1580 783 1637 delicta
803 1586 1002 1636 nostra
1023 1581 1338 1637 miseratus
1369 1580 1636 1637 absolvas
1655 1584 1712 1636 et
1744 1595 1939 1652 pacem

301 1671 470 1726 nobis
496 1671 801 1728 concedas.
835 1669 960 1726 Per.

371 1758 708 1816 Communia.
761 1763 978 1814 Praesta
1033 1759 1221 1824 nobis,
1281 1762 1492 1815 aeterne
1541 1758 1822 1824 Salvator,
1879 1762 1944 1812 ut

299 1847 682 1921 percipientes
701 1848 808 1904 hoc
828 1865 1067 1904 munere
1097 1847 1325 1903 veniam
1353 1852 1722 1920 peccatorum
1745 1847 1816 1903 de
1831 1847 1950 1904 tuis

295 1952 530 2012 semper
555 1935 853 1993 beneﬁciis
883 1936 1220 2009 gloriemur.

807 2041 974 2082 HISSA
1011 2042 1122 2081 PRO
1163 2042 1438 2080 PECCATIS.

367 2115 572 2172 Oratio.
625 2114 800 2182 Deus,
854 2115 953 2188 qui
1004 2115 1373 2187 peccantium
1424 2131 1538 2170 non
1586 2113 1674 2170 vis
1723 2115 1949 2172 animas

295 2205 506 2277 perire,
540 2203 640 2260 sed
667 2204 892 2275 culpas,
917 2204 1150 2259 contine
1165 2221 1398 2278 pcenam
1431 2220 1606 2276 quam
1634 2220 1948 2272 meremur,

293 2297 349 2348 et
377 2309 554 2365 quam
589 2309 900 2364 precamur
949 2309 1126 2365 super
1162 2310 1267 2348 nos
1316 2293 1548 2348 ell‘unde
1577 2291 1948 2349 clementiam

289 2385 474 2448 tuam,
511 2386 576 2436 ut
632 2381 702 2438 de
737 2397 981 2437 mcerore
1037 2381 1319 2454 gaudium
1374 2385 1487 2436 tua:
1538 2381 1949 2438 misericordiae

295 2471 575 2542 consequi
607 2485 960 2526 mereamur.
996 2471 1123 2526 Per.

363 2558 592 2614 Sacram.
648 2559 969 2614 Subveniat
1021 2558 1214 2625 nobis,
1269 2557 1535 2623 Domine,
1585 2573 1946 2628 qumsumus,

291 2647 560 2702 sacriﬁcii
591 2647 895 2720 praesentis
919 2646 1156 2712 oblatio,
1184 2663 1311 2718 qua:
1344 2663 1450 2701 nos
1481 2649 1538 2700 et
1556 2646 1628 2700 ab
1660 2645 1948 2701 universis

289 2736 586 2793 erroribus
614 2739 878 2808 potenter
915 2734 1198 2802 absolvat,
1231 2739 1287 2790 et
1318 2751 1350 2790 a
1383 2733 1560 2790 totius
1592 2733 1798 2805 eripiat
1824 2750 1949 2808 per-

289 2823 528 2880 ditionis
561 2823 822 2879 incursu.
856 2828 984 2879 Per.

363 2913 700 2968 Canamunia.
736 2912 979 2978 Exaudi,
1014 2911 1281 2976 Domine,
1312 2911 1596 2983 gemitum
1639 2910 1836 2983 papuli
1859 2911 1946 2965 tui

289 3019 362 3058 ne
392 3001 526 3074 plus
545 3001 700 3074 apud
722 3004 778 3055 te
790 2999 979 3056 valeat
1001 2999 1242 3056 offensio
1255 2999 1742 3071 delinquentium,
1765 3015 1942 3070 quam

290 3089 690 3146 misericordia
737 3093 840 3145 tua
895 3088 1120 3144 indulta
1169 3087 1404 3144 ﬂetibus
1453 3086 1936 3161 supplicantium.

289 3183 414 3235 Per.
1785 3167 1787 3170 ⁴

649 3283 760 3322 PRO
799 3282 916 3322 REM
925 3282 1106 3321 ISSION
1115 3283 1146 3320 Ε
1186 3281 1507 3321 PECCATORU
1517 3283 1556 3319 Μ
1565 3306 1578 3322 ο

359 3356 545 3412 Oratio
574 3359 626 3411 at
653 3359 876 3420 secreta,
911 3362 971 3410 ut
1001 3356 1063 3410 in
1089 3353 1270 3410 editis.

362 3445 699 3500 Communia.
735 3445 889 3510 Quos
911 3459 1153 3498 munere
1183 3441 1398 3498 cmlesti
1427 3441 1637 3509 reficis,
1671 3439 1932 3504 Domine,

289 3534 484 3589 divino
511 3539 674 3588 tuere
700 3532 990 3606 praesidio,
1013 3541 1078 3586 ut
1107 3531 1225 3586 tuis
1257 3530 1549 3602 mysteriis
1577 3527 1939 3602 perfruentes

290 3621 472 3678 nullis
497 3621 822 3678 subdamur
837 3619 1120 3687 adversis,
1143 3624 1202 3674 et
1228 3635 1262 3673 a
1282 3618 1508 3673 cunctis
1526 3617 1940 3690 iniquitatibus

290 3710 507 3768 nostris
536 3727 679 3766 exue
702 3726 808 3764 nos
829 3707 1200 3779 omnipotens
1222 3707 1396 3776 Deus,
1417 3712 1475 3762 et
1494 3706 1552 3760 in
1573 3710 1676 3761 tua
1695 3707 1783 3761 fac
1800 3721 1941 3778 pace

289 3801 563 3873 gaudere.
596 3801 724 3853 Per.

588 3901 758 3942 ΜῐεεΑ
797 3901 906 3940 PRO
945 3899 1110 3940 MALIS
1148 3899 1636 3939 COGITA’I‘IONIBUS.

362 3975 550 4030 Oratio
577 3975 637 4028 in
665 3981 888 4040 secreta,
919 3981 981 4028 ut
1010 3974 1070 4027 in
1103 3971 1284 4028 editis.

362 4063 702 4118 Communia.
736 4061 842 4118 Per
869 4060 976 4117 hoc
1024 4061 1400 4129 sacrificium,
1435 4077 1797 4134 quaesumus,
1829 4064 1942 4115 Do-

291 4151 472 4216 mine,
511 4149 664 4222 quod
701 4153 812 4206 tua:
865 4148 1188 4204 obtulimus
1219 4149 1531 4222 majestati,
1565 4151 1638 4204 ab
1667 4149 1942 4206 omnibus

289 4255 391 4296 cor
419 4237 622 4296 famuli
653 4237 738 4293 tui
771 4237 1026 4294 emunda
1051 4237 1494 4294 tentationibus.
1531 4237 1652 4293 Per.

566 4345 731 4384 MISSA
771 4343 881 4382 PRO
921 4341 1213 4383 PETITIONE
1253 4343 1662 4382 LACRYMARUM.

362 4417 548 4473 Oratio
573 4425 623 4473 et
643 4415 1104 4486 Pastaammunia,
1137 4419 1198 4470 ut
1228 4417 1288 4470 in
1321 4416 1504 4472 editis.

361 4507 596 4564 Secreta.
660 4505 788 4560 Haec
864 4505 1170 4573 sacrificia,
1245 4521 1605 4576 quzesumus,
1677 4503 1940 4575 Domine,
1973 4527 2020 4591 Ι)

289 4613 419 4669 quae
453 4600 566 4650 tuaa
595 4593 794 4666 pietati
826 4593 1172 4664 obtulimus,
1205 4593 1376 4650 nobis
1407 4593 1714 4665 Proﬁciunt
1732 4594 1804 4648 ad
1838 4611 1940 4649 no-

289 4690 545 4742 strorum
575 4683 806 4740 veniam
859 4687 1252 4754 peccatorum,
1285 4686 1344 4736 et
1396 4681 1792 4738 miserationis
1824 4687 1934 4737 tum

289 4789 523 4846 semper
550 4773 816 4828 tribuant
846 4770 1145 4828 solatium.
1182 4770 1306 4824 Per.

716 4877 884 4916 MISSA
927 4875 1038 4915 PRO
1073 4876 1446 4915 TRIBULATION
1455 4875 1484 4916 Ε
1494 4903 1505 4914 .

361 4953 568 5008 Oratio.
603 4949 958 5006 Ineil‘abilem
1001 4948 1462 5005 misericordiam
1489 4954 1674 5014 tuam,
1708 4966 1938 5022 quassu-

289 5058 443 5104 mus,
489 5039 753 5107 Domine,
797 5038 967 5095 nobis
997 5038 1312 5094 clementer
1355 5039 1614 5104 ostende,
1667 5046 1732 5094 ut
1761 5037 1940 5093 simul

291 5145 399 5184 nos
429 5145 464 5183 a
487 5129 740 5199 peccatis
789 5143 969 5184 exuas
995 5131 1053 5182 et
1081 5144 1115 5182 a
1157 5127 1344 5199 pmnis
1378 5143 1526 5198 quas
1565 5143 1670 5199 pro
1700 5126 1793 5181 bis
1825 5143 1941 5182 me-

290 5233 490 5272 remur
519 5216 754 5288 eripias.
788 5216 914 5270 Per.

361 5305 595 5362 Secreta.
626 5303 899 5360 Puriticet
916 5320 1042 5371 nos,
1067 5303 1331 5371 Domine,
1355 5319 1717 5374 quaesumus,
1745 5319 1946 5358 mune-

293 5393 374 5448 ris
400 5393 702 5466 przesentis
731 5389 969 5460 oblatio,
991 5398 1048 5448 et
1069 5391 1279 5464 dignos
1301 5407 1468 5448 sacra
1499 5391 1944 5464 participatione

295 5481 576 5552 perficiat.
608 5479 734 5534 Per.

366 5568 702 5630 Communia.
734 5566 968 5643 Praesta,
991 5567 1255 5641 Domine,
1278 5580 1640 5645 quasumus,
1673 5572 1739 5626 ut
1768 5585 1803 5628 a
1830 5572 1946 5629 ter-

2067 511 2438 582 sacramenli,
2471 513 2641 585 cujus
2673 512 2983 569 libavimus
3001 518 3203 570 sancta
3222 513 3559 568 tendamus.
3582 512 3725 568 Per.

2699 646 2826 684 ALlA
2886 646 3072 684 MISSA.

2132 735 2335 790 Oratio.
2391 739 2564 803 Deus,
2600 734 2700 806 qui
2750 739 3134 792 contritorum
3186 751 3303 790 non
3340 735 3596 808 despicis
3628 751 3732 809 ge-

2057 824 2290 891 mitum,
2309 827 2365 879 et
2395 823 2764 879 maerentium
2784 841 2896 880 non
2929 823 3158 897 spernis
3179 824 3476 893 affectum,
3511 825 3726 882 adesto

2056 914 2326 985 precibus
2367 913 2601 981 nostris,
2653 931 2801 986 quas
2832 913 3035 986 pietati
3067 918 3180 969 tum
3208 929 3312 986 pro
3340 912 3728 970 tribulatione

2063 1007 2262 1058 nostra
2292 1003 2614 1069 offerimus,
2647 1001 3028 1074 implorantes
3053 1007 3121 1058 ut
3151 1017 3256 1058 nos
3287 1000 3608 1059 clementer
3629 1019 3730 1058 su-

2058 1091 2295 1162 scipias,
2338 1095 2394 1146 et
2425 1090 2550 1146 solo
2601 1091 2880 1147 bonitatis
2923 1096 3036 1146 tua:
3078 1090 3298 1146 intuitu
3348 1089 3600 1158 tribuas,
3655 1096 3727 1147 ut

2059 1179 2343 1252 quidquid
2391 1183 2592 1234 contra
2623 1195 2730 1236 nos
2759 1179 3057 1235 diabolica:
3089 1185 3265 1252 atque
3295 1179 3569 1236 humana:
3595 1197 3725 1236 mo-

2053 1267 2280 1324 liuntur
2309 1267 2710 1336 adversitatos,
2733 1269 2805 1324 ad
2834 1267 3083 1324 nihilum
3114 1268 3364 1342 redigas,
3389 1271 3446 1324 et
3469 1267 3722 1326 consilio

2054 1356 2462 1412 misericordiae
2483 1362 2597 1412 tua;
2620 1357 2849 1427 allidas,
2875 1362 3169 1428 quatenus
3194 1355 3376 1414 nullis
3393 1357 3719 1416 adversita-

2059 1445 2220 1502 tibus
2250 1445 2391 1514 laesi,
2441 1447 2543 1502 sed
2575 1447 2647 1502 ab
2679 1447 2837 1501 omni
2891 1446 3268 1504 tribulatione
3325 1453 3383 1504 et
3437 1447 3720 1522 angustia

2059 1533 2308 1601 liberati,
2344 1535 2563 1607 gratias
2587 1534 2690 1590 tibi
2715 1535 2773 1590 in
2802 1535 3054 1591 Ecclesia
3083 1539 3187 1590 tua
3216 1535 3560 1592 referamus.
3585 1535 3716 1594 Per.

2129 1626 2362 1679 Serrrta.
2417 1628 2589 1689 Deus,
2647 1625 2746 1696 qui
2811 1625 3120 1681 tribulatos
3175 1626 3347 1682 corde
3404 1641 3602 1695 sanas,
3638 1627 3716 1682 ad

2053 1711 2201 1767 banc
2234 1713 2522 1784 propitius
2570 1713 2824 1768 hostiam
2878 1714 3188 1787 dignanter
3221 1712 3474 1781 attende,
3506 1717 3564 1770 et
3593 1727 3719 1786 qua

1979 1796 2026 1861 B
2059 1801 2234 1856 totius
2261 1801 2463 1856 mundi
2499 1801 2730 1857 voluisti
2753 1801 2933 1857 laxari
2957 1801 3190 1871 delicta,
3218 1801 3718 1874 protribulatione

2061 1895 2260 1946 nostra
2289 1889 2602 1946 clementer
2629 1907 2883 1958 assume,
2917 1897 3234 1962 nostraque
3263 1895 3468 1948 cuncta
3494 1891 3716 1948 discri-

2059 1980 2220 2036 mina
2240 1979 2479 2047 solvere,
2499 1978 2936 2035 tribulationem
2963 1981 3218 2050 attende,
3241 1979 3512 2037 miserias
3530 1979 3709 2052 pelle,

2059 2069 2360 2142 angustias
2390 2072 2448 2124 et
2476 2085 2782 2142 pressuras
2805 2085 3030 2132 amove,
3053 2073 3118 2124 ut
3133 2069 3290 2125 exuti
3314 2071 3389 2125 ab
3406 2068 3710 2136 omnibus,

2059 2175 2186 2230 qum
2227 2158 2504 2229 patimur,
2564 2157 2758 2224 malis,
2803 2158 2862 2212 in
2913 2158 3032 2213 tuis
3078 2175 3310 2232 semper
3350 2155 3714 2215 delectemur

2059 2245 2348 2302 exsultare
2377 2247 2694 2302 beneﬁciis.
2730 2247 2852 2304 Per.

2131 2336 2471 2391 Communia.
2505 2335 2762 2400 Dimitte,
2784 2352 3142 2407 quaesumus,
3175 2337 3440 2405 Domine,
3473 2342 3715 2409 peccata

2060 2429 2279 2492 nostra,
2311 2429 2368 2479 et
2389 2424 2578 2479 tribue
2600 2424 2769 2479 nobis
2787 2423 3250 2481 misericordiam
3264 2429 3450 2492 tuam,
3474 2425 3714 2498 orisque

2061 2513 2244 2568 nostri
2289 2511 2544 2584 alloquio
2601 2512 2945 2584 deprecatus
2996 2517 3257 2569 nostram
3307 2512 3714 2570 humilitatem

2058 2601 2309 2668 attende,
2357 2599 2586 2656 vincula
2617 2600 2794 2668 solve,
2829 2601 3040 2658 delicta
3067 2601 3214 2670 dele,
3265 2601 3714 2660 tribulationem

2055 2689 2297 2762 inspice,
2321 2689 2731 2745 adversitatem
2757 2689 2991 2762 repelle,
3009 2691 3396 2763 effectumque
3407 2691 3712 2764 petitionis

2057 2783 2265 2834 nostra).
2289 2778 2512 2850 jugiter
2541 2777 2858 2834 clementer
2885 2779 3114 2834 exaudi.
3149 2778 3274 2834 Per.

2482 2910 2653 2950 MISSA
2694 2912 2750 2949 IN
2788 2912 3054 2950 TEMPORE
3094 2911 3274 2951 BELLI.

2127 3001 2331 3056 Oratio.
2367 2999 2750 3072 Omnipotens
2797 3005 2852 3055 et
2883 3000 3213 3056 misericors
3261 3006 3413 3058 Deus
3462 3017 3499 3058 θ.
3525 3001 3708 3059 bello-

2055 3107 2182 3144 rum
2217 3107 2344 3156 nos,
2380 3106 2741 3162 quaesumus,
2769 3088 3000 3144 turbine
3018 3089 3105 3144 fac
3125 3089 3378 3162 quietos,
3402 3089 3710 3162 quiabona

2049 3178 2218 3234 nobis
2247 3179 2572 3251 praestabis,
2597 3178 2646 3233 si
2670 3194 2870 3250 pacem
2899 3178 3128 3235 dederis
3157 3181 3215 3234 et
3244 3178 3463 3236 mentis
3500 3182 3558 3236 et
3585 3196 3713 3236 cor-

2048 3267 2226 3339 poris.
2263 3265 2387 3322 Per.

2119 3356 2352 3411 Secreta.
2387 3355 2776 3421 Sacrificium,
2807 3361 2940 3424 etc.,
2977 3359 3032 3410 ut
3062 3358 3122 3411 in
3151 3355 3330 3412 editis.

2121 3444 2461 3500 Communia.
2529 3443 2891 3500 Sacrosancti
2957 3445 3218 3517 corporis
3273 3447 3330 3502 et
3394 3445 3706 3518 sanguinis

2051 3534 2277 3590 Domini
2328 3532 2512 3589 nostri
2551 3533 2690 3589 Jesu
2750 3533 2964 3589 Christi
3014 3534 3322 3590 refectione
3368 3534 3704 3604 confortati,

2049 3621 2345 3696 supplices
2379 3627 2433 3677 te
2467 3638 2762 3693 rogamus,
2796 3622 3168 3694 omnipotens
3187 3623 3362 3690 Deus,
3388 3626 3456 3676 ut
3481 3621 3592 3678 hoc
3620 3639 3708 3680 re-

2051 3711 2241 3766 medio
2271 3709 2553 3782 singulari
2583 3709 2655 3764 ab
2680 3710 2946 3765 omnium
2969 3716 3338 3782 peccatorum
3360 3727 3467 3766 nos
3488 3703 3707 3785 cogita-

2037 3789 2206 3854 'tione
2239 3798 2530 3870 puritices,
2556 3801 2613 3852 et
2643 3798 3078 3870 apericulorum
3113 3799 3347 3856 munias
3369 3799 3705 3858 incursione

2050 3893 2416 3942 cunctorum.
2449 3890 2556 3942 Per
2579 3886 2872 3942 eumdem.

2429 4017 2600 4056 MISSA
2641 4017 2751 4055 PRO
2792 4017 3309 4067 PERSEQUENTIBUS.

2123 4109 2328 4164 Oratio.
2359 4107 2626 4163 Hostium
2671 4112 3029 4174 nostrorum,
3063 4124 3423 4180 quaesumus,
3455 4107 3707 4165 Domine

2050 4197 2225 4264 Deus,
2260 4195 2408 4252 elide
2432 4195 2794 4268 superbiam,
2825 4201 2882 4251 et
2905 4213 3006 4268 per
3027 4197 3502 4254 intercessionem
3522 4197 3705 4254 beatas

2053 4285 2246 4341 Maria:
2279 4283 2557 4357 Virginis,
2581 4289 2640 4340 et
2669 4284 2933 4340 omnium
2957 4289 3298 4340 sanctorum
3331 4285 3577 4342 dextere
3591 4290 3708 4342 tum

2049 4375 2266 4430 virtute
2301 4377 2622 4446 prosterne.
2659 4373 2784 4430 Per.

2121 4464 2354 4520 Secreta.
2390 4463 2594 4534 Hujus.
2639 4461 2902 4529 Domine,
2937 4479 3303 4534 quaesumus,
3332 4461 3552 4519 virtute
3583 4477 3710 4534 my-

2051 4553 2209 4608 sterii
2245 4569 2348 4625 per
2393 4549 2870 4607 intercessionem
2903 4551 3085 4608 beatae
3117 4550 3310 4607 Mariae
3359 4550 3620 4624 Virginis
3649 4554 3710 4606 et

2051 4640 2315 4696 omnium
2349 4644 2686 4695 sanctorum
2701 4656 2735 4694 a
2757 4639 2972 4694 nostris
2991 4639 3348 4696 mundemur
3369 4637 3637 4706 occultis,
3652 4639 3709 4694 et

2047 4729 2121 4784 ab
2155 4727 2531 4784 inimicorum
2564 4726 2885 4782 liberamur
2913 4727 3164 4784 insidiis.
3191 4728 3316 4784 Per.

2121 4818 2459 4874 Communia.
2489 4816 2776 4885 Viviticet,
2819 4832 3178 4888 quaesumus,
3213 4815 3481 4882 Domine,
3510 4815 3708 4889 propi-

2049 4906 2212 4962 tiatio
2243 4907 2329 4961 tui
2359 4910 2561 4960 sancta
2578 4905 2861 4977 mysterii,
2879 4908 2937 4960 et
2956 4921 3058 4977 per
3073 4904 3284 4960 merita
3312 4904 3494 4960 beate
3513 4901 3709 4960 Maria:

2051 4992 2329 5064 Virginis.
2363 4997 2420 5047 et
2447 4996 2785 5046 sanctorum
2806 4990 3068 5047 omnium
3089 4989 3494 5063 pariternobis
3517 4990 3712 5064 eXpia-

2049 5081 2269 5137 tionem
2301 5080 2523 5136 tribuat
2553 5085 2611 5135 et
2641 5079 2966 5136 munimen.
3002 5079 3126 5135 Per.

2353 5213 2526 5252 MISSA
2566 5213 2620 5250 IN
2654 5211 2923 5250 TEMPORE
2961 5192 3424 5252 ΜοιῑτΔιιτΑτιεῖ

2435 5285 2618 5340 Oratio
2641 5287 2696 5339 et
2722 5292 2927 5340 secreta
2957 5291 3020 5340 ut
3050 5286 3110 5339 in
3139 5285 3320 5340 editis.

2123 5392 2465 5448 Communia.
2493 5391 2870 5446 Sacramenta
2886 5407 3398 5463 nos,quazsumus,
3433 5391 3708 5458 Domine,

2052 5486 2154 5536 tua
2167 5483 2367 5536 sancta
2398 5481 2718 5547 sumentes,
2742 5483 2800 5534 et
2829 5479 3070 5536 abomni
3087 5480 3374 5554 propitius
3393 5479 3714 5554 iniquitate

2054 5574 2113 5628 et
2141 5566 2404 5646 periculo
2428 5566 2690 5626 defende.
2727 5567 2854 5626 Per.
