3896 6216
590 397 759 437 MISSA
789 398 900 437 PRO
930 398 1059 436 ITER
1086 396 1420 435 AGENTIBUS.

570 470 753 526 Oratio
782 475 835 524 et
863 477 1064 525 secreta
1092 477 1153 525 ut
1183 471 1245 524 in
1273 468 1453 524 editis.

257 559 587 614 Communia.
621 558 776 614 Deus
806 558 1051 614 infinitae
1083 557 1494 614 misericordiae
1538 562 1596 612 et
1645 558 1827 630 maje-

184 646 350 703 atatis
380 646 703 714 immensae,
737 664 913 720 quem
944 664 1050 703 nec
1081 646 1271 718 spatia
1300 646 1587 715 locorum,
1613 664 1717 702 nec
1740 646 1825 701 in-

182 734 413 791 tervalla
442 737 903 807 temporum,‘ab
927 735 1041 804 his,
1068 752 1217 807 quos
1241 735 1446 801 tueris,
1467 735 1821 808 abjungunt,

182 824 377 879 adesto
410 823 645 880 famulis
672 824 792 880 tuis
821 825 878 879 in
910 829 966 880 te
998 823 1215 896 ubique
1246 823 1587 891 ﬁdentibus,
1619 828 1676 879 et
1724 841 1827 896 per

182 929 430 981 onmem,
465 929 645 984 quam
677 913 814 968 ituri
847 916 986 969 sunt
1015 913 1195 979 viam,
1226 913 1344 968 dux
1387 912 1470 968 eis
1520 918 1577 970 et
1626 929 1822 968 comes

180 1018 303 1057 esse
332 1001 607 1073 dignare;
642 1000 789 1056 nihil
812 1001 897 1057 eis
922 1000 1293 1058 adversitatis
1315 1007 1540 1069 noceat,
1567 1001 1646 1056 nil
1669 1001 1824 1056 diffi-

180 1090 411 1146 cultatis
441 1090 710 1156 obsistat,
742 1094 952 1147 cuncta
981 1090 1065 1146 eis
1115 1089 1398 1156 salubria,
1445 1093 1657 1145 cuncta
1708 1089 1827 1144 sint

176 1194 472 1251 prospera,
505 1183 573 1234 ut
602 1179 713 1235 sub
742 1196 850 1252 ope
880 1180 1124 1235 dextera:
1167 1182 1279 1234 tum
1330 1178 1616 1251 quidquid
1657 1180 1825 1251 justo

178 1266 522 1340 expetierint
569 1266 857 1323 desiderio
911 1266 1082 1323 celeri
1132 1271 1567 1339 consequantur
1596 1267 1823 1323 effectu.

178 1355 295 1411 Per.

242 1478 408 1517 MISSA
459 1479 516 1516 IN
570 1478 665 1517 DIE
712 1477 1100 1517 DEPOSITIONIS
1150 1477 1448 1526 DEFUNCTI,
1505 1477 1589 1527 III,
1636 1459 1722 1516 νει
1745 1479 1822 1528 VI,

874 1531 963 1588 vel
994 1549 1122 1586 xxx.

543 1622 725 1677 Oratio
754 1628 815 1677 ut
832 1623 894 1676 in
922 1620 1085 1677 editis
1115 1621 1205 1676 die
1233 1622 1365 1676 terti
1381 1637 1429 1677 0.

243 1715 481 1767 Secreta.
495 1711 728 1775 Adesto,
742 1709 1006 1775 Domine,
1039 1708 1570 1782 supplicationibus
1606 1708 1827 1765 nostris

172 1805 225 1856 et
253 1799 401 1856 hanc
434 1798 813 1865 oblationem,
834 1815 1012 1870 quam
1034 1798 1140 1853 tibi
1166 1798 1466 1854 offerimus
1488 1815 1593 1870 pro
1632 1798 1830 1854 anima

174 1888 372 1945 famuli
404 1887 499 1944 tui
530 1887 597 1942 N.
630 1887 688 1942 in
722 1888 817 1943 die
866 1887 1249 1959 depositionis
1297 1887 1423 1957 ejus
1473 1887 1643 1942 tertio
1697 1888 1833 1957 (vel-

176 1978 421 2049 septimo
440 1978 527 2032 vel
548 1975 892 2045 tricesimo),
916 1974 1182 2048 placidus
1203 1992 1270 2030 ac
1287 1974 1578 2047 benignus
1593 1990 1829 2030 assume

182 2071 303 2122 Per.
966 2132 969 2135 ι

244 2154 583 2211 Communia.
619 2153 1002 2224 Omnipotens
1033 2152 1380 2224 simpiterne
1428 2156 1603 2214 Deus,
1656 2150 1831 2207 collo-

178 2260 302 2299 care
324 2244 575 2316 dignare
596 2242 825 2297 animas
843 2240 1199 2297 famulorum
1219 2240 1691 2312 famularumque
1707 2244 1833 2295 tua-

176 2348 324 2398 rum,
350 2331 593 2387 illorum
610 2345 863 2400 quorum
877 2329 1033 2385 diem
1047 2328 1412 2385 celebramus
1424 2328 1828 2402 depositionis,

175 2419 231 2473 in
261 2420 495 2475 sinibus
523 2418 845 2486 Abraham,
880 2419 1042 2474 Isaac
1074 2422 1132 2473 et
1160 2417 1361 2483 Jacob,
1394 2422 1460 2473 ut
1511 2434 1645 2472 cum
1699 2418 1826 2473 dies

170 2507 488 2580 agnitionis
520 2512 630 2563 tuae
662 2506 982 2574 advenerit,
1016 2506 1170 2561 inter
1199 2510 1433 2562 sanctos
1454 2509 1586 2561 tuos
1618 2510 1674 2561 et
1711 2505 1829 2561 ele-

172 2601 293 2653 ctos
324 2595 663 2653 resuscitari
686 2594 1011 2668 praecipias.
1047 2594 1171 2650 Per.

420 2701 593 2740 MISSA
622 2700 733 2739 PRO
764 2701 880 2739 Ι]Νο
907 2700 1229 2739 SACERDOTE
1260 2698 1574 2738 DEFUNCTO.

241 2776 449 2831 Oratio.
486 2773 644 2829 Beati
678 2771 891 2827 Floridi
924 2772 1275 2829 confessoris
1317 2770 1427 2839 tui,
1482 2787 1830 2842 quaesumus

175 2863 444 2929 Domine,
477 2860 891 2916 intercessione
914 2877 1021 2915 nos
1053 2864 1310 2933 protege,
1353 2864 1411 2915 et
1438 2858 1698 2915 animam
1746 2858 1828 2913 fa-

176 2949 322 3005 muli
344 2947 432 3003 tui
450 2947 769 3003 sacerdotis
789 2951 1126 3002 sanctorum
1140 2952 1379 3003 tuorum
1394 2949 1578 3020 junge
1594 2963 1830 3003 consor-

176 3038 295 3093 tiis.
316 3037 443 3091 Per.

998 250 1376 309 EXCERPT.
1424 249 1523 308 EX
1569 248 1797 309 CODD.
1845 247 2159 309 LITURG.
2206 248 2793 310 FONTAVELLAN.

3483 253 3603 315 906

1866 381 1922 448 Α
1950 380 2180 435 animas
2210 379 2567 435 famulorum
2588 386 2825 437 tuorum
2848 382 3341 441 subdiaconorum
3364 385 3424 440 in
3448 384 3602 443 lucis

1936 472 2164 524 aeterna:
2195 468 2463 541 perﬁcias
2496 469 2730 542 regione
2762 471 3038 542 gaudere.
3074 473 3200 527 Per.

2010 558 2351 614 Communia.
2376 558 2476 613 His
2502 557 3210 630 sacriﬁciis,qua:sumus,
3227 563 3606 635 omnipotens

1936 646 2111 713 Deus,
2144 650 2472 718 purgentur
2503 646 2716 701 animze
2740 651 2793 701 et
2818 646 3061 719 spiritus
3083 647 3441 704 famulorum
3476 657 3602 707 tuo-

1933 752 2067 789 rum
2096 733 2611 803 subdiaconorum,
2633 740 2695 789 ut
2717 735 2787 789 ad
2812 735 3238 807 indulgentiam
3265 742 3324 792 et
3348 738 3588 811 refrige-

1936 823 2089 878 rium
2123 824 2545 895 sempiternum
2574 823 2877 895 parvanire
2905 828 3260 880 mereantur.
3295 826 3422 880 Per.

2194 902 2199 907 ’
2355 930 2520 968 ΜΙΒΞΔ
2553 930 2662 968 Pno
2692 930 2798 968 uno
2828 929 3145 969 DBFUNCTO.

2008 1002 2207 1057 Oratio.
2238 1002 2619 1073 Omnipotens
2667 1002 3023 1074 sempiterne
3072 1002 3248 1072 Deus,
3294 1004 3388 1058 cui
3438 1021 3593 1058 nun-

1937 1106 2115 1161 quam
2146 1089 2270 1145 sine
2300 1106 2402 1163 spe
2422 1091 2835 1163 miseﬁzordia
2857 1090 3244 1163 supplicatur,
3267 1092 3587 1165 propitiare

1928 1178 2145 1233 animae
2177 1178 2382 1234 famuli
2414 1179 2521 1245 tui,
2555 1184 2620 1233 ut
2650 1180 2752 1250 qui
2784 1180 2855 1235 de
2884 1181 2993 1235 hac
3014 1179 3132 1235 vita
3159 1180 3218 1236 in
3253 1182 3337 1236 tui
3393 1182 3590 1238 nomi-

1936 1267 2029 1323 nis
2041 1267 2405 1323 confessione
2426 1268 2718 1335 discessit,
2740 1273 3076 1324 sanctorum
3096 1273 3331 1324 tuorum
3351 1287 3598 1326 numero

1940 1356 2119 1411 facias
2150 1356 2473 1430 aggregari.
2500 1357 2624 1412 Per.

2008 1444 2240 1500 Secreta.
2274 1444 2613 1516 Propitiare,
2658 1462 3017 1516 quznsumus,
3067 1446 3331 1513 Domine,
3378 1446 3589 1501 animae

1937 1532 2144 1589 famuli
2174 1535 2260 1588 tui
2292 1533 2383 1600 N.,
2419 1550 2521 1600 pro
2553 1550 2668 1605 quo
2696 1534 2802 1589 tibi
2834 1533 3058 1589 hostias
3090 1533 3434 1604 placationis
3457 1534 3598 1589 olfe-

1938 1623 2145 1693 rimus,
2179 1626 2253 1690 et,
2278 1621 2417 1694 quia
2448 1622 2506 1677 in
2538 1622 2647 1678 hac
2678 1622 2807 1678 luce
2830 1623 2887 1677 in
2914 1623 3024 1677 fide
3048 1622 3266 1677 mansit
3286 1621 3593 1689 catholica,

1937 1708 1996 1764 in
2027 1711 2224 1766 futura
2250 1711 2369 1765 vita
2399 1711 2449 1766 ei
2474 1709 2777 1765 retributio
2801 1710 3051 1765 cmlcstis
3072 1710 3270 1783 gaudii
3308 1710 3597 1765 condone-

1942 1805 2056 1854 tur.
2078 1803 2206 1853 Per.

2014 1888 2353 1944 Communia.
2378 1888 2615 1955 Praesta,
2641 1904 3003 1960 quaasumus,
3027 1888 3398 1961 omnipotens
3420 1889 3595 1945 Deus.

1943 1962 2007 2031 ut
2037 1975 2236 2031 anima
2267 1975 2471 2031 famuli
2503 1975 2587 2030 tui
2621 1977 2686 2030 N.
2722 1977 2792 2030 ab
2825 1976 3050 2048 angelis
3071 1976 3222 2032 lucis
3244 1977 3599 2048 susceptain

1943 2069 2267 2137 praeparata
2296 2064 2631 2120 habitacula
2663 2063 2871 2119 deduci
2904 2064 3086 2119 facias
3110 2065 3438 2119 beatorum.
3470 2066 3599 2120 Per.

2265 2170 2434 2209 MISSA
2464 2170 2573 2208 PRO
2607 2169 2894 2208 PLURIBUS
2924 2170 3254 2208 DEFUNCTIS.
3356 2226 3359 2231 ⁴

2015 2242 2217 2297 Oratio.
2251 2241 2423 2309 Deus,
2457 2243 2629 2313 cujus
2660 2241 3070 2296 misericordia:
3102 2257 3217 2295 non
3249 2245 3337 2296 est
3390 2258 3603 2296 nume-

1944 2347 2065 2397 rus,
2091 2329 2323 2402 suscipe
2345 2329 2633 2402 propitius
2654 2346 2755 2401 pro
2769 2328 3446 2384 animabusfamulorum
3462 2333 3597 2384 tuo-

1944 2436 2077 2474 rum
2110 2435 2308 2491 preces
2340 2423 2593 2484 nostras,
2628 2424 2685 2472 et
2714 2417 2863 2472 lucis
2896 2417 2980 2473 cis
3011 2416 3274 2472 laetitiam
3307 2404 3502 2489 atque.
3537 2417 3598 2472 in

1945 2508 2179 2580 regione
2201 2511 2535 2562 sanctorum
2559 2511 2795 2561 tuorum
2824 2506 3160 2562 societatem
3180 2506 3449 2562 concede.
3470 2506 3597 2561 Per.

2013 2595 2365 2651 Secreta.Pro
2377 2594 2594 2666 requie,
2611 2594 2873 2659 Domine,
2890 2595 3225 2650 animarum
3241 2592 3596 2651 famulorum

1943 2690 2181 2740 tuorum
2213 2684 2280 2738 N.
2316 2683 2548 2754 suscipe
2576 2682 2854 2751 hostiam,
2888 2700 3066 2754 quam
3088 2685 3149 2737 tu
3175 2683 3292 2737 Deo
3315 2684 3468 2738 Patri
3490 2699 3597 2754 pro

1944 2771 2113 2827 nobis
2146 2770 2409 2827 obtulisti
2441 2770 2778 2843 benignam,
2813 2775 2880 2825 ut
2909 2770 3009 2841 qui
3054 2787 3232 2825 causa
3282 2769 3593 2825 hominum

1942 2858 2297 2916 descendisti
2328 2860 2399 2914 de
2430 2858 2609 2925 caelis,
2644 2864 2699 2914 te
2729 2859 3007 2913 redeunte
3024 2862 3359 2914 mereantur
3394 2875 3597 2915 nume-

1944 2950 2059 3004 rari
2089 2950 2149 3003 in
2181 2948 2474 3003 consortio
2501 2952 2860 3015 sanctorum,
2891 2947 2990 3019 qui
3022 2964 3155 3001 cum
3191 2947 3302 3001 Deo
3323 2947 3491 3002 Patre
3541 2951 3595 3002 et

1940 3038 2159 3111 Spiritu
2190 3040 2392 3093 sancto
2421 3037 2568 3090 vivis
2591 3042 2648 3091 et
2667 3052 2877 3109 regnas
2898 3035 2955 3090 in
2982 3035 3192 3091 saacula
3212 3035 3587 3091 saeculorum.

247 3126 484 3179 Secreta.
537 3123 799 3194 Suscipe,
852 3139 1214 3195 quassamus,
1267 3124 1536 3192 Domine,
1605 3124 1829 3180 hostias
1859 3110 1903 3177 C
2016 3127 2362 3183 Communia.
2398 3125 2528 3179 Haec
2557 3140 2662 3179 nos
2694 3124 3050 3189 communio,
3084 3123 3349 3189 Domine,
3380 3129 3595 3196 purget

174 3204 526 3284 placationis
556 3215 613 3267 et
641 3210 833 3266 laudis
879 3227 1027 3283 quas
1073 3211 1180 3266 tibi
1231 3212 1291 3267 in
1340 3213 1621 3268 honorem
1670 3213 1825 3268 beati

178 3300 391 3357 Floridi
425 3300 776 3357 confessoris
805 3300 891 3355 tui
925 3300 1349 3355 consecrandas
1396 3299 1732 3368 deferimus,
1772 3304 1828 3356 et

177 3406 278 3461 pro
311 3388 511 3460 requie
542 3387 747 3444 famuli
775 3388 862 3444 tui
895 3389 1214 3444 sacerdotis
1251 3389 1319 3443 N.
1348 3387 1453 3443 tibi
1487 3388 1829 3460 suppliciter

176 3476 575 3534 immolemus.
610 3478 737 3533 Per.

249 3567 587 3623 Communia.
622 3567 959 3623 Ascendant
985 3566 1056 3621 ad
1091 3570 1167 3633 te,
1204 3566 1471 3632 Domine,
1503 3582 1706 3639 preces
1732 3582 1829 3621 no-

174 3658 331 3724 strae,
366 3660 423 3711 et
451 3656 711 3712 animam
739 3654 943 3711 famuli
988 3655 1072 3710 tui
1124 3654 1445 3711 sacerdotis
1491 3654 1559 3710 N.
1613 3654 1830 3727 gaudia

177 3748 390 3800 aeterna
421 3745 766 3817 suscipiant,
797 3749 855 3799 et
874 3760 1050 3816 quem
1084 3743 1271 3799 fecisti
1289 3741 1619 3816 adoptionis
1645 3743 1829 3816 parti-

178 3831 387 3904 cipem,
411 3833 624 3904 jubeas
653 3832 1135 3889 haereditatistuaz
1163 3849 1292 3888 esse
1313 3836 1661 3889 consortem.
1698 3832 1826 3888 Per.

478 3938 646 3976 MISSA
676 3938 786 3977 PRO
818 3938 1160 3978 DIACONIBUS
1191 3939 1521 3978 DEFUNCI‘IS.

248 4011 454 4065 Oratio.
471 4010 706 4075 Adesto,
729 4010 996 4080 Domine,
1020 4010 1551 4082 supplicationibus
1589 4009 1826 4078 nostris,

175 4101 230 4153 et
259 4098 470 4153 animae
501 4097 862 4152 famulorum
893 4102 1131 4154 tuorum
1163 4099 1566 4167 diaconorum,
1602 4103 1661 4154 et
1709 4115 1831 4156 om-

176 4186 339 4241 nium
368 4184 713 4239 clericorum
736 4189 849 4240 tua:
868 4186 1300 4258 propitiationis
1322 4188 1751 4243 abundantiam
1774 4191 1831 4242 et

174 4271 602 4346 indulgentiam
630 4278 1081 4345 consequantur,
1115 4279 1173 4329 et
1198 4274 1348 4331 lucis
1399 4280 1687 4348 perpetua:
1725 4276 1830 4331 tri-

179 4362 324 4418 buas
353 4360 438 4417 eis
471 4362 859 4418 mansionem.
893 4366 1022 4417 Per.

1937 3232 1971 3270 a
1997 3213 2259 3282 crimine,
2293 3218 2347 3269 et
2370 3212 2681 3267 animabus
2703 3211 3059 3267 famulorum
3084 3216 3318 3267 tuorum
3333 3211 3590 3269 caelestis

1937 3303 2135 3376 gaudii
2168 3302 2389 3358 tribuat
2418 3301 2802 3369 consortium,
2834 3304 2901 3356 ut
2930 3304 3061 3355 ante
3092 3300 3371 3356 thronum
3388 3299 3589 3372 gloriae

1936 3399 2048 3448 tum
2071 3395 2383 3465 segregata:
2406 3407 2540 3446 cum
2564 3389 2800 3457 dextris,
2824 3389 2966 3444 nihil
2989 3405 3301 3445 commune
3325 3383 3594 3445 habeant

1938 3498 2070 3537 cum
2106 3478 2384 3535 sinistris.
2418 3479 2543 3535 Per.

2235 3586 2404 3624 MISSA
2436 3583 2819 3624 ΡιυῐιιΜοΙιωι
2840 3584 3208 3623 DEFUNCTORU
3218 3585 3282 3622 Μ.

2011 3659 2215 3714 Oratio.
2250 3656 2422 3722 Deus,
2455 3656 2546 3711 cui
2574 3656 2875 3728 proprium
2906 3660 2995 3711 est
3024 3672 3255 3729 semper
3292 3656 3583 3728 misereri,

1940 3753 1998 3803 et
2024 3763 2224 3819 preces
2246 3745 2518 3801 exaudire
2532 3744 3014 3817 supplicantium,
3031 3744 3347 3817 propitiare
3366 3744 3595 3801 anima-

1940 3837 2052 3890 bus
2080 3833 2434 3889 famulorum
2452 3837 2693 3890 tuorum
2712 3834 2804 3901 N.,
2827 3837 2890 3888 ut
2910 3837 2965 3888 te
2992 3832 3315 3889 miserante
3339 3850 3371 3889 a
3395 3849 3602 3906 pecca-

1939 3929 2132 3979 torum
2152 3921 2403 3978 vinculis
2428 3922 2702 3993 absoluti,
2727 3923 2798 3978 ad
2820 3927 3043 3978 aeternae
3085 3920 3468 3979 beatitudinis
3514 3940 3604 3979 re-

1942 4011 2140 4085 quiem
2170 4011 2472 4082 pervenire
2502 4015 2857 4066 mereantur.
2901 4012 3022 4066 Per.

2012 4102 2245 4156 Secreta.
2280 4100 2542 4171 Suscipe,
2577 4098 3034 4156 clementissime
3066 4100 3255 4166 Pater,
3289 4117 3393 4171 pro
3439 4100 3600 4155 com-

1942 4187 2361 4244 memoratione
2386 4188 2741 4244 famulorum
2766 4192 3002 4247 tuorum
3028 4186 3094 4241 N.
3126 4187 3381 4242 hostiam
3406 4187 3601 4260 placa-

1943 4278 2118 4333 tionis
2148 4281 2204 4331 et
2233 4276 2446 4343 laudis,
2480 4281 2545 4332 ut
2575 4276 2848 4332 sacrificii
2906 4276 3209 4348 praesentis
3258 4274 3476 4330 oblatio
3525 4277 3600 4331 ad

1944 4365 2313 4438 refrigerium
2346 4366 2677 4420 animarum
2712 4382 2915 4420 eorum
2946 4370 3000 4419 te
3046 4362 3359 4419 miserante
3408 4380 3607 4435 perve~

243 4451 479 4506 Secreta.
512 4450 735 4506 Exaudi
785 4468 913 4519 nos,
964 4454 1166 4507 sancte
1214 4450 1384 4507 Pater
1431 4452 1827 4523 omnipotens,
1862 4474 1909 4540 υ
1944 4454 2084 4509 niat.
2107 4454 2230 4509 Per.

180 4543 384 4595 :eternc
416 4539 591 4608 Deus,
625 4544 691 4595 ut
720 4539 812 4595 his
843 4539 1027 4596 sacris
1057 4538 1402 4596 muneribus
1425 4538 1687 4612 placatus
1704 4541 1827 4595 ani-

182 4644 305 4683 mas
336 4628 604 4684 omnium
637 4628 994 4685 famulorum
1028 4633 1264 4684 tuorum
1315 4627 1695 4684 diaconorum
1741 4646 1831 4685 re-

183 4717 439 4788 demptio
473 4718 831 4790 sempiterna
852 4718 1170 4791 possideat.
1205 4718 1328 4774 Per.

251 4805 588 4862 Communia.
613 4806 994 4879 Omnipotens
1016 4810 1226 4862 mterne
1256 4806 1429 4874 Deus,
1462 4797 1694 4879 suscipe
1708 4822 1835 4879 pro-

184 4892 361 4962 pitius
404 4911 607 4968 preces
660 4900 891 4951 nostras
951 4912 1054 4967 pro
1114 4894 1425 4950 animabus
1474 4893 1829 4950 famulorum

185 4984 415 5039 tuorum
448 4984 851 5051 diaconorum,
885 4988 949 5039 ut
975 4984 1035 5039 in
1063 4982 1211 5039 lucis
1242 4982 1475 5056 regione
1496 5000 1595 5040 eas
1616 4983 1676 5039 in
1704 5000 1832 5039 san-

184 5075 404 5128 ctorum
438 5078 674 5128 tuorum
705 5089 950 5128 numero
981 5070 1163 5128 facias
1193 5072 1519 5145 aggregari.
1556 5072 1682 5131 Per.

619 5178 784 5218 MISSA
800 5178 911 5217 PRO
925 5177 1400 5217 SUBDIACONIBUS.

256 5252 459 5305 Oratio.
498 5251 671 5316 Deus,
704 5249 797 5306 cui
828 5249 1133 5322 proprium
1165 5255 1254 5305 est
1285 5248 1548 5306 misereri
1597 5267 1831 5323 semper

187 5340 238 5389 et
270 5354 520 5406 parcere,
556 5344 689 5407 etc.,
724 5346 787 5394 ut
817 5340 878 5392 in
898 5337 1076 5393 aditis.

222 5427 486 5501 LSecrata.
521 5426 831 5482 Offerimus
863 5425 989 5493 tibi,
1043 5426 1304 5492 Domine,
1365 5425 1591 5483 hostias
1640 5427 1828 5501 placa-

186 5510 359 5569 tionis
387 5519 444 5570 et
475 5513 686 5581 laudis,
724 5519 789 5570 ut
807 5518 1099 5586 perpetuae
1124 5512 1536 5571 misericordiae
1560 5518 1826 5591 largitate

498 5642 765 5702 PATROL.
811 5641 961 5700 CLI.

2014 4544 2356 4598 Communia.
2385 4542 2651 4607 Absolve,
2687 4559 3054 4614 quaesumus,
3079 4539 3345 4606 Domine,
3370 4540 3603 4596 animas

1942 4630 2297 4687 famulorum
2331 4635 2565 4685 tuorum
2598 4631 2664 4684 Ν.
2700 4632 2771 4685 ab
2800 4632 3065 4686 omnium
3098 4627 3330 4684 vinculo
3361 4624 3602 4684 delicto-

1944 4736 2095 4784 rum,
2121 4723 2186 4772 ut
2216 4719 2275 4773 in
2310 4717 2752 4774 resurrectionis
2784 4717 2970 4791 gloria
3002 4718 3154 4773 inter
3183 4721 3416 4772 sanctos
3467 4721 3604 4773 tuos

1944 4806 2276 4862 resuscitati
2308 4806 2617 4878 respirent.
2653 4807 2772 4862 Per.

2335 4912 2505 4949 MISSA
2538 4912 2647 4949 PRO
2680 4912 2889 4951 l-‘EMINA
2922 4912 3236 4951 DEFUNCTA.

2014 4985 2217 5040 Oratio.
2252 4983 2638 5055 Omnipotens
2670 4984 3026 5055 sempiterne
3059 4985 3235 5051 Deus,
3259 4984 3526 5040 conditor
3547 4988 3604 5039 et

1942 5073 2275 5144 redemptor
2299 5072 2632 5126 animarum
2657 5072 2755 5144 qui
2785 5073 3098 5128 animabus
3121 5078 3601 5129 sanctorumtuo-

1942 5178 2070 5216 rum
2094 5166 2317 5216 internas
2349 5160 2734 5216 beatitudinis
2766 5160 3072 5233 praeminm
3094 5161 3417 5228 contulisti,
3457 5178 3601 5232 prae-

1942 5256 2053 5317 sta,
2091 5264 2454 5320 quaesumus,
2480 5253 2545 5302 ut
2572 5248 2772 5304 anima
2803 5247 3036 5303 famula
3069 5253 3187 5305 tua;
3220 5248 3287 5304 N.
3319 5264 3495 5320 quam
3528 5248 3600 5301 de

1940 5338 2045 5393 hoc
2080 5335 2289 5392 saeculo
2322 5335 2574 5410 migrare
2596 5336 2857 5408 jussisti,
2897 5339 3067 5407 cujus
3099 5334 3603 5393 commemoratio~

1941 5444 2069 5481 nem
2108 5425 2358 5499 agimus,
2392 5430 2731 5481 sanctorum
2765 5424 3056 5480 consortio
3104 5426 3320 5496 perfrui
3374 5439 3607 5479 merea-

1942 5524 2055 5572 tur.
2098 5514 2221 5569 Per.

3203 5641 3283 5699 29
