3896 6216
307 305 424 368 903

1536 302 1724 367 ειΕο.
1768 302 1848 365 XI
1889 299 2202 366 MONUM.
2251 300 2482 364 AUCT.

3591 275 3736 362 9'04

305 438 511 496 famuli
567 437 654 494 tui
713 438 813 510 qui
862 437 968 494 tibi
1013 442 1206 494 mente
1253 441 1309 494 et
1338 439 1508 494 corde
1567 453 1629 492 se
1686 452 1956 509 peccasse
1986 437 2039 504 Α
2068 435 2224 490 renis
2271 433 2576 489 affectibus
2617 433 2828 506 expiati
2867 435 2940 490 ad
2994 431 3234 507 superni
3282 431 3734 506 plenitudinem

303 527 556 602 graviter
583 525 919 596 confitetur;
945 530 1002 582 et
1029 531 1258 599 praesta,
1283 531 1350 582 ut
1367 541 1468 599 per
1487 526 1837 582 oblationem
1861 525 1938 579 tui

303 615 562 690 corporis
583 621 640 672 et
669 615 995 688 sanguinis,
1019 633 1195 689 quam
1220 616 1324 671 tibi
1355 632 1460 688 pro
1488 615 1614 687 ipso
1645 613 1942 669 offerimus

297 707 530 762 veniam
561 706 871 778 impetrare
898 705 1216 760 valeamus.
1247 705 1369 760 Per.

377 796 714 851 Communia.
765 794 1000 861 Refecti,
1053 810 1412 864 quaesumus,
1469 791 1729 856 Domine,
1791 789 1943 846 datis

305 884 446 951 tuis,
479 887 537 938 te
565 881 859 955 supplices
889 897 1218 948 exoramus,
1249 884 1315 936 ut
1339 897 1614 937 converso
1645 881 1821 936 fratre
1839 896 1940 934 no-

302 978 423 1030 stre
449 972 520 1027 ad
554 971 706 1026 viam
745 969 1011 1041 justitiaz,
1045 970 1264 1025 fontem
1295 966 1684 1041 lacrymarum
1717 969 1775 1022 in
1807 984 1941 1023 eum

300 1059 623 1128 concutias,
655 1063 710 1115 et
739 1076 809 1114 ne
840 1057 994 1113 ultra
1021 1057 1276 1129 lugenda
1303 1057 1648 1123 committat,
1683 1073 1815 1112 eum
1849 1072 1944 1128 pa-

297 1155 465 1208 terna
492 1148 704 1221 pietate
736 1146 986 1203 custodi.
1011 1151 1138 1203 Per.

601 1253 712 1291 PRO
750 1252 1184 1292 CONFITENTIBUS
1225 1251 1466 1291 PECCATA
1503 1253 1630 1290 SUA.

371 1327 576 1382 Oratio.
611 1323 850 1392 Exaudi,
904 1341 1263 1396 quaesumus,
1305 1324 1570 1388 Domine,
1605 1322 1939 1396 supplicum

296 1431 518 1487 preces,
550 1418 682 1480 etc.,
717 1417 780 1468 ut
812 1415 870 1468 in
901 1414 1116 1469 litaniis
1145 1413 1320 1470 editis.

365 1502 600 1558 Secreta.
634 1502 866 1557 Hostias
905 1502 1036 1569 tibi,
1067 1501 1332 1567 Domine,
1377 1500 1722 1574 placationis
1751 1499 1937 1555 offeri-

297 1609 454 1660 mus,
483 1596 549 1646 ut
569 1590 780 1646 delicta
800 1595 1000 1646 nostra
1021 1591 1335 1646 miseratus
1365 1590 1633 1646 absolvas
1653 1593 1710 1646 et
1741 1605 1936 1662 pacem

299 1680 468 1736 nobis
493 1680 798 1737 concedas.
833 1680 958 1734 Per.

369 1767 705 1824 Communia.
758 1772 976 1824 Praesta
1030 1769 1218 1834 nobis,
1279 1772 1490 1825 mterne
1539 1768 1820 1832 Salvator,
1875 1772 1942 1823 ut

296 1857 680 1930 percipientes
699 1857 805 1912 hoc
825 1874 1064 1912 munere
1093 1857 1322 1912 veniam
1349 1862 1720 1930 peccatorum
1743 1857 1813 1912 de
1829 1857 1948 1914 tuis

293 1961 526 2020 semper
553 1945 850 2002 beneficiis
881 1945 1216 2019 gloriemur.

805 2050 971 2093 HISSA
1009 2051 1119 2090 PRO
1162 2052 1435 2090 PECCATIS.

365 2125 569 2182 Oratio.
622 2124 797 2191 Deus,
852 2125 949 2197 qui
1001 2125 1371 2197 peccantium
1421 2141 1535 2180 non
1583 2123 1671 2180 vis
1721 2124 1946 2182 animas

292 2214 504 2286 perire,
537 2213 637 2270 sed
665 2213 889 2284 culpas,
915 2214 1147 2269 contine
1163 2231 1395 2288 pmnam
1428 2230 1604 2286 quam
1631 2230 1946 2281 meremur,

289 2307 346 2358 et
375 2319 552 2374 quam
585 2319 897 2373 precamur
947 2319 1124 2375 super
1159 2320 1264 2358 nos
1313 2302 1546 2357 elfunde
1575 2301 1947 2358 clementiam

286 2395 472 2458 tuam,
508 2395 574 2446 ut
629 2391 700 2447 de
735 2406 979 2446 mmrore
1035 2391 1316 2464 gaudium
1371 2395 1484 2445 tua:
1535 2390 1946 2447 misericordiae

293 2479 572 2552 consequi
604 2495 958 2536 mereamur.
993 2481 1120 2536 Per.

360 2567 590 2623 Secreta.
646 2567 966 2624 Subveniat
1018 2567 1212 2634 nobis,
1265 2566 1532 2633 Domine,
1581 2583 1942 2638 quaesumus,

288 2656 557 2712 sacrificii
589 2657 893 2728 praesentis
916 2655 1154 2722 oblatio,
1181 2672 1308 2727 qua.-
1342 2672 1448 2710 nos
1479 2658 1535 2710 et
1553 2655 1624 2709 ab
1657 2655 1945 2710 universis

286 2745 583 2802 erroribus
612 2749 875 2818 potenter
913 2743 1195 2812 absolvat,
1228 2748 1285 2799 et
1315 2761 1347 2799 a
1379 2743 1558 2800 totius
1589 2742 1795 2814 eripiat
1820 2759 1945 2817 per-

287 2833 526 2889 ditionis
556 2833 819 2888 incursu.
854 2837 981 2888 Per.

361 2922 698 2977 Communia.
735 2921 976 2987 Exaudi,
1010 2921 1278 2987 Domine,
1309 2920 1592 2992 gemitum
1635 2919 1834 2992 populi
1855 2920 1943 2974 tui

286 3028 359 3068 ne
389 3009 523 3084 plus
543 3011 699 3082 apud
720 3013 776 3064 te
789 3008 976 3065 valeat
998 3007 1239 3066 offensio
1253 3008 1738 3080 delinquentium,
1763 3025 1940 3079 quam

287 3098 688 3155 misericordia
734 3102 838 3154 tua
893 3097 1118 3154 indulta
1167 3097 1400 3154 fletibus
1451 3096 1933 3170 supplicantium.

287 3191 412 3244 Per.

645 3292 756 3331 PRO
797 3291 1142 3330 REMISSIONE
1183 3290 1505 3330 PECCA’I‘ORU
1515 3293 1552 3328 Μ
1562 3315 1576 3331 ο

356 3365 542 3421 Oratio
571 3369 622 3420 et
651 3368 874 3429 secreta,
908 3371 969 3420 ut
999 3365 1060 3419 in
1087 3362 1268 3419 aditis.

359 3454 696 3510 Communia.
731 3455 886 3518 Quos
908 3469 1150 3508 munere
1180 3450 1396 3507 emlesti
1425 3450 1634 3519 reficis,
1669 3449 1930 3514 Domine,

286 3543 480 3598 divino
510 3548 672 3598 tuere
697 3541 986 3614 praesidio,
1011 3551 1075 3596 ut
1105 3540 1222 3595 tuis
1254 3539 1546 3612 mysteriis
1575 3537 1936 3612 perfruentes

287 3631 468 3688 nullis
494 3631 820 3687 subdamur
835 3629 1117 3696 adversis,
1141 3634 1198 3683 et
1225 3645 1260 3682 a
1279 3627 1506 3683 cunctis
1524 3626 1937 3700 iniquitatibus

288 3719 508 3776 nostris
533 3736 676 3774 exue
698 3735 805 3773 nos
826 3717 1198 3789 omnipotens
1219 3715 1394 3785 Deus,
1415 3721 1472 3771 et
1491 3716 1548 3771 in
1571 3720 1673 3770 tua
1693 3716 1780 3770 fac
1797 3731 1939 3788 pace

286 3809 560 3883 gaudere.
593 3811 722 3862 Per.

585 3910 755 3950 MISSA
795 3910 904 3949 PRO
943 3910 1107 3949 IALIS
1145 3909 1633 3949 COGITATIONIBUS.

359 3985 547 4039 Oratio
573 3984 634 4037 in
662 3990 886 4050 secreta,
917 3991 978 4038 ut
1008 3984 1065 4036 in
1100 3981 1280 4037 editis.

359 4073 698 4127 Communia.
733 4070 838 4127 Per
866 4069 974 4126 hoc
1021 4071 1397 4138 sacriﬁcium,
1432 4087 1794 4143 quaesumus,
1825 4073 1939 4126 Do-

288 4160 469 4226 mine,
509 4159 661 4232 quod
697 4163 809 4215 tua:
863 4158 1185 4214 obtulimus
1215 4159 1528 4231 majestati,
1563 4160 1636 4214 ab
1665 4159 1940 4215 omnibus

287 4265 388 4305 cor
417 4247 619 4304 famuli
651 4247 736 4303 tui
768 4247 1024 4303 emunda
1048 4245 1491 4303 tentationibus.
1527 4247 1649 4303 Per.

563 4353 728 4394 HISSA
768 4353 879 4392 PRO
918 4351 1210 4392 PETITIONE
1250 4352 1660 4392 LACRYMARUM.

359 4427 546 4483 Oratio
569 4435 620 4482 et
639 4425 1102 4495 Pastcammunia,
1135 4429 1196 4480 ut
1225 4427 1283 4480 in
1318 4425 1502 4480 editis.

359 4517 593 4573 Sacrae.
656 4515 785 4570 Hzee
861 4514 1168 4583 sacrificia,
1242 4529 1602 4586 quaesumus,
1675 4513 1938 4585 Domine,
1970 4536 2016 4600 D

285 4623 416 4679 quas
451 4610 564 4660 tua:
593 4603 790 4675 pietati
823 4602 1169 4674 obtulimus,
1203 4603 1374 4659 nobis
1404 4603 1711 4674 proficiant
1729 4603 1800 4658 ad
1833 4619 1936 4658 no-

286 4699 542 4751 strorum
572 4693 802 4749 veniam
855 4696 1250 4764 peccatorum,
1283 4696 1340 4746 et
1394 4691 1789 4748 miserationis
1821 4697 1930 4747 tua;

285 4799 520 4856 semper
548 4782 813 4838 tribuant
843 4780 1142 4837 solatium.
1180 4780 1303 4834 Per.

714 4888 812 4926 MIS
819 4887 882 4924 SA
925 4885 1034 4924 PRO
1071 4883 1480 4924 TRIBULATIONB
1491 4913 1502 4923 .

358 4962 564 5016 Oratio.
600 4959 954 5016 Ineifabilem
998 4957 1458 5014 misericordiam
1487 4963 1670 5024 tuam,
1705 4975 1935 5031 quaesu-

287 5067 441 5114 mus,
487 5049 750 5116 Domine,
795 5047 964 5104 nobis
994 5048 1310 5104 clementer
1351 5049 1612 5114 ostende,
1665 5055 1729 5103 ut
1757 5047 1936 5103 simul

287 5155 397 5194 nos
426 5155 462 5192 a
485 5138 738 5209 peccatis
786 5153 966 5193 exuas
993 5142 1050 5192 et
1078 5154 1112 5192 a
1154 5136 1342 5208 poenis
1375 5153 1524 5206 quas
1563 5153 1666 5208 pro
1697 5135 1790 5190 his
1821 5153 1938 5191 me-

288 5242 486 5282 remur
517 5225 751 5298 eripias.
787 5225 910 5280 Per.

359 5315 592 5370 Sacram.
622 5312 896 5369 Puriticet
913 5329 1039 5380 nos,
1064 5313 1328 5380 Domine,
1352 5328 1714 5384 quaesumus,
1741 5328 1942 5368 mune-

290 5402 370 5458 ris
396 5401 700 5475 praesentis
729 5399 966 5469 oblatio,
988 5407 1045 5456 et
1065 5401 1276 5474 dignos
1298 5417 1466 5456 sacra
1495 5401 1941 5472 participatione

291 5490 572 5562 perficiat.
606 5489 732 5544 Per.

363 5577 700 5640 Communia.
732 5575 965 5653 Praesta,
989 5577 1251 5651 Domine,
1275 5589 1637 5654 quaesumus,
1670 5581 1736 5635 ut
1765 5596 1800 5637 a
1828 5582 1942 5638 ter-

2065 521 2435 590 sacramenti,
2468 523 2639 594 cujus
2671 521 2981 578 libavimus
2999 527 3201 578 saneta
3221 521 3559 578 tendamus.
3582 521 3730 578 Per.

2696 655 2824 693 ALIA
2884 656 2946 694 Ml
2955 655 3046 693 SSA
3056 679 3069 692 .

2130 745 2334 799 Oratio.
2389 749 2562 812 Deus,
2597 743 2697 816 qui
2747 749 3132 802 contritorum
3184 760 3301 800 non
3338 744 3595 818 despicis
3625 761 3736 818 ge-

2055 833 2288 900 mitum,
2307 837 2363 889 et
2392 833 2762 889 maerentium
2781 851 2894 890 non
2927 833 3156 907 spernis
3177 833 3474 903 affectum,
3509 835 3730 890 adesto

2053 923 2324 995 precibus
2364 923 2599 990 nostris,
2651 941 2799 995 quas
2831 923 3032 995 pietati
3065 927 3178 978 tum
3206 938 3310 996 pro
3337 922 3734 980 tribulatione

2059 1017 2260 1067 nostra
2290 1011 2611 1079 offerimus,
2644 1011 3026 1084 implorantes
3052 1017 3119 1068 ut
3147 1027 3254 1067 nos
3285 1010 3606 1069 clementer
3625 1029 3734 1068 su-

2055 1100 2292 1171 scipias,
2335 1105 2392 1156 et
2423 1100 2547 1155 solo
2598 1100 2878 1157 bonitatis
2921 1105 3034 1156 tua:
3077 1100 3295 1156 intuitu
3347 1099 3597 1168 tribuas,
3654 1105 3731 1157 ut

2056 1189 2340 1261 quidquid
2389 1193 2590 1245 contra
2621 1205 2728 1245 nos
2757 1189 3054 1244 diabolica:
3088 1195 3263 1262 atque
3293 1189 3566 1246 humanae
3592 1207 3730 1246 mo-

2051 1276 2277 1333 liuntur
2306 1277 2708 1346 adversitates,
2731 1279 2804 1334 ad
2833 1277 3080 1333 nihilum
3113 1277 3362 1351 redigas,
3388 1281 3444 1334 et
3467 1275 3726 1335 consilio

2051 1365 2460 1422 misericondia:
2480 1372 2595 1422 tuae
2618 1366 2847 1437 allidas,
2873 1371 3166 1438 quatenus
3192 1365 3375 1424 nullis
3392 1367 3723 1426 adversita-

2055 1455 2217 1512 tibus
2247 1455 2388 1524 laesi,
2439 1457 2540 1512 sed
2573 1457 2646 1512 ab
2676 1457 2836 1511 omni
2891 1456 3266 1514 tribulatione
3323 1462 3382 1513 et
3435 1457 3723 1532 angustia

2057 1543 2306 1611 liberati,
2341 1545 2561 1617 gratias
2585 1544 2688 1600 tibi
2714 1546 2770 1600 in
2801 1544 3052 1600 Ecclesia
3083 1547 3185 1600 tua
3215 1541 3558 1602 referamus.
3583 1545 3718 1604 Per.

2126 1634 2360 1689 Secreta.
2415 1639 2587 1700 Deus,
2645 1635 2744 1706 qui
2809 1635 3117 1691 tribulatos
3173 1636 3345 1691 corde
3402 1651 3601 1706 sanas,
3636 1636 3719 1692 ad

2050 1721 2199 1776 hanc
2231 1723 2520 1794 propitius
2567 1722 2821 1777 hostiam
2876 1723 3188 1796 dignanter
3219 1723 3472 1791 attende,
3503 1727 3562 1780 et
3591 1737 3722 1796 qua

1976 1806 2024 1870 B
2056 1811 2231 1866 totius
2259 1811 2461 1866 mundi
2497 1811 2727 1866 voluisti
2750 1810 2931 1866 laxari
2955 1811 3188 1880 delicta,
3215 1811 3720 1884 protribulatione

2058 1905 2257 1956 nostra
2287 1899 2600 1955 clementer
2627 1916 2880 1967 assume,
2915 1906 3232 1972 nostraque
3261 1905 3465 1957 cuneta
3492 1901 3717 1958 discri-

2057 1990 2218 2044 mina
2237 1989 2476 2057 solvere,
2496 1987 2934 2045 tribulationem
2961 1989 3216 2060 attende,
3240 1989 3509 2046 miserias
3527 1989 3711 2062 pelle,

2056 2078 2358 2152 angustias
2387 2082 2445 2134 et
2473 2095 2780 2151 pressurae
2803 2093 3028 2142 amove,
3051 2083 3116 2133 ut
3131 2079 3288 2134 exuti
3312 2080 3386 2134 ab
3404 2078 3711 2146 omnibus,

2056 2185 2182 2239 quae
2224 2167 2502 2239 patimur,
2562 2166 2756 2234 malis,
2801 2167 2860 2221 in
2911 2168 3030 2222 tuis
3076 2183 3308 2241 semper
3348 2165 3714 2224 delectemur

2057 2255 2345 2312 exsultare
2374 2256 2692 2312 beneficiis.
2727 2257 2849 2313 Per.

2129 2345 2468 2400 Communia.
2502 2345 2760 2410 Dimitte,
2781 2362 3140 2416 quaesumus,
3173 2346 3438 2414 Domine,
3471 2351 3715 2418 peccata

2057 2438 2276 2502 nostra,
2309 2438 2366 2488 et
2385 2433 2575 2488 tribue
2598 2433 2766 2488 nobis
2784 2433 3248 2490 misericordiam
3263 2439 3448 2502 tuam,
3472 2434 3714 2507 orisque

2058 2521 2242 2577 nostri
2286 2521 2540 2592 alloquio
2599 2522 2942 2593 deprecatus
2993 2527 3255 2578 nostram
3305 2522 3714 2580 humilitatem

2055 2611 2306 2678 attende,
2354 2609 2584 2666 vincula
2614 2609 2792 2678 solve,
2827 2611 3038 2667 delicta
3065 2609 3212 2680 dele,
3262 2610 3710 2669 tribulationem

2052 2698 2294 2770 inspice,
2319 2699 2729 2754 adversitatem
2754 2699 2989 2771 repelle,
3007 2701 3393 2772 effectumque
3405 2701 3710 2773 petitionis

2054 2793 2262 2843 nostra:
2286 2788 2510 2860 jugiter
2539 2787 2856 2843 clementer
2883 2789 3112 2844 exaudi.
3147 2788 3271 2843 Per.

2479 2920 2650 2960 MISSA
2691 2921 2748 2958 IN
2785 2921 3052 2959 TEMPORE
3092 2921 3271 2960 BELLI.

2124 3010 2329 3065 Oratio.
2365 3009 2747 3082 Omnipotens
2795 3015 2850 3065 et
2881 3009 3211 3066 misericors
3259 3015 3410 3067 Deus
3460 3026 3497 3068 a
3524 3011 3705 3068 belie-

2052 3116 2179 3154 rum
2215 3116 2341 3165 nos,
2377 3115 2738 3171 quaesumus,
2766 3098 2998 3154 turbine
3016 3100 3103 3154 fac
3123 3099 3376 3172 quietos,
3399 3099 3708 3172 quiabona

1962 3171 2004 3238 C
2047 3187 2215 3244 nobis
2245 3188 2569 3261 praestabis,
2595 3188 2644 3243 si
2668 3203 2868 3259 pacem
2896 3187 3126 3245 dederis
3155 3192 3213 3244 et
3242 3171 3461 3246 mentis
3498 3191 3556 3245 et
3583 3205 3709 3246 cor-

2044 3277 2224 3349 poris.
2260 3275 2384 3331 Per.

2116 3366 2349 3421 Secreta.
2383 3365 2773 3431 Sacrificium,
2803 3369 2938 3434 etc.,
2974 3368 3030 3420 ut
3059 3368 3120 3420 in
3149 3365 3328 3422 editis.

2118 3455 2458 3511 Communia.
2526 3453 2888 3509 Sacrosancti
2955 3455 3215 3526 corporis
3270 3457 3328 3510 et
3391 3455 3702 3527 sanguinis

2047 3543 2274 3599 Domini
2325 3542 2510 3598 nostri
2547 3543 2686 3599 Jesu
2747 3542 2961 3599 Christi
3011 3545 3320 3600 refectione
3365 3544 3701 3614 confortati,

2046 3631 2342 3705 supplices
2376 3638 2430 3687 te
2463 3648 2759 3703 rogamus,
2793 3632 3165 3704 omnipotens
3185 3633 3359 3700 Deus,
3386 3635 3454 3686 ut
3479 3631 3590 3688 hoc
3618 3649 3704 3690 re-

2047 3721 2238 3776 medio
2267 3718 2550 3792 singulari
2581 3720 2652 3774 ab
2677 3720 2944 3775 omnium
2966 3725 3335 3792 peccatorum
3357 3737 3465 3776 nos
3486 3715 3702 3795 cogita-

2046 3810 2203 3864 tione
2236 3808 2527 3880 puriﬁces,
2553 3811 2610 3862 ct
2640 3807 3074 3880 apericulorum
3110 3809 3344 3866 munies
3367 3809 3701 3868 incursione

2047 3901 2412 3952 cunctorum.
2445 3899 2554 3951 Per
2577 3895 2869 3952 eumdem.

2426 4027 2596 4066 mssa
2638 4027 2748 4065 pao
2789 4027 3306 4077 psaanusmmus.

2120 4119 2326 4174 Oratio.
2357 4116 2624 4173 Hostium
2668 4121 3026 4184 nostrorum,
3061 4133 3420 4190 quaesumus,
3453 4117 3701 4174 Domine

2047 4207 2222 4274 Deus,
2257 4205 2406 4262 elide
2429 4205 2792 4278 superbiam,
2823 4211 2880 4260 et
2901 4223 3003 4278 per
3023 4207 3500 4264 intercessionem
3519 4207 3700 4264 beate

2051 4295 2242 4350 Mariae
2275 4293 2554 4366 Virginis,
2579 4298 2637 4349 et
2667 4293 2930 4350 omnium
2954 4299 3295 4350 sanctorum
3327 4295 3574 4352 dextere
3587 4299 3702 4352 tum

2046 4385 2264 4440 virtute
2298 4386 2620 4456 prosterne.
2657 4383 2782 4439 Per.

2119 4473 2352 4530 Secreta.
2387 4473 2592 4543 Hujus.
2635 4471 2900 4539 Domine,
2935 4489 3300 4544 quaesumus,
3329 4471 3548 4530 virtute
3579 4486 3704 4543 my-

2049 4563 2206 4618 sterii
2241 4579 2345 4634 per
2390 4559 2868 4617 intercessionem
2899 4561 3082 4618 beatae
3114 4560 3307 4617 Mariis
3355 4561 3616 4634 Virginis
3645 4565 3704 4617 et

2047 4649 2313 4706 omnium
2346 4653 2684 4705 sanctorum
2699 4665 2732 4704 a
2754 4649 2970 4704 nostris
2988 4649 3344 4705 mundemur
3366 4648 3632 4717 occultis,
3647 4651 3702 4706 et

2045 4739 2118 4794 ab
2151 4737 2528 4793 inimicorum
2561 4736 2882 4792 liberamur
2911 4736 3162 4794 insidiis.
3187 4738 3313 4793 Per.

2118 4828 2457 4884 Communia.
2487 4825 2773 4894 Vivilicct,
2815 4842 3176 4898 quaesumus,
3211 4825 3479 4893 Domine,
3508 4825 3702 4899 propi-

2045 4917 2210 4973 tiatio
2241 4916 2326 4971 tui
2356 4919 2557 4970 sancta
2576 4914 2858 4987 mysterii,
2876 4918 2934 4970 et
2954 4930 3056 4987 per
3071 4914 3280 4970 merita
3309 4915 3493 4970 beatae
3512 4909 3701 4970 Mariae

2047 5001 2326 5074 Virginis.
2360 5007 2417 5056 et
2445 5005 2782 5056 sanctorum
2803 5000 3066 5057 omnium
3087 4999 3493 5073 pariternobis
3515 5001 3705 5074 expia-

2047 5091 2266 5146 tionem
2298 5089 2520 5146 tribuat
2551 5095 2608 5144 et
2638 5089 2964 5146 munimen.
2999 5089 3124 5145 Per.

2349 5223 2522 5261 MISSA
2563 5221 2617 5260 ΙΝ
2652 5221 2920 5260 TEMPORE
2959 5202 3421 5262 ΜΟΠΤΔῙΑῙΤΑἸἸΞ..

2433 5295 2616 5350 Oratio
2639 5297 2694 5349 et
2719 5302 2924 5350 secreta
2954 5301 3018 5350 ut
3048 5297 3109 5349 in
3136 5294 3318 5350 editis.

2120 5402 2462 5458 Communia.
2490 5400 2867 5456 Sacramenta
2883 5417 3012 5472 nos,
3029 5417 3396 5473 quaesumus,
3431 5400 3698 5467 Domine,

2048 5488 2152 5546 tua
2165 5493 2365 5545 sancta
2395 5491 2715 5556 sumentes,
2739 5493 2797 5544 et
2827 5489 3372 5564 abomnipropitius
3391 5488 3706 5564 iniquitate

2051 5584 2110 5638 et
2137 5576 2402 5658 periculo
2425 5575 2687 5636 defende.
2723 5577 2850 5636 Per.
