3896 6216
594 397 763 437 MISSA
793 398 904 437 PRO
933 398 1063 436 ITER
1090 397 1424 436 AGENTIBUS.

575 470 757 526 Oratio
785 476 838 524 at
867 477 1068 526 secreta
1096 477 1157 526 ut
1186 471 1249 525 in
1278 469 1457 524 editis.

258 559 592 614 Communia.
625 558 781 614 Deus
810 558 1055 615 inﬁnitae
1087 557 1499 614 misericordias
1542 562 1600 613 et
1648 559 1831 630 maje-

185 647 353 704 alatis
384 647 707 714 immensae,
741 664 917 720 quem
949 664 1055 704 nec
1086 647 1275 719 spatia
1306 646 1591 715 locorum,
1617 664 1721 702 nec
1744 647 1829 702 in-

184 734 417 791 tervalla
446 737 907 808 temporum,'ab
931 736 1045 804 his,
1072 753 1221 808 quos
1245 735 1450 803 tueris,
1472 735 1826 808 abjungunt,

182 824 381 879 adesto
414 824 649 880 famulis
676 825 796 881 tuis
826 825 882 879 in
914 830 970 880 te
1002 824 1219 897 ubique
1251 824 1591 891 ﬁdentihus,
1623 829 1680 880 et
1728 841 1832 897 per

184 930 434 982 omnem,
469 930 649 985 quam
681 914 819 968 ituri
851 917 991 969 sunt
1019 914 1199 980 viam,
1230 913 1349 968 dux
1391 912 1474 969 eis
1524 918 1581 970 et
1630 930 1826 969 comes

182 1019 307 1058 esse
336 1001 611 1074 dignare;
646 1001 793 1057 nihil
815 1002 901 1058 eis
927 1001 1297 1059 adversitatis
1319 1007 1545 1069 noceat,
1571 1001 1649 1057 nil
1673 1001 1827 1056 diffi-

184 1090 416 1147 cultatis
445 1090 714 1157 obsistat,
746 1095 956 1147 cuncta
985 1091 1069 1147 eis
1119 1089 1401 1156 salubria,
1449 1094 1661 1145 cuncta
1712 1090 1831 1144 sint

179 1195 475 1252 prospera,
509 1183 577 1235 ut
606 1179 717 1236 sub
746 1197 855 1253 ope
884 1181 1128 1236 dexterae
1172 1183 1283 1234 tua:
1335 1178 1620 1251 quidquid
1661 1180 1829 1251 justo

182 1267 526 1341 expetierint
573 1268 861 1324 desiderio
915 1267 1085 1324 celeri
1136 1271 1571 1339 consequantur
1600 1267 1826 1323 effectu.

182 1356 299 1412 Per.

246 1479 412 1518 MISSA
463 1479 519 1517 ΙΝ
574 1478 669 1517 DIE
716 1477 1104 1517 DEPOSITIOXIS
1153 1477 1452 1526 DEFUNCTI,
1509 1477 1593 1527 III,
1640 1459 1727 1516 νει
1750 1479 1826 1529 VI,

878 1532 967 1588 vel
997 1550 1126 1586 xxx.

547 1623 730 1678 Oratio
759 1629 819 1677 ut
837 1624 898 1676 in
926 1620 1089 1677 editis
1118 1621 1209 1676 die
1235 1622 1433 1677 tertia.

247 1717 485 1768 Secreta.
499 1712 732 1776 Adesto,
747 1709 1010 1775 Domine,
1042 1708 1574 1782 supplicationibus
1610 1709 1830 1765 nostris

177 1806 229 1857 et
257 1800 405 1857 hanc
438 1799 817 1865 oblationem,
838 1815 1015 1871 quam
1037 1798 1144 1853 tibi
1170 1797 1470 1854 offerimus
1492 1815 1597 1871 pro
1635 1798 1834 1854 anima

178 1888 376 1945 famuli
408 1887 503 1944 tui
534 1888 601 1942 N.
634 1887 692 1943 in
726 1888 821 1943 die
870 1887 1253 1959 depositionis
1300 1888 1427 1957 ejus
1477 1886 1647 1942 tertio
1701 1888 1836 1957 (vet—

180 1978 426 2050 septimo
443 1978 531 2033 vel
552 1976 896 2045 tricesimo),
920 1974 1186 2048 placidus
1207 1992 1274 2031 ac
1290 1975 1581 2048 benignus
1596 1991 1833 2031 assume

186 2072 308 2123 Per.
970 2132 974 2136 .

248 2155 587 2211 Communia.
623 2153 1005 2224 Omnipotens
1037 2152 1383 2225 simpiterne
1432 2156 1607 2215 Deus,
1659 2151 1834 2208 collo-

182 2261 306 2300 care
329 2245 579 2316 dignare
600 2242 829 2297 animas
847 2240 1203 2297 famulorum
1223 2240 1695 2313 famularumque
1711 2244 1836 2296 tua-

180 2349 328 2398 rum,
355 2331 597 2387 illorum
613 2345 866 2401 quorum
881 2329 1037 2385 diem
1051 2328 1415 2385 celebramus
1428 2328 1832 2401 depositionis,

179 2420 235 2474 in
265 2420 499 2475 sinibus
528 2418 849 2486 Abraham,
884 2419 1046 2473 Isaac
1078 2421 1136 2472 et
1164 2417 1364 2483 Jacob,
1398 2421 1464 2472 ut
1514 2434 1649 2472 cum
1703 2418 1829 2473 dies

174 2508 492 2581 agnitionis
522 2512 634 2563 tuae
666 2506 985 2574 advenerit,
1020 2506 1173 2561 inter
1202 2510 1438 2562 sanctos
1458 2510 1590 2561 tuos
1622 2510 1678 2561 et
1715 2504 1833 2561 ele-

175 2601 296 2653 ctos
328 2596 667 2653 resuscitari
691 2594 1015 2668 praecipias.
1050 2594 1175 2650 Per.

424 2701 597 2740 MISSA
627 2700 737 2739 PRO
768 2701 883 2739 Ι]Νο
911 2700 1232 2739 SACERDOTE
1264 2698 1578 2737 DEFUNC’I‘O.

244 2775 452 2830 Oratio.
490 2772 648 2829 Beati
682 2771 895 2828 Floridi
928 2772 1279 2829 confessoris
1321 2770 1431 2839 tui,
1486 2786 1834 2842 quaesumus

178 2863 447 2929 Domine,
480 2859 895 2916 intercessione
917 2877 1025 2915 nos
1057 2864 1314 2933 protege,
1357 2863 1414 2915 et
1442 2858 1702 2915 animam
1749 2858 1832 2913 fa-

178 2949 325 3005 muli
346 2947 436 3003 tui
454 2948 772 3003 sacerdotis
793 2951 1129 3002 sanctorum
1145 2951 1383 3004 tuorum
1398 2949 1582 3020 junge
1598 2963 1833 3002 consor-

178 3038 298 3093 tiis.
318 3036 447 3091 Per.

1002 250 1380 309 EXCERPT.
1429 249 1527 308 EX
1573 248 1800 309 CODD.
1848 247 2163 309 LITURG.
2210 249 2798 311 FONTAVELLAN.

1870 382 1926 448 Α
1954 380 2184 436 animas
2215 380 2571 435 famulorum
2592 386 2829 437 tuorum
2852 382 3345 440 subdiaconorum
3368 386 3428 440 in
3451 383 3606 443 lucis

3486 253 3607 315 906

1940 473 2169 524 aeterna:
2200 469 2467 541 perﬁcies
2500 469 2735 542 regione
2766 470 3042 543 gaudere.
3078 473 3203 527 Per.

2014 558 2355 614 Communia.
2380 558 2480 613 His
2506 558 3214 630 sacriﬁciis,quzesumus,
3230 563 3610 635 omnipotens

1940 646 2115 713 Deus,
2149 650 2476 719 purgentur
2508 646 2720 701 animae
2744 651 2798 701 et
2822 647 3065 718 spiritus
3087 647 3444 704 famulorum
3478 657 3606 707 tuo-

1937 752 2072 789 rum
2100 733 2615 803 subdiaconorum,
2638 740 2700 789 ut
2721 735 2791 789 ad
2816 734 3242 807 indulgentiam
3268 742 3327 792 et
3351 738 3592 811 refrige-

1941 823 2093 878 rium
2127 824 2550 895 sempiternum
2578 823 2881 895 parvanire
2908 829 3264 880 mereantur.
3298 826 3425 880 Per.

2198 904 2201 905 ⁷
2359 930 2524 968 mssa
2556 930 2666 968 pno
2696 930 2801 968 uno
2832 929 3149 969 ossunc'ro.

2013 1001 2212 1056 Oratio.
2242 1001 2623 1072 Omnipotens
2671 1002 3027 1074 sempiterne
3076 1003 3252 1072 Deus,
3298 1004 3393 1059 cui
3442 1021 3597 1058 nun-

1941 1105 2119 1160 quam
2150 1088 2274 1145 sine
2305 1106 2406 1162 spe
2427 1091 2839 1163 miseg’mrdim
2861 1091 3247 1163 supplicatur,
3271 1092 3591 1165 propitiare

1932 1178 2150 1233 animm
2182 1178 2386 1233 famuli
2419 1179 2525 1244 tui,
2559 1183 2624 1233 ut
2655 1179 2756 1250 qui
2788 1180 2859 1235 de
2888 1181 2997 1235 hac
3018 1179 3135 1235 vita
3163 1181 3222 1236 in
3256 1182 3342 1236 tui
3396 1182 3594 1238 nomi-

1940 1267 2033 1323 nis
2045 1267 2409 1322 confessione
2430 1268 2722 1335 discessit,
2744 1273 3080 1323 sanctorum
3100 1273 3334 1325 tuorum
3354 1287 3603 1326 numero

1944 1356 2124 1412 facias
2154 1356 2477 1429 aggregari.
2504 1356 2629 1411 Per.

2011 1444 2244 1500 Secreta.
2279 1444 2617 1516 Propitiare,
2662 1462 3022 1516 quaesumus,
3071 1445 3335 1513 Domine,
3382 1446 3593 1501 animae

1941 1532 2147 1589 famuli
2178 1534 2263 1588 tui
2296 1533 2387 1600 N.,
2423 1550 2525 1599 pro
2557 1550 2672 1604 quo
2700 1534 2806 1588 tibi
2838 1533 3062 1589 hostias
3094 1533 3438 1604 placationis
3461 1535 3602 1589 offe-

1942 1623 2149 1692 rimus,
2183 1626 2257 1689 et,
2283 1621 2421 1694 quia
2453 1623 2510 1677 in
2543 1622 2651 1677 hac
2683 1622 2812 1677 luce
2835 1622 2892 1676 in
2918 1623 3029 1676 fide
3052 1622 3271 1677 mansit
3290 1621 3597 1690 catholica,

1940 1708 2000 1764 in
2030 1711 2229 1766 futura
2256 1711 2374 1766 vita
2403 1711 2453 1766 ei
2480 1709 2781 1765 retributio
2805 1709 3056 1766 ccelcstis
3077 1709 3274 1782 gaudii
3312 1711 3601 1766 condone-

1944 1804 2060 1854 tur.
2082 1803 2209 1853 Per.

2018 1888 2357 1944 Communia.
2383 1888 2619 1954 Praesta,
2646 1904 3007 1960 quaesumus,
3032 1888 3403 1960 omnipotens
3424 1888 3599 1945 Deus.

1946 1963 2010 2031 ut
2041 1975 2239 2031 anima
2271 1976 2477 2031 famuli
2507 1975 2591 2030 tui
2626 1977 2691 2031 Ν.
2726 1978 2796 2031 ab
2829 1976 3054 2048 angelis
3075 1976 3226 2032 lucis
3249 1981 3521 2048 suscepta
3542 1977 3603 2031 in

1946 2069 2271 2137 preparata
2300 2064 2636 2120 habitacula
2667 2064 2876 2119 deduci
2908 2064 3090 2120 facias
3115 2065 3442 2120 beatorum.
3474 2065 3604 2119 Per.

2269 2171 2439 2208 MISSA
2469 2170 2578 2207 PRO
2612 2170 2898 2208 PLURIBUS
2928 2170 3258 2208 DEFUNC’I‘IS.

2018 2242 2220 2297 Oratio.
2255 2241 2428 2309 Deus,
2462 2243 2634 2313 cujus
2665 2241 3074 2295 misericordize
3106 2257 3221 2295 non
3253 2245 3342 2296 est
3394 2258 3607 2296 nume-

1946 2347 2068 2397 rus,
2094 2330 2327 2401 suscipe
2349 2329 2638 2402 propitius
2659 2346 2760 2400 pro
2774 2328 3451 2385 animabusfamulorum
3466 2334 3601 2384 tuo-

1946 2436 2080 2474 rum
2112 2435 2312 2491 preces
2344 2423 2598 2484 nostras,
2634 2423 2691 2472 et
2720 2417 2867 2472 lucis
2900 2418 2985 2473 eis
3016 2416 3278 2472 laetitiam
3311 2404 3506 2490 atque.
3542 2417 3602 2472 in

1948 2507 2182 2580 regione
2204 2511 2540 2562 sanctorum
2564 2512 2800 2561 tuorum
2829 2506 3165 2562 societatem
3184 2506 3453 2561 concede.
3474 2507 3601 2561 Per.

2016 2596 2369 2651 Secreta.Pro
2382 2595 2598 2666 requie,
2616 2594 2877 2659 Domine,
2895 2594 3229 2650 animarum
3246 2593 3601 2650 famulorum

1946 2690 2184 2740 tuorum
2216 2685 2284 2739 N.
2320 2684 2552 2754 suscipe
2580 2682 2859 2751 hostiam,
2892 2700 3070 2754 quam
3093 2685 3154 2737 tu
3179 2683 3296 2737 Deo
3320 2683 3472 2738 Patri
3494 2700 3601 2755 pro

1948 2772 2117 2828 nobis
2149 2770 2414 2827 obtulisti
2446 2770 2783 2843 benignam,
2818 2775 2885 2825 ut
2913 2770 3014 2841 qui
3059 2787 3237 2825 causa
3287 2770 3598 2826 hominum

1946 2859 2301 2916 descendisti
2333 2860 2404 2915 de
2435 2857 2614 2925 oculis,
2649 2864 2704 2914 te
2734 2859 3012 2913 redeunte
3029 2862 3364 2913 mereantur
3399 2875 3602 2915 nume-

1948 2950 2061 3004 rari
2093 2950 2152 3004 in
2185 2948 2478 3004 consortio
2506 2951 2865 3015 sanctorum,
2895 2947 2994 3019 qui
3027 2964 3160 3001 cum
3196 2947 3306 3002 Deo
3328 2948 3496 3002 Patre
3546 2953 3601 3003 et

1944 3038 2163 3110 Spiritu
2194 3041 2396 3093 sancto
2425 3037 2572 3091 vivis
2596 3042 2653 3091 et
2672 3052 2882 3109 regnas
2903 3035 2960 3090 in
2986 3035 3197 3092 saacuIa
3217 3035 3591 3092 saaculorum.

251 3125 488 3179 Secreta.
541 3123 803 3195 Suscipe,
856 3139 1218 3195 quaesumus,
1271 3124 1540 3192 Domine,
1609 3124 1833 3180 hostias
1863 3110 1907 3177 C
2020 3128 2366 3183 Communia.
2402 3125 2533 3179 Haec
2561 3141 2666 3180 nos
2699 3124 3055 3189 communio,
3089 3123 3354 3191 Domine,
3385 3130 3599 3197 purget

177 3204 529 3284 placationis
559 3215 617 3266 et
645 3210 837 3266 laudis
883 3228 1031 3283 quas
1076 3210 1185 3267 tibi
1235 3212 1295 3267 in
1344 3213 1625 3269 honorem
1675 3213 1828 3268 beati

180 3300 394 3358 Floridi
428 3300 780 3357 confessoris
810 3300 895 3355 tui
929 3300 1353 3355 consecrandas
1400 3300 1737 3368 deferimus,
1776 3305 1832 3356 et

179 3406 281 3462 pro
314 3388 514 3461 requie
546 3387 752 3444 famuli
779 3388 866 3444 tui
899 3389 1218 3445 sacerdotis
1255 3389 1323 3444 N.
1352 3388 1456 3444 tibi
1491 3388 1833 3461 suppliciter

179 3477 256 3534 im
266 3477 579 3535 molamus.
613 3478 741 3534 Per.

252 3568 591 3623 Communia.
626 3568 963 3623 Ascendant
989 3567 1060 3622 ad
1095 3570 1171 3633 te,
1208 3566 1475 3633 Domine,
1507 3582 1710 3639 preces
1736 3582 1833 3621 no-

177 3659 335 3723 strae,
369 3659 427 3711 et
456 3657 715 3712 animam
743 3654 947 3711 famuli
990 3656 1076 3711 tui
1128 3655 1448 3711 sacerdotis
1495 3654 1563 3710 N.
1617 3655 1834 3728 gaudia

180 3748 395 3800 aeterna
425 3745 770 3817 suscipiant,
802 3750 859 3800 et
878 3761 1054 3817 quem
1088 3744 1273 3800 fecisti
1293 3742 1623 3817 adoptionis
1649 3743 1833 3816 parti-

181 3832 391 3904 cipem,
415 3833 628 3903 jubeas
658 3832 1140 3889 haereditatistua:
1167 3849 1296 3889 esse
1316 3836 1665 3889 consortem.
1702 3832 1830 3888 Per.

483 3938 651 3977 MISSA
681 3939 791 3977 PRO
823 3939 1164 3978 DIACONIBUS
1195 3939 1525 3978 DEFUNC’I‘IS.

252 4011 459 4065 Oratio.
476 4010 711 4076 Adesto,
734 4010 1001 4081 Domine,
1024 4010 1554 4083 supplicationibus
1594 4009 1830 4079 nostris,

178 4102 233 4153 et
263 4098 475 4153 animae
507 4097 867 4152 famulorum
896 4102 1136 4153 tuorum
1168 4099 1571 4167 diaconorum,
1607 4103 1665 4155 et
1714 4116 1835 4157 0m-

178 4186 343 4241 nium
373 4183 718 4239 clericorum
741 4189 854 4241 tua:
872 4186 1304 4258 propitiationis
1326 4188 1755 4243 abundantiam
1779 4192 1835 4243 et

178 4272 607 4347 indulgentiam
635 4279 1086 4346 consequantur,
1119 4278 1177 4329 et
1202 4274 1352 4331 lucis
1403 4280 1691 4348 perpetua:
1729 4277 1834 4331 tri-

182 4363 328 4419 buas
357 4361 443 4417 eis
476 4362 863 4418 mansionem.
898 4367 1026 4417 Per.

1942 3232 1975 3270 a
2001 3214 2264 3283 crimine,
2297 3218 2351 3270 et
2374 3213 2686 3268 animabus
2708 3212 3064 3267 famulorum
3088 3217 3323 3268 tuorum
3338 3212 3596 3269 caelestis

1941 3303 2139 3376 gaudii
2172 3303 2393 3358 tribuat
2422 3302 2806 3370 consortium,
2838 3305 2905 3357 ut
2935 3305 3066 3357 ante
3096 3300 3376 3357 thronum
3393 3300 3593 3374 glorias

1940 3399 2053 3448 tua:
2075 3396 2388 3465 segregate:
2410 3408 2544 3447 cum
2568 3390 2804 3458 dextris,
2829 3390 2972 3446 nihil
2994 3406 3306 3445 commune
3330 3385 3599 3446 habeant

1942 3498 2075 3537 cum
2110 3479 2388 3537 sinistris.
2422 3480 2548 3536 Per.

2239 3586 2408 3625 MISSA
2440 3585 2823 3625 PLURIMORUM
2844 3585 3214 3624 DEFUNCTORU
3222 3586 3287 3623 Μ.

2015 3659 2219 3715 Oratio.
2254 3658 2427 3723 Deus,
2460 3657 2552 3713 cui
2579 3657 2880 3729 proprium
2911 3661 2999 3712 est
3029 3674 3260 3730 semper
3298 3657 3588 3728 misereri,

1944 3753 2002 3804 et
2028 3763 2229 3820 preces
2251 3746 2523 3802 exaudire
2537 3745 3019 3818 supplicantium,
3036 3745 3352 3818 propitiare
3370 3745 3600 3802 anima-

1942 3838 2056 3891 bus
2084 3834 2439 3890 famulorum
2458 3839 2698 3890 tuorum
2717 3836 2809 3903 N.,
2832 3839 2895 3889 ut
2916 3839 2969 3889 te
2996 3833 3320 3890 miserante
3343 3851 3376 3889 a
3400 3849 3606 3906 pecca-

1943 3930 2137 3980 torum
2157 3922 2408 3980 vinculis
2433 3924 2707 3994 absoluti,
2732 3924 2803 3979 ad
2825 3928 3048 3979 aeternae
3090 3920 3472 3979 beatitudinis
3518 3941 3609 3979 re-

1946 4012 2145 4085 quiem
2174 4011 2477 4084 pervenire
2506 4017 2861 4067 mereantur.
2905 4012 3027 4067 Per.

2017 4102 2250 4157 Secreta.
2284 4101 2547 4172 Suscipe,
2582 4099 3039 4157 clementissime
3071 4101 3259 4167 Pater,
3293 4118 3398 4172 pro
3443 4100 3605 4155 com-

1947 4188 2367 4245 memoratione
2391 4188 2745 4244 famulorum
2770 4192 3007 4247 tuorum
3032 4187 3099 4242 N.
3130 4188 3387 4243 hostiam
3411 4188 3605 4261 placa-

1948 4278 2123 4334 tionis
2152 4282 2209 4332 et
2238 4276 2452 4343 laudis,
2486 4281 2551 4332 ut
2580 4277 2853 4333 sacriﬁcii
2911 4277 3214 4349 praasentis
3263 4275 3480 4332 oblatio
3530 4278 3605 4332 ad

1949 4366 2317 4438 refrigerium
2352 4366 2683 4420 animarum
2718 4382 2920 4421 eorum
2951 4371 3005 4420 te
3050 4364 3364 4420 miserante
3413 4381 3611 4436 perve-

246 4452 483 4507 Secreta.
517 4451 739 4540 Exaudi
772 4468 917 4540 nos,
968 4454 1171 4540 sancte
1218 4450 1389 4540 Pater
1436 4452 1832 4540 omnipotens,
1867 4474 1914 4540 Β
1949 4455 2088 4509 niat.
2112 4454 2235 4509 Per.

183 4545 389 4596 :eterne
421 4540 596 4609 Deus,
631 4544 696 4595 ut
724 4539 816 4596 his
848 4539 1031 4596 sacris
1062 4539 1407 4596 muneribus
1430 4539 1692 4612 placatus
1708 4541 1832 4596 ani-

185 4645 309 4684 mas
340 4629 609 4685 omnium
642 4628 999 4684 famulorum
1033 4633 1269 4685 tuorum
1320 4627 1700 4685 diaconorum
1745 4647 1836 4686 re-

185 4717 444 4789 demptio
477 4719 836 4790 sempiterna
857 4718 1174 4791 possideat.
1210 4718 1333 4774 Per.

254 4806 592 4863 Communia.
617 4807 998 4879 Omnipotens
1020 4811 1231 4862 aeterne
1261 4807 1434 4875 Deus,
1467 4805 1700 4880 suscipe
1714 4823 1839 4879 pro.

187 4893 365 4963 pitius
407 4912 611 4968 preces
665 4900 895 4952 nostras
956 4912 1059 4968 pro
1119 4894 1430 4950 animabus
1479 4894 1834 4951 famulorum

188 4985 419 5040 tuorum
452 4984 856 5052 diaconorum,
890 4989 954 5039 ut
980 4984 1039 5039 in
1067 4982 1216 5039 lucis
1246 4982 1480 5057 regione
1501 5001 1601 5040 eas
1621 4985 1681 5040 in
1709 5001 1838 5040 san-

187 5075 408 5128 ctorum
442 5078 679 5129 tuorum
710 5090 955 5129 numero
986 5071 1167 5128 facias
1198 5072 1524 5146 aggregari.
1561 5072 1687 5132 Per.

625 5179 789 5219 MISSA
805 5179 915 5217 PRO
929 5179 998 5217 SU
1008 5177 1384 5217 BDIACONIBUS
1394 5204 1405 5215 .

259 5252 464 5306 Oratio.
502 5251 676 5316 Deus,
708 5249 803 5306 cui
833 5250 1137 5322 proprium
1169 5255 1259 5305 est
1290 5248 1553 5306 misereri
1603 5268 1836 5324 semper

188 5340 241 5390 et
274 5355 525 5408 parcere,
561 5345 694 5407 etc.,
729 5347 791 5394 ut
821 5340 882 5392 in
903 5337 1080 5393 aditis.

224 5428 491 5503 ‘Secrcta.
526 5428 835 5483 Olferimns
866 5426 993 5493 tibi,
1048 5426 1309 5493 Domine,
1370 5426 1597 5484 hostias
1645 5427 1833 5502 placa-

189 5512 363 5570 tionis
392 5520 449 5571 et
480 5514 691 5581 laudis,
728 5519 793 5570 ut
811 5518 1104 5587 perpetua:
1128 5513 1542 5572 misericordiae
1564 5519 1833 5591 largitate

502 5643 769 5703 PATROL.
816 5641 966 5701 CLI.

2019 4544 2361 4599 Communia.
2390 4542 2656 4607 Absolve,
2692 4559 3058 4613 quaesumus,
3084 4540 3349 4607 Domine,
3375 4541 3608 4597 animas

1946 4631 2303 4687 famulorum
2335 4635 2570 4686 tuorum
2604 4631 2669 4684 N.
2706 4632 2776 4686 ab
2805 4632 3070 4685 omnium
3102 4628 3334 4685 vinculo
3365 4626 3607 4684 delicto-

1948 4737 2100 4786 rum,
2125 4724 2190 4774 ut
2220 4720 2281 4774 in
2315 4718 2757 4775 resurrectionis
2789 4717 2975 4790 gloria
3007 4718 3158 4774 inter
3187 4722 3420 4773 sanctos
3472 4721 3609 4773 tuos

1949 4808 2281 4863 resuscitati
2313 4806 2622 4880 respirent.
2658 4807 2777 4863 Per.

2341 4913 2510 4951 MISSA
2544 4912 2652 4950 PRO
2686 4913 2893 4950 FEMINA
2926 4912 3241 4951 DEFUNCTA.

2019 4986 2222 5041 Oratio.
2257 4984 2643 5056 Omnipotens
2676 4984 3030 5056 sempiterne
3063 4985 3240 5051 Deus,
3263 4984 3531 5041 conditor
3552 4988 3610 5040 et

1948 5075 2281 5145 redemptor
2304 5073 2636 5127 animarum
2661 5072 2761 5145 qui
2789 5073 3102 5128 animabus
3125 5078 3606 5129 sanctorumtuo-

1947 5180 2075 5217 rum
2099 5168 2322 5217 aeternae
2354 5161 2738 5216 beatitudinis
2770 5161 3075 5233 praemium
3097 5161 3422 5227 contulisti,
3462 5177 3606 5232 prae-

1947 5257 2057 5318 sta,
2096 5266 2459 5321 quaesumus,
2485 5254 2549 5303 ut
2577 5249 2775 5304 anima
2807 5248 3040 5303 famula:
3072 5253 3191 5305 tuae
3223 5248 3291 5304 N.
3322 5264 3500 5320 quam
3532 5248 3605 5301 de

1945 5339 2050 5394 hoc
2085 5337 2294 5393 szeculo
2326 5336 2579 5410 migrare
2601 5337 2861 5408 jussisti,
2900 5340 3071 5407 cujus
3102 5334 3608 5394 commemoratio-

1946 5445 2075 5483 nam
2113 5426 2363 5499 agimus,
2398 5431 2736 5481 sanctorum
2770 5425 3060 5481 consortio
3108 5426 3324 5497 perfrui
3378 5439 3611 5479 merea-

1947 5526 2062 5575 tur.
2103 5515 2226 5570 Per.

3207 5642 3287 5699 29
