3896 6216
309 295 428 358 903

1539 291 1728 356 S1130.
1772 291 1851 352 ΧΙ
1894 287 2206 354 MONUM.
2255 288 2486 352 AUCT.

3596 263 3742 348 an

309 429 515 486 famuli
572 427 657 484 tui
717 428 816 500 qui
865 427 973 484 tibi
1017 432 1210 483 mente
1256 430 1313 483 et
1341 427 1512 484 corde
1571 442 1633 481 se
1691 441 1960 498 peccasse
1991 424 2042 492 Α
2072 423 2228 479 renis
2276 421 2580 478 affectibus
2621 421 2832 494 expiati
2871 422 2944 478 ad
2997 419 3238 494 superni
3284 419 3738 494 plenitudinem

308 517 560 592 graviter
587 515 923 586 conﬁtetur;
948 520 1006 571 et
1033 519 1262 588 praasta,
1287 521 1354 572 ut
1369 531 1472 588 per
1491 515 1841 571 oblationem
1862 513 1942 567 tui

308 605 566 680 corporis
587 611 644 662 et
673 605 998 679 sanguinis,
1023 623 1200 679 quam
1223 605 1328 660 tibi
1358 621 1464 678 pro
1493 603 1618 676 ipso
1649 603 1946 658 offerimus

301 695 534 752 veniam
566 696 875 768 impetrare
901 694 1220 750 valeamus.
1251 695 1373 749 Per.

381 785 717 841 Communia.
769 783 1004 851 Refecti,
1057 799 1416 854 quaesumus,
1471 780 1734 846 Domine,
1795 778 1948 834 datis

309 874 450 941 tuis,
483 877 540 928 te
570 871 864 945 supplices
893 887 1222 938 exoramus,
1253 873 1319 925 ut
1343 886 1618 926 converso
1649 869 1825 924 fratre
1844 885 1944 922 no-

307 967 427 1020 stro
453 961 524 1017 ad
558 961 709 1015 viam
750 958 1015 1030 justitiaa,
1049 959 1268 1014 fontem
1299 955 1688 1030 lacrymarum
1719 957 1780 1010 in
1811 973 1945 1011 eum

305 1049 628 1117 concutias,
659 1053 714 1104 et
743 1065 814 1103 ne
845 1047 999 1102 ultra
1026 1047 1280 1118 lugenda
1307 1046 1654 1112 committat,
1687 1061 1821 1101 eum
1853 1061 1948 1116 pa-

302 1144 470 1197 terna
496 1138 708 1211 pietate
741 1135 990 1192 custodi.
1015 1141 1142 1192 Per.

605 1243 716 1280 PRO
755 1241 1188 1281 CONFITENTIBUS
1229 1241 1470 1280 PECCATA
1508 1241 1636 1280 SUA.

375 1316 580 1371 Oratio.
615 1313 855 1382 Exaudi,
909 1330 1268 1386 quaesumus,
1311 1313 1574 1380 Domine,
1609 1311 1943 1386 supplicum

300 1420 522 1477 preces,
554 1407 687 1469 etc.,
721 1407 784 1458 ut
816 1404 876 1458 in
906 1403 1120 1458 titaniz‘s
1150 1402 1326 1458 aditis.

370 1493 604 1548 Secreta.
638 1491 871 1547 Hostias
911 1491 1041 1557 tibi,
1073 1491 1336 1557 Domine,
1381 1489 1726 1563 placationis
1755 1487 1942 1544 ofl'eri-

301 1599 458 1650 mus,
489 1587 554 1636 ut
573 1579 785 1636 delicta
806 1584 1005 1636 nostra
1027 1579 1340 1636 miseratus
1370 1579 1638 1635 absolvas
1657 1582 1714 1634 et
1745 1593 1942 1650 pacem

303 1670 472 1726 nobis
499 1669 803 1726 concedas.
837 1669 964 1724 Per.

374 1757 710 1814 Communia.
763 1761 980 1813 Praesta
1035 1757 1224 1823 nobis,
1284 1761 1496 1814 aeterne
1543 1757 1824 1821 Salvator,
1881 1759 1946 1810 ut

299 1846 686 1920 percipientes
703 1847 810 1902 hoc
831 1863 1070 1902 munere
1099 1846 1328 1902 veniam
1355 1850 1725 1919 peccatorum
1747 1845 1819 1902 de
1833 1845 1953 1903 tuis

299 1951 532 2010 semper
559 1935 856 1992 beneficiis
885 1935 1222 2008 gloriemur.

810 2040 977 2082 HXSSA
1013 2041 1125 2080 PRO
1167 2041 1440 2080 PECCATIS.

371 2115 575 2172 Oratio.
628 2113 802 2180 Deus,
857 2114 955 2186 qui
1005 2113 1376 2186 peccantium
1425 2129 1540 2169 non
1588 2111 1676 2168 vis
1726 2112 1952 2170 animas

298 2204 509 2277 perire,
543 2203 642 2260 sed
670 2203 895 2274 culpas,
921 2203 1153 2259 contine
1167 2219 1400 2278 pcenam
1433 2219 1609 2274 quam
1637 2217 1951 2270 meremur,

295 2296 352 2348 et
380 2309 558 2365 quam
592 2308 902 2363 precamur
952 2309 1130 2364 super
1163 2309 1270 2347 nos
1319 2291 1552 2346 efl‘unde
1581 2289 1951 2346 clementiam

293 2386 478 2448 tuam,
513 2385 580 2436 ut
635 2381 705 2436 de
741 2396 985 2436 mmrore
1040 2381 1322 2454 gaudium
1377 2384 1490 2434 tuae
1541 2379 1952 2436 misericordiae

299 2469 578 2542 consequi
610 2485 963 2526 mereamur.
999 2470 1126 2525 Per.

366 2557 596 2614 Secreta.
652 2557 972 2614 Subveniat
1024 2556 1218 2624 nobis,
1272 2555 1538 2622 Domine,
1587 2571 1948 2628 quaesumus,

294 2646 562 2702 sacrificii
595 2646 899 2718 praesentis
922 2644 1159 2711 oblatio,
1187 2662 1314 2716 quae
1347 2661 1454 2700 nos
1485 2648 1542 2699 et
1559 2644 1630 2698 ab
1663 2643 1951 2699 universis

292 2735 589 2792 erroribus
617 2739 881 2808 potenter
901 2733 1200 2812 absolvat,
1234 2738 1290 2789 et
1321 2749 1353 2788 a
1386 2732 1564 2788 totius
1595 2731 1800 2804 eripiat
1826 2749 1950 2806 per-

293 2823 532 2879 ditionis
563 2822 825 2878 incursu.
859 2827 987 2878 Per.

367 2913 704 2967 Communia.
739 2911 983 2977 Exaudi,
1017 2909 1284 2975 Domine,
1315 2909 1600 2982 gemitum
1642 2908 1838 2982 populi
1862 2908 1949 2964 tui

293 3018 366 3057 ne
395 2999 529 3073 plus
549 3001 704 3072 apud
726 3003 782 3054 te
794 2998 983 3055 valeat
1004 2997 1246 3055 offensio
1259 2998 1745 3070 delinquentium,
1769 3013 1946 3068 quam

293 3087 694 3144 misericordia
741 3091 844 3144 tua
899 3087 1124 3143 indulta
1173 3086 1407 3142 ﬂetibus
1457 3084 1939 3158 supplicantium.

292 3182 418 3234 Per.

651 3281 763 3321 PRO
802 3280 1150 3320 REMISSIONE
1190 3279 1510 3319 PECCA’I‘ORU
1521 3281 1560 3317 Μ
1569 3303 1582 3320 ο

363 3355 548 3426 Oratio
578 3358 630 3410 et
657 3357 880 3419 secreta,
914 3361 975 3409 ut
1005 3355 1067 3408 in
1093 3352 1274 3408 editis.

365 3444 703 3499 Communia.
738 3444 892 3509 Quos
915 3457 1156 3497 munere
1187 3439 1402 3496 caelesti
1431 3438 1640 3508 reﬁcis,
1674 3439 1936 3503 Domine,

293 3533 488 3588 divino
515 3537 678 3587 tuere
703 3530 993 3604 priesidio,
1017 3540 1082 3585 ut
1111 3529 1229 3584 tuis
1261 3527 1553 3601 mysteriis
1581 3526 1942 3600 perfruentes

293 3620 476 3677 nullis
501 3621 826 3676 subdamur
841 3619 1124 3686 adversis,
1147 3622 1205 3672 et
1232 3634 1266 3672 a
1286 3615 1512 3672 cunctis
1529 3615 1944 3688 iniquitatibus

293 3708 510 3766 nostris
539 3725 683 3764 exue
705 3725 812 3762 nos
833 3705 1205 3778 omnipotens
1227 3704 1401 3774 Deus,
1421 3709 1478 3760 et
1499 3705 1555 3759 in
1577 3709 1680 3760 tua
1700 3704 1786 3759 fac
1805 3719 1945 3776 pace

293 3798 566 3872 gaudere.
600 3801 728 3852 Per.

592 3900 762 3940 ΜῐεεΑ
801 3899 910 3938 PRO
949 3899 1114 3938 MALIS
1153 3898 1640 3938 COGITATIONIBUS.

367 3974 554 4030 Oratio
580 3974 641 4026 in
670 3980 893 4039 secreta,
924 3979 984 4027 ut
1015 3973 1074 4026 in
1107 3970 1288 4026 editis.

367 4061 706 4117 Communia.
741 4059 846 4116 Per
873 4059 981 4116 hoc
1028 4059 1405 4127 sacriﬁcium,
1439 4075 1801 4132 quaesumus,
1833 4063 1946 4114 Do-

296 4150 476 4215 mine,
515 4149 670 4222 quod
703 4153 817 4204 tute
869 4147 1192 4204 obtulimus
1222 4147 1536 4220 majestati,
1570 4149 1644 4203 ab
1672 4147 1947 4203 omnibus

293 4255 396 4294 cor
424 4236 627 4294 famuli
659 4236 742 4293 tui
775 4236 1030 4292 emunda
1055 4235 1499 4292 tentationibus.
1536 4235 1656 4292 Per.

571 4343 736 4383 IISSA
775 4342 886 4381 PRO
924 4341 1217 4382 PETITIONE
1257 4341 1668 4381 LACRYMARUM.

367 4417 554 4472 Oratio
577 4424 628 4472 et
647 4415 1108 4485 Pastcommunio,
1142 4417 1204 4468 ut
1233 4415 1294 4469 in
1325 4414 1510 4470 editis.

366 4506 601 4562 Secreta.
664 4505 792 4560 Haec
869 4503 1176 4572 sacrificia,
1249 4518 1610 4575 quaesumus,
1682 4502 1944 4574 Domine,
1976 4523 2024 4588 Β

294 4612 424 4668 quae
457 4599 572 4649 tua:
600 4592 800 4665 pietati
831 4591 1176 4663 obtulimus,
1210 4591 1381 4648 nobis
1411 4591 1718 4663 proficiant
1737 4592 1808 4646 ad
1842 4608 1944 4647 no-

294 4689 550 4740 strorum
581 4682 810 4738 veniam
863 4685 1258 4754 peccatorum,
1289 4685 1348 4735 et
1401 4679 1796 4736 miserationis
1828 4685 1938 4736 tua:

294 4789 528 4846 semper
557 4771 821 4827 tribuant
851 4769 1150 4827 solatium.
1186 4769 1311 4823 Per.

721 4876 890 4916 MISSA
932 4874 1042 4914 PRO
1078 4873 1488 4914 TRIBULATIONB
1499 4901 1510 4912 .

367 4952 573 5006 Oratio.
609 4948 962 5004 Inefi'abilem
1005 4947 1466 5004 misericordiam
1494 4951 1678 5013 tuam,
1713 4963 1942 5019 quaesu-

295 5057 450 5103 mus,
495 5038 758 5105 Domine,
803 5036 972 5092 nobis
1002 5037 1318 5093 clementer
1359 5037 1620 5102 ostende,
1673 5044 1738 5090 ut
1765 5035 1944 5091 simul

296 5144 406 5183 nos
435 5143 471 5182 a
493 5127 746 5198 peccatis
795 5141 974 5182 exuas
1001 5130 1058 5180 et
1086 5141 1120 5180 a
1161 5124 1350 5197 pmnis
1383 5141 1532 5196 quas
1570 5141 1674 5196 pro
1705 5123 1798 5178 his
1830 5141 1946 5180 me-

297 5232 496 5271 remur
525 5215 760 5288 eripias.
795 5214 919 5269 Per.

368 5303 600 5360 Secreta.
632 5301 904 5358 Purificet
922 5318 1048 5369 nos,
1072 5301 1336 5369 Domine,
1359 5316 1722 5372 quaesumus,
1750 5316 1951 5356 mune-

299 5391 379 5448 ris
405 5390 708 5465 praesentis
737 5387 974 5457 oblatio,
997 5396 1054 5446 et
1074 5389 1284 5462 dignos
1306 5405 1474 5446 sacra
1503 5389 1948 5461 participatione

300 5479 581 5552 perficiat.
614 5478 740 5533 Per.

371 5567 708 5629 Communia.
740 5564 974 5642 Prasta,
997 5565 1259 5642 Domine,
1283 5577 1645 5643 quaesumus,
1677 5569 1744 5624 ut
1774 5583 1809 5626 a
1836 5569 1950 5626 ter-

2068 509 2438 579 sacramenti,
2473 511 2642 582 cujus
2674 509 2984 566 libavimus
3002 515 3204 566 sancta
3222 509 3562 566 tendamus.
3587 509 3735 564 Per.

2700 643 2828 680 ALIA
2886 643 3072 682 MISSA.

2133 733 2337 788 Oratio.
2393 737 2566 799 Deus,
2601 731 2701 804 qui
2751 736 3135 789 contritorum
3188 747 3305 787 non
3341 731 3598 805 despicis
3631 747 3741 806 ge-

2059 821 2291 888 mitum,
2311 825 2367 878 et
2396 820 2766 876 maerentium
2785 839 2899 878 non
2930 821 3160 894 spernis
3181 820 3478 890 affectum,
3513 821 3736 878 adesto

2059 911 2328 983 precibus
2368 911 2603 978 nostris,
2655 928 2803 983 quas
2833 910 3037 982 pietati
3069 915 3182 966 tua:
3209 925 3314 983 pro
3342 909 3739 966 tribulatione

2065 1004 2264 1055 nostra
2293 999 2616 1066 offerimus,
2647 998 3030 1072 implorantes
3056 1003 3123 1055 ut
3153 1015 3258 1054 nos
3289 997 3610 1056 clementer
3629 1015 3740 1055 su-

2059 1087 2296 1160 scipias,
2340 1092 2397 1144 et
2427 1087 2551 1143 solo
2602 1087 2883 1144 bonitatis
2924 1092 3038 1144 tua:
3080 1087 3299 1144 intuitu
3350 1085 3602 1156 tribuas,
3659 1092 3736 1144 ut

2061 1177 2346 1249 quidquid
2393 1182 2594 1232 contra
2625 1192 2732 1232 nos
2761 1176 3059 1232 diabolica:
3092 1181 3267 1249 atque
3297 1177 3571 1233 humanae
3597 1194 3734 1232 mo-

2054 1265 2282 1321 liuntur
2310 1265 2712 1334 adversitatcs,
2736 1267 2808 1322 ad
2836 1265 3086 1320 nihilum
3116 1265 3366 1338 redigas,
3391 1269 3448 1322 et
3472 1261 3730 1322 consilio

2057 1353 2465 1410 misericondize
2484 1359 2599 1410 tua:
2622 1354 2851 1425 allidas,
2877 1359 3172 1426 quatenus
3196 1353 3378 1410 nullis
3396 1354 3726 1414 adversita-

2060 1443 2221 1500 tibus
2252 1443 2393 1512 laesi,
2443 1445 2544 1500 sed
2577 1445 2650 1500 ab
2681 1444 2840 1499 omni
2893 1443 3270 1501 tribulatione
3327 1449 3386 1500 et
3439 1443 3726 1518 angustia

2061 1531 2311 1600 liberati,
2346 1533 2566 1606 gratias
2590 1532 2693 1587 tibi
2718 1533 2776 1587 in
2804 1531 3057 1588 Ecclesia
3085 1535 3189 1588 tua
3219 1531 3562 1589 referamus.
3587 1531 3722 1591 Per.

2131 1623 2364 1677 Secreta.
2420 1627 2592 1688 Deus,
2649 1622 2748 1694 qui
2811 1623 3122 1678 tribulatos
3177 1623 3350 1678 corde
3406 1638 3605 1691 sanas,
3641 1623 3722 1678 ad

2055 1709 2204 1765 hanc
2237 1711 2524 1782 propitius
2573 1710 2826 1765 hostium
2880 1711 3192 1783 dignanter
3223 1709 3476 1776 attende,
3507 1715 3566 1766 et
3596 1723 3726 1783 qua

1981 1794 2029 1859 Β
2061 1799 2237 1854 totius
2265 1799 2466 1854 mundi
2501 1798 2733 1854 voluisti
2754 1798 2937 1854 laxari
2959 1797 3192 1868 delicta,
3221 1798 3725 1871 protribulatione

2063 1893 2262 1944 nostra
2291 1887 2604 1943 clementer
2631 1903 2885 1955 assume,
2919 1893 3236 1959 nostraque
3265 1891 3469 1944 cuneta
3496 1887 3722 1945 discri-

2061 1979 2223 2033 mina
2243 1977 2481 2046 solvere,
2501 1975 2939 2032 tribulationem
2966 1977 3220 2047 attende,
3245 1976 3513 2033 miserias
3532 1975 3716 2049 petle,

2061 2066 2362 2140 angustias
2393 2070 2450 2122 et
2478 2083 2786 2139 pressurae
2807 2081 3032 2130 amove,
3054 2070 3120 2120 ut
3135 2065 3293 2122 exuti
3317 2067 3392 2121 ab
3409 2065 3714 2133 omnibus,

2062 2173 2188 2228 quae
2229 2156 2506 2226 patimur,
2565 2153 2760 2222 malis,
2805 2155 2865 2208 in
2915 2155 3034 2210 tuis
3081 2171 3314 2228 semper
3353 2152 3720 2212 delectemur

2062 2243 2350 2300 exsultare
2379 2244 2697 2300 beneficiis.
2733 2243 2854 2302 Per.

2135 2333 2473 2388 Communia.
2506 2332 2764 2396 Dimitte,
2786 2341 3145 2405 quaesumus,
3179 2333 3443 2402 Domine,
3477 2338 3721 2405 peccata

2063 2425 2281 2488 nostra,
2313 2426 2371 2476 et
2391 2421 2580 2476 tribue
2601 2421 2772 2476 nobis
2789 2421 3252 2478 misericordiam
3267 2425 3453 2489 tuam,
3477 2421 3719 2494 orisque

2063 2510 2247 2565 nostri
2291 2508 2546 2581 alloquio
2603 2510 2948 2581 deprecatus
2999 2514 3259 2566 nostram
3309 2508 3718 2567 humilitatem

2061 2599 2312 2666 attende,
2360 2597 2589 2654 vincula
2619 2597 2796 2665 solve,
2833 2598 3043 2655 delicta
3071 2597 3218 2666 dele,
3267 2597 3717 2656 tribulationem

2057 2687 2300 2759 inspice,
2325 2687 2734 2742 adversitatem
2759 2686 2994 2759 repelle,
3013 2688 3398 2760 effectumque
3411 2687 3716 2760 petitionis

2060 2781 2268 2831 nostra:
2292 2776 2516 2848 jugiter
2544 2775 2860 2831 clementer
2888 2776 3118 2830 exaudi.
3153 2775 3278 2830 Per.

2485 2908 2656 2946 MISSA
2695 2909 2752 2946 IN
2791 2909 3057 2946 TEMPORE
3097 2908 3276 2948 BELLI.

2130 2999 2335 3053 Oratio.
2371 2997 2752 3069 Omnipotens
2800 3003 2856 3052 et
2886 2996 3216 3054 misericors
3265 3002 3416 3054 Deus
3465 3014 3502 3054 a
3529 2998 3711 3056 bello-

2057 3104 2185 3142 rum
2220 3105 2348 3152 nos,
2383 3103 2744 3159 quaesumus,
2770 3085 3004 3142 turbine
3021 3087 3109 3142 fac
3129 3087 3381 3158 quietos,
3405 3085 3713 3160 quiabona

1967 3159 2010 3228 C
2052 3175 2220 3232 nobis
2250 3175 2575 3248 prtestabis,
2601 3175 2652 3231 si
2673 3191 2872 3247 pacem
2902 3175 3132 3232 dederis
3161 3179 3219 3232 ct
3249 3175 3467 3232 mentis
3503 3179 3561 3232 et
3589 3193 3715 3233 cor-

2051 3265 2230 3338 poris.
2266 3263 2390 3320 Per.

2122 3353 2355 3408 Secreta.
2389 3353 2779 3418 Sacriﬁcium,
2810 3358 2944 3422 etc.,
2980 3355 3036 3408 ut
3066 3355 3126 3408 in
3155 3353 3334 3409 editis.

2125 3443 2464 3498 Communia.
2532 3441 2894 3497 Sacrosancti
2960 3442 3222 3514 corporis
3277 3444 3333 3498 et
3397 3441 3708 3514 sanguinis

2055 3531 2281 3588 Domini
2331 3530 2516 3586 nostri
2554 3530 2693 3586 Jesu
2753 3530 2966 3586 Christi
3019 3531 3327 3587 refectione
3372 3531 3706 3601 confortati,

2053 3619 2348 3693 supplices
2380 3625 2436 3675 te
2469 3635 2766 3691 rogamus,
2800 3619 3172 3692 omnipotens
3192 3620 3365 3688 Deus,
3391 3623 3460 3673 ut
3486 3618 3596 3674 hoc
3623 3635 3710 3676 re-

2055 3709 2244 3764 medio
2275 3706 2556 3780 singulari
2587 3707 2658 3762 ab
2683 3707 2951 3762 omnium
2973 3713 3341 3780 peccatorum
3364 3724 3471 3763 nos
3493 3701 3708 3782 cogita»

2040 3786 2209 3853 tione
2243 3795 2533 3868 purifices,
2559 3799 2617 3850 et
2647 3795 3082 3868 apericulorum
3117 3795 3350 3854 munies
3373 3797 3707 3854 incursione

2055 3889 2419 3941 cunctorum.
2452 3887 2560 3939 Per
2583 3883 2876 3939 eumdem.

2432 4014 2604 4054 MISSA
2644 4015 2756 4052 PRO
2797 4015 3312 4064 PERSEQUENTIBUS.

2127 4107 2332 4162 Oratio.
2363 4104 2630 4161 Hostium
2675 4108 3033 4170 nostrorum,
3068 4121 3427 4176 quaesumus,
3460 4103 3708 4161 Domine

2054 4195 2229 4263 Deus,
2264 4193 2412 4250 elide
2436 4193 2799 4266 superbiam,
2829 4198 2886 4248 et
2908 4210 3010 4265 per
3030 4195 3508 4250 intercessionem
3526 4194 3706 4250 beata

2057 4283 2250 4338 Maria:
2283 4281 2561 4354 Virginis,
2585 4286 2644 4337 et
2673 4281 2938 4337 omnium
2961 4285 3302 4338 sanctorum
3335 4281 3582 4338 dexterae
3595 4286 3709 4338 tua:

2053 4373 2271 4428 virtute
2305 4374 2628 4443 prosterne.
2663 4371 2788 4426 Per.

2125 4461 2359 4518 Secreta.
2394 4461 2599 4531 Hujus,
2643 4459 2907 4526 Domine,
2942 4475 3308 4531 quaesumus,
3336 4458 3557 4516 virtute
3587 4474 3710 4531 my-

2055 4550 2214 4606 sterii
2248 4567 2352 4622 per
2398 4547 2876 4604 intercessionem
2907 4548 3090 4604 beatae
3120 4547 3314 4604 Mariae
3363 4547 3623 4621 Virginis
3652 4552 3710 4604 et

2055 4637 2320 4694 omnium
2353 4642 2691 4692 sanctorum
2706 4653 2739 4691 a
2761 4636 2976 4692 nostris
2995 4636 3352 4692 mundemur
3374 4635 3708 4704 occultis,et

2051 4726 2125 4782 ab
2159 4725 2535 4781 inimicorum
2569 4723 2889 4780 liberamur
2918 4723 3170 4781 insidiis.
3195 4725 3320 4781 Per.

2125 4815 2464 4872 Communia.
2493 4813 2781 4883 Viviﬁcet,
2823 4830 3184 4886 quaesumus,
3218 4812 3487 4880 Domine,
3516 4813 3708 4886 propi-

2053 4905 2217 4960 tiatio
2249 4903 2334 4958 tui
2363 4907 2566 4958 sancta
2582 4902 2866 4974 mysterii,
2883 4906 2941 4956 et
2960 4918 3064 4974 per
3078 4901 3288 4958 merita
3317 4902 3498 4957 beata;
3520 4899 3708 4957 Maria;

2053 4989 2333 5062 Virginis.
2369 4994 2425 5044 et
2452 4993 2791 5044 sanctorum
2811 4987 3074 5044 omnium
3094 4987 3499 5060 pariternobis
3523 4987 3712 5061 eXpia-

2053 5078 2274 5134 tionem
2305 5077 2528 5134 tribuat
2558 5082 2616 5132 et
2645 5077 2972 5133 munimen.
3009 5077 3132 5132 Per.

2359 5209 2530 5248 MISSA
2571 5209 2624 5248 ιη
2659 5209 2928 5248 TEMPORE
2967 5189 3429 5250 mon'rAerA'rxsf

2440 5282 2623 5337 Oratio
2647 5285 2701 5336 et
2727 5289 2932 5337 secreta
2963 5288 3026 5337 ut
3055 5283 3117 5336 in
3145 5282 3326 5338 editis.

2129 5389 2470 5445 Communia.
2498 5387 2876 5444 Sacramenta
2891 5405 3020 5460 nos,
3037 5405 3404 5460 quzesumus,
3440 5387 3706 5454 Domine,

2057 5476 2160 5534 tua
2173 5480 2373 5532 sancta
2403 5477 2724 5544 sumentes,
2747 5481 2806 5532 et
2835 5476 3380 5551 abomnipropitius
3400 5475 3714 5551 iniquitate

2059 5571 2118 5626 et
2145 5563 2410 5646 periculo
2433 5563 2696 5624 defende.
2732 5565 2860 5624 Per.
