3896 6216
590 399 760 439 MISSA
792 400 901 439 PRO
930 399 1059 438 ITER
1087 398 1421 438 AGENTIBUS.

571 472 754 528 Oratio
782 478 835 526 et
864 479 1065 528 secreta
1094 480 1155 528 ut
1184 473 1246 527 in
1275 470 1453 526 editis.

257 561 588 616 Communia.
622 559 777 616 Deus
807 560 1053 616 inﬁnita
1084 559 1495 616 misericordia
1539 564 1596 615 et
1645 560 1827 631 maje-

184 649 350 706 alatis
381 649 704 716 immensa,
738 666 914 721 quem
946 666 1051 705 nec
1082 649 1272 721 spatia
1302 647 1587 717 locorum,
1614 665 1718 704 nec
1741 648 1826 703 in-

182 735 414 793 tervalla
444 739 904 810 temporum,‘ab
929 738 1042 806 his,
1069 754 1218 810 quos
1242 737 1447 804 tueris,
1468 737 1823 810 abjungunt,

181 827 378 881 adesto
411 825 646 881 famulis
673 826 793 882 tuis
822 826 879 881 in
910 831 967 882 te
999 826 1216 899 ubique
1248 825 1587 891 ﬁdentibus,
1620 830 1676 881 et
1724 842 1828 898 per

182 931 431 983 omnem,
465 931 645 987 quam
678 915 815 970 ituri
847 919 988 971 sunt
1015 916 1196 981 viam,
1227 915 1345 970 dux
1387 914 1471 970 eis
1521 920 1577 971 et
1627 931 1823 970 comes

180 1020 304 1060 esse
333 1003 608 1076 dignare;
644 1002 790 1059 nihil
813 1004 898 1059 eis
924 1002 1294 1060 adversitatis
1316 1009 1541 1071 noceat,
1567 1002 1646 1058 nil
1670 1003 1824 1057 difﬁ-

180 1092 413 1148 cultatis
442 1092 711 1159 obsistat,
743 1097 954 1149 cuncta
983 1092 1066 1148 eis
1116 1090 1399 1157 salubria,
1446 1095 1658 1147 cuncta
1708 1092 1827 1147 sint

176 1197 473 1254 prospera,
506 1186 574 1237 ut
603 1181 714 1238 sub
744 1198 851 1255 ope
881 1183 1125 1238 dextera
1168 1184 1280 1235 tua
1331 1180 1618 1253 quidquid
1658 1182 1825 1253 justo

179 1269 524 1343 expetierint
570 1270 858 1340 desiderio
912 1269 1083 1325 celeri
1133 1273 1568 1341 consequantur
1597 1269 1823 1324 effectu.

179 1357 297 1414 Per.

242 1481 409 1520 MISSA
461 1482 516 1519 IN
572 1480 665 1520 DIE
712 1479 1101 1520 DEPOSITIONIS
1150 1479 1449 1528 DEFUNC’I‘I,
1506 1479 1591 1529 III,
1637 1462 1723 1518 νεὶ
1746 1481 1823 1531 VI,

874 1533 963 1590 vel
994 1551 1123 1588 xxx.

544 1625 726 1679 Oratio
756 1630 815 1679 ut
833 1626 895 1678 in
923 1622 1085 1679 editis
1116 1623 1206 1678 die
1234 1624 1431 1679 tertio.

243 1718 481 1769 Secreta.
496 1711 1007 1778 Adesto,Domine,
1039 1710 1571 1784 supplicationibus
1607 1710 1827 1767 nostris

173 1808 227 1859 et
254 1802 403 1858 hanc
435 1801 813 1867 oblationem,
834 1817 1012 1873 quam
1035 1800 1141 1855 tibi
1167 1800 1468 1856 offerimus
1490 1817 1594 1873 pro
1633 1799 1832 1856 anima

175 1890 373 1947 famuli
406 1889 499 1946 tui
531 1890 598 1944 N.
631 1889 689 1944 in
723 1890 817 1945 die
867 1889 1251 1962 depositionis
1298 1890 1425 1959 ejus
1474 1888 1644 1944 tertio
1698 1889 1833 1959 (vel-

177 1980 422 2051 septimo
441 1980 528 2034 vel
549 1978 892 2047 tricesimo),
917 1976 1184 2050 placidus
1204 1994 1271 2033 ac
1288 1977 1579 2050 benignus
1594 1993 1830 2032 assume

184 2073 305 2124 Per.
967 2134 971 2139 ι

245 2157 584 2213 Communia.
620 2155 1003 2226 Omnipotens
1034 2154 1381 2227 simpiterne
1429 2159 1605 2217 Deus,
1657 2153 1832 2209 collo-

179 2263 304 2301 care
326 2246 576 2318 dignare
598 2244 826 2299 animas
844 2243 1200 2299 famulorum
1220 2242 1693 2315 famularumque
1709 2246 1834 2297 tua-

176 2350 325 2400 rum,
352 2333 593 2389 illorum
611 2348 864 2403 quorum
878 2332 1035 2387 diem
1049 2330 1413 2387 celebramus
1426 2330 1829 2403 depositionis,

176 2422 232 2476 in
263 2422 496 2477 sinibus
525 2420 846 2488 Abraham,
883 2421 1044 2476 Isaac
1075 2423 1134 2475 et
1161 2419 1361 2485 Jacob,
1396 2424 1461 2474 ut
1512 2436 1647 2474 cum
1701 2420 1826 2475 dies

171 2509 490 2583 agnitionis
522 2514 631 2565 tua
663 2508 983 2576 advenerit,
1017 2508 1170 2563 inter
1200 2512 1435 2564 sanctos
1455 2511 1588 2563 tuos
1619 2512 1676 2563 et
1712 2506 1831 2563 ele-

172 2604 294 2656 ctos
327 2598 664 2655 resuscitari
687 2596 1012 2670 pracipias.
1048 2596 1173 2652 Per.

424 2703 594 2743 MISSA
624 2703 734 2741 PRO
765 2703 881 2741 ἰ]Νο
909 2702 1230 2741 SACERDO’I‘E
1261 2700 1576 2740 DEFUNCTO.

242 2777 451 2832 Oratio.
488 2774 645 2831 Beati
680 2774 892 2830 Floridi
925 2775 1277 2831 confessoris
1318 2772 1429 2841 tui,
1483 2789 1831 2844 quasumus

177 2865 445 2931 Domine,
478 2862 892 2918 intercessione
915 2879 1022 2917 nos
1054 2866 1311 2935 protege,
1354 2866 1412 2917 et
1439 2860 1699 2917 animam
1747 2861 1829 2915 fa-

178 2951 324 3008 muli
346 2949 434 3006 tui
452 2950 770 3005 sacerdotis
790 2953 1127 3005 sanctorum
1142 2954 1381 3005 tuorum
1396 2951 1579 3022 junge
1595 2965 1831 3004 consor-

177 3041 297 3096 tiis.
318 3039 446 3093 Per.

999 252 1377 311 EXCERPT.
1425 251 1524 310 EX
1570 250 1797 311 CODD.
1845 249 2159 311 LITURG.
2206 250 2795 312 FONTAVELLAN.

3483 255 3604 316 906

1866 383 1923 449 Α
1951 382 2181 437 animas
2212 381 2568 437 famulorum
2589 387 2826 439 tuorum
2849 384 3341 442 subdiaconorum
3365 387 3425 441 in
3448 385 3603 444 lucis

1937 474 2165 526 aeterna
2196 471 2463 543 perficias
2497 471 2731 543 regione
2762 472 3039 544 gaudere.
3074 474 3201 528 Per.

2010 560 2352 616 Communia.
2376 559 2477 615 His
2503 559 2833 627 sacriﬁciis,
2849 577 3211 631 quaesumus,
3227 565 3606 637 omnipotens

1936 648 2112 714 Deus,
2144 652 2472 720 purgentur
2505 648 2718 703 anima
2741 653 2795 703 et
2819 648 3063 721 spiritus
3084 648 3441 706 famulorum
3477 658 3603 708 tuo-

1934 753 2067 791 rum
2096 735 2612 805 subdiaconorum,
2636 742 2697 790 ut
2718 737 2787 791 ad
2814 736 3239 809 indulgentiam
3265 744 3325 793 et
3349 740 3589 813 refrige-

1937 825 2090 880 rium
2124 825 2546 897 sempiternum
2575 824 2877 897 pervenire
2905 830 3261 881 mereantur.
3296 828 3422 882 Per.

2194 904 2199 908 ’
2356 932 2521 970 mssa
2553 932 2663 969 pne
2693 931 2798 970 υΝο
2829 931 3146 970 parauere.

2009 1003 2208 1058 Oratio.
2240 1003 2620 1074 Omnipotens
2668 1004 3024 1075 sempiterne
3073 1004 3249 1074 Deus,
3294 1006 3389 1060 cui
3440 1022 3594 1060 nun-

1937 1107 2115 1162 quam
2147 1090 2271 1147 sine
2301 1108 2403 1164 spe
2424 1092 2835 1165 miseu'mrdia
2858 1092 3245 1164 supplicatur,
3268 1094 3588 1166 propitiare

1930 1180 2146 1235 anima
2178 1179 2383 1235 famuli
2415 1181 2522 1246 tui,
2555 1184 2621 1235 ut
2651 1181 2753 1252 qui
2786 1182 2855 1236 de
2886 1182 2994 1237 hac
3015 1180 3133 1236 vita
3160 1182 3220 1237 in
3253 1183 3339 1238 tui
3394 1183 3591 1239 nomi-

1937 1269 2030 1325 nis
2042 1269 2406 1324 confessione
2427 1270 2719 1337 discessit,
2741 1274 3077 1325 sanctorum
3097 1274 3332 1326 tuorum
3352 1288 3600 1327 numero

1940 1358 2120 1413 facias
2151 1358 2473 1432 aggregari.
2501 1358 2626 1413 Per.

2008 1446 2241 1502 Secreta.
2275 1445 2614 1518 Propitiare,
2659 1463 3019 1517 quasumus,
3068 1447 3333 1514 Domine,
3380 1448 3591 1502 anima

1938 1534 2144 1591 famuli
2175 1536 2260 1590 tui
2292 1535 2384 1602 Νη
2420 1552 2522 1601 pro
2554 1552 2669 1606 quo
2697 1536 2803 1590 tibi
2835 1534 3059 1591 hostias
3092 1535 3435 1606 placationis
3458 1536 3600 1590 olfe-

1938 1624 2146 1694 rimus,
2180 1628 2253 1692 et,
2279 1623 2418 1696 quia
2449 1625 2507 1679 in
2539 1624 2649 1679 hac
2679 1623 2809 1679 luce
2831 1624 2888 1678 in
2915 1624 3025 1678 fide
3049 1623 3268 1679 mansit
3288 1622 3594 1691 catholica,

1937 1710 1996 1766 in
2027 1713 2225 1768 futura
2252 1713 2370 1767 vita
2400 1713 2449 1767 ei
2476 1711 2779 1767 retributio
2802 1711 3053 1768 calcstis
3074 1711 3273 1784 gaudii
3310 1712 3598 1767 condone-

1942 1806 2057 1856 tur.
2079 1805 2207 1855 Per.

2015 1889 2354 1946 Communia.
2379 1890 2616 1957 Prasta,
2643 1906 3004 1961 quasumus,
3029 1890 3400 1962 omnipotens
3421 1890 3597 1946 Deus.

1944 1966 2008 2033 ut
2038 1977 2237 2033 anima
2268 1977 2473 2033 famuli
2504 1977 2588 2032 tui
2622 1979 2688 2032 Ν.
2723 1979 2793 2032 ab
2826 1978 3051 2050 angelis
3072 1977 3223 2034 lucis
3246 1982 3519 2050 suscepta
3540 1978 3601 2032 in

1943 2072 2267 2139 praparata
2297 2066 2633 2122 habitacula
2664 2065 2873 2121 deduci
2906 2066 3087 2121 facias
3112 2066 3440 2121 beatorum.
3471 2067 3601 2121 Per.

2265 2172 2435 2210 MISSA
2466 2172 2574 2209 PRO
2609 2171 2895 2209 PLURIBUS
2926 2171 3255 2210 DEFUNCTIS.
3358 2228 3361 2231 Δ

2016 2244 2217 2299 Oratio.
2252 2243 2425 2311 Deus,
2458 2245 2631 2315 cujus
2662 2243 3072 2298 misericordia
3104 2259 3218 2297 non
3251 2248 3339 2298 est
3392 2260 3604 2298 nume-

1944 2349 2065 2398 rus,
2091 2331 2323 2403 suscipe
2346 2331 2635 2403 propitius
2656 2348 2757 2402 pro
2771 2330 3449 2387 animabusfamulorum
3464 2335 3598 2386 tuo-

1944 2438 2077 2476 rum
2110 2436 2309 2493 preces
2341 2425 2595 2486 nostras,
2630 2425 2688 2474 et
2716 2418 2865 2474 lucis
2898 2419 2982 2475 eis
3013 2418 3276 2474 latitiam
3309 2406 3504 2491 atque.
3538 2419 3599 2474 in

1945 2509 2179 2582 regione
2201 2512 2537 2564 sanctorum
2562 2514 2797 2563 tuorum
2826 2508 3162 2563 societatem
3181 2508 3450 2563 concede.
3472 2508 3599 2563 Per.

2013 2597 2366 2653 Secreta.Pro
2378 2596 2595 2668 requie,
2612 2595 2874 2661 Domine,
2892 2596 3227 2651 animarum
3243 2594 3598 2652 famulorum

1944 2692 2181 2742 tuorum
2214 2686 2281 2740 N.
2317 2686 2549 2756 suscipe
2577 2684 2856 2752 hostiam,
2889 2701 3067 2755 quam
3090 2686 3151 2738 tu
3177 2684 3294 2739 Deo
3317 2685 3469 2740 Patri
3492 2701 3599 2756 pro

1945 2774 2113 2829 nobis
2146 2772 2410 2829 obtulisti
2442 2772 2780 2846 benignam,
2815 2777 2883 2826 ut
2911 2772 3011 2843 qui
3056 2789 3234 2827 causa
3284 2771 3596 2827 hominum

1943 2860 2299 2918 descendisti
2330 2862 2401 2916 de
2432 2860 2611 2927 calis,
2645 2866 2701 2916 te
2730 2860 3009 2915 redeunte
3026 2864 3361 2915 mereantur
3396 2877 3599 2916 nume-

1945 2952 2060 3006 rari
2090 2952 2150 3005 in
2182 2950 2475 3005 consortio
2503 2954 2862 3016 sanctorum,
2893 2948 2991 3020 qui
3024 2965 3157 3003 cum
3193 2949 3304 3003 Deo
3325 2949 3493 3004 Patre
3543 2954 3598 3004 et

1941 3040 2160 3112 Spiritu
2191 3043 2393 3095 sancto
2422 3039 2570 3093 vivis
2593 3044 2650 3093 et
2669 3054 2879 3110 regnas
2900 3037 2958 3091 in
2983 3036 3195 3093 sacula
3215 3037 3589 3093 saeculorum.

182 3124 185 3129 ’
249 3128 486 3182 Secreta.
539 3124 801 3197 Suscipe,
854 3141 1215 3197 quasumus,
1269 3126 1538 3193 Domine,
1606 3126 1831 3182 hostias
1860 3112 1904 3179 C
2017 3129 2364 3185 Communia.
2400 3126 2530 3181 Hac
2558 3142 2663 3181 nos
2696 3126 3053 3191 communio,
3086 3125 3352 3192 Domine,
3382 3131 3597 3198 purget

176 3213 528 3286 placationis
557 3217 614 3269 et
643 3212 834 3268 laudis
881 3229 1029 3285 quas
1074 3213 1182 3269 tibi
1232 3214 1292 3269 in
1342 3214 1623 3270 honorem
1672 3214 1825 3270 beati

180 3302 393 3359 Floridi
427 3302 778 3359 confessoris
806 3302 892 3357 tui
927 3302 1350 3358 consecrandas
1398 3301 1734 3370 deferimus,
1773 3306 1830 3358 et

178 3409 279 3464 pro
313 3391 513 3463 requie
544 3389 750 3447 famuli
776 3391 864 3447 tui
897 3391 1215 3447 sacerdotis
1252 3391 1321 3445 N.
1349 3389 1454 3445 tibi
1488 3390 1830 3462 suppliciter

177 3480 255 3536 im
266 3479 577 3537 molamus.
611 3481 739 3536 Per.

250 3570 589 3626 Communia.
624 3570 961 3625 Ascendant
987 3569 1057 3624 ad
1092 3572 1169 3635 te,
1205 3568 1472 3635 Domine,
1505 3584 1707 3641 preces
1734 3584 1831 3623 no-

176 3662 333 3727 stra,
368 3662 425 3714 et
453 3659 713 3714 animam
740 3656 945 3713 tamuli
988 3657 1074 3713 tui
1125 3657 1446 3713 sacerdotis
1493 3656 1561 3712 N.
1615 3657 1832 3730 gaudia

180 3751 393 3803 aterna
423 3747 768 3819 suscipiant,
799 3751 857 3801 et
875 3763 1051 3819 quem
1086 3746 1271 3802 fecisti
1290 3744 1621 3819 adoptionis
1647 3745 1830 3818 parti-

180 3834 389 3907 cipem,
414 3835 626 3906 jubeas
655 3834 1008 3891 hareditatis
1022 3838 1137 3890 tua
1164 3851 1293 3891 esse
1314 3838 1663 3891 consortem.
1700 3834 1827 3889 Per.

480 3940 649 3979 MISSA
678 3941 788 3979 PRO
820 3941 1162 3981 DIACONIBUS
1192 3941 1523 3980 DEFUNCI'IS.

250 4013 456 4067 Oratio.
473 4013 708 4078 Adesto,
731 4012 998 4083 Domine,
1021 4012 1552 4085 supplicationibus
1591 4010 1828 4081 nostris,

176 4104 231 4156 et
261 4101 473 4155 anima
504 4099 864 4154 famulorum
894 4104 1133 4155 tuorum
1165 4102 1568 4169 diaeonorum,
1604 4105 1663 4156 et
1711 4117 1833 4158 om-

177 4189 341 4244 nium
370 4186 716 4241 clericorum
739 4192 851 4243 tua
870 4188 1301 4260 propitiationis
1324 4189 1753 4245 abundantiam
1776 4194 1833 4244 et

176 4274 604 4349 indulgentiam
632 4280 1083 4348 consequantur,
1117 4280 1175 4331 et
1200 4276 1349 4333 lucis
1400 4282 1689 4350 perpetua
1727 4279 1831 4333 tri-

180 4365 326 4421 buas
355 4363 440 4419 eis
473 4364 861 4420 mansionem.
895 4368 1023 4419 Per.

1939 3234 1973 3272 a
1998 3216 2261 3284 crimine,
2294 3220 2349 3271 et
2372 3214 2683 3270 animabus
2705 3213 3062 3269 famulorum
3086 3218 3320 3269 tuorum
3336 3213 3593 3270 calestis

1939 3304 2137 3378 gaudii
2169 3305 2391 3360 tribuat
2419 3303 2803 3371 consortium,
2836 3307 2903 3358 ut
2931 3306 3063 3357 ante
3094 3302 3373 3358 thronum
3390 3301 3591 3374 gloria

1937 3401 2050 3449 tua
2072 3397 2385 3467 segregata
2408 3409 2542 3448 cum
2565 3391 2802 3459 dextris,
2826 3391 2968 3446 nihil
2991 3407 3303 3447 commune
3328 3386 3595 3447 habeant

1940 3500 2072 3539 cum
2107 3480 2386 3537 sinistris.
2420 3482 2545 3537 Per.
3288 3476 3291 3479 ’

2236 3588 2406 3626 MISSA
2437 3585 2821 3626 PLURIMORUM
2842 3586 3211 3625 DEFUNCTORU
3220 3586 3284 3624 Μ.

2013 3661 2217 3716 Oratio.
2252 3659 2424 3724 Deus,
2457 3658 2548 3713 cui
2576 3658 2877 3730 proprium
2908 3662 2997 3713 est
3027 3674 3257 3731 semper
3295 3658 3585 3729 misereri,

1941 3755 1999 3805 et
2026 3765 2227 3821 preces
2248 3747 2519 3803 exaudire
2534 3746 3017 3819 supplicantium,
3034 3746 3350 3818 propitiare
3368 3746 3596 3802 anima-

1942 3839 2053 3893 bus
2082 3835 2436 3891 famulorum
2454 3839 2695 3891 tuorum
2714 3836 2806 3903 N.,
2829 3839 2893 3890 ut
2912 3839 2967 3890 te
2994 3834 3318 3890 miserante
3341 3852 3373 3890 a
3397 3850 3603 3907 pecca-

1940 3932 2135 3982 torum
2154 3923 2405 3980 vinculis
2430 3924 2704 3995 absoluti,
2729 3925 2800 3980 ad
2822 3929 3046 3980 aterna
3087 3922 3470 3980 beatitudinis
3516 3942 3606 3980 re-

1944 4013 2142 4087 quiem
2172 4013 2474 4084 pervenire
2504 4018 2859 4068 mereantur.
2903 4013 3025 4068 Per.

2014 4104 2247 4157 Secreta.
2282 4102 2543 4173 Suscipe,
2579 4100 3036 4158 clementissime
3068 4102 3257 4167 Pater,
3291 4119 3395 4173 pro
3441 4100 3602 4157 com-

1945 4189 2364 4246 memoratione
2388 4189 2743 4245 famulorum
2768 4194 3004 4249 tuorum
3031 4188 3096 4243 N.
3127 4189 3384 4244 hostiam
3408 4189 3602 4262 placa-

1945 4279 2120 4334 tionis
2149 4283 2205 4333 ct
2235 4277 2448 4344 laudis,
2483 4282 2548 4333 ut
2578 4278 2850 4334 sacriﬁcii
2909 4278 3211 4351 praesentis
3260 4276 3477 4333 oblatio
3528 4279 3601 4333 ad

1946 4367 2315 4439 refrigerium
2349 4367 2680 4421 animarum
2715 4384 2917 4422 eorum
2950 4373 3003 4422 te
3048 4366 3361 4421 miserante
3410 4382 3608 4437 perve-

244 4454 481 4509 Sacreta.
515 4453 737 4542 Exaudi
769 4470 915 4542 nos,
965 4456 1168 4542 sancte
1216 4452 1386 4542 Pater
1433 4454 1829 4542 omnipotens,
1864 4476 1911 4542 Β
1946 4456 2085 4511 niat.
2109 4455 2232 4511 Per.

181 4547 386 4598 aternc
420 4542 594 4611 Deus,
628 4545 693 4597 ut
722 4541 814 4598 his
845 4541 1029 4598 sacris
1058 4541 1404 4597 muneribus
1427 4540 1689 4614 placatus
1706 4543 1829 4598 ani-

183 4647 307 4686 mas
338 4631 606 4686 omnium
639 4629 996 4686 famulorum
1030 4634 1267 4686 tuorum
1317 4629 1697 4686 diaconorum
1743 4648 1833 4687 re-

183 4719 442 4791 demptio
475 4720 834 4792 sempiterna
854 4719 1172 4792 possideat.
1207 4719 1330 4775 Per.

252 4808 590 4865 Communia.
615 4808 995 4881 Omnipotens
1018 4813 1229 4864 aterne
1259 4808 1431 4876 Deus,
1465 4800 1697 4881 suscipe
1711 4824 1836 4881 pro-

184 4895 361 4965 pitius
406 4913 609 4970 preces
662 4902 893 4953 nostras
953 4914 1056 4969 pro
1116 4896 1428 4952 animabus
1476 4895 1831 4953 famulorum

184 4987 417 5041 tuorum
450 4986 853 5054 diaconorum,
887 4991 951 5041 ut
978 4986 1036 5041 in
1065 4984 1213 5041 lucis
1244 4984 1478 5058 regione
1498 5003 1598 5042 eas
1618 4985 1678 5041 in
1706 5003 1835 5041 san-

184 5077 406 5130 ctorum
440 5080 676 5131 tuorum
708 5091 953 5130 numero
984 5073 1165 5131 facias
1195 5074 1520 5147 aggregari.
1558 5074 1684 5133 Per.

623 5181 786 5221 MISSA
803 5180 912 5220 PRO
927 5180 1402 5219 SUBDIACONIBUS.

256 5254 462 5308 Oratio.
500 5252 674 5318 Deus,
706 5251 801 5308 cui
832 5252 1135 5324 proprium
1167 5257 1256 5307 est
1288 5250 1550 5308 misereri
1600 5270 1832 5326 semper

186 5343 239 5392 et
271 5356 524 5409 parcere,
559 5346 692 5409 etc.,
727 5349 789 5396 ut
819 5342 881 5394 in
900 5340 1078 5395 editis.

222 5430 489 5503 Secreta.
524 5429 833 5485 Olferimus
864 5427 991 5495 tibi,
1045 5428 1307 5494 Domine,
1368 5428 1594 5486 hostias
1642 5429 1831 5504 placa-

186 5514 361 5572 tionis
390 5522 447 5573 et
478 5516 689 5583 laudis,
726 5520 1102 5589 utperpetua
1126 5515 1539 5573 misericordia
1562 5521 1829 5593 largitate

500 5644 767 5704 PATROL.
813 5643 963 5702 CLI.

2016 4546 2359 4600 Communia.
2388 4542 2654 4607 Absolve,
2689 4560 3056 4614 quaesumus,
3081 4541 3347 4607 Domine,
3373 4541 3605 4598 animas

1943 4632 2299 4689 famulorum
2333 4637 2567 4686 tuorum
2602 4632 2667 4685 N.
2703 4633 2774 4687 ab
2802 4633 3068 4687 omnium
3100 4629 3332 4686 vinculo
3363 4627 3605 4685 delicto-

1945 4738 2097 4786 rum,
2123 4725 2188 4774 ut
2218 4721 2277 4774 in
2312 4719 2755 4776 resurrectionis
2787 4718 2972 4791 gloria
3004 4720 3156 4775 inter
3185 4723 3418 4774 sanctos
3470 4722 3606 4775 tuos

1946 4808 2278 4864 resuscitati
2310 4807 2620 4881 respirent.
2656 4808 2775 4863 Per.

2338 4914 2508 4952 MISSA
2542 4914 2650 4951 ΡΙὶο
2684 4914 2892 4952 FEMINA
2924 4914 3239 4952 DEFUNCTA.

2016 4987 2219 5043 Oratio.
2254 4985 2640 5057 Omnipotens
2674 4986 3028 5057 sempiterne
3061 4986 3238 5052 Deus,
3261 4986 3529 5042 conditor
3550 4989 3607 5041 et

1944 5075 2278 5146 redemptor
2301 5074 2634 5129 animarum
2659 5074 2759 5146 qui
2787 5074 3100 5130 animabus
3123 5079 3603 5130 sanctorumtuo-

1945 5180 2072 5218 rum
2096 5169 2320 5219 aterna
2351 5162 2736 5218 beatitudinis
2768 5162 3073 5235 praminm
3095 5162 3419 5229 contulisti,
3460 5179 3603 5234 pra-

1944 5258 2055 5320 sta,
2093 5267 2457 5323 quasumus,
2483 5254 2548 5304 ut
2575 5250 2774 5305 anima
2805 5249 3038 5304 famula
3070 5255 3188 5307 tua
3221 5248 3289 5306 N.
3321 5266 3498 5321 quam
3530 5249 3603 5302 de

1943 5340 2047 5395 hoc
2082 5338 2292 5395 saculo
2324 5338 2577 5412 migrare
2599 5338 2860 5409 jussisti,
2899 5340 3069 5409 cujus
3100 5335 3606 5395 commemoratio-

1944 5447 2073 5485 nem
2111 5427 2361 5501 agimus,
2396 5433 2734 5483 sanctorum
2768 5426 3058 5481 consortio
3106 5427 3322 5498 perfrui
3376 5441 3611 5481 merea-

1945 5527 2060 5577 tur.
2102 5517 2224 5571 Per.

3206 5643 3285 5701 29
