3896 6216
305 307 423 369 903
1535 302 1723 366 suo.
1767 301 1846 364 x1
1889 299 2201 365 MONUM.
2250 299 2480 364 AUCT.
3589 273 3744 360 904

305 440 510 496 famuli
566 439 653 494 tui
711 439 812 511 qui
861 438 966 495 tibi
1012 442 1204 494 mente
1251 441 1308 494 et
1336 438 1508 494 corde
1567 453 1628 493 se
1683 452 1954 509 peccasse
1986 437 2038 504 Α
2067 434 2224 490 renis
2271 433 2575 488 affectibus
2615 431 2826 505 expiati
2866 433 2938 488 ad
2993 430 3232 505 superni
3279 430 3742 505 plenitudinem

303 529 555 603 graviter
582 527 918 597 conﬁtetur;
943 531 1000 582 et
1028 531 1256 600 praesta,
1283 531 1349 583 ut
1366 543 1467 599 per
1486 525 1836 582 oblationem
1859 525 1939 578 tui
2063 520 2434 590 sacramenti,
2467 521 2637 593 cujus
2669 521 2980 577 libavimus
2997 526 3200 577 sancta
3219 520 3556 576 tendamus.
3579 520 3736 576 Per.

303 616 560 691 corporis
581 622 639 674 et
667 616 994 690 sanguinis,
1019 634 1194 690 quam
1219 615 1322 672 tibi
1354 632 1459 689 pro
1486 615 1612 688 ipso
1643 613 1941 669 offerimus

297 707 528 764 veniam
560 707 869 778 impetrare
896 705 1214 762 valeamus.
1245 705 1368 760 Per.

375 797 712 852 Communia.
763 795 999 861 Refecti,
1051 810 1412 865 quaesumus,
1468 791 1729 856 Domine,
1790 789 1942 846 datis

304 885 444 952 tuis,
477 887 536 940 te
565 882 859 956 supplices
888 898 1216 949 exoramus,
1248 884 1314 936 ut
1338 897 1612 936 converso
1644 881 1820 935 fratre
1839 895 1940 934 no-

301 978 422 1030 stro
447 973 520 1028 ad
553 971 704 1026 viam
745 969 1010 1042 justitiae,
1043 970 1264 1025 fontem
1294 967 1683 1042 lacrymarum
1715 968 1775 1022 in
1806 983 1940 1022 eum

299 1061 623 1130 concutias,
653 1063 709 1115 et
738 1077 809 1114 ne
839 1059 994 1114 ultra
1021 1057 1274 1130 lugenda
1302 1057 1649 1123 committat,
1683 1073 1815 1112 eum
1849 1072 1942 1127 pa-

297 1154 464 1208 terna
491 1149 704 1222 pietate
735 1147 984 1203 custodi.
1010 1151 1136 1203 Per.

599 1253 711 1292 PRO
749 1252 1183 1292 CONFITENTIBUS
1225 1252 1466 1291 PECCATA
1503 1252 1630 1290 SUA.

2696 654 2822 692 ALIA
2882 654 3068 694 MISSA.

2129 745 2332 799 Oratio.
2388 748 2561 811 Deus,
2597 743 2696 815 qui
2746 747 3131 800 contritorum
3183 759 3300 798 non
3337 743 3592 816 despicis
3628 759 3743 817 ge-

2053 833 2286 900 mitum,
2306 837 2362 888 et
2390 831 2761 888 maerentium
2781 850 2894 888 non
2926 832 3155 906 spernis
3177 832 3473 902 atfectum,
3509 833 3736 889 adesto

2053 923 2323 994 precibus
2363 923 2598 990 nostris,
2649 939 2798 994 quas
2829 921 3030 994 pietati
3066 926 3178 977 tuae
3205 937 3308 994 pro
3335 920 3738 978 tribulatione

2059 1015 2260 1067 nostra
2289 1011 2610 1079 offerimus,
2643 1009 3025 1084 implorantes
3051 1016 3119 1066 ut
3148 1027 3254 1066 nos
3285 1009 3604 1067 clementer
3627 1027 3738 1066 su-

2055 1099 2291 1171 scipias,
2335 1103 2392 1155 et
2423 1099 2547 1155 solo
2597 1099 2878 1156 bonitatis
2920 1104 3034 1155 tua:
3076 1099 3294 1155 intuitu
3346 1097 3595 1166 tribuas,
3657 1103 3734 1155 ut

2056 1187 2340 1260 quidquid
2389 1193 2590 1244 contra
2620 1203 2728 1245 nos
2757 1188 3055 1244 diabolicae
3088 1193 3262 1260 atque
3292 1187 3566 1244 humanae
3591 1205 3731 1244 mo-

370 1327 575 1384 Omtio.
609 1323 850 1393 Exaudi,
903 1341 1263 1397 quaesumus,
1305 1324 1570 1391 Domine,
1605 1321 1939 1397 supplicum

295 1432 518 1488 preces,
549 1417 682 1480 etc.,
717 1418 780 1470 ut
811 1416 870 1469 in
901 1414 1115 1470 litantis
1145 1414 1320 1470 editis.

365 1503 599 1560 Secreta.
633 1504 866 1559 Hostias
905 1503 1036 1569 tibi,
1067 1502 1331 1567 Domine,
1376 1501 1722 1574 placationis
1751 1498 1937 1555 offeri-

297 1610 453 1661 mus,
483 1597 548 1648 ut
569 1591 780 1648 delicta
800 1596 1000 1647 nostra
1021 1591 1334 1648 miseratus
1365 1590 1633 1646 absolvas
1653 1593 1710 1645 et
1741 1605 1936 1662 pacem

298 1681 467 1737 nobis
494 1681 798 1738 concedas.
833 1681 958 1736 Per.

369 1769 706 1826 Communia.
759 1773 975 1824 Praesta
1030 1769 1218 1836 nobis,
1278 1773 1490 1826 aiterne
1539 1768 1820 1833 Salvator,
1876 1771 1942 1822 ut

296 1857 680 1932 percipientes
699 1858 805 1914 hoc
825 1875 1064 1914 munere
1093 1857 1322 1913 veniam
1348 1862 1719 1930 peccatorum
1743 1857 1814 1913 de
1829 1857 1948 1914 tuis

293 1962 527 2022 semper
553 1946 851 2003 beneficiis
881 1946 1217 2019 gloriemur.

805 2051 971 2093 HISSA
1009 2051 1120 2090 PRO
1161 2051 1414 2091 PECCATIS
1423 2077 1436 2090 .

365 2125 570 2182 Oratio.
623 2125 797 2192 Deus,
852 2125 950 2198 qui
1002 2125 1370 2197 peccantium
1421 2140 1536 2180 non
1583 2123 1671 2180 vis
1721 2124 1946 2181 animas

292 2215 504 2288 perire,
538 2213 638 2271 sed
665 2214 890 2286 culpas,
915 2214 1148 2270 contine
1163 2230 1396 2290 pcenam
1429 2230 1606 2286 quam
1631 2229 1946 2281 meremur,

290 2307 347 2360 et
375 2320 553 2376 quam
586 2319 898 2374 precamur
947 2319 1125 2375 super
1159 2320 1265 2358 nos
1313 2302 1546 2358 effunde
1575 2301 1947 2358 clementiam

287 2396 473 2458 tuam,
508 2396 574 2447 ut
630 2392 700 2448 de
735 2406 980 2448 maerore
1035 2391 1316 2465 gaudium
1372 2394 1485 2445 tuae
1536 2390 1947 2446 misericordiae

293 2481 572 2553 consequi
604 2496 958 2537 mereamur.
995 2481 1120 2536 Per.

361 2568 590 2624 Secreta.
647 2568 967 2624 Subveniat
1019 2567 1212 2635 nobis,
1266 2566 1533 2634 Domine,
1583 2582 1943 2638 quaesumus,

289 2657 557 2712 sacriﬁcii
590 2657 894 2729 praesentis
917 2655 1155 2722 oblatio,
1182 2673 1309 2728 qua:
1342 2672 1449 2711 nos
1479 2658 1536 2710 et
1554 2655 1626 2710 ab
1658 2654 1946 2710 universis

287 2746 584 2803 erroribus
613 2749 876 2818 potenter
913 2743 1196 2812 absolvat,
1229 2749 1286 2800 et
1316 2760 1349 2800 a
1379 2743 1559 2800 totius
1591 2742 1796 2814 eripiat
1821 2759 1946 2817 per-

288 2833 527 2890 ditionis
560 2833 820 2889 incursu.
855 2838 983 2888 Per.

362 2923 700 2978 Communia.
735 2921 978 2988 Exaudi,
1012 2920 1280 2987 Domine,
1310 2920 1594 2993 gemitum
1636 2919 1835 2992 populi
1857 2919 1945 2974 tui

287 3029 361 3068 ne
390 3011 524 3084 plus
544 3011 700 3083 apud
721 3014 777 3065 te
789 3009 978 3066 valeat
999 3009 1740 3080 offensiodelinqueniium,
1763 3024 1941 3079 quam

288 3099 690 3156 misericordia
735 3102 840 3154 tua
895 3097 1119 3154 indulta
1168 3097 1402 3154 fletibus
1452 3095 1934 3170 supplicantium.

287 3193 413 3245 Per.

647 3292 758 3332 PRO
798 3291 1144 3331 REMISSIONE
1184 3289 1506 3330 PECCATORU
1516 3292 1578 3331 Μ.

357 3366 544 3422 Oratio
573 3369 624 3420 et
653 3368 875 3430 secreta,
910 3371 970 3420 ut
1000 3365 1062 3420 in.
1088 3363 1270 3419 editis.

361 3455 698 3510 Communia.
733 3455 888 3520 Quos
909 3469 1152 3508 munere
1182 3449 1398 3507 caelesti
1426 3449 1636 3518 reﬁcis,
1671 3447 1932 3514 Domine,

288 3543 482 3600 divino
512 3548 674 3598 tuere
699 3541 988 3615 praesidio,
1013 3551 1078 3596 ut
1107 3540 1224 3596 tuis
1256 3539 1548 3612 mysteriis
1577 3537 1938 3611 perfruentes

289 3631 470 3688 nullis
496 3631 822 3688 subdamur
837 3629 1119 3696 adversis,
1142 3634 1200 3683 et
1227 3644 1262 3682 a
1281 3627 1507 3682 cunctis
1525 3625 1939 3699 iniquitatibus

289 3719 507 3777 nostris
535 3737 679 3776 exue
701 3735 807 3774 nos
828 3716 1200 3789 omnipotens
1221 3715 1396 3784 Deus,
1416 3721 1474 3770 et
1493 3715 1550 3770 in
1573 3719 1674 3770 tua
1695 3715 1781 3770 fac
1799 3730 1941 3788 pace

288 3809 562 3884 gaudere.
597 3811 724 3862 Per.

586 3911 757 3952 ΜιεεΑ
797 3911 906 3949 PRO
945 3910 1109 3950 MALIS
1147 3909 1635 3949 COGITATIONIBUS.

361 3985 549 4040 Oratio
576 3985 638 4038 in
665 3991 888 4051 secreta,
919 3991 980 4038 ut
1010 3983 1067 4038 in
1102 3981 1283 4038 editis.

363 4073 700 4128 Communia.
735 4071 842 4127 Per
869 4070 976 4128 hoc
1023 4071 1400 4138 sacrificium,
1434 4086 1796 4143 quaesumus,
1828 4073 1942 4125 Do-

290 4161 472 4227 mine,
511 4159 663 4232 quod
699 4164 811 4216 tua
865 4159 1188 4215 obtulimus
1218 4159 1530 4230 majestati,
1565 4159 1638 4214 ab
1668 4158 1942 4214 omnibus

289 4265 391 4306 cor
419 4247 622 4306 famuli
653 4247 739 4303 tui
771 4247 1026 4304 emunda
1050 4245 1494 4303 tentationibus.
1529 4246 1652 4302 Per.

565 4353 732 4394 HISSA
771 4353 881 4392 PRO
921 4351 1213 4392 PETITIONE
1253 4352 1663 4392 LACRYMAR’UM.

362 4427 548 4484 Oratio
572 4436 623 4483 et
642 4426 1104 4496 Pastcammunio,
1137 4429 1199 4480 ut
1227 4427 1288 4480 in.
1320 4425 1504 4480 editis.

361 4517 596 4573 Secreta.
659 4515 788 4570 Haec
863 4515 1170 4584 sacriﬁcia,
1244 4529 1606 4586 quaesumus,
1678 4513 1940 4584 Domine,
1973 4535 2019 4600 Ι)

289 4623 419 4679 quae
453 4611 566 4660 tua:
596 4603 794 4676 pietati
826 4603 1172 4674 obtulimus,
1205 4603 1376 4658 nobis
1407 4602 1714 4674 proficiant
1732 4603 1803 4657 ad
1837 4619 1940 4658 no-

289 4699 545 4752 strorum
574 4693 805 4749 veniam
858 4696 1252 4765 peccatorum,
1285 4697 1343 4746 et
1397 4690 1792 4747 miserationis
1824 4696 1934 4746 tua:

289 4800 523 4857 semper
551 4783 816 4838 tribuant
846 4779 1145 4838 solatium.
1183 4780 1306 4834 Per.

717 4887 885 4926 MISSA
927 4885 1038 4924 PRO
1074 4885 1446 4924 TRIBULATION
1455 4883 1484 4924 Β
1494 4912 1506 4923 .

362 4962 568 5016 Oratio.
604 4959 957 5016 Inelfabilem
1001 4957 1462 5014 misericordiam
1490 4963 1674 5024 tuam,
1709 4975 1938 5030 quaesu-

289 5067 444 5114 mus,
489 5049 754 5118 Domine,
799 5047 967 5104 nobis
997 5047 1313 5104 clementer
1354 5048 1616 5114 ostende,
1669 5055 1732 5102 ut
1761 5045 1939 5102 simul

291 5155 400 5194 nos
429 5154 465 5192 a
489 5139 741 5208 peccatis
789 5153 970 5194 exuas
996 5141 1053 5192 et
1081 5153 1116 5191 a
1157 5135 1345 5208 pmnis
1379 5153 1527 5207 quas
1566 5152 1670 5207 pro
1700 5135 1793 5190 his
1824 5152 1942 5190 me-

291 5242 490 5282 remur
521 5226 755 5298 eripias.
789 5225 914 5280 Per.

362 5315 596 5372 Secreta.
627 5313 900 5370 Puriﬁcet
916 5329 1042 5380 nos,
1068 5312 1332 5379 Domine,
1355 5327 1718 5384 quaesumus,
1745 5327 1946 5367 mune-

293 5403 374 5459 ris
400 5401 703 5476 praasentis
733 5399 970 5468 oblatio,
992 5407 1049 5456 et
1069 5400 1280 5473 dignos
1301 5416 1469 5456 sacra
1499 5399 1944 5472 participatione

295 5491 576 5562 perficiat.
609 5490 734 5545 Per.

366 5579 703 5640 Communia.
735 5575 970 5652 Presta,
992 5575 1255 5650 Domine,
1279 5587 1641 5653 quaesumus,
1673 5580 1740 5634 ut
1769 5594 1804 5636 a
1831 5581 1946 5637 ter-

2051 1276 2276 1332 liuntur
2305 1277 2707 1346 adversitates,
2731 1278 2803 1333 ad
2831 1277 3082 1332 nihilum
3113 1276 3362 1349 redigas,
3387 1279 3444 1332 et
3467 1275 3727 1333 consilio

2051 1365 2460 1422 misericondize
2479 1371 2594 1421 tua:
2617 1365 2846 1436 allidas,
2873 1371 3166 1437 quatenus
3192 1364 3374 1422 nullis
3391 1365 3725 1424 adversita-

2055 1455 2216 1512 tibus
2247 1455 2388 1524 laesi,
2439 1456 2540 1512 sed
2573 1456 2644 1510 ab
2676 1455 2836 1510 omni
2891 1455 3265 1512 tribulatione
3323 1459 3382 1512 et
3435 1454 3725 1530 angustia

2056 1543 2306 1611 liberati,
2341 1545 2560 1616 gratias
2585 1543 2688 1598 tibi
2713 1545 2771 1599 in
2801 1543 3052 1599 Ecclesia
3082 1545 3185 1599 tua
3214 1542 3558 1600 referamus.
3583 1543 3720 1602 Per.

2126 1633 2360 1688 Ser-rata.
2414 1638 2587 1699 Deus,
2645 1633 2744 1705 qui
2807 1633 3117 1690 tribulatos
3172 1634 3345 1690 corde
3402 1648 3600 1702 sanas,
3639 1634 3720 1690 ad

2051 1721 2199 1776 hanc
2231 1722 2520 1794 propitius
2567 1721 2821 1776 hostiam
2875 1722 3186 1794 dignanter
3219 1721 3472 1789 attende,
3503 1725 3562 1778 et
3591 1734 3723 1794 qua

1977 1805 2024 1870 B
2055 1811 2231 1866 totius
2259 1811 2460 1865 mundi
2496 1809 2730 1866 voluisti
2750 1809 2932 1866 laxari
2955 1809 3188 1878 delicta,
3217 1809 3722 1882 protribulatione

2058 1904 2258 1956 nostra
2287 1898 2599 1954 clementer
2626 1915 2881 1967 assume,
2915 1904 3232 1971 nostraque
3261 1903 3464 1956 cuncta
3491 1899 3719 1956 discri-

2058 1989 2218 2044 mina
2237 1987 2476 2057 solvere,
2496 1987 2934 2044 tribulationem
2962 1988 3216 2058 attende,
3240 1987 3510 2044 miserias
3528 1987 3712 2060 petle,

2057 2077 2358 2152 angustias
2387 2081 2445 2133 et
2473 2094 2780 2150 pressuras
2803 2093 3028 2140 amove,
3051 2081 3117 2132 ut
3131 2077 3288 2133 exuti
3312 2078 3386 2132 ab
3403 2076 3712 2144 omnibus,

2057 2183 2183 2238 quae
2224 2167 2502 2238 patimur,
2562 2165 2756 2233 malis,
2800 2165 2862 2220 in
2911 2166 3030 2221 tuis
3076 2183 3308 2240 semper
3348 2163 3716 2222 delectemur

2057 2254 2345 2311 exsultare
2375 2255 2692 2310 beneﬁciis.
2728 2255 2850 2312 Per.

2129 2345 2468 2399 Communia.
2502 2343 2760 2409 Dimitte,
2782 2360 3141 2416 quaesumus,
3173 2344 3438 2413 Domine,
3472 2349 3716 2416 peccata

2057 2437 2276 2501 nostra,
2309 2437 2366 2487 et
2385 2432 2576 2486 tribue
2597 2433 2767 2487 nobis
2785 2431 3248 2489 misericordiam
3262 2436 3449 2500 tuam,
3473 2432 3716 2506 orisque

2058 2521 2243 2577 nostri
2287 2519 2542 2592 alloquio
2599 2521 2943 2592 deprecatus
2995 2525 3256 2578 nostram
3305 2519 3715 2578 humilitatem

2055 2610 2307 2678 attende,
2355 2607 2585 2665 vincula
2615 2608 2792 2676 solve,
2827 2609 3039 2666 delicta
3066 2608 3212 2678 dele,
3263 2609 3714 2667 tribulationem

2053 2697 2295 2770 inspice,
2320 2697 2730 2754 adversitatem
2755 2697 2990 2770 repelle,
3009 2699 3394 2770 effectumque
3405 2698 3714 2771 petitionis

2055 2792 2263 2842 nostra:
2287 2787 2511 2859 jugiter
2539 2785 2856 2842 clementer
2884 2787 3113 2842 exaudi.
3149 2786 3272 2841 Per.

2479 2919 2651 2958 MISSA
2692 2921 2749 2957 IN
2786 2919 3052 2958 TEMPORE
3093 2919 3272 2958 BELLI.

2125 3010 2330 3064 Oratio.
2365 3007 2748 3080 Omnipotens
2795 3012 2851 3063 et
2882 3008 3212 3064 misericors
3259 3013 3412 3065 Deus
3461 3025 3498 3066 a
3525 3008 3708 3067 helio-

2053 3115 2180 3153 rum
2215 3115 2342 3165 nos,
2378 3115 2739 3170 quaesumus,
2767 3097 3000 3153 turbine
3017 3097 3104 3152 fac
3124 3097 3377 3169 quietos,
3401 3097 3710 3170 quiabona

1963 3170 2006 3238 C
2049 3187 2216 3244 nobis
2245 3187 2570 3260 prmstabis,
2595 3186 2645 3242 si
2669 3203 2868 3259 pacem
2897 3186 3127 3243 dederis
3157 3189 3214 3242 et
3244 3186 3462 3244 mentis
3498 3189 3557 3242 et
3585 3203 3712 3244 cor-

2046 3275 2224 3348 poris.
2261 3275 2385 3330 Per.

2118 3365 2350 3420 Secreta.
2385 3364 2774 3430 Sacrificium,
2805 3369 2940 3433 etc.,
2975 3367 3031 3418 ut
3061 3367 3121 3420 in
3150 3364 3329 3420 editis.

2120 3453 2460 3510 Communia.
2527 3452 2891 3508 Sacrosancti
2956 3453 3216 3526 corporis
3271 3455 3329 3510 et
3393 3453 3704 3526 sanguinis

2049 3543 2276 3598 Domini
2327 3541 2511 3598 nostri
2549 3542 2688 3598 Jesu
2749 3541 2963 3598 Christi
3013 3543 3322 3599 refectione
3367 3542 3701 3612 confortati,

2048 3631 2344 3704 supplices
2377 3637 2432 3686 te
2465 3647 2761 3702 rogamus,
2795 3631 3166 3702 omnipotens
3186 3631 3360 3700 Deus,
3387 3635 3454 3685 ut
3481 3629 3590 3686 hoc
3618 3647 3705 3688 re-

2049 3721 2240 3775 medio
2269 3717 2552 3791 singulari
2583 3719 2654 3773 ab
2679 3718 2946 3774 omnium
2967 3724 3336 3790 peccatorum
3358 3735 3466 3774 nos
3488 3714 3703 3793 cogita-

2035 3797 2205 3864 tione
2237 3807 2529 3880 puriﬁces,
2555 3809 2612 3862 ct
2642 3807 3076 3878 apericulorum
3111 3807 3346 3864 munies
3368 3807 3702 3866 incursione

2049 3901 2414 3952 cunctorum.
2447 3899 2556 3950 Per
2579 3895 2872 3950 eumdem.

2429 4025 2600 4065 MISSA
2639 4025 2750 4064 PRO
2791 4025 3308 4075 PERSEQUENTIBUS.

2123 4118 2328 4173 Oratio.
2359 4115 2626 4172 Hostium
2671 4119 3028 4181 nostrorum,
3063 4132 3422 4188 quaesumus,
3455 4114 3702 4173 Domine

2050 4206 2224 4273 Deus,
2260 4204 2408 4261 elide
2431 4203 2794 4276 superbiam,
2825 4209 2882 4260 et
2903 4221 3006 4277 per
3025 4205 3503 4261 intercessionem
3520 4205 3700 4261 beata

2053 4293 2245 4350 Maria
2277 4292 2556 4365 Virginis,
2581 4297 2640 4348 et
2669 4291 2932 4348 omnium
2956 4297 3298 4348 sanctorum
3329 4293 3575 4350 dexterae
3588 4297 3702 4350 tua

2048 4385 2100 4438 vi
2111 4387 2266 4438 rtute
2300 4385 2622 4454 prosterne.
2659 4381 2784 4438 Per.

2121 4472 2354 4529 Secreta.
2389 4471 2594 4542 Hujus.
2638 4470 2902 4537 Domine,
2937 4487 3302 4542 quaesumus,
3331 4469 3551 4527 virtute
3581 4483 3704 4540 my-

2051 4561 2209 4618 sterii
2243 4577 2348 4633 per
2392 4558 2870 4616 intercessionem
2902 4559 3084 4616 beatae
3115 4558 3309 4614 Mariae
3357 4558 3616 4632 Virginis
3645 4563 3704 4614 et

2051 4649 2315 4706 omnium
2349 4652 2687 4704 sanctorum
2702 4664 2736 4703 a
2757 4647 2972 4702 nostris
2989 4647 3348 4703 mundemur
3369 4645 3633 4716 occultis,
3646 4649 3702 4703 et

2047 4738 2121 4793 ab
2153 4736 2530 4793 inimicorum
2563 4735 2884 4791 liberamur
2913 4735 3164 4792 insidiis.
3191 4736 3316 4792 Per.

2121 4827 2459 4882 Communia.
2489 4825 2776 4893 Viviticet,
2819 4841 3178 4896 quaesumus,
3213 4823 3482 4891 Domine,
3511 4823 3702 4897 propi-

2049 4915 2212 4971 tiatio
2243 4915 2330 4969 tui
2359 4918 2560 4970 sancta
2579 4913 2861 4986 mysterii,
2879 4916 2936 4968 et
2956 4929 3058 4986 per
3073 4912 3282 4968 merita
3311 4912 3495 4968 beatae
3515 4907 3702 4968 Marias

2050 5000 2329 5072 Virginis.
2363 5005 2420 5055 et
2447 5004 2785 5055 sanctorum
2805 4999 3070 5055 omnium
3089 4997 3494 5071 pariternobis
3517 4997 3704 5072 eXpia-

2049 5090 2270 5146 tionem
2301 5088 2523 5144 tribuat
2554 5094 2612 5143 et
2641 5087 2966 5144 munimen.
3003 5087 3127 5144 Per.

2353 5221 2527 5260 mssa
2565 5219 2621 5258 IN
2655 5219 2924 5258 TEMPORE
2962 5200 3425 5260 Monum/irisI

2435 5293 2619 5348 Oratio
2642 5296 2698 5348 et
2723 5301 2928 5348 secreta
2957 5299 3021 5348 ut
3051 5295 3112 5348 in
3139 5292 3321 5348 editis.

2124 5401 2466 5458 Communia.
2493 5399 2870 5455 Sacramenta
2886 5416 3015 5470 nos,
3033 5415 3398 5472 quaesumus,
3435 5397 3700 5466 Domine,

2051 5493 2156 5545 tua
2169 5490 2370 5543 sancta
2399 5489 2718 5556 sumentes,
2743 5492 2800 5544 et
2831 5488 2902 5544 ab
2915 5488 3072 5544 omni
3088 5487 3375 5562 propitius
3395 5486 3704 5562 iniquitate

2055 5582 2114 5637 et
2141 5575 2397 5656 periculo
2430 5575 2690 5635 defende.
2728 5576 2854 5636 Per.
