3896 6216
578 392 747 431 MISSA
779 392 888 431 PRO
917 392 1047 430 ITER
1074 391 1408 430 AGENTIBUS.

559 465 741 520 Oratio
770 470 823 519 et
851 472 1053 520 secreta
1081 472 1141 520 ut
1171 465 1234 519 in
1262 463 1441 518 editis.

245 553 576 609 Communia.
609 552 765 609 Deus
796 552 1040 609 inﬁnitae
1072 551 1483 608 misericordia:
1526 556 1584 607 et
1632 553 1815 624 maje-

174 641 338 698 alatis
368 641 692 708 immensae,
725 659 901 714 quem
934 658 1039 698 nec
1070 641 1259 713 spatia
1290 640 1575 709 locorum,
1601 658 1706 696 nec
1729 641 1814 696 in-

172 728 401 786 tervalla
430 732 891 802 temporum,'ab
915 730 1029 799 his,
1056 747 1206 802 quos
1230 730 1434 797 tueris,
1455 730 1810 802 abjungunt,

172 819 366 873 adesto
398 818 633 875 famulis
659 819 780 875 tuis
810 819 866 873 in
899 824 954 874 te
986 819 1203 891 ubique
1234 817 1575 885 ﬁdentibus,
1608 823 1664 873 et
1712 835 1816 891 per

173 924 418 975 omnem,
453 924 633 979 quam
664 907 803 962 ituri
835 911 975 964 sunt
1003 908 1183 974 viam,
1215 907 1333 962 dux
1375 907 1459 963 eis
1508 913 1565 964 et
1614 924 1811 963 comes

171 1012 293 1052 esse
321 995 596 1068 dignare;
630 995 777 1051 nihil
800 996 885 1052 eis
911 995 1281 1053 adversitatis
1304 1001 1528 1063 noceat,
1556 995 1633 1051 nil
1658 996 1812 1050 diffi-

171 1085 400 1140 cultatis
430 1084 698 1151 obsistat,
730 1089 940 1141 cuncta
969 1085 1053 1141 eis
1103 1084 1386 1150 salubria,
1433 1087 1646 1139 cuncta
1696 1084 1815 1139 sint

168 1189 460 1245 prospera,
494 1178 561 1229 ut
590 1173 701 1229 sub
731 1191 839 1247 ope
868 1175 1113 1230 dexterae
1155 1177 1267 1228 tua:
1319 1172 1604 1246 quidquid
1646 1174 1813 1246 justo

171 1261 510 1335 expetierint
557 1262 846 1332 desiderio
899 1261 1070 1318 celeri
1120 1266 1556 1334 consequantur
1585 1261 1811 1317 effectu.

171 1349 286 1406 Per.

232 1473 397 1512 MlSSA
449 1474 504 1511 IN
559 1472 652 1512 ma
700 1472 1088 1512 DEPOSITIONIS
1137 1471 1437 1521 nasonem,
1493 1472 1578 1521 III,
1624 1454 1811 1525 velvx,

862 1525 951 1583 vel
982 1544 1110 1581 xxx.

531 1617 714 1672 Oratio
743 1623 804 1671 ut
821 1618 882 1671 in
910 1615 1074 1671 editis
1103 1616 1194 1670 die
1221 1616 1418 1671 tertio.

235 1710 468 1761 Secreta.
484 1706 716 1770 Adesto,
731 1703 995 1770 Domine,
1027 1703 1559 1776 supplicationibus
1595 1704 1815 1759 nostris

165 1800 217 1850 et
244 1794 391 1851 hanc
424 1793 802 1859 oblationem,
822 1809 1001 1865 quam
1022 1793 1128 1847 tibi
1155 1792 1456 1849 offerimus
1477 1810 1583 1865 pro
1620 1792 1819 1848 anima

166 1882 361 1939 famuli
395 1881 487 1938 tui
518 1882 584 1936 N.
618 1881 677 1936 in
710 1882 805 1937 die
855 1881 1238 1954 depositionis
1285 1883 1413 1952 ejus
1461 1881 1631 1937 tertio
1686 1881 1820 1952 (vel-

168 1972 411 2043 septimo
428 1972 515 2027 vel
537 1970 881 2039 tricesimo),
904 1968 1171 2042 placidus
1193 1986 1259 2025 ac
1276 1969 1566 2042 benignus
1582 1985 1818 2025 assume

173 2065 294 2116 Per.
954 2126 959 2131 1

234 2149 571 2205 Communia.
607 2148 991 2218 Omnipotens
1023 2146 1369 2219 simpiterne
1417 2151 1592 2208 Deus.
1644 2145 1820 2202 collo-

169 2254 292 2293 care
314 2238 563 2310 dignare
585 2236 813 2292 animas
832 2235 1188 2291 famulorum
1208 2234 1680 2307 famularumque
1696 2239 1821 2290 tua-

166 2343 314 2392 rum,
340 2325 581 2381 illorum
598 2340 851 2396 quorum
865 2323 1021 2379 diem
1036 2322 1401 2379 celebramus
1414 2322 1817 2396 depositionis,

166 2413 221 2468 in
252 2414 483 2470 sinibus
513 2412 833 2481 Abraham,
869 2413 1031 2468 Isaac
1063 2416 1121 2467 et
1149 2411 1349 2478 Jacob,
1382 2416 1448 2467 ut
1500 2428 1635 2466 cum
1688 2412 1814 2467 dies

160 2502 477 2575 agnitionis
507 2506 619 2557 tuae
651 2500 970 2568 advenerit,
1004 2500 1158 2555 inter
1188 2504 1422 2556 sanctos
1443 2504 1575 2556 tuos
1607 2505 1663 2555 et
1699 2498 1818 2555 ele-

160 2595 281 2648 ctos
312 2590 652 2648 resuscitari
674 2589 1000 2662 praecipias.
1036 2588 1160 2644 Per.

410 2695 581 2735 MISSA
612 2695 721 2733 ΡΙὶο
753 2696 868 2733 UNO
896 2694 1218 2733 SACERDOTE
1249 2693 1563 2732 DEFUNCTO.

230 2770 437 2825 Oratio.
474 2766 633 2824 Beati
666 2766 879 2822 Floridi
913 2766 1264 2822 confessoris
1306 2764 1416 2833 tui,
1471 2781 1818 2836 quaesumus

164 2858 432 2924 Domine,
464 2854 880 2910 intercessione
902 2871 1010 2909 nos
1043 2858 1299 2927 protege,
1341 2858 1399 2909 et
1427 2852 1688 2909 animam
1734 2852 1817 2907 fa-

164 2944 312 3000 muli
331 2942 422 2998 tui
438 2942 757 2998 sacerdotis
777 2946 1114 2996 sanctorum
1130 2946 1367 2998 tuorum
1383 2943 1568 3014 junge
1583 2957 1818 2997 consor-

163 3033 284 3088 tiis.
303 3031 432 3086 Per.

985 244 1365 303 EXCERPT.
1413 242 1511 302 EX
1558 242 1785 303 CODD.
1833 242 2147 303 LlTURG.
2194 243 2783 305 FONTAVELLAN.

3471 248 3592 309 906

1854 376 1911 442 Α
1939 374 2169 430 animas
2200 374 2556 430 famulorum
2577 380 2813 431 tuorum
2836 377 3329 435 subdiaconorum
3353 380 3413 434 in
3436 378 3591 437 lucis

1925 467 2153 519 aeternae
2183 463 2452 536 perﬁcias
2485 463 2719 535 regione
2750 465 3027 537 gaudere.
3062 467 3188 521 Per.

1998 553 2340 608 Communia.
2364 552 2465 607 His
2491 552 3199 624 sacriﬁciis,quaasumus,
3215 558 3593 629 omnipotens

1924 640 2100 707 Deus,
2131 645 2460 713 purgentur
2492 640 2705 696 animae
2729 646 2782 696 et
2806 641 3050 713 spiritus
3072 641 3428 699 famulorum
3464 650 3591 702 tuo-

1922 746 2055 784 rum
2084 728 2600 798 subdiaconorum,
2623 735 2685 783 ut
2706 730 2777 784 ad
2802 729 3227 802 indulgentiam
3253 736 3312 786 et
3336 732 3577 805 refrige-

1925 818 2078 872 rium
2112 818 2535 890 sempiternum
2563 817 2865 889 parvenire
2892 823 3249 874 mereantur.
3283 821 3410 875 Per.

2344 924 2509 963 MISSA
2540 924 2651 962 PRO
2680 924 2786 963 ι]κο
2816 923 3133 964 DEFUNC’I‘O.

1997 996 2196 1051 Oratio.
2227 996 2608 1067 Omnipotens
2656 996 3011 1069 sempiterne
3060 997 3237 1067 Deus,
3283 998 3376 1053 cui
3427 1016 3582 1053 nun-

1926 1100 2103 1155 quam
2134 1083 2258 1140 sine
2289 1101 2391 1157 spe
2411 1085 2823 1157 miseg'mrdiae
2846 1085 3232 1157 supplicatur,
3255 1087 3575 1160 propitiare

1916 1173 2134 1228 animae
2167 1173 2369 1228 famuli
2402 1174 2509 1238 tui,
2542 1177 2609 1228 ut
2639 1174 2739 1245 qui
2773 1175 2843 1229 de
2874 1175 2981 1229 hac
3002 1173 3120 1229 vita
3148 1175 3207 1230 in
3240 1176 3327 1230 tui
3381 1176 3578 1233 nomi-

1925 1262 2018 1317 nis
2030 1262 2393 1318 confcssione
2415 1262 2707 1329 discessit,
2728 1268 3065 1318 sanctorum
3083 1268 3319 1319 tuorum
3339 1282 3587 1321 numero

1928 1350 2108 1407 facias
2139 1351 2461 1425 aggregari.
2489 1351 2613 1406 Per.

1996 1438 2229 1495 Secreta.
2264 1438 2601 1511 Propitiare,
2647 1456 3006 1511 quaesumus,
3056 1440 3320 1507 Domine,
3368 1441 3578 1495 animai

1926 1527 2131 1584 famuli
2164 1529 2248 1583 tui
2282 1528 2371 1594 N.,
2407 1545 2509 1594 pro
2542 1544 2657 1599 quo
2684 1529 2791 1583 tibi
2822 1528 3047 1583 hostias
3080 1528 3423 1600 placationis
3446 1529 3587 1583 olfe-

1925 1617 2134 1687 rimus,
2167 1621 2241 1684 et,
2266 1616 2405 1689 quia
2436 1617 2494 1671 in
2529 1617 2637 1672 hac
2667 1616 2796 1672 luce
2818 1617 2875 1671 in
2902 1617 3013 1671 fide
3036 1617 3256 1672 mansit
3275 1616 3582 1684 catholica,

1925 1704 1984 1758 in
2015 1705 2212 1760 futura
2240 1706 2357 1760 vita
2386 1706 2436 1760 ei
2465 1704 2766 1760 retributio
2789 1704 3040 1761 caelestis
3062 1704 3260 1777 gaudii
3297 1705 3586 1760 condone-

1929 1799 2044 1849 tur.
2066 1798 2193 1848 Per.

2003 1882 2342 1938 Communia.
2366 1883 2603 1949 Praesta,
2630 1899 2992 1954 qumsumus,
3016 1883 3387 1956 omnipotens
3408 1884 3584 1939 Deus.

1931 1958 1995 2025 ut
2026 1970 2224 2026 anima
2254 1970 2461 2026 famuli
2492 1970 2577 2025 tui
2710 1972 2781 2025 ab
2813 1971 3038 2043 angelis
3060 1970 3210 2027 lucis
3233 1975 3505 2042 suscepta
3527 1971 3589 2026 in

1931 2064 2255 2132 praeparata
2284 2058 2621 2114 habitacula
2651 2058 2860 2114 deduci
2892 2059 3075 2114 facias
3099 2059 3427 2114 beatorum.
3458 2060 3588 2115 Per.

2253 2165 2423 2203 MlSSA
2454 2165 2562 2202 PRO
2596 2164 2883 2202 PLUIUBUS
2912 2164 3243 2203 DEFUNCTIS.
3345 2221 3349 2225 ἢ

2004 2237 2205 2292 Oratio.
2239 2236 2411 2304 Deus,
2446 2238 2618 2308 cuius
2649 2235 3059 2290 misericordiae
3091 2252 3205 2289 non
3238 2240 3326 2291 est
3379 2253 3591 2291 nume-

1931 2342 2053 2391 rus,
2079 2324 2311 2396 suscipe
2334 2323 2623 2396 propitius
2643 2341 2744 2395 pro
2759 2323 3435 2379 animabusfamulorum
3452 2328 3586 2378 tuo-

1932 2431 2065 2469 rum
2097 2429 2297 2486 preces
2328 2417 2582 2479 uostras,
2618 2418 2675 2467 et
2704 2411 2852 2467 lucis
2885 2412 2969 2467 eis
3000 2411 3262 2467 laetitiam
3296 2398 3491 2484 atque.
3526 2411 3586 2466 in

1932 2502 2166 2575 regione
2189 2505 2525 2556 sanctorum
2550 2506 2784 2555 tuorum
2814 2500 3149 2556 societatem
3168 2501 3437 2556 concede.
3458 2501 3586 2555 Per.

2001 2590 2353 2646 Secreta.Pro
2366 2589 2582 2661 requie,
2599 2588 2861 2653 Domine,
2879 2589 3214 2644 animarum
3230 2587 3585 2645 famulorum

1930 2684 2168 2735 tuorum
2201 2679 2269 2733 N.
2304 2678 2537 2749 suscipe
2564 2677 2843 2745 hostiam,
2876 2694 3055 2748 quam
3077 2679 3137 2731 tu
3164 2677 3281 2731 Deo
3304 2678 3456 2732 Patri
3479 2694 3586 2748 pro

1932 2766 2101 2822 nobis
2134 2765 2398 2821 obtulisti
2430 2764 2767 2837 benignam,
2802 2769 2869 2819 ut
2897 2764 2998 2836 qui
3043 2781 3221 2819 causa
3271 2764 3583 2820 hominum

1930 2854 2285 2911 descendisti
2317 2854 2388 2908 de
2419 2851 2598 2919 ccelis,
2633 2858 2688 2908 te
2718 2853 2996 2907 redeunte
3013 2857 3347 2907 mereantur
3383 2870 3586 2909 nume-

1932 2945 2047 2998 rari
2077 2944 2137 2998 in
2169 2942 2463 2998 consortio
2489 2946 2848 3009 sanctorum,
2879 2941 2978 3013 qui
3011 2958 3144 2995 cum
3180 2941 3291 2995 Deo
3312 2942 3481 2996 Patre
3530 2947 3585 2997 et

1928 3032 2147 3104 Spiritu
2178 3036 2381 3087 sancto
2410 3031 2557 3085 vivis
2580 3036 2637 3085 et
2656 3046 2866 3102 regnas
2887 3030 2944 3084 in
2970 3029 3181 3085 saecula
3202 3029 3575 3086 saeculorum.

235 3120 472 3175 Secreta.
525 3117 787 3189 Suscipe,
841 3134 1202 3190 quaesumus,
1256 3119 1525 3186 Domine,
1594 3117 1818 3174 hostias
1848 3104 1891 3171 C
2004 3121 2351 3177 Communia.
2388 3119 2517 3173 Hzec
2546 3135 2650 3174 nos
2683 3118 3039 3183 communio,
3073 3117 3338 3185 Domine,
3369 3124 3583 3191 purget

162 3205 513 3278 placationis
544 3210 601 3261 et
629 3205 821 3261 laudis
868 3222 1016 3278 quas
1062 3205 1169 3261 tibi
1219 3207 1280 3262 in
1330 3207 1611 3262 honorem
1660 3207 1813 3263 beati

164 3295 379 3352 Floridi
413 3294 765 3352 confessoris
795 3294 879 3349 tui
914 3294 1337 3350 consecrandas
1385 3294 1721 3363 deferimus,
1760 3298 1817 3350 et

164 3401 265 3455 pro
298 3384 499 3455 requie
529 3381 736 3439 famuli
764 3383 850 3439 tui
884 3383 1202 3439 sacerdotis
1240 3383 1307 3438 N.
1336 3382 1441 3438 tibi
1475 3382 1817 3455 suppliciter

162 3472 564 3529 immolemus.
599 3473 726 3528 Per.

236 3562 575 3617 Communia.
611 3562 947 3617 Ascendant
974 3561 1046 3616 ad
1077 3564 1156 3628 te,
1193 3560 1459 3628 Domine,
1490 3577 1694 3633 preces
1720 3577 1817 3615 no-

162 3653 319 3717 stra,
354 3654 411 3705 et
440 3651 699 3706 animam
727 3648 933 3705 famuli
976 3649 1062 3705 tui
1112 3650 1433 3705 sacerdotis
1480 3649 1548 3704 N.
1602 3649 1819 3723 gaudia

162 3743 379 3794 aeterna
410 3739 754 3811 suscipiant,
786 3744 843 3794 et
862 3755 1039 3811 quem
1071 3738 1257 3794 fecisti
1277 3737 1607 3811 adoptionis
1634 3738 1817 3810 parti-

165 3826 375 3899 cipem,
399 3828 613 3897 jubeas
642 3827 996 3884 hereditatis
1011 3830 1123 3882 tuae
1151 3844 1280 3883 esse
1301 3831 1650 3883 consortem.
1687 3826 1814 3882 Per.

468 3932 636 3971 MISSA
665 3933 775 3971 PRO
806 3933 1149 3973 DIACONIBUS
1180 3933 1509 3973 DEFUNC’I‘IS.

235 4005 442 4059 Oratio.
460 4005 694 4069 Adesto,
719 4004 984 4075 Domine,
1008 4005 1539 4076 supplicationibus
1577 4004 1814 4072 nostris,

161 4096 217 4147 et
246 4093 459 4147 animae
491 4091 851 4146 famulorum
881 4097 1121 4147 tuorum
1152 4094 1555 4161 diaconorum,
1590 4098 1650 4149 et
1698 4110 1819 4150 om-

162 4180 326 4236 nium
357 4178 702 4233 clericorum
725 4183 837 4235 tua:
857 4180 1288 4252 propitiationis
1310 4182 1739 4238 abundantiam
1763 4186 1819 4237 et

162 4266 590 4341 indulgentiam
618 4273 1069 4340 consequantur,
1104 4272 1162 4323 et
1187 4269 1336 4325 lucis
1386 4274 1675 4343 perpetuae
1714 4271 1817 4325 tri-

164 4357 312 4413 buas
341 4355 427 4411 eis
460 4356 848 4412 mansionem.
883 4361 1010 4411 Per.

1926 3227 1960 3264 a
1985 3208 2248 3277 crimine,
2281 3212 2336 3263 et
2359 3206 2670 3262 animabus
2693 3205 3049 3261 famulorum
3072 3210 3307 3261 tuorum
3322 3206 3580 3263 ccelestis

1926 3297 2124 3371 gaudii
2156 3297 2377 3352 tribuat
2406 3295 2790 3363 consortium,
2822 3299 2889 3351 ut
2919 3299 3050 3350 ante
3081 3294 3360 3351 thronum
3377 3294 3578 3367 gloriae

1926 3393 2037 3442 tuae
2059 3390 2372 3459 segregata:
2394 3401 2529 3441 cum
2552 3383 2788 3450 dextris,
2812 3383 2955 3439 nihil
2978 3400 3290 3439 commune
3314 3378 3583 3439 habeant

1927 3492 2059 3531 cum
2094 3473 2372 3530 sinistris.
2407 3474 2532 3530 Per.
3276 3468 3277 3471 “

2223 3580 2392 3618 MISSA
2424 3578 2807 3618 PLURIMORUM
2829 3578 3197 3617 DEFUNCTORU
3207 3579 3270 3616 Μ.

2000 3653 2204 3709 Oratio.
2238 3652 2410 3717 Deus,
2444 3651 2535 3706 cui
2562 3651 2864 3723 proprium
2895 3655 2984 3705 est
3013 3667 3244 3723 semper
3282 3650 3572 3722 misereri,

1927 3746 1986 3798 et
2012 3757 2213 3813 preces
2235 3739 2507 3795 exaudire
2520 3738 3003 3811 supplicantium,
3020 3738 3336 3811 propitiare
3354 3738 3583 3795 anima-

1928 3832 2040 3885 bus
2068 3827 2422 3883 famulorum
2442 3832 2681 3884 tuorum
2700 3829 2793 3895 N.,
2816 3831 2879 3882 ut
2899 3832 2953 3882 te
2980 3827 3305 3883 miserante
3327 3844 3361 3883 a
3384 3842 3590 3899 pecca-

1928 3925 2122 3974 torum
2141 3915 2392 3973 vinculis
2417 3916 2690 3987 absoluti,
2716 3918 2787 3972 ad
2808 3921 3032 3973 aeterna
3074 3914 3457 3972 beatitudinis
3502 3934 3592 3972 re-

1930 4005 2128 4079 quiem
2159 4005 2460 4077 pervenire
2489 4010 2845 4061 mereantur.
2888 4006 3011 4061 Per.

2000 4095 2233 4151 Secreta.
2268 4095 2530 4166 Suscipe,
2565 4092 3022 4150 clementissime
3054 4094 3244 4161 Peter,
3278 4111 3382 4166 pro
3428 4092 3589 4149 com-

1930 4181 2350 4239 memoratione
2375 4182 2729 4238 famulorum
2753 4186 2991 4238 tuorum
3016 4181 3082 4236 N.
3114 4182 3371 4237 hostiam
3394 4181 3590 4254 placa-

1930 4271 2107 4327 tionis
2136 4276 2192 4325 et
2222 4270 2435 4335 laudis,
2470 4275 2535 4325 ut
2564 4271 2836 4327 sacrificii
2894 4270 3198 4343 praesentis
3248 4269 3464 4326 oblatio
3514 4272 3588 4326 ad

1933 4359 2302 4431 refrigerium
2335 4360 2666 4414 animarum
2701 4376 2904 4415 eorum
2935 4364 2989 4415 te
3034 4358 3349 4414 miserante
3397 4375 3595 4430 perve-

230 4446 468 4501 Secreta.
502 4444 723 4500 Exaudi
774 4462 902 4512 nos,
952 4448 1154 4501 sancte
1204 4444 1372 4501 Pater
1420 4446 1816 4518 omnipotens,
1851 4469 1898 4534 D
1932 4448 2072 4503 niat.
2094 4448 2218 4503 Per.

164 4539 373 4590 aeterne
406 4534 580 4603 Deus,
615 4538 681 4589 ut
709 4532 801 4589 his
832 4533 1015 4590 sacris
1046 4533 1390 4590 muneribus
1414 4533 1676 4606 placatus
1692 4535 1815 4589 ani-

168 4640 293 4678 mas
323 4623 593 4678 omnium
626 4621 983 4678 famulorum
1016 4627 1253 4678 tuorum
1303 4621 1683 4678 diaconorum
1729 4641 1819 4680 re-

167 4711 428 4783 demptio
461 4712 819 4783 sempiterna
841 4711 1159 4784 possideat.
1193 4711 1316 4768 Per.

236 4799 577 4856 Communia.
602 4800 982 4872 Omnipotens
1005 4804 1215 4856 aeterne
1244 4800 1418 4869 Deus,
1451 4798 1683 4873 suscipe
1697 4817 1823 4873 pro-

168 4887 347 4957 pitius
392 4905 595 4961 preces
648 4893 880 4945 nostras
940 4906 1042 4961 pro
1102 4888 1414 4945 animabus
1462 4887 1818 4945 famulorum

168 4980 403 5033 tuorum
436 4977 840 5046 diaconorum,
874 4982 938 5033 ut
964 4977 1023 5033 in
1051 4976 1200 5033 lucis
1230 4975 1464 5050 regione
1485 4995 1584 5034 eas
1605 4978 1665 5033 in
1692 4994 1821 5034 san-

168 5068 392 5122 ctorum
426 5072 663 5122 tuorum
695 5083 939 5122 numero
969 5065 1151 5122 facias
1181 5066 1507 5140 aggregari.
1544 5065 1670 5126 Per.

609 5152 773 5213 iussa
790 5172 899 5211 pno
913 5171 1389 5211 SUBDIACONIBUS.

240 5246 448 5300 Oratio.
486 5244 660 5310 Deus,
693 5243 787 5300 cui
818 5243 1121 5316 proprium
1153 5249 1242 5299 est
1273 5242 1536 5300 misereri
1586 5262 1820 5318 semper

168 5335 222 5385 et
255 5348 510 5402 parcere,
545 5338 678 5401 etc.,
713 5341 775 5388 ut
806 5334 866 5386 in
887 5331 1064 5387 editis.

206 5408 475 5497 .‘Serrcta.
510 5421 819 5476 Ofl‘erimus
851 5419 977 5487 tibi,
1032 5419 1293 5486 Domine,
1354 5420 1581 5478 hostias
1629 5421 1818 5496 placa-

168 5507 346 5564 tionis
375 5513 433 5565 et
464 5507 675 5574 laudis,
712 5513 777 5564 ut
795 5512 1088 5580 perpetua:
1112 5506 1525 5565 misericordiae
1548 5512 1817 5585 largitate

486 5636 753 5696 ΡΑΤιιοι..
800 5635 950 5694 CLI.

2002 4538 2344 4593 Communia.
2374 4535 2640 4601 Absolve,
2675 4553 3043 4607 quzusumus,
3068 4534 3334 4601 Domine,
3360 4534 3592 4590 animas

1930 4624 2286 4681 famulorum
2318 4629 2553 4679 tuorum
2587 4625 2653 4678 N.
2689 4625 2760 4678 ab
2789 4625 3055 4679 omnium
3087 4622 3318 4678 vinculo
3350 4620 3591 4679 delicto—

1931 4730 2085 4779 rum,
2110 4717 2174 4767 ut
2205 4714 2264 4767 in
2298 4712 2740 4768 resurrectionis
2772 4711 2958 4784 gloria
2992 4712 3143 4767 inter
3172 4715 3405 4767 sanctos
3457 4715 3593 4768 tuos

1932 4801 2265 4856 resuscitati
2297 4800 2605 4873 respirent.
2641 4801 2760 4856 Per.

2325 4907 2493 4944 MISSA
2529 4906 2637 4943 PRO
2669 4907 2878 4945 FEMINA
2910 4906 3225 4944 DEFUNCTA.

2003 4980 2206 5035 Oratio.
2241 4978 2626 5050 Omnipotens
2660 4979 3014 5049 sempiterne
3046 4979 3224 5044 Deus,
3247 4978 3515 5034 conditor
3537 4983 3594 5034 et

1931 5068 2265 5139 redemptor
2288 5067 2621 5121 animarum
2645 5066 2743 5139 qui
2773 5067 3086 5122 animabus
3109 5072 3591 5123 sanctorumtuo—

1931 5173 2059 5211 rum
2082 5161 2306 5211 aeternae
2339 5155 2722 5211 beatitudinis
2753 5155 3059 5228 praemium
3081 5155 3406 5222 contulisti,
3446 5172 3591 5227 prae-

1931 5252 2041 5313 sta,
2079 5259 2443 5315 quaesumus,
2470 5248 2534 5296 ut
2560 5243 2758 5298 anima
2790 5242 3024 5297 famulae
3056 5247 3175 5299 tua:
3207 5242 3276 5298 N.
3307 5259 3485 5314 quam
3517 5242 3589 5295 de

1929 5333 2034 5388 hoc
2069 5331 2278 5388 saeculo
2311 5330 2563 5405 migrare
2585 5331 2846 5401 jussisti,
2885 5333 3055 5402 cujus
3087 5328 3593 5388 commemoratio-

1930 5440 2059 5477 nem
2097 5419 2348 5493 agimus,
2382 5425 2719 5475 sanctorum
2753 5418 3044 5475 consortio
3092 5420 3309 5491 perfrui
3364 5433 3595 5474 merea-

1930 5519 2046 5568 tur.
2088 5509 2211 5564 Per.

3192 5636 3271 5694 29
