3896 6216
300 343 440 404 ’907

1511 345 1703 405 S/EC.
1748 344 1825 404 Xl
1871 343 2183 405 MONUM.
2232 345 2545 407 LITURG.

3620 346 3746 407 908

395 476 628 531 Secreta.
680 475 787 531 Pro
840 475 1037 531 anima
1082 474 1313 530 famulae
1375 480 1488 530 tua:
1553 475 1619 530 N.
1689 474 1963 543 hostiam,
1996 476 2052 542 Α
2155 475 2523 547 Oﬂcrtarium.
2579 477 2746 533 Stetit
2799 477 3044 552 angelus
3094 494 3271 551 super
3316 495 3479 534 aram
3530 478 3739 551 templi

324 565 590 632 Domine,
617 581 980 637 quaesumus,
1013 564 1243 637 suscipe
1266 564 1557 637 benignus
1591 563 1866 631 oblatam,
1906 568 1972 618 ut

320 670 431 726 per
450 653 557 708 hoc
584 653 879 725 singulare
900 653 1158 709 ofﬁcium
1179 652 1430 709 vinculis
1446 652 1747 708 horrendae
1766 650 1972 708 mortis

326 749 504 799 exuta
532 744 710 798 vitam
739 747 1032 797 mereatur
1061 746 1357 796 aeternam.
1384 742 1508 796 Per.

400 833 739 887 Communia.
772 830 1017 897 Inclina,
1038 846 1399 902 quaesumus,
1424 845 1625 883 aurem
1645 832 1808 883 tuam
1831 845 1972 901 sup-

326 921 742 994 plicationibus
775 920 1010 986 nostris,
1047 924 1103 973 et
1133 919 1339 973 animae
1372 916 1605 972 famulae
1635 923 1741 972 tace
1774 934 1974 989 perpe-

325 1017 438 1065 tua:
470 1011 617 1065 lucis
648 1010 837 1065 tribue
865 1006 1249 1062 mansionem.
1274 1007 1399 1061 Per.

666 1114 858 1155 .MISSA
888 1113 997 1151 PRO
1030 1110 1341 1150 DEFUNCTIS
1372 1111 1623 1149 FEMINIS.

401 1189 583 1244 Oratio
608 1191 657 1241 et
684 1194 885 1240 secreta
916 1193 977 1239 ut
1004 1186 1064 1239 in
1083 1184 1243 1239 editis
1259 1167 1370 1255 fro
1401 1199 1513 1238 una
1536 1182 1814 1256 defuncta.

400 1276 738 1332 Communia.
764 1273 1083 1341 Inveniant,
1108 1271 1744 1344 quzesumus,Domine,
1765 1271 1974 1327 anima:

326 1364 681 1421 famularum
714 1368 949 1417 tuarum
982 1361 1131 1417 lucis
1152 1368 1374 1416 aeternae
1397 1360 1780 1427 consortium,
1805 1361 1975 1432 cujus

326 1457 619 1527 perpetua:
651 1452 847 1524 gratim
881 1455 1205 1506 consecuta:
1228 1454 1840 1518 suntsacramentum,
1874 1465 1976 1521 per

325 1546 729 1614 resurgentem
762 1557 792 1595 e
822 1541 1071 1595 mortuis
1107 1539 1305 1595 Jesum
1334 1538 1627 1594 Christum
1659 1538 1974 1595 Dominum

326 1636 615 1696 nostrum,
646 1630 744 1701 qui
778 1635 970 1684 tecum
1000 1628 1136 1683 vivit
1157 1631 1213 1683 ct
1236 1632 1439 1700 regnat
1464 1628 1636 1694 Deus,
1669 1625 1726 1682 in
1751 1628 1975 1683 unitate

324 1719 578 1792 Spiritus
609 1717 796 1774 sancti
828 1735 931 1790 per
960 1717 1157 1773 omnia
1190 1716 1401 1772 smcula
1431 1715 1799 1772 saiculorum.

572 1824 742 1863 MISSA
773 1824 829 1863 ΙΝ
861 1822 1133 1861 ΗΟΝΟΗΕΜ
1164 1821 1392 1860 SANCTE
1417 1821 1735 1860 TRINITATIS

400 1897 709 1952 Benedicta
738 1896 814 1951 sit
844 1900 1046 1950 sancta
1075 1895 1334 1950 Trinitas
1364 1898 1538 1966 atque
1570 1894 1819 1949 indivisa
1848 1894 1973 1950 uni-

320 1990 447 2054 tas;
474 1984 884 2041 confitebimur
905 1984 977 2051 ei,
1001 1983 1141 2055 quia
1162 1982 1296 2039 fecit
1319 1983 1626 2039 nobiscum
1641 1983 1969 2039 misericor-

327 2075 487 2131 diam
518 2088 709 2129 suam.

397 2161 989 2217 Psal.Benedicamus
1020 2160 1246 2215 Patrem
1297 2163 1353 2214 et
1400 2158 1631 2214 Filium.
1692 2161 1750 2228 ιξ.
1801 2162 1973 2215 Bene-

324 2252 518 2307 dictus
542 2267 626 2317 es,
651 2250 827 2314 Deus,
852 2250 954 2321 qui
974 2248 1222 2304 intueris
1243 2249 1507 2321 abyssos,
1531 2258 1586 2303 et
1605 2248 1771 2304 sedes
1795 2264 1974 2321 super

324 2338 651 2395 cherubim.
686 2339 738 2407 ᾗ.
773 2337 1102 2393 Benedicite
1135 2341 1337 2402 Deum,
1359 2335 1486 2392 θαιιί
1510 2335 1809 2402 caelorum,
1834 2336 1973 2408 quia

322 2429 463 2485 fecit
485 2427 792 2483 nobiscum
834 2424 1296 2482 misericordiam
1350 2441 1537 2479 suam.
1592 2423 1862 2480 Alleluia.
1915 2425 1969 2492 ᾗ.

323 2515 671 2572 Benedictus
704 2532 787 2581 es,
812 2514 1054 2570 Domine
1086 2518 1237 2569 Deus
1270 2517 1503 2585 patrum
1536 2516 1892 2580 nostrorum,
1916 2516 1974 2568 et

320 2604 636 2661 laudabilis
666 2604 724 2658 in
755 2602 982 2658 sarcula.

574 2692 923 2765 Olfertarium
950 2698 1002 2746 et
1029 2692 1337 2747 communia
1366 2694 1426 2745 ut
1449 2692 1510 2744 in
1538 2689 1718 2746 editis.

673 2798 729 2836 IN
760 2796 1033 2835 HONOREM
1056 2795 1283 2835 εΑΝσΓιε
1310 2794 1535 2833 CRUCIS.

392 2871 511 2927 Nos
560 2875 755 2925 autem
801 2867 1036 2941 gloriari
1101 2870 1326 2938 oportet
1383 2867 1443 2923 in
1506 2882 1677 2921 cruce
1739 2865 1974 2923 Domini

323 2959 511 3017 nostri
536 2959 676 3015 Jesu
708 2956 937 3022 Christi,
971 2956 1028 3011 in
1062 2972 1177 3028 quo
1206 2959 1296 3010 est
1325 2954 1506 3022 salus,
1539 2955 1657 3010 vita
1687 2960 1745 3011 et
1777 2971 1971 3012 resur-

322 3048 502 3106 rectio
532 3052 755 3111 nostra,
784 3062 887 3118 per
915 3060 1091 3117 quem
1124 3042 1328 3100 salvati
1367 3048 1425 3100 et
1467 3042 1697 3100 liberati
1738 3061 1970 3102 sumus.

391 3138 542 3193 Psal.
578 3141 729 3192 Deus
756 3135 1123 3190 misereatur.
1158 3135 1217 3201 it).
1251 3132 1516 3189 Christus
1538 3134 1726 3190 factus
1748 3139 1840 3190 est
1864 3151 1967 3207 pro

320 3227 491 3285 nobis
519 3225 799 3282 obediens
830 3238 1016 3295 usque
1046 3222 1118 3279 ad
1143 3225 1415 3290 mortem,
1465 3226 1714 3278 mortem
1770 3204 1963 3281 autem
1997 3204 2042 3272 C

319 3315 532 3375 crucis.
568 3316 622 3384 ir.
656 3314 897 3385 Propter
925 3312 1081 3383 quod
1112 3314 1169 3366 et
1197 3310 1352 3366 Deus
1385 3310 1660 3366 exaltavit
1689 3311 1878 3382 illum,
1911 3319 1971 3370 et

319 3406 482 3466 dedit
510 3403 595 3461 illi
622 3419 856 3471 nomen,
889 3401 1045 3474 quod
1077 3404 1168 3457 est
1196 3417 1373 3472 super
1403 3416 1575 3456 omne
1597 3418 1830 3459 nomen.
1870 3403 1967 3459 Al-

317 3496 514 3553 leluia.
577 3495 630 3563 Ῡ.
688 3492 805 3548 Nos
854 3493 1051 3546 autem
1108 3488 1345 3562 gloriari
1403 3492 1629 3562 oportet
1677 3489 1737 3545 in
1797 3508 1967 3549 cruce

316 3583 551 3642 Domini
581 3581 765 3638 nostri
793 3580 934 3636 Jesu
964 3577 1197 3633 Christi.

554 3671 904 3744 Oﬂerlorium
925 3675 976 3723 et
1001 3668 1331 3734 communia,
1363 3671 1426 3722 ut
1453 3668 1513 3722 in
1545 3666 1730 3724 editis.

706 3775 764 3813 IN
796 3771 1071 3811 HONOREM
1098 3772 1333 3811 SANCTE'
1354 3772 1569 3811 manus.

376 3847 629 3905 Vultum
658 3851 830 3902 tuum
861 3842 1347 3916 deprecabuntur.
1382 3847 1491 3900 etc.
1523 3845 1675 3901 Psat.
1722 3846 1964 3903 Eructa-

302 3938 474 4007 vitii).
509 3934 734 3991 Diﬂ’usa
762 3937 853 3990 est
882 3932 1093 4006 gratia,
1138 3937 1253 3989 'etc.
1282 3933 1333 4002 ᾖ.
1364 3931 1606 4003 Propter
1633 3933 1959 4003 veritatem,

301 4030 413 4082 etc.
446 4022 714 4079 Alleluia.
749 4024 801 4091 ᾖ.
843 4021 1045 4095 Specie
1096 4026 1198 4077 tua
1242 4026 1300 4076 et
1352 4019 1791 4093 pulchritudine
1836 4027 1958 4092 tua,

303 4118 417 4171 etc.

370 4201 749 4277 Offertarium.
784 4200 1165 4255 Adducentur
1194 4196 1336 4268 Regi
1364 4196 1620 4269 νίτείηεε
1654 4203 1785 4271 POSt
1804 4216 1958 4267 eam:

309 4291 583 4365 proximae
613 4291 741 4361 ejus
773 4288 1091 4344 afferentur
1118 4285 1247 4342 tibi.

379 4380 719 4438 Communia.
790 4377 1013 4449 Regina
1066 4375 1273 4430 mundi
1340 4374 1708 4447 dignissima,
1779 4377 1957 4452 Virgo

308 4468 493 4526 Maria
514 4473 819 4541 perpetua,
842 4464 1135 4521 intercede
1157 4480 1260 4536 pro
1282 4468 1481 4520 nostra
1502 4481 1643 4537 pace
1664 4468 1723 4521 et
1744 4465 1953 4535 salute,

306 4576 436 4631 quae
466 4556 723 4632 genuisti
772 4553 1069 4610 Christum
1118 4552 1430 4609 Dominum
1482 4552 1611 4609 sine
1657 4552 1806 4639 virili
1863 4573 1957 4613 se-
1987 4568 2037 4635 Ῑ)

304 4648 483 4705 mine.

804 4751 862 4789 IN
896 4749 1089 4788 SANCTI
1117 4746 1438 4787 MICHAELIS.

374 4823 705 4883 Benedicite
723 4822 1041 4880 Dominum
1071 4835 1276 4876 omnes
1299 4818 1488 4893 angeli
1513 4821 1663 4892 ejus,
1687 4826 1954 4894 potentes

297 4914 532 4981 virtute,
584 4909 926 4986 quiiacitis
964 4911 1208 4965 verbum
1243 4908 1396 4980 ejus,
1454 4908 1527 4964 ad
1598 4909 1953 4968 audiendam

300 5018 504 5059 vocem
531 5016 872 5057 sermonum
906 4999 1056 5071 ejus.

374 5090 522 5145 Psal.
548 5089 815 5159 Benedic,
839 5087 1039 5144 anima
1053 5103 1201 5143 mea.
1219 5088 1278 5155 Ii).
1294 5086 1624 5142 Benedicite
1636 5086 1952 5143 Dominum

302 5192 509 5234 omnes
566 5177 759 5252 angeli
803 5177 954 5247 ejus,
1003 5179 1267 5249 potentes
1314 5174 1545 5242 virtute,
1597 5174 1698 5246 qui
1760 5174 1953 5231 facitis

299 5268 543 5324 verbum
573 5268 723 5337 ejus.

373 5357 427 5425 ᾖ,
480 5353 750 5419 Benedic,
797 5351 995 5408 anima
1042 5369 1195 5419 mea,
1243 5351 1580 5417 Dominum,
1629 5355 1688 5405 et
1756 5352 1954 5409 omnia

301 5442 579 5499 interiora
608 5457 739 5496 mea
768 5454 981 5496 nomen
1009 5445 1274 5497 sanctum
1308 5438 1459 5508 ejus.
1488 5436 1757 5494 Alleluia.

372 5533 425 5599 Ῡ.
458 5532 821 5585 Concussum
853 5533 942 5584 est
971 5545 1154 5596 mare,
1187 5532 1245 5582 et
1272 5525 1627 5581 contremuit
1645 5530 1821 5595 terra,
1851 5527 1952 5584 ubi

302 5614 694 5689 archangelus
725 5616 976 5696 Michael
1005 5613 1397 5672 descendebat
1424 5612 1495 5668 de
1526 5612 1689 5671 ccelo.

2077 564 2305 621 habens
2334 564 2701 621 thuribulum
2732 584 2976 623 aureum
3006 567 3065 622 in
3099 584 3280 622 manu
3310 584 3440 636 sua,
3494 571 3554 622 et
3600 568 3743 623 data

2082 656 2223 709 sunt
2250 653 2300 709 ei
2329 654 2568 709 incensa
2593 653 2802 722 multa,
2836 660 2893 711 et
2933 655 3199 711 ascendit
3250 653 3451 710 fumus
3501 672 3742 710 aroma-

2081 747 2209 797 tum
2241 743 2300 798 in
2331 748 2646 816 conspectu
2676 743 2801 799 Dei.
2826 742 3091 799 Alleluia.

2153 834 2492 887 Communia.
2545 830 2891 901 Benedicite,
2943 849 3147 888 omnes
3217 831 3410 904 angeli
3480 831 3743 899 Domini,

2082 920 2420 985 Dominum,
2454 919 2739 993 hymnum
2762 920 2957 989 dicite,
2992 926 3048 977 et
3067 918 3497 994 superexaltate
3520 936 3659 975 eum
3682 920 3741 976 in

2085 1008 2315 1064 saecula.

2478 1134 2536 1171 ΙΝ
2560 1133 2822 1172 HONOREI
2842 1133 3039 1173 SANCTI
3063 1132 3339 1172 SPIRITUS.

2152 1230 2417 1288 Charitas
2451 1232 2545 1287 Dei
2575 1232 2793 1288 diffusa
2817 1236 2908 1288 est
2935 1232 2995 1287 in
3016 1232 3297 1288 cordibus
3316 1210 3559 1287 nostris.
3588 1231 3747 1287 Alle-

2084 1318 2226 1386 luia.
2279 1335 2383 1391 Per
2426 1319 2853 1377 inhabitantem
2900 1320 3185 1393 Spiritum
3232 1322 3363 1392 ejus
3415 1320 3477 1375 in
3547 1319 3739 1376 nobis.

2083 1406 2351 1476 Alleluia,
2384 1407 2649 1464 Alleluia.

2155 1497 2305 1553 Psal.
2365 1496 2610 1553 Domine
2656 1498 2827 1553 Deus.
2888 1499 2947 1565 ω.
2999 1498 3173 1553 Beata
3224 1512 3368 1569 gens
3421 1497 3596 1566 cujus
3652 1502 3739 1552 est

2084 1580 2369 1641 Dominus
2392 1584 2544 1641 Deus
2557 1601 2757 1641 eorum
2768 1628 2781 1652 ,
2802 1584 3053 1657 populus
3067 1601 3242 1657 quem
3255 1584 3431 1657 elegit
3445 1585 3735 1640 Dominus

2085 1674 2238 1730 Deus
2265 1673 2325 1729 in
2355 1674 2757 1730 haereditatem
2789 1674 2924 1729 sibi.

2156 1764 2207 1831 Ῡ.
2241 1762 2427 1818 Verbo
2458 1760 2691 1817 Domini
2712 1761 2840 1818 caeli
2864 1761 3083 1817 ﬁrmati
3106 1763 3268 1828 sunt,
3290 1763 3347 1816 et
3371 1761 3591 1832 Spiritu
3616 1762 3739 1816 oris

1933 1893 1946 1922 ε
2006 1844 2055 1909 Β
2084 1852 2214 1922 ejus
2242 1852 2428 1907 virtus
2457 1867 2682 1907 eorum.
2713 1849 2980 1906 Alleluia.

2153 1942 2204 2009 ᾗ.
2252 1939 2418 2007 Veni,
2484 1944 2683 1995 sancte
2732 1939 3008 2010 Spiritus,
3057 1937 3214 2009 reple
3263 1941 3494 1993 tuorum
3549 1937 3745 1993 corda

2079 2028 2364 2094 ﬁdelium,
2397 2033 2455 2084 et
2483 2028 2573 2083 tui
2602 2027 2818 2083 amoris
2849 2027 2909 2081 in
2941 2026 3026 2082 eis
3053 2024 3249 2098 ignem
3280 2025 3551 2081 ascende.

2157 2118 2522 2189 Olfertarium.
2561 2114 2773 2171 Emitte
2802 2114 3085 2187 Spiritum
3113 2118 3304 2183 tuum,
3337 2116 3393 2168 et
3446 2113 3738 2169 creabun-

2078 2210 2196 2275 tur,
2228 2210 2286 2262 et
2314 2203 2622 2261 renovabis
2652 2204 3070 2269 faciemterrze;
3095 2202 3173 2259 sit
3188 2201 3374 2275 gloria
3394 2201 3632 2258 Domini
3679 2202 3733 2257 in

2078 2294 2316 2350 secula.
2348 2292 2623 2349 Alleluia.

2154 2383 2492 2439 Communia.
2527 2380 2780 2453 Spiritus
2802 2384 3043 2436 sanctus
3066 2380 3295 2436 docebit
3311 2396 3436 2449 vos,
3462 2377 3739 2444 Alleluia,

2082 2488 2468 2544 quaecumque
2497 2470 2694 2526 dixero
2733 2468 2917 2525 vobis.
2951 2468 3216 2525 Alleluia.

2741 2584 3053 2656 Sequentia.

2155 2691 2351 2747 Sancti
2383 2690 2636 2764 Spiritus
2668 2690 2825 2746 adsit
2856 2689 3027 2746 nobis
3055 2688 3263 2762 gratia,

2155 2781 2288 2845 Qum
2321 2780 2497 2835 corda
2524 2784 2726 2835 nostra
2750 2776 2864 2835 sibi
2889 2777 3063 2834 faciat
3092 2776 3472 2833 habitacula?

2151 2866 2423 2941 Expulsis
2449 2867 2584 2922 inde
2613 2867 2840 2922 cunctis
2870 2867 3028 2922 vitiis
3053 2863 3485 2938 spiritualibus.

2152 2956 2407 3029 Spiritus
2438 2955 2589 3011 alme
2619 2954 2945 3011 illustrator
2977 2953 3264 3022 omnium,

2152 3043 2429 3101 Horridas
2460 3047 2671 3100 nostrae
2702 3043 2919 3099 mentis
2951 3058 3138 3115 purga
3160 3042 3456 3098 tenebras.

2154 3136 2390 3190 Amator
2419 3136 2620 3189 sancte
2649 3136 3020 3188 sensatorum
3068 3146 3301 3202 semper
3346 3128 3743 3202 cogitatuum.

2150 3222 2398 3279 Infunde
2409 3221 2747 3277 unctionem
2759 3217 3454 3287 tuam,c1emens,nostris
3467 3216 3743 3274 sensibus

2144 3312 2239 3367 Tu
2271 3309 2610 3383 puriﬁcator
2636 3307 2901 3365 omnium
2934 3307 3288 3381 ﬂagitiorum
3348 3304 3629 3380 Spiritus,

2148 3398 2402 3456 Puriﬁoa
2432 3403 2663 3455 nostros
2693 3395 2895 3453 oculos
2927 3395 3221 3453 interioris
3249 3395 3538 3463 hominis,

2148 3489 2221 3545 Ut
2248 3487 2431 3544 videri
2471 3502 2785 3558 supremus
2816 3484 3054 3541 Genitor
3085 3484 3270 3556 possit
3293 3501 3328 3539 a
3348 3482 3522 3539 nobis

2149 3575 2353 3631 Mundi
2384 3573 2576 3630 cordis
2602 3589 2778 3646 quem
2809 3572 2919 3629 soli
2942 3588 3179 3628 cernere
3211 3575 3461 3644 possunt
3488 3571 3663 3627 oculi.

2145 3664 2464 3736 Prophetas
2483 3666 2545 3718 tu
2564 3661 2893 3735 inspirasti,
2914 3666 2979 3716 ut
2995 3659 3286 3734 praeconia
3325 3656 3548 3715 Christi
3602 3676 3743 3733 prae-

2074 3753 2400 3810 cinuissent
2422 3751 2659 3824 inclyta.

2142 3840 2450 3915 Apostolos
2463 3838 2897 3906 confortasti,ut
2910 3840 3194 3911 tropaeum
3206 3835 3419 3893 Christi
3431 3853 3536 3909 per
3547 3838 3733 3893 totum

2070 3931 2361 3987 mundum
2386 3928 2692 3985 veherent.

2138 4015 2750 4084 Quando‘machinam
2775 4032 2878 4089 per
2905 4014 3167 4071 Verbum
3200 4030 3379 4071 suum
3410 4012 3549 4070 fecit
3573 4018 3723 4070 Deus

2070 4107 2218 4176 cceli,
2248 4110 2438 4173 terra,
2464 4104 2672 4170 maria,
3632 4103 3647 4112 '

2138 4198 2227 4253 Tu
2249 4210 2424 4267 super
2444 4210 2629 4267 aquas
2644 4193 2906 4249 facturus
2920 4208 3019 4248 eos
3037 4207 3250 4247 nomen
3267 4195 3439 4247 tuum
3454 4188 3729 4263 expandi-

2068 4283 2166 4356 sti,
2199 4282 2473 4356 Spiritus.
3082 4321 3092 4331 .

2138 4373 2227 4428 Tu
2257 4370 2569 4427 animabus
2597 4366 2963 4424 vivificandis
2986 4378 3173 4439 aquas
3204 4365 3506 4423 fecundas.

2138 4462 2226 4518 Tu
2257 4459 2570 4532 aspirando
2598 4457 2706 4515 das
2738 4450 3035 4530 spiritales
3062 4464 3192 4512 esse
3215 4454 3508 4511 homines.

2143 4550 2231 4605 Tu
2248 4548 2507 4605 divisum
2519 4564 2622 4620 per
2635 4545 2873 4619 linguas
2886 4544 3175 4600 mundum
3189 4547 3246 4600 et
3256 4543 3407 4600 ritus
3424 4542 3726 4608 adunasti,

2142 4636 2485 4694 ldololatras
2514 4635 2588 4691 ad
2611 4633 2836 4691 cultum
2857 4631 2958 4689 Dei
2988 4630 3719 4705 revocans,magistrorum

2069 4726 2308 4800 optime.

2134 4815 2284 4889 Ergo
2306 4832 2411 4872 nos
2434 4812 2833 4887 supplicantes
2844 4809 2953 4866 tibi
2974 4809 3183 4867 exaudi
3195 4807 3513 4884 propitius,
3529 4812 3724 4865 sancte

2065 4906 2336 4981 Spiritus,

2133 4994 2269 5052 Sine
2301 5009 2415 5067 quo
2446 5007 2646 5064 preces
2676 5007 2882 5048 omnes
2912 5007 3091 5049 cassa:
3121 4987 3447 5046 creduntur
3475 4992 3535 5043 et
3557 4980 3725 5042 indi-

2063 5101 2189 5158 gnze
2215 5083 2316 5140 Dei
2343 5081 2608 5149 auribus,

2134 5171 2353 5243 Tu‘qui
2386 5169 2653 5226 omnium
2685 5167 3034 5225 seculorum
3065 5170 3285 5224 sancte.

2132 5261 2241 5326 Qui
2291 5258 2550 5315 nominis
2598 5257 2852 5314 docuisti
2915 5256 3189 5314 instincte
3248 5252 3719 5325 complectendo,

2062 5349 2338 5423 Spiritus,

2133 5439 2264 5512 Ipse
2292 5434 2463 5491 hodie
2494 5433 2791 5507 apostolos
2817 5433 3033 5491 Christi

2133 5527 2370 5583 Donans
2393 5538 2636 5579 munere
2658 5522 2890 5579 insolito
2911 5526 2968 5580 et
2987 5520 3219 5579 cunctis
3240 5518 3529 5577 inauditis
3543 5533 3718 5576 saecu-

2062 5616 2159 5683 lis,
2191 5614 2358 5671 Hunc
2389 5611 2547 5667 diem
2577 5610 2899 5685 gloriosum
2932 5610 3141 5669 fecisti.
