3896 6216
115 312 225 374 909

503 502 506 505 λ
611 462 777 520 MissA
813 463 920 499 uno
975 464 1253 503 PECCATIS.

178 533 473 591 Misereris
519 533 806 601 omnium,
859 540 965 591 etc.
1030 541 1090 590 ut
1140 539 1197 590 in
1250 536 1411 591 editis
1468 552 1637 606 usque
1684 536 1753 590 ad

112 620 369 677 Alleluia.

179 709 463 766 Graduale.
498 710 762 767 Alleluia.
813 714 863 780 ᾖ.
900 713 1163 777 Domine,
1198 714 1406 769 exaudi
1432 713 1750 770 orationem

112 816 312 867 meam,
336 804 395 855 et
425 799 647 856 clamor
680 818 848 858 meus
880 803 951 858 ad
990 808 1045 858 te
1075 805 1285 858 veniat.

176 890 545 960 Oﬂ‘crtarium.
580 889 853 946 Miserere
887 891 1018 957 mei,
1056 896 1227 956 Deus,
1263 891 1589 947 secundum
1627 909 1750 949 ma-

111 994 276 1051 gnam
306 976 770 1034 misericordiam
794 983 979 1034 tuam.
1011 979 1344 1048 Dele,l)eus,
1381 980 1749 1052 iniquitatem

113 1082 289 1122 meam
299 1109 311 1120 .

176 1156 736 1212 Cammunio.lnclina
764 1174 962 1212 aurem
996 1156 1454 1222 tuam,accelera
1486 1162 1548 1212 ut
1579 1175 1750 1214 eruas

112 1261 226 1300 nos.

379 1351 440 1389 IN
491 1352 662 1389 FESTO
714 1353 1104 1391 PLUIKIMORUM
1156 1354 1496 1391 MARTYRL‘M.

173 1421 532 1495 Sapientiam
565 1428 900 1479 sanctorum
938 1431 1175 1480 narrent
1204 1425 1425 1497 populi,
1460 1430 1516 1481 et
1546 1424 1748 1481 laudes

108 1513 623 1572 eorumenuntict
676 1512 953 1577 Ecclesia,
1017 1513 1257 1570 nomina
1317 1519 1509 1569 autem
1545 1532 1745 1570 eorum

109 1599 289 1656 vivent
316 1601 376 1654 in
412 1600 696 1656 sarculum
731 1602 948 1657 seaculi.

171 1690 313 1744 Psal.
355 1690 631 1762 Magnus.
679 1692 737 1747 ιῖ.
772 1691 1075 1746 Justorum
1109 1693 1316 1746 animm
1344 1695 1401 1748 in
1434 1710 1612 1748 manu
1650 1693 1745 1747 Dci

108 1782 254 1843 sunt,
275 1783 330 1834 et
358 1795 479 1833 non
514 1782 713 1851 tanget
761 1778 892 1834 illos
940 1784 1296 1836 tormentum
1330 1781 1588 1837 malitiae.
1622 1780 1746 1835 Visi
1780 1821 1805 1853 ιτ

107 1873 235 1922 sunt
265 1865 452 1923 oculis
488 1867 895 1939 insipientium
922 1870 1090 1936 mori,
1151 1869 1235 1925 illi
1295 1876 1490 1926 autem
1520 1875 1659 1925 sunt
1686 1869 1746 1925 in

109 1971 256 2025 pace,
288 1955 563 2011 Alleluia.
591 1958 786 2012 Sancti
824 1957 928 2023 tui,
974 1958 1239 2025 Domine,
1274 1960 1564 2014 ﬂorebunt
1593 1960 1747 2015 sicut

109 2042 478 2111 lilium,sicut
512 2046 653 2100 odor
673 2045 922 2101 balsami
949 2052 1118 2102 erunt
1149 2051 1280 2103 ante
1317 2052 1389 2103 te.

174 2133 541 2205 Olfertarium.
578 2134 963 2190 Exsultabunt
1024 2136 1208 2191 sancti
1261 2136 1319 2190 in
1350 2137 1556 2209 gloria,
1589 2136 1746 2192 laeta-

108 2222 317 2277 buntur
346 2222 406 2279 in
431 2223 728 2279 cubilibus
753 2224 1321 2290 suisexsultationcs
1354 2226 1448 2280 Dei
1484 2225 1539 2280 in
1574 2225 1749 2281 fauci-

109 2310 211 2365 bus
232 2328 457 2367 eorum.

172 2399 515 2457 Communia.
547 2402 665 2473 Ego
694 2418 797 2457 vos
856 2401 1002 2476 elegi
1061 2402 1131 2459 de
1164 2404 1383 2459 mundo
1431 2408 1496 2458 ut
1519 2402 1663 2460 eatis
1689 2408 1747 2459 et

106 2487 354 2544 fructum
386 2490 664 2546 efferatis.

545 2597 605 2634 IN
654 2598 823 2636 FESTO
863 2598 967 2637 CON
979 2598 1225 2637 FESSORU
1236 2601 1277 2637 Μ
1288 2625 1298 2637 .

173 2667 515 2723 Sacerdotes
549 2668 655 2735 tui,
691 2668 958 2738 Domine,
1018 2669 1362 2741 induantur,
1422 2675 1558 2739 etc.,
1590 2674 1647 2726 ut
1687 2674 1746 2727 in

107 2754 279 2811 editis.

170 2846 317 2900 Psal.
358 2846 671 2902 Memento.
707 2848 766 2917 it.
827 2847 1171 2904 Sacerdotes
1203 2849 1332 2920 ejus
1382 2849 1631 2905 induant
1661 2868 1748 2906 sa-

107 2931 301 2999 lutari,
326 2938 385 2988 et
408 2935 596 2989 sancti
624 2936 751 3006 ejus
768 2935 1156 2993 exsultatione
1178 2937 1573 2995 exsultabant.
1607 2938 1749 2996 Illuc

104 3021 423 3092 producam
475 3039 653 3077 cornu
715 3024 912 3091 David,
968 3026 1159 3096 paravi
1193 3026 1490 3082 lucernam
1521 3028 1749 3085 Christo

102 3126 248 3165 meo.
281 3109 553 3166 Alleluia.
599 3111 794 3166 Sancti
832 3113 933 3178 tui,
967 3113 1225 3168 Domine.

169 3200 957 3270 Olfertarium.Exsultabunt
986 3202 1168 3257 sancti
1201 3203 1260 3258 in
1292 3204 1493 3276 gloria.

167 3290 514 3344 Communia.
540 3288 847 3344 Justorum
872 3289 1150 3345 animzsin
1176 3309 1351 3347 manu
1377 3293 1476 3348 Dei
1500 3296 1658 3360 sunt,
1690 3296 1746 3349 et

103 3392 209 3430 non
230 3380 430 3448 tanget
454 3377 587 3433 illos
611 3382 966 3434 tormentum
992 3378 1370 3435 malitiaz.Visi
1399 3386 1539 3437 sunt
1559 3382 1747 3438 oculis

105 3463 512 3537 insipientium
547 3467 718 3537 mori,
751 3465 837 3521 illi
869 3471 1064 3523 autem
1084 3473 1223 3523 sunt
1245 3468 1301 3523 in
1336 3487 1494 3541 pace.

528 3571 804 3613 OFFICIUM
852 3572 923 3610 DE
964 3573 1017 3612 Vl
1027 3574 1316 3612 RGINIBUS.

170 3642 413 3700 Vultum
445 3649 637 3701 tuum.
662 3646 812 3701 Psal.
847 3646 1165 3701 Eructavit.
1192 3648 1250 3715 ii).
1276 3646 1515 3718 Propter
1534 3647 1743 3702 verita-

110 3734 218 3787 tem
242 3737 299 3788 et
320 3734 837 3804 mansuetidinem,
859 3738 968 3789 etc.
993 3735 1167 3802 Audi,
1191 3734 1332 3802 ﬁlia,
1364 3742 1421 3790 et
1450 3736 1598 3803 vide,
1634 3741 1744 3791 etc.

111 3819 306 3891 Specie
336 3829 457 3891 tua,
491 3829 599 3880 etc.

173 3910 544 3982 Offertarium.
617 3911 842 3976 Ditl‘usa
898 3917 989 3968 est
1043 3913 1231 3986 gratia
1274 3913 1332 3968 in
1366 3912 1538 3969 labiis
1588 3913 1748 3981 tuis;

114 4002 411 4071 propterea
434 4002 732 4058 benedixit
762 4007 816 4058 te
839 4002 991 4057 Deus
1012 4000 1071 4056 in
1092 4007 1372 4058 internum
1394 4006 1451 4058 et
1480 4002 1538 4058 in
1574 4020 1750 4058 saecu-

111 4083 225 4141 lum
259 4089 477 4145 seaculi.

177 4174 515 4234 Communia.
550 4178 810 4233 Dilexisti
834 4178 1153 4248 justitiam,
1189 4183 1245 4235 et
1266 4180 1438 4236 odisti
1474 4180 1748 4253 iniquita-

111 4265 220 4318 tem
249 4282 262 4331 ;
295 4270 603 4337 propterea
634 4266 799 4320 unxit
826 4271 883 4321 te
917 4266 1083 4334 Deus,
1119 4268 1271 4324 Deus
1302 4273 1462 4325 tuus.

114 4386 165 4393 ο.-

894 313 1285 375 EXCERPT.
1332 314 1434 375 EX
1478 313 1705 375 CODD.
1752 313 2061 376 LITURG.
2112 313 2712 375 FON'l‘AVELLAN.

1783 455 1830 514 A

3392 313 3511 373 9l0

1939 446 2253 517 Sequentia
2285 447 2470 501 sancti
2494 446 2787 518 Evangelii
2815 448 3136 501 secundum
3161 447 3508 502 Marcum.ln

1861 534 1961 591 illo
1991 540 2251 608 tempore
2284 535 2427 590 dixit
2481 536 2656 592 Jesus
2716 534 3021 607 discipulis
3082 535 3204 589 suis
3239 553 3251 591 :
3284 536 3510 607 Videte,

1860 623 2121 697 vigiltate
2186 629 2243 680 et
2271 630 2452 691 orate,
2484 629 2620 692 etc.,
2681 640 2854 696 usque
2908 623 2981 679 ad
3026 624 3304 680 omnibus
3335 624 3463 681 dico
3498 642 3511 680 :

1861 712 2108 786 Vigilate
2141 714 2427 769 inclusive.

2294 819 2473 857 OFFICI
2482 819 2566 858 UM
2599 818 2827 858 ΞΑΝΟΤᾸΞ
2858 818 3068 859 ΜΑΗΙᾸΞ.

1931 891 2335 959 Salve,sancta
2365 909 2599 964 parens,
2634 891 2803 947 enixa
2834 906 3122 965 puerpera
3154 905 3378 964 regem,
3411 887 3510 962 qui

1861 980 2071 1035 caelum
2106 984 2439 1053 terramque
2470 982 2619 1054 regit
2642 981 2699 1035 in
2718 979 2933 1037 smcula
2958 979 3328 1037 saeculorum.

1930 1071 2074 1125 Psal.
2129 1070 2303 1141 Virgo
2332 1070 2431 1125 Dei
2478 1070 2759 1136 Genitrix,
2796 1086 2970 1141 quem
3003 1073 3160 1125 totus
3204 1085 3321 1124 non
3353 1066 3510 1140 capit

1859 1159 2041 1225 orbis,
2075 1158 2132 1212 in
2164 1162 2267 1213 tua
2291 1176 2353 1213 se
2391 1158 2601 1215 clausit
2623 1159 2848 1215 viscera
2871 1159 3059 1215 factus
3080 1158 3277 1215 homo.
3308 1159 3367 1226 ιῆ.
3401 1157 3507 1212 Be-

1860 1248 2090 1302 nedicta
2120 1252 2175 1302 et
2202 1247 2551 1302 venerabilis
2607 1265 2689 1315 es,
2750 1247 2925 1320 Virgo
2981 1248 3184 1315 Maria,
3220 1263 3350 1319 quae
3381 1245 3506 1302 sine

1858 1341 2011 1390 tactu
2045 1335 2287 1407 pudoris
2346 1336 2578 1391 inventa
2621 1352 2683 1392 es
2713 1336 2896 1391 Mater
2924 1334 3259 1391 Salvatoris.
3296 1334 3496 1407 Virgo,

1859 1425 1953 1479 Dei
1989 1424 2267 1487 Genitrix,
2304 1441 2478 1495 quem
2499 1429 2655 1479 totus
2688 1441 2801 1480 non
2828 1425 2984 1496 capit
3006 1425 3185 1492 orbis,
3221 1424 3279 1478 in
3310 1428 3411 1478 tua
3443 1440 3506 1479 se

1857 1512 2067 1568 clausit
2085 1512 2307 1567 viscera
2334 1514 2521 1569 factus
2538 1511 3006 1573 homo.Alleluia.
3034 1516 3085 1567 ἰν.
3111 1514 3247 1569 Post
3267 1516 3502 1585 partum

1858 1600 2757 1673 Virgoinviolatapermansisti:
2793 1602 2893 1657 Dei
2927 1601 3503 1668 Genitrix,intercede

1856 1709 1958 1763 pro
1992 1690 2181 1745 nobis.

2525 1780 2832 1852 Seque-utin.

1928 1869 2044 1923 Hac
2077 1868 2234 1924 clara
2266 1869 2357 1923 die
2390 1873 2584 1923 turma
2616 1867 2822 1923 festiva
2850 1862 2952 1923 dat
2979 1866 3287 1939 praeconia,

1931 1958 2172 2013 Mariam
2206 1957 2608 2029 concrepando
2653 1956 3005 2028 symphonia
3034 1960 3321 2012 nectarea.

1930 2045 2132 2100 Mundi
2164 2045 2569 2118 Domina,quze
2591 2050 2679 2101 est
2710 2044 2833 2101 sola
2853 2044 3190 2102 castissima
3205 2043 3502 2118 virginum

1860 2134 2098 2206 Regina.

1929 2222 2147 2278 Salutis
2177 2240 2373 2289 causa,
2408 2224 2536 2278 vitae
2598 2227 2788 2295 porta,
2841 2228 3015 2296 atque
3092 2222 3220 2278 coeli
3293 2221 3505 2278 referta

1856 2312 2063 2385 gratia.
2354 2376 2355 2379 η

1928 2402 2073 2456 Nam
2105 2402 2178 2457 ad
2212 2401 2370 2456 illam
2404 2401 2487 2456 sic
2520 2402 2726 2458 nuntia
2793 2401 2931 2456 olim
2964 2404 3105 2456 sunt
3140 2401 3293 2456 facta
3321 2416 3501 2473 ange-

1855 2489 2006 2546 lica:

1928 2581 2064 2646 Ave,
2100 2578 2300 2647 Maria,
2334 2577 2524 2651 gratia
2547 2578 2647 2635 Dei
2680 2578 2852 2651 plena
2883 2593 2986 2650 per
3015 2577 3247 2634 szecula.

1930 2668 2242 2723 Mulierum
2277 2668 2374 2740 pia
2404 2668 2639 2740 agmina
2668 2668 2822 2723 intra
2843 2684 3073 2740 semper
3092 2665 3397 2723 benedicta

1929 2757 2105 2830 Virgo
2132 2762 2189 2813 et
2211 2757 2449 2829 gravida
2476 2757 2660 2812 Mater
2678 2756 3081 2829 intacta,prole
3102 2756 3392 2829 gloriosa:

1930 2847 2033 2902 Cui
2066 2851 2268 2902 contra
2298 2846 2487 2901 Maria
2516 2845 2639 2902 hinc
2670 2847 2860 2903 reddit
2889 2847 3144 2903 famina:

1930 2937 1992 2991 In
2023 2953 2115 2991 me
2148 2937 2441 3008 quomodo
2471 2945 2576 2992 tua
2603 2937 2747 2993 ﬁent
2779 2936 2986 2993 nuntia
3007 2936 3036 2991 ‘P

1932 3025 2050 3079 Viri
2081 3024 2211 3080 novi
2244 3024 2466 3080 nullam
2501 3030 2653 3080 certe
2685 3025 2975 3097 copulam,

1932 3115 2010 3168 Ex
2041 3130 2157 3185 quo
2188 3119 2361 3186 atque
2393 3119 2531 3169 nata
2561 3131 2691 3168 sum
2725 3115 3086 3186 incorrupta.

1775 3188 1817 3254 C
1927 3202 2068 3257 Diva
2100 3202 2320 3259 missus
2352 3203 2432 3256 ita
2461 3202 2650 3257 reddit
2679 3202 2890 3257 atrata:

1928 3291 2091 3346 Flatu
2125 3307 2291 3345 sacro
2323 3288 2494 3362 plena
2526 3291 2648 3355 fies,
2683 3290 2887 3345 Maria.
3454 3354 3457 3359 γ

1924 3380 2082 3435 Nova
2111 3380 2360 3435 ot‘l'erens
2391 3378 2607 3451 gaudia
2638 3382 2840 3434 sancto
2872 3377 3046 3450 plena
3072 3378 3194 3433 nati
3218 3394 3319 3450 per
3347 3394 3502 3443 exor-

1853 3469 1966 3524 dia.

1925 3558 2083 3612 Intra
2135 3556 2221 3612 tui
2284 3557 2429 3613 uteri
2487 3555 2746 3612 claustra
2803 3560 3027 3628 regnat,
3060 3555 3159 3628 qui
3216 3555 3503 3628 gubernat

1857 3646 2073 3701 aethera

1928 3736 2155 3803 Omnia,
2182 3735 2281 3806 qui
2315 3736 2416 3790 dat
2445 3740 2711 3807 tempora
2741 3734 3004 3806 pacifica.

1929 3823 2247 3895 Sequentia
2276 3825 2465 3880 sancti
2498 3823 2789 3896 Evangelii
2832 3824 3159 3879 secundum
3191 3822 3432 3888 Lucam.

1932 3913 1995 3967 In
2028 3911 2127 3968 illo
2162 3917 2421 3985 tempore
2453 3912 2673 3985 repleta
2704 3917 2791 3969 est
2820 3911 3137 3981 Elisabeth,
3178 3915 3313 3982 etc.,
3341 3926 3511 3984 usque

1859 4002 1928 4057 ad
1948 4001 2192 4057 salutari
2227 4018 2351 4057 meo
2383 4002 2665 4057 inclusive.

1930 4092 2297 4163 Oﬂertarium.
2326 4094 2461 4159 Ave,
2496 4089 2696 4145 Maria.

1932 4179 2275 4236 Communia.
2331 4181 2508 4234 Beata
2563 4178 2789 4234 viscera
2834 4178 3051 4247 Mariae,
3084 4194 3211 4250 quae
3245 4180 3511 4250 portave-

1862 4274 2000 4324 runt
2031 4268 2231 4324 aeterni
2263 4267 2449 4323 Patris
2480 4266 2711 4323 Filium.

2026 4394 2267 4401 ___.__—._—

865 4527 1283 4588 EXCERPTA
1328 4529 1431 4587 EX
1474 4530 1834 4591 SECUNDO
1876 4529 2153 4591 CODltlE
2195 4528 2771 4589 AVELLANENSI.

1686 4684 2003 4696 —————

537 4803 600 4841 Ml
612 4802 711 4841 ΒΘΑ
755 4803 864 4841 PRO
897 4802 1071 4842 TRIBU
1081 4803 1330 4841 LATIONE.

190 4872 353 4929 Salus
375 4874 573 4947 populi
597 4891 702 4947 ego
728 4876 1043 4944 sum,dixit
1064 4874 1350 4931 Dominus
1383 4875 1488 4943 ;de
1510 4892 1770 4947 quacun-

140 4973 243 5028 que
265 4961 641 5018 tribulatione
675 4963 1055 5020 clamaverint
1078 4965 1147 5019 ad
1185 4980 1300 5030 me,
1334 4965 1642 5020 exaudiam
1676 4982 1775 5024 eos

124 5051 282 5103 ctera
308 5050 543 5108 illorum
569 5052 851 5109 Dominus
885 5054 941 5108 in
979 5057 1346 5126 perpetuum.
1381 5055 1527 5109 Psal.
1567 5056 1769 5111 Atten-

109 5132 259 5205 dite,
284 5141 513 5212 popule.
549 5140 763 5196 Gloria.

168 5225 389 5284 .0raiia.
425 5229 806 5302 Omnipotens
840 5231 1193 5303 sempiterna
1223 5235 1394 5300 Deus,
1422 5235 1767 5289 maestorum

107 5315 447 5385 consolatio,
479 5317 879 5373 laborantium
905 5319 1207 5383 fortitudo,
1242 5320 1584 5391 perveniant
1606 5321 1678 5376 ad
1714 5327 1771 5377 te

130 5413 319 5467 preces
347 5407 417 5462 de
447 5424 804 5479 quacunque
834 5407 1212 5463 tribulatione
1257 5408 1662 5477 clamantium,
1706 5415 1774 5466 ut

118 5500 329 5551 omnes
370 5493 483 5551 sibi
523 5495 583 5550 in
638 5496 1089 5552 necessitatibus
1145 5496 1268 5556 suis
1302 5497 1768 5555 misericordiam

110 5576 282 5641 .iuam
311 5584 604 5658 gaudeant
632 5584 916 5643 adfuisse.
952 5584 1076 5643 Per.

1789 4789 1836 4853 D
1940 4787 2129 4845 Lectio
2151 4784 2286 4841 libri
2311 4785 2636 4857 Sapientiae.
2671 4785 2946 4842 Miserere
2976 4785 3364 4856 nostri,Deus,
3387 4789 3524 4853 etc.,

1881 4895 2050 4950 usque
2078 4878 2147 4933 ad
2195 4876 2353 4932 verba
2387 4880 2451 4931 ut
2482 4879 2753 4932 enarrent
2782 4874 3077 4931 mirabilia
3105 4879 3226 4943 tua,
3259 4875 3527 4944 Domine,

1882 4967 2036 5023 Deus
2069 4971 2284 5021 noster.

1955 5052 2549 5125 Gradualc.Propitius
2571 5053 2991 5122 esto,Domine,
3015 5053 3267 5126 peccatis
3289 5053 3526 5122 nostris,

1888 5144 2197 5215 nequando
2217 5142 2415 5197 dicant
2435 5146 2637 5214 gentes
2662 5159 2673 5198 :
2708 5142 2816 5198 Ubi
2843 5147 2931 5199 est
2962 5142 3116 5198 Deus
3139 5159 3341 5199 eorum
3360 5142 3388 5198 ?

1954 5235 2007 5301 ᾖ,
2044 5234 2118 5288 Ad
2120 5234 2261 5304 juva
2293 5248 2399 5286 nos
2451 5231 2604 5287 Deus
2636 5229 2913 5287 salutaris
2962 5235 3179 5303 noster,
3210 5235 3267 5288 et
3296 5233 3533 5302 propter

1886 5322 2169 5378 honorem
2201 5319 2458 5376 nominis
2489 5321 2595 5389 tui,
2619 5319 3084 5385 Domine,libera
3103 5335 3230 5375 nos.
3263 5316 3531 5373 Alleluia.

1882 5413 2036 5468 Psal.
2070 5410 2341 5477 Domine,
2375 5409 2585 5464 exaudi
2634 5409 2952 5464 orationem
2987 5424 3201 5473 meam,
3229 5410 3285 5461 et
3315 5403 3540 5487 clamor

1883 5517 2057 5556 meus
2089 5500 2161 5554 ad
2195 5503 2251 5554 te
2282 5498 2496 5553 veniat.

1954 5587 2275 5666 Sequentia
2305 5585 2492 5644 sancti
2527 5584 2821 5663 Evangelii
2854 5583 3175 5651 secundum
3213 5582 3455 5653 Lucam,
3477 5580 3545 5645 In
