3896 6216
414 304 524 363 9H

1599 303 1788 367 SEC.
1835 305 1916 366 X1
1961 299 2274 368 MONUM.
2320 301 2635 368 LlTURG.

3725 297 3843 364 9H

416 436 516 493 illo
546 441 806 510 tempore
835 436 980 494 dixit
1006 434 1180 494 Jesus
1237 436 1543 509 discipulis
1575 437 1736 494 suis:
1769 438 2055 503 Quoniam
2085 441 2142 506 Α
2172 455 2292 493 rem
2323 438 2461 494 Jesu
2494 437 2723 495 Christo
2754 437 2891 494 Filio
2908 439 3108 511 ejuset
3135 435 3387 510 Spiritui
3424 440 3643 493 sancto
3665 413 3842 510 para-

416 531 685 599 opportet
713 543 945 599 semper
974 543 1162 596 orare,
1193 530 1327 596 etc.,
1359 544 1530 600 usque
1555 527 1625 582 ad
1637 525 1953 583 vindictam
1986 525 2060 582 i1-

418 613 610 672 lorum
633 616 917 672 inclusive.

495 706 866 778 Offertorium.
899 705 959 762 Si
1017 704 1390 762 ambulavero
1421 703 1480 760 in
1510 705 1702 760 medio
1733 702 2062 760 tribulatio-

420 795 535 864 nis,
566 794 892 852 viviﬁcabis
912 811 1026 863 me,
1059 794 1323 865 Domine,
1343 799 1398 849 et
1419 811 1597 866 super
1614 793 1762 850 iram
1795 792 2060 848 inimico—

419 900 552 940 rum
574 899 839 940 meorum
856 884 1132 940 extendes
1163 899 1404 940 manum
1434 887 1621 950 tuam,
1655 888 1712 939 et
1723 882 1951 940 salvum
1972 899 2064 937 me

419 971 558 1029 fecit
586 973 824 1029 dextera
850 976 972 1029 tua.

492 1062 725 1118 Secreta.
762 1063 875 1117 llas
905 1060 1031 1131 tibi,
1075 1061 1341 1130 Domine,
1375 1060 1675 1117 offerimus
1707 1061 1931 1117 hostias
1961 1078 2066 1133 pro

423 1150 612 1206 salute
641 1155 841 1208 nostra
865 1155 922 1206 et
952 1168 1055 1224 pro
1086 1151 1364 1207 omnibus
1416 1151 1706 1222 angustiis
1770 1148 1940 1205 nobis
1977 1148 2063 1202 in-

419 1241 786 1311 gruentibus,
837 1245 1127 1314 quatenus
1181 1257 1424 1312 corpora
1485 1245 1541 1294 et
1571 1240 1800 1294 animas
1835 1243 2068 1294 nostras

417 1329 670 1402 Spiritus
701 1330 887 1386 sancti
919 1329 1108 1402 gratia
1138 1329 1389 1385 liberare
1419 1333 1595 1401 atque
1629 1327 1962 1383 illuminare
1984 1327 2068 1382 di-

419 1419 638 1490 gneris.
674 1419 799 1476 Per.

492 1508 832 1566 Communia.
867 1511 1051 1564 Amen
1107 1507 1235 1563 dico
1293 1506 1479 1575 vobis,
1514 1505 1804 1578 quidquid
1836 1509 2069 1562 orantes

422 1596 642 1669 petitis,
676 1596 893 1653 credite
924 1596 1063 1668 quia
1090 1595 1408 1669 accipietis;
1444 1599 1500 1652 et
1531 1596 1628 1650 ﬁet
1668 1594 1853 1651 vobis.

493 1685 574 1740 Ad
601 1687 1060 1741 communionem.
1079 1685 1163 1741 Da
1193 1683 1382 1751 nobis,
1415 1683 1680 1752 Domine,
1703 1700 2068 1756 quaesumus,

423 1773 495 1828 de
523 1772 898 1830 tribulatione
945 1773 1228 1844 laetitiam,
1288 1777 1354 1830 ut
1383 1773 1484 1845 qui
1531 1773 1632 1829 diu
1681 1790 1784 1845 pro
1817 1771 2068 1844 peccatis

425 1862 644 1919 nostris
660 1862 1512 1937 afﬂigimur,intercedentibus
1543 1861 1817 1919 omnibus
1849 1861 2069 1918 sanctis

422 1951 561 2020 tuis,
586 1952 646 2008 in
689 1956 792 2008 tua
811 1953 1209 2010 misericordia
1228 1952 1603 2025 respiremus.
1662 1952 1787 2008 Per.

780 2095 908 2134 ALIA
938 2095 1107 2134 MISSA
1138 2094 1248 2133 PRO
1277 2094 1714 2157 TRIBUL'ATIONE.

496 2183 668 2241 Salus
701 2184 900 2258 populi
933 2200 1038 2257 ego
1069 2201 1223 2250 sum,
1257 2183 1399 2239 dicit
1429 2183 1733 2240 Dominus.

497 2272 702 2328 Oratio.
737 2272 911 2341 Deus,
971 2273 1142 2328 Pater
1188 2272 1612 2345 orphanorum,
1657 2271 1961 2343 judexque
1989 2271 2078 2325 vi-

425 2361 699 2430 duarum,
721 2359 1010 2434 lacrymas
1029 2359 1296 2416 Ecclesia:
1327 2365 1441 2416 tute
1464 2360 1783 2416 miseratus
1817 2359 2074 2427 intende,

422 2448 702 2522 illamque
718 2454 820 2506 tua
842 2449 1299 2506 misericorditer
1321 2448 1529 2522 eripiat
1559 2450 1866 2521 majestas,
1899 2465 2075 2521 quam

427 2538 589 2594 nulla
619 2543 852 2595 terrena
871 2537 1132 2594 defendit
1165 2542 1443 2611 potestas.
1479 2538 1606 2594 Per.

500 2626 694 2683 Lectio
723 2627 988 2684 Jeremiaa
1023 2627 1336 2700 prophetze.
1372 2627 1430 2682 Si
1467 2627 1806 2698 iniquitates
1847 2625 2078 2681 uestras

430 2716 874 2784 contenderunt,
939 2722 1072 2783 etc.,
1132 2732 1300 2788 usque
1355 2715 1426 2770 ad
1457 2733 1588 2784 nos,
1631 2714 1894 2782 Domine,
1925 2715 2078 2770 Deus

434 2809 652 2860 noster.

506 2892 795 2950 Graduale.
858 2893 1153 2966 Propitius
1210 2897 1356 2961 esto,
1395 2893 1654 2960 Domine,
1707 2893 1918 2965 adjuva
1949 2911 2075 2962 nos,

437 2980 613 3038 Dens.
643 2979 910 3038 Alleluia.
944 2982 1210 3049 Domine,
1243 2981 1470 3038 exaudi.

505 3072 882 3142 Evangelium.
904 3071 1189 3136 Quoniam
1221 3074 1464 3142 oportet.

503 3161 936 3234 0/fertorium.Si
967 3159 1360 3217 ambulavero.

498 3250 732 3307 Secreta.
745 3250 872 3305 Haec
898 3249 1113 3317 hostia,
1139 3249 1407 3318 Domine,
1427 3266 1602 3322 quam
1626 3265 1730 3322 pro
1751 3249 2077 3306 inﬁdelium

427 3339 599 3396 bellis
620 3339 940 3406 offerimus,
967 3339 1074 3395 tibi
1099 3339 1175 3394 sit
1199 3343 1458 3412 accepta,
1493 3343 1557 3394 ut
1586 3354 1690 3411 per
1716 3338 1890 3406 hanc,
1921 3339 2074 3411 quod

427 3429 632 3484 devote
681 3428 1006 3502 poscimus,
1040 3433 1096 3484 te
1144 3429 1459 3500 adiuvante
1485 3443 1936 3500 consequamur.
1969 3427 2078 3484 Per

499 3517 836 3575 Communia.
871 3523 1080 3586 Amen,
1115 3517 1243 3573 dico
1269 3517 1450 3573 vobis.

496 3607 577 3662 Ad
599 3609 1056 3663 communionem.
1118 3605 1407 3678 Deprime,
1441 3621 1804 3677 quasumus,
1834 3605 2074 3660 Domine

427 3695 741 3768 Deus,jura
759 3700 1144 3770 tyrannorum
1160 3693 1266 3750 tibi
1291 3693 1726 3750 adversantium
1738 3738 1752 3762 ,
1765 3697 1830 3749 ut
1845 3693 2076 3750 discant

426 3788 483 3840 te
513 3784 635 3841 fore
663 3788 1051 3858 protectorem
1079 3783 1352 3839 Ecclesiae
1387 3787 1495 3838 tua:
1530 3787 1630 3839 tuo
1651 3782 1904 3855 pretioso
1935 3799 2071 3838 san-

426 3873 601 3945 guine
631 3873 964 3945 redemptae.
999 3873 1126 3928 Per.

555 3994 761 4032 INCIPIT
789 3993 938 4032 ORDO
975 3995 1048 4033 AD
1087 3992 1555 4034 CATHECUMENUM
1595 3993 1942 4033 FACIENDUM.

497 4085 778 4154 Interroga
829 4085 1006 4158 primo
1049 4085 1115 4140 de
1170 4085 1394 4139 nomine
1429 4085 1565 4156 ejus,
1591 4084 1690 4140 hoc
1707 4087 1804 4153 est,
1837 4101 1939 4156 quo
1969 4101 2069 4142 no-

424 4175 576 4230 mine
601 4174 716 4229 vuIt
748 4173 950 4242 vocari,
982 4178 1034 4229 et
1051 4173 1194 4229 dicto
1225 4175 1404 4228 sancti
1433 4176 1676 4230 nomine.

495 4264 682 4328 Quare
710 4261 920 4319 venisti
949 4263 1022 4318 ad
1056 4261 1414 4318 Ecclesium?
1437 4263 1496 4332 ὣ.
1520 4261 1887 4318 Christianus
1921 4262 2064 4318 ﬁeri.

493 4351 641 4418 Quid
673 4351 823 4424 petis
843 4351 870 4407 ‘I
893 4353 952 4418 ιῖι.
989 4352 1208 4408 Fidem.

492 4439 664 4496 Fides
689 4439 832 4512 quid
863 4439 967 4496 tibi
1000 4440 1339 4513 praeparat?
1380 4443 1440 4509 ιῖι.
1472 4441 1665 4496 Vitam
1693 4445 1992 4497 aeternam.

2172 525 2328 582 clito.

2242 617 2448 672 Deinde
2469 617 2649 688 signat
2688 635 2811 674 eum
2832 619 2892 673 in
2918 619 3118 690 fronte,
3156 615 3345 671 dicens
3365 632 3388 669 ,ο
3409 613 3672 688 Signum
3706 631 3848 672 san-

2171 707 2511 772 clwtcrucis
2563 707 2795 764 Domini
2855 707 3038 764 nostri
3093 705 3236 763 Jesu
3298 703 3521 760 Christi
3551 703 3618 760 in
3655 703 3849 762 fronte

2171 800 2273 852 tua
2295 813 2464 868 pono.

2247 885 2453 942 Deinde
2466 890 2515 941 et
2537 888 2596 942 in
2613 894 2828 958 pectore
2864 887 3058 958 signet,
3090 885 3275 941 dicens
3295 903 3314 940 :
3339 881 3588 957 Signum
3629 881 3850 941 salutis

2178 973 2444 1039 J{Domini
2479 975 2662 1030 nostri
2693 975 2837 1032 Jesu
2867 973 3078 1030 Christi
3113 974 3169 1029 in
3205 976 3414 1046 pectus
3451 976 3632 1028 tuum
3665 988 3846 1046 pono.

2174 1063 2380 1134 Accipe
2413 1063 2882 1134 signumfcrucis
2913 1062 3127 1119 Christi
3174 1066 3294 1118 tam
3326 1061 3386 1117 in
3429 1062 3632 1129 corde,
3665 1077 3849 1134 quam

2176 1151 2234 1206 in
2273 1152 2478 1207 fronte.
2515 1155 2692 1208 Sume
2743 1153 2916 1207 fidem
2972 1151 3299 1208 caelestium
3372 1154 3848 1224 praceptorum;

2177 1239 2310 1295 talis
2369 1247 2491 1296 esto
2551 1242 2838 1312 moribus,
2900 1245 2963 1296 ut
2992 1241 3286 1314 templum
3321 1240 3422 1295 Dei
3456 1255 3586 1297 esse
3623 1240 3844 1313 possis.

2177 1329 2446 1385 Gaudeas
2493 1331 2795 1404 ingressus
2849 1331 2903 1384 in
2965 1329 3285 1388 Ecclesium
3345 1329 3458 1384 Dci-
3491 1329 3846 1386 evasissete

2177 1417 2418 1490 laqueos
2443 1419 2841 1487 mortis,lzetus
2871 1435 3122 1492 agnosce
3155 1417 3558 1491 idola,respue
3588 1417 3847 1474 simula-

2178 1526 2294 1576 cra,
2330 1508 2452 1563 colc
2489 1514 2664 1564 Deum
2723 1510 2952 1565 Patrem
3008 1507 3478 1581 omnipotentem
3521 1511 3586 1564 et
3642 1506 3846 1564 Jesum

2177 1596 2472 1652 Christum
2499 1597 2702 1653 Filium
2739 1596 2994 1670 ejus,qui
3014 1613 3149 1653 cum
3177 1613 3244 1652 eo
3277 1601 3336 1675 et
3366 1595 3590 1669 Spiritu
3637 1601 3843 1654 sancto

2177 1684 2317 1740 vivit
2337 1689 2394 1740 et
2423 1691 2625 1758 regnat
2646 1691 2794 1743 Deus
2817 1686 2875 1744 in
2896 1691 3111 1742 aeterna
3141 1683 3368 1743 sacula
3395 1685 3780 1743 saeculorum.

2253 1775 2458 1829 Amen.

2258 1864 2385 1918 Alia
2415 1865 2608 1919 oratio.
2644 1863 3027 1936 Omnipotens
3077 1863 3436 1936 sempiterne
3484 1862 3677 1930 Deus,
3739 1867 3839 1918 etc.

2254 1953 2375 2007 Alia
2398 1968 2418 2008 :
2471 1953 2674 2008 Prcccs
2720 1957 2972 2021 nostras,
3004 1957 3114 2009 etc.
3146 1953 3272 2008 Alia
3297 1971 3314 2006 :
3367 1951 3545 2020 Deus,
3591 1951 3708 2024 qui
3737 1951 3840 2006 bu-

2185 2040 2342 2095 mani
2377 2041 2629 2113 generis,
2663 2046 2774 2097 etc.

2251 2130 2378 2186 Alia
2425 2133 2601 2186 oratio
2629 2147 2647 2184 :
2679 2132 3025 2187 litoreis-mus
3055 2132 3216 2200 salis,
3245 2134 3382 2196 etc.,
3431 2133 3493 2184 ut
3526 2131 3591 2184 in
3636 2130 3838 2186 Rituah'

2183 2219 2444 2276 Romano.

2256 2307 2562 2376 Benetdic,
2578 2309 2950 2382 omnipotens
2969 2309 3144 2376 Deus,
3164 2309 3317 2364 hanc
3337 2311 3678 2366 creaturam
3701 2307 3832 2366 salis

2184 2397 2588 2452 benedictione
2610 2397 2825 2453 scelesti
2870 2399 2930 2454 in
2954 2397 3189 2454 nomine
3223 2397 3646 2464 Domini’rJesu
3678 2397 3832 2454 Chri-

2187 2486 2263 2542 sti
2285 2489 2342 2541 et
2371 2485 2430 2540 in
2461 2485 2672 2540 virtute
2705 2487 2959 2559 Spiritus
2990 2485 3276 2554 sancti,ad
3307 2485 3699 2560 etl‘ugandum
3733 2485 3830 2541 ini-

2187 2576 2430 2638 micum,
2464 2591 2640 2646 quam
2675 2579 2760 2640 tu,
2794 2575 3062 2644 Domine,
3106 2575 3831 2642 sanetiﬁcandofsanctiti-

2186 2681 2306 2732 ces,
2324 2663 2716 2736 benedicendo
2741 2665 3106 2733 bcne‘rdicas,
3140 2663 3357 2736 ﬁatque
3379 2663 3668 2720 omnibus
3692 2665 3833 2720 acci-

2187 2752 2482 2825 pientibus
2521 2753 2775 2824 perfecta
2800 2753 3112 2819 medicina,
3144 2768 3496 2825 permanens
3524 2753 3825 2810 invisceri-

2187 2842 2298 2897 bus
2311 2842 2670 2898 sumentium
2691 2842 2748 2897 in
2781 2842 3016 2898 nomine
3047 2841 3460 2908 DominitJesu
3483 2841 3709 2898 Christi
3739 2842 3828 2914 qui

2183 2935 2466 2986 venturus
2487 2935 2576 2988 est
2594 2929 2654 2986 in
2677 2931 2900 3004 Spiritu
2932 2935 3134 2988 sancto
3159 2930 3446 3002 judicare.

2259 3020 2401 3075 Tune
2429 3021 2662 3091 accipiat
2678 3019 2744 3075 de
2773 3021 2888 3092 ipso
2915 3021 3049 3088 sale,
3082 3029 3136 3078 et
3149 3024 3389 3092 ponatur
3407 3023 3468 3076 in
3509 3035 3609 3077 ore
3639 3023 3816 3094 infan-

2183 3110 2284 3164 tis:
2314 3108 2525 3182 Accipe
2554 3107 2640 3164 sal
2669 3109 2988 3182 sapientiae,
3023 3108 3374 3182 propitiatus
3419 3107 3499 3166 sit
3557 3109 3620 3167 in
3655 3109 3818 3166 vitam

2107 3182 2152 3249 C
2186 3201 2481 3253 aeternam.
2508 3199 2714 3254 Amen.

2258 3286 2540 3342 Dominus
2569 3287 2897 3344 vobiscum.
2932 3289 2991 3358 ι’ῆ.
3017 3288 3086 3344 Et
3113 3304 3267 3344 cum.

2258 3375 2630 3433 0ratio.Deus
2653 3381 2885 3448 patrum
2908 3381 3264 3449 nostrorum,
3291 3380 3401 3433 etc.
3431 3381 3494 3433 ut
3523 3379 3588 3434 in
3619 3379 3809 3434 Ritualt

2183 3463 2345 3521 edito.

2253 3553 2454 3608 Deinde
2491 3553 2859 3626 apprehendat
2883 3553 3184 3622 dexteram,
3243 3558 3297 3610 et
3351 3554 3669 3612 introducat
3704 3571 3811 3612 eum

2181 3642 2242 3696 in
2252 3643 2551 3710 ecclesiam,
2569 3645 2649 3697 sic
2668 3643 2891 3699 dicendo
2903 3659 2922 3698 :
2939 3643 3246 3716 Ingredere
3260 3642 3319 3699 in
3333 3642 3628 3716 templum
3641 3643 3810 3700 Domi-

2183 3729 2262 3798 ni,
2297 3735 2362 3786 ut
2392 3730 2611 3787 habeas
2645 3735 2870 3803 partem
2901 3747 3037 3787 cum
3066 3731 3314 3789 Christo.

2395 3882 2604 3921 INCIPIT
2631 3881 2781 3921 οῐωο
2811 3882 2882 3921 AD
2913 3882 3228 3922 SYMBOLUM
3251 3851 3607 3924 FACIENDUDI.

2249 4003 2402 4054 Deus
2428 3997 2744 4068 Abraham,
2777 4003 2908 4068 etc,,
2939 4003 3001 4055 ut
3028 4000 3090 4054 in
3107 4000 3251 4056 edito
3283 4001 3516 4056 Rituali.

2249 4088 2530 4160 Adjuratio
2559 4092 2749 4143 contra
2772 4087 3108 4144 daemonem:
3151 4090 3324 4162 Ergo,
3357 4089 3668 4146 maledicta
3695 4090 3802 4146 dia-

2177 4175 2328 4242 bole,
2361 4181 2494 4246 etc.,
2527 4180 2587 4232 ut
2615 4193 2786 4248 supra
2816 4177 3346 4242 inRitualibus,cum
3365 4177 3465 4234 hoc
3483 4181 3698 4234 tantum
3711 4178 3804 4236 dis-

2173 4267 2428 4332 crimine,
2444 4265 2585 4336 quod
2606 4267 2666 4320 in
2703 4282 2806 4322 ms.
2838 4282 2949 4322 non
2973 4269 3206 4338 ponitur
3241 4267 3537 4324 conclusio.

2245 4355 2533 4428 Adjuratio
2557 4371 2724 4428 super
2743 4356 3028 4427 [ominum
3049 4354 3202 4413 Deus
3244 4354 3393 4423 caeli,
3415 4358 3530 4413 etc.
3553 4360 3616 4412 ut
3635 4359 3694 4413 in
3708 4356 3804 4413 edi-

2174 4446 2262 4511 tis,
2285 4445 2488 4515 absque
2507 4452 2688 4500 tamen
2701 4444 3066 4500 conclusione.

487 4528 882 4586 Abrenuntias
902 4529 1128 4586 Satanae
1149 4530 1176 4586 τ
1208 4532 1266 4599 it.
1308 4529 1672 4586 Abrenuntio
1703 4534 1760 4586 et
1789 4531 2066 4587 omnibus
2099 4551 2144 4616 D
2244 4533 2524 4605 Adjuratio
2552 4549 2716 4605 super
2741 4534 3067 4590 masculum.
3099 4534 3272 4601 Deus,
3306 4533 3639 4592 immortale
3668 4551 3796 4608 prte-

415 4618 649 4691 pompis
705 4619 882 4690 ejus;
941 4618 1288 4675 abrenuntio
1341 4623 1398 4674 et
1459 4618 1736 4676 omnibus
1790 4619 2065 4692 operibus

414 4708 564 4779 ejus.

483 4795 683 4854 Credis
721 4795 781 4852 in
813 4797 997 4853 Deum
1033 4797 1262 4852 Patrem
1311 4795 1796 4869 omnipotentem.
1828 4796 2061 4855 Creato-

413 4901 537 4941 rem
568 4885 694 4940 οωιὶ
724 4891 780 4943 et
811 4885 1032 4942 terrae?
1054 4887 1112 4954 ii).
1145 4886 1346 4942 Credo.

481 4972 682 5028 Credis
711 4979 768 5029 et
790 4974 846 5029 in
869 4975 1074 5032 Jesum
1093 4973 1392 5031 Christum
1415 4975 1624 5030 Filium
1657 4978 1786 5043 ejus
1817 4977 2056 5032 unicum

409 5060 724 5118 Dominum
743 5068 1032 5131 nostrum,
1049 5067 1257 5118 natum
1283 5069 1339 5118 et
1369 5080 1612 5134 passum
1637 5065 1664 5118 ?
1689 5067 1747 5134 πῖ.
1781 5065 1985 5120 Credo.

480 5148 678 5206 Credis
699 5155 755 5206 et
774 5150 834 5205 in
849 5151 1132 5223 Spiritum
1157 5156 1717 5220 sanctum,sanctam
1741 5152 2056 5210 Ecclesium

401 5237 770 5307 catholicam,
791 5245 1124 5295 sanctorum
1147 5239 2055 5306 communionem,remissionem

405 5331 798 5397 peccatorum,
817 5328 1010 5383 carnis
1034 5328 1727 5395 resurrectionem,vitam
1742 5331 2057 5386 cateruam?

403 5416 440 5484 Ii
471 5414 674 5471 Credo.

467 5501 674 5558 Deinde
720 5503 960 5576 insui/let
987 5508 1043 5561 in
1073 5508 1273 5578 [aciem
1293 5505 1413 5577 ejus
1433 5503 1612 5558 tribus
1634 5506 1841 5562 vicibus
1869 5524 2049 5564 sacer-

396 5587 510 5664 dos,
542 5590 770 5650 dicendo
793 5609 806 5650 :
831 5594 930 5651 Exi
951 5595 1024 5652 ab
1047 5593 1451 5665 eo,immunde
1472 5591 1740 5669 spiritus,
1763 5597 1842 5656 da
1867 5597 2052 5661 hono-

2174 4621 2413 4694 sidium,
2445 4627 2577 4690 etc.,
2609 4630 2671 4678 ut
2697 4624 2758 4677 in
2777 4621 2956 4679 editis.

2242 4712 2365 4767 Alia
2409 4711 2685 4784 adjuratio
2708 4713 3034 4769 communis.
3081 4711 3256 4786 Ergo,
3287 4711 3448 4780 audi,
3476 4711 3791 4782 maledicte,

2168 4804 2302 4865 etc.,
2333 4808 2395 4856 ut
2424 4802 2485 4858 in
2505 4800 2682 4858 editis.

2238 4891 2617 4947 Exoreismus.
2649 4890 2922 4947 Exorcizo
2973 4895 3050 4958 te,
3111 4890 3416 4946 immundo
3455 4889 3716 4964 spiritus,
3745 4890 3794 4946 in

2169 4978 2404 5035 nomine
2429 4977 2614 5035 Patris
2637 4984 2694 5034 et
2711 4978 2834 5033 Filii
2859 4985 2916 5035 et
2939 4979 3191 5052 Spiritus
3217 4978 3428 5047 sancti,
3461 4984 3530 5034 ut
3559 4994 3725 5038 exeas
3749 4980 3799 5034 et

2167 5070 2404 5124 recedas
2424 5069 2496 5124 ab
2535 5068 2643 5124 hoc
2664 5067 2881 5124 famulo
2904 5068 3001 5124 Dei
3028 5087 3042 5138 ;
3069 5069 3195 5142 ipse
3213 5068 3319 5124 tibi
3344 5068 3611 5142 imperet,
3639 5066 3799 5124 male-

2165 5156 2319 5212 dicte
2341 5157 2636 5227 damnate,
2661 5156 2760 5228 qui
2784 5157 3032 5229 pedibus
3072 5175 3251 5230 super
3277 5173 3441 5214 mare
3471 5155 3796 5223 ambulavit,

2163 5251 2222 5301 et
2247 5246 2414 5302 Petro
2437 5244 2718 5317 mergenti
2743 5245 3040 5303 dexteram
3071 5247 3347 5318 porrexit.
3381 5245 3534 5318 Ergo
3553 5246 3792 5303 exoreizo

2161 5338 2240 5398 te,
2287 5333 2593 5390 immundo
2641 5333 2907 5407 spiritus,
2966 5337 3360 5408 per’rPatrem,
3419 5339 3478 5390 et
3536 5333 3792 5403 Fiflium,

2161 5427 2220 5480 et
2247 5421 2866 5494 Spiritum’rsanctum,
2899 5429 2964 5479 ut
3020 5441 3192 5482 exeas
3245 5428 3303 5480 et
3332 5421 3572 5490 recedas
3601 5423 3674 5480 ad
3699 5423 3792 5482 hoc

2157 5509 2382 5568 famulo
2413 5511 2549 5567 Dei:
2571 5511 2694 5584 ipse
2716 5513 2873 5568 enim
2897 5513 3002 5570 tibi
3023 5509 3616 5586 imperat,maledicte
3643 5511 3791 5569 dam-

2159 5603 2313 5672 nate,
2371 5600 2472 5676 qui
2529 5617 2678 5662 cteco
2735 5605 2873 5663 nato
2928 5602 3129 5664 oculos
3187 5601 3436 5680 aperuit,
3492 5605 3554 5662 et
3585 5599 3788 5682 quatri-
