  <div class='ocr_page' id='page_1' title='image "/cluster/home/n/w/nwhite01/storage/ocr_20150623/151/uva.x000829795/496.png"; bbox 0 0 3896 6216; ppageno 0'>
   <div class='ocr_carea' id='block_1_1' title="bbox 95 400 1633 475">
    <p class='ocr_par' dir='ltr' id='par_1_1' title="bbox 95 403 1633 475">
     <span class='ocr_line' id='line_1_1' title="bbox 95 403 1633 475; baseline -0.001 -6"><span class='ocrx_word' id='word_1_1' title='bbox 95 404 201 475; x_wconf 76' lang='grc'>913</span> <span class='ocrx_word' id='word_1_2' title='bbox 875 403 1263 471; x_wconf 79' lang='lat' dir='ltr'>EXCERPT.</span> <span class='ocrx_word' id='word_1_3' title='bbox 1284 405 1413 475; x_wconf 73' lang='lat' dir='ltr'>.EX</span> <span class='ocrx_word' id='word_1_4' title='bbox 1457 405 1633 471; x_wconf 90' lang='lat' dir='ltr'>CODI</span> 
     </span>
    </p>
   </div>
   <div class='ocr_carea' id='block_1_2' title="bbox 1943 400 3481 475">
    <p class='ocr_par' dir='ltr' id='par_1_2' title="bbox 1943 406 3481 475">
     <span class='ocr_line' id='line_1_2' title="bbox 1943 406 3481 475; baseline 0.003 -5"><span class='ocrx_word' id='word_1_5' title='bbox 1943 406 2030 471; x_wconf 72' lang='lat' dir='ltr'>lG.</span> <span class='ocrx_word' id='word_1_6' title='bbox 2076 408 2679 475; x_wconf 81' lang='lat' dir='ltr'>FONTAVELLAN.</span> <span class='ocrx_word' id='word_1_7' title='bbox 3361 409 3481 475; x_wconf 78' lang='grc'>914</span> 
     </span>
    </p>
   </div>
   <div class='ocr_carea' id='block_1_3' title="bbox 99 535 3478 620">
    <p class='ocr_par' dir='ltr' id='par_1_3' title="bbox 99 535 3478 620">
     <span class='ocr_line' id='line_1_3' title="bbox 99 535 3478 620; baseline -0 -14"><span class='ocrx_word' id='word_1_8' title='bbox 99 548 347 607; x_wconf 76' lang='lat' dir='ltr'>duannm</span> <span class='ocrx_word' id='word_1_9' title='bbox 378 541 664 601; x_wconf 79' lang='lat' dir='ltr'>Lazarum</span> <span class='ocrx_word' id='word_1_10' title='bbox 696 539 766 599; x_wconf 90' lang='lat' dir='ltr'>de</span> <span class='ocrx_word' id='word_1_11' title='bbox 797 545 1179 599; x_wconf 89' lang='lat' dir='ltr'>monumento</span> <span class='ocrx_word' id='word_1_12' title='bbox 1210 539 1533 599; x_wconf 83' lang='lat' dir='ltr'>suscitavit.</span> <span class='ocrx_word' id='word_1_13' title='bbox 1580 538 1725 613; x_wconf 90' lang='lat' dir='ltr'>Ergo</span> <span class='ocrx_word' id='word_1_14' title='bbox 1755 537 1821 609; x_wconf 76' lang='lat' dir='ltr'>A‘</span> <span class='ocrx_word' id='word_1_15' title='bbox 1836 543 2124 618; x_wconf 79' lang='lat' dir='ltr'>templum</span> <span class='ocrx_word' id='word_1_16' title='bbox 2156 544 2257 602; x_wconf 87' lang='lat' dir='ltr'>Dei</span> <span class='ocrx_word' id='word_1_17' title='bbox 2282 544 2419 615; x_wconf 81' lang='lat' dir='ltr'>vivi,</span> <span class='ocrx_word' id='word_1_18' title='bbox 2448 550 2506 603; x_wconf 90' lang='lat' dir='ltr'>et</span> <span class='ocrx_word' id='word_1_19' title='bbox 2534 544 2785 620; x_wconf 78' lang='lat' dir='ltr'>Spiritus</span> <span class='ocrx_word' id='word_1_20' title='bbox 2807 547 3045 605; x_wconf 88' lang='lat' dir='ltr'>sanctus</span> <span class='ocrx_word' id='word_1_21' title='bbox 3077 544 3301 605; x_wconf 80' lang='lat' dir='ltr'>habitet</span> <span class='ocrx_word' id='word_1_22' title='bbox 3328 535 3388 605; x_wconf 86' lang='lat' dir='ltr'>in</span> <span class='ocrx_word' id='word_1_23' title='bbox 3410 562 3478 606; x_wconf 92' lang='lat' dir='ltr'>eo</span> 
     </span>
    </p>
   </div>
   <div class='ocr_carea' id='block_1_4' title="bbox 95 634 3482 710">
    <p class='ocr_par' dir='ltr' id='par_1_4' title="bbox 95 634 3482 710">
     <span class='ocr_line' id='line_1_4' title="bbox 95 634 3482 710; baseline 0 -15"><span class='ocrx_word' id='word_1_24' title='bbox 95 638 180 706; x_wconf 87' lang='lat' dir='ltr'>sit,</span> <span class='ocrx_word' id='word_1_25' title='bbox 206 638 312 693; x_wconf 82' lang='lat' dir='ltr'>eto.</span> <span class='ocrx_word' id='word_1_26' title='bbox 1833 634 1893 691; x_wconf 89' lang='lat' dir='ltr'>in</span> <span class='ocrx_word' id='word_1_27' title='bbox 1923 634 2327 693; x_wconf 82' lang='lat' dir='ltr'>remissionem</span> <span class='ocrx_word' id='word_1_28' title='bbox 2387 636 2651 693; x_wconf 89' lang='lat' dir='ltr'>omnium</span> <span class='ocrx_word' id='word_1_29' title='bbox 2702 640 3099 710; x_wconf 78' lang='lat' dir='ltr'>peccatorum.</span> <span class='ocrx_word' id='word_1_30' title='bbox 3149 642 3212 693; x_wconf 86' lang='lat' dir='ltr'>In</span> <span class='ocrx_word' id='word_1_31' title='bbox 3245 638 3482 696; x_wconf 83' lang='lat' dir='ltr'>nomine</span> 
     </span>
    </p>
   </div>
   <div class='ocr_carea' id='block_1_5' title="bbox 153 720 3477 799">
    <p class='ocr_par' dir='ltr' id='par_1_5' title="bbox 153 720 3477 799">
     <span class='ocr_line' id='line_1_5' title="bbox 153 720 3477 799; baseline 0 -16"><span class='ocrx_word' id='word_1_32' title='bbox 153 724 434 783; x_wconf 82' lang='lat' dir='ltr'>Dominus</span> <span class='ocrx_word' id='word_1_33' title='bbox 461 722 785 779; x_wconf 88' lang='lat' dir='ltr'>&#39;vohiscum.</span> <span class='ocrx_word' id='word_1_34' title='bbox 818 723 888 778; x_wconf 89' lang='lat' dir='ltr'>Et</span> <span class='ocrx_word' id='word_1_35' title='bbox 918 738 1053 779; x_wconf 91' lang='lat' dir='ltr'>cum</span> <span class='ocrx_word' id='word_1_36' title='bbox 1086 720 1295 794; x_wconf 82' lang='lat' dir='ltr'>spiritu</span> <span class='ocrx_word' id='word_1_37' title='bbox 1327 725 1427 777; x_wconf 91' lang='lat' dir='ltr'>tuo</span> <span class='ocrx_word' id='word_1_38' title='bbox 1832 724 2065 782; x_wconf 84' lang='lat' dir='ltr'>Domini</span> <span class='ocrx_word' id='word_1_39' title='bbox 2094 724 2235 782; x_wconf 87' lang='lat' dir='ltr'>Jesu</span> <span class='ocrx_word' id='word_1_40' title='bbox 2261 726 2494 793; x_wconf 90' lang='lat' dir='ltr'>Christi,</span> <span class='ocrx_word' id='word_1_41' title='bbox 2530 726 2631 799; x_wconf 90' lang='lat' dir='ltr'>qui</span> <span class='ocrx_word' id='word_1_42' title='bbox 2664 730 2950 783; x_wconf 89' lang='lat' dir='ltr'>venturus</span> <span class='ocrx_word' id='word_1_43' title='bbox 2979 729 3087 794; x_wconf 87' lang='lat' dir='ltr'>est,</span> <span class='ocrx_word' id='word_1_44' title='bbox 3121 726 3378 782; x_wconf 86' lang='lat' dir='ltr'>exorcizo</span> <span class='ocrx_word' id='word_1_45' title='bbox 3399 731 3477 796; x_wconf 90' lang='lat' dir='ltr'>te,</span> 
     </span>
    </p>
   </div>
   <div class='ocr_carea' id='block_1_6' title="bbox 157 811 3485 891">
    <p class='ocr_par' dir='ltr' id='par_1_6' title="bbox 157 811 3485 891">
     <span class='ocr_line' id='line_1_6' title="bbox 157 811 3485 891; baseline -0.002 -15"><span class='ocrx_word' id='word_1_46' title='bbox 157 815 363 880; x_wconf 79' lang='lat' dir='ltr'>Oratio,</span> <span class='ocrx_word' id='word_1_47' title='bbox 393 813 648 881; x_wconf 63' lang='lat' dir='ltr'>xEterna,</span> <span class='ocrx_word' id='word_1_48' title='bbox 681 814 823 879; x_wconf 78' lang='lat' dir='ltr'>etc.,</span> <span class='ocrx_word' id='word_1_49' title='bbox 844 816 909 867; x_wconf 87' lang='lat' dir='ltr'>ut</span> <span class='ocrx_word' id='word_1_50' title='bbox 939 814 999 868; x_wconf 85' lang='lat' dir='ltr'>in</span> <span class='ocrx_word' id='word_1_51' title='bbox 1029 811 1208 867; x_wconf 75' lang='lat' dir='ltr'>editis.</span> <span class='ocrx_word' id='word_1_52' title='bbox 1829 820 2097 873; x_wconf 82' lang='lat' dir='ltr'>creatura</span> <span class='ocrx_word' id='word_1_53' title='bbox 2127 834 2314 890; x_wconf 83' lang='lat' dir='ltr'>aquae,</span> <span class='ocrx_word' id='word_1_54' title='bbox 2329 831 2431 891; x_wconf 90' lang='lat' dir='ltr'>per</span> <span class='ocrx_word' id='word_1_55' title='bbox 2455 816 2688 883; x_wconf 69' lang='lat' dir='ltr'>I‘leum1L</span> <span class='ocrx_word' id='word_1_56' title='bbox 2720 815 3063 889; x_wconf 89' lang='lat' dir='ltr'>vivum,per</span> <span class='ocrx_word' id='word_1_57' title='bbox 3090 816 3274 872; x_wconf 90' lang='lat' dir='ltr'>Deum</span> <span class='ocrx_word' id='word_1_58' title='bbox 3299 820 3328 883; x_wconf 64' lang='grc' dir='ltr'><em>’τ</em></span> <span class='ocrx_word' id='word_1_59' title='bbox 3355 833 3485 873; x_wconf 88' lang='lat' dir='ltr'>san-</span> 
     </span>
    </p>
   </div>
   <div class='ocr_carea' id='block_1_7' title="bbox 155 891 3480 979">
    <p class='ocr_par' dir='ltr' id='par_1_7' title="bbox 155 891 3480 979">
     <span class='ocr_line' id='line_1_7' title="bbox 155 891 3480 979; baseline -0 -19"><span class='ocrx_word' id='word_1_60' title='bbox 155 905 337 961; x_wconf 79' lang='lat' dir='ltr'>Lectic.</span> <span class='ocrx_word' id='word_1_61' title='bbox 373 901 507 958; x_wconf 71' lang='lat' dir='ltr'>Haec</span> <span class='ocrx_word' id='word_1_62' title='bbox 563 901 704 957; x_wconf 83' lang='lat' dir='ltr'>dicit</span> <span class='ocrx_word' id='word_1_63' title='bbox 732 899 1091 957; x_wconf 90' lang='lat' dir='ltr'>domininus.</span> <span class='ocrx_word' id='word_1_64' title='bbox 1150 900 1367 956; x_wconf 88' lang='lat' dir='ltr'>Omnes</span> <span class='ocrx_word' id='word_1_65' title='bbox 1426 900 1716 969; x_wconf 84' lang='lat' dir='ltr'>sitientes,</span> <span class='ocrx_word' id='word_1_66' title='bbox 1828 908 1976 974; x_wconf 90' lang='lat' dir='ltr'>tum,</span> <span class='ocrx_word' id='word_1_67' title='bbox 2000 922 2105 978; x_wconf 91' lang='lat' dir='ltr'>per</span> <span class='ocrx_word' id='word_1_68' title='bbox 2134 906 2318 962; x_wconf 88' lang='lat' dir='ltr'>Deum</span> <span class='ocrx_word' id='word_1_69' title='bbox 2350 905 2532 963; x_wconf 85' lang='lat' dir='ltr'>totius</span> <span class='ocrx_word' id='word_1_70' title='bbox 2559 909 2858 974; x_wconf 65' lang='lat' dir='ltr'>creaturae,</span> <span class='ocrx_word' id='word_1_71' title='bbox 2882 904 2983 979; x_wconf 89' lang='lat' dir='ltr'>qui</span> <span class='ocrx_word' id='word_1_72' title='bbox 3014 908 3071 961; x_wconf 91' lang='lat' dir='ltr'>te</span> <span class='ocrx_word' id='word_1_73' title='bbox 3096 900 3153 960; x_wconf 86' lang='lat' dir='ltr'>in</span> <span class='ocrx_word' id='word_1_74' title='bbox 3188 891 3480 978; x_wconf 89' lang='lat' dir='ltr'>principio</span> 
     </span>
    </p>
   </div>
   <div class='ocr_carea' id='block_1_8' title="bbox 89 989 3475 1074">
    <p class='ocr_par' dir='ltr' id='par_1_8' title="bbox 89 989 3475 1074">
     <span class='ocr_line' id='line_1_8' title="bbox 89 989 3475 1074; baseline -0.001 -22"><span class='ocrx_word' id='word_1_75' title='bbox 89 1001 208 1061; x_wconf 91' lang='lat' dir='ltr'>etc.,</span> <span class='ocrx_word' id='word_1_76' title='bbox 234 1004 401 1065; x_wconf 77' lang='lat' dir='ltr'>usque</span> <span class='ocrx_word' id='word_1_77' title='bbox 425 991 496 1047; x_wconf 88' lang='lat' dir='ltr'>ad</span> <span class='ocrx_word' id='word_1_78' title='bbox 524 990 584 1046; x_wconf 80' lang='lat' dir='ltr'>in</span> <span class='ocrx_word' id='word_1_79' title='bbox 614 990 1007 1047; x_wconf 70' lang='lat' dir='ltr'>crnssitﬂdine</span> <span class='ocrx_word' id='word_1_80' title='bbox 1027 989 1235 1045; x_wconf 68' lang='lat' dir='ltr'>animm</span> <span class='ocrx_word' id='word_1_81' title='bbox 1263 993 1489 1046; x_wconf 70' lang='lat' dir='ltr'>vestrm.</span> <span class='ocrx_word' id='word_1_82' title='bbox 1828 995 2202 1068; x_wconf 88' lang='lat' dir='ltr'>separavitab</span> <span class='ocrx_word' id='word_1_83' title='bbox 2216 996 2461 1064; x_wconf 88' lang='lat' dir='ltr'>arida,et</span> <span class='ocrx_word' id='word_1_84' title='bbox 2484 995 3166 1069; x_wconf 83' lang='lat' dir='ltr'>inquatuorﬂuminibus</span> <span class='ocrx_word' id='word_1_85' title='bbox 3189 994 3342 1074; x_wconf 82' lang='lat' dir='ltr'>exire</span> <span class='ocrx_word' id='word_1_86' title='bbox 3346 996 3475 1066; x_wconf 87' lang='lat' dir='ltr'>jus-</span> 
     </span>
    </p>
   </div>
   <div class='ocr_carea' id='block_1_9' title="bbox 151 1079 3479 1157">
    <p class='ocr_par' dir='ltr' id='par_1_9' title="bbox 151 1079 3479 1157">
     <span class='ocr_line' id='line_1_9' title="bbox 151 1079 3479 1157; baseline -0.001 -14"><span class='ocrx_word' id='word_1_87' title='bbox 151 1083 429 1143; x_wconf 82' lang='lat' dir='ltr'>Graduale.</span> <span class='ocrx_word' id='word_1_88' title='bbox 465 1079 686 1148; x_wconf 87' lang='lat' dir='ltr'>Venite,</span> <span class='ocrx_word' id='word_1_89' title='bbox 718 1079 846 1145; x_wconf 83' lang='lat' dir='ltr'>filii,</span> <span class='ocrx_word' id='word_1_90' title='bbox 878 1079 1075 1135; x_wconf 86' lang='lat' dir='ltr'>audite</span> <span class='ocrx_word' id='word_1_91' title='bbox 1114 1088 1238 1147; x_wconf 86' lang='lat' dir='ltr'>&#39;me,</span> <span class='ocrx_word' id='word_1_92' title='bbox 1290 1079 1561 1136; x_wconf 87' lang='lat' dir='ltr'>timorem</span> <span class='ocrx_word' id='word_1_93' title='bbox 1599 1080 1711 1135; x_wconf 91' lang='lat' dir='ltr'>Do-</span> <span class='ocrx_word' id='word_1_94' title='bbox 1827 1084 2119 1151; x_wconf 89' lang='lat' dir='ltr'>sit,totam</span> <span class='ocrx_word' id='word_1_95' title='bbox 2137 1085 2600 1157; x_wconf 89' lang='lat' dir='ltr'>terramirrigare</span> <span class='ocrx_word' id='word_1_96' title='bbox 2614 1083 3013 1157; x_wconf 78' lang='lat' dir='ltr'>praecepit,qui</span> <span class='ocrx_word' id='word_1_97' title='bbox 3033 1082 3279 1157; x_wconf 90' lang='lat' dir='ltr'>pedibus</span> <span class='ocrx_word' id='word_1_98' title='bbox 3296 1100 3479 1157; x_wconf 86' lang='lat' dir='ltr'>supra</span> 
     </span>
    </p>
   </div>
   <div class='ocr_carea' id='block_1_10' title="bbox 85 1169 3471 1245">
    <p class='ocr_par' dir='ltr' id='par_1_10' title="bbox 85 1169 3471 1245">
     <span class='ocr_line' id='line_1_10' title="bbox 85 1169 3471 1245; baseline -0.001 -14"><span class='ocrx_word' id='word_1_99' title='bbox 85 1174 215 1232; x_wconf 89' lang='lat' dir='ltr'>mini</span> <span class='ocrx_word' id='word_1_100' title='bbox 243 1172 463 1229; x_wconf 86' lang='lat' dir='ltr'>docebo</span> <span class='ocrx_word' id='word_1_101' title='bbox 492 1186 614 1227; x_wconf 87' lang='lat' dir='ltr'>vos.</span> <span class='ocrx_word' id='word_1_102' title='bbox 650 1171 702 1239; x_wconf 68' lang='grc' dir='ltr'>Ῡζ</span> <span class='ocrx_word' id='word_1_103' title='bbox 735 1169 1006 1225; x_wconf 76' lang='lat' dir='ltr'>Accedite</span> <span class='ocrx_word' id='word_1_104' title='bbox 1034 1170 1105 1224; x_wconf 89' lang='lat' dir='ltr'>ad</span> <span class='ocrx_word' id='word_1_105' title='bbox 1140 1174 1295 1237; x_wconf 87' lang='lat' dir='ltr'>eum,</span> <span class='ocrx_word' id='word_1_106' title='bbox 1325 1172 1382 1225; x_wconf 89' lang='lat' dir='ltr'>et</span> <span class='ocrx_word' id='word_1_107' title='bbox 1420 1169 1715 1226; x_wconf 89' lang='lat' dir='ltr'>illumina-</span> <span class='ocrx_word' id='word_1_108' title='bbox 1827 1173 3006 1240; x_wconf 86' lang='lat' dir='ltr'>mareamhulavit,etaJoanneinJordane</span> <span class='ocrx_word' id='word_1_109' title='bbox 3022 1173 3471 1245; x_wconf 79' lang='lat' dir='ltr'>baptizatus&#39;est;</span> 
     </span>
    </p>
   </div>
   <div class='ocr_carea' id='block_1_11' title="bbox 84 1259 3472 1335">
    <p class='ocr_par' dir='ltr' id='par_1_11' title="bbox 84 1259 3472 1335">
     <span class='ocr_line' id='line_1_11' title="bbox 84 1259 3472 1335; baseline -0.001 -15"><span class='ocrx_word' id='word_1_110' title='bbox 84 1263 233 1331; x_wconf 85' lang='lat' dir='ltr'>mini,</span> <span class='ocrx_word' id='word_1_111' title='bbox 263 1265 321 1318; x_wconf 85' lang='lat' dir='ltr'>et</span> <span class='ocrx_word' id='word_1_112' title='bbox 348 1260 532 1317; x_wconf 83' lang='lat' dir='ltr'>facies</span> <span class='ocrx_word' id='word_1_113' title='bbox 558 1262 763 1316; x_wconf 64' lang='lat' dir='ltr'>vestra:</span> <span class='ocrx_word' id='word_1_114' title='bbox 792 1276 907 1315; x_wconf 93' lang='lat' dir='ltr'>non</span> <span class='ocrx_word' id='word_1_115' title='bbox 934 1259 1384 1314; x_wconf 77' lang='lat' dir='ltr'>confundantur.</span> <span class='ocrx_word' id='word_1_116' title='bbox 1827 1262 1926 1335; x_wconf 87' lang='lat' dir='ltr'>qui</span> <span class='ocrx_word' id='word_1_117' title='bbox 1957 1268 2011 1317; x_wconf 89' lang='lat' dir='ltr'>te</span> <span class='ocrx_word' id='word_1_118' title='bbox 2041 1280 2157 1318; x_wconf 90' lang='lat' dir='ltr'>una</span> <span class='ocrx_word' id='word_1_119' title='bbox 2186 1279 2317 1318; x_wconf 91' lang='lat' dir='ltr'>cum</span> <span class='ocrx_word' id='word_1_120' title='bbox 2352 1263 2640 1334; x_wconf 82' lang='lat' dir='ltr'>sanguine</span> <span class='ocrx_word' id='word_1_121' title='bbox 2667 1279 2774 1319; x_wconf 91' lang='lat' dir='ltr'>suo</span> <span class='ocrx_word' id='word_1_122' title='bbox 2806 1262 3098 1335; x_wconf 84' lang='lat' dir='ltr'>produxit,</span> <span class='ocrx_word' id='word_1_123' title='bbox 3130 1266 3187 1317; x_wconf 90' lang='lat' dir='ltr'>et</span> <span class='ocrx_word' id='word_1_124' title='bbox 3214 1262 3472 1335; x_wconf 89' lang='lat' dir='ltr'>discipu-</span> 
     </span>
    </p>
   </div>
   <div class='ocr_carea' id='block_1_12' title="bbox 143 1347 3473 1425">
    <p class='ocr_par' dir='ltr' id='par_1_12' title="bbox 143 1347 3473 1425">
     <span class='ocr_line' id='line_1_12' title="bbox 143 1347 3473 1425; baseline -0.001 -15"><span class='ocrx_word' id='word_1_125' title='bbox 143 1350 454 1425; x_wconf 82' lang='lat' dir='ltr'>Sequentia</span> <span class='ocrx_word' id='word_1_126' title='bbox 485 1348 673 1405; x_wconf 87' lang='lat' dir='ltr'>sancti</span> <span class='ocrx_word' id='word_1_127' title='bbox 690 1347 981 1421; x_wconf 87' lang='lat' dir='ltr'>Evangelii</span> <span class='ocrx_word' id='word_1_128' title='bbox 1012 1349 1336 1404; x_wconf 88' lang='lat' dir='ltr'>secundum</span> <span class='ocrx_word' id='word_1_129' title='bbox 1358 1348 1712 1404; x_wconf 77' lang='lat' dir='ltr'>Matthaeum.</span> <span class='ocrx_word' id='word_1_130' title='bbox 1826 1351 1898 1407; x_wconf 89' lang='lat' dir='ltr'>lis</span> <span class='ocrx_word' id='word_1_131' title='bbox 1929 1352 2054 1408; x_wconf 90' lang='lat' dir='ltr'>suis</span> <span class='ocrx_word' id='word_1_132' title='bbox 2086 1351 2144 1406; x_wconf 89' lang='lat' dir='ltr'>in</span> <span class='ocrx_word' id='word_1_133' title='bbox 2176 1355 2231 1406; x_wconf 92' lang='lat' dir='ltr'>te</span> <span class='ocrx_word' id='word_1_134' title='bbox 2262 1352 2554 1423; x_wconf 83' lang='lat' dir='ltr'>baptizare</span> <span class='ocrx_word' id='word_1_135' title='bbox 2567 1351 2750 1423; x_wconf 88' lang='lat' dir='ltr'>jussit</span> <span class='ocrx_word' id='word_1_136' title='bbox 2780 1352 3011 1406; x_wconf 86' lang='lat' dir='ltr'>dicens:</span> <span class='ocrx_word' id='word_1_137' title='bbox 3049 1351 3148 1417; x_wconf 91' lang='lat' dir='ltr'>Ite,</span> <span class='ocrx_word' id='word_1_138' title='bbox 3183 1350 3473 1423; x_wconf 87' lang='lat' dir='ltr'>baptizate</span> 
     </span>
    </p>
   </div>
   <div class='ocr_carea' id='block_1_13' title="bbox 84 1436 3472 1514">
    <p class='ocr_par' dir='ltr' id='par_1_13' title="bbox 84 1436 3472 1514">
     <span class='ocr_line' id='line_1_13' title="bbox 84 1436 3472 1514; baseline -0.001 -16"><span class='ocrx_word' id='word_1_139' title='bbox 84 1446 135 1499; x_wconf 89' lang='lat' dir='ltr'>In</span> <span class='ocrx_word' id='word_1_140' title='bbox 163 1441 258 1498; x_wconf 90' lang='lat' dir='ltr'>illo</span> <span class='ocrx_word' id='word_1_141' title='bbox 284 1444 554 1514; x_wconf 82' lang='lat' dir='ltr'>tempore</span> <span class='ocrx_word' id='word_1_142' title='bbox 583 1436 762 1494; x_wconf 89' lang='lat' dir='ltr'>oblati</span> <span class='ocrx_word' id='word_1_143' title='bbox 804 1441 943 1493; x_wconf 90' lang='lat' dir='ltr'>sunt</span> <span class='ocrx_word' id='word_1_144' title='bbox 969 1438 1109 1494; x_wconf 87' lang='lat' dir='ltr'>Jesu</span> <span class='ocrx_word' id='word_1_145' title='bbox 1156 1437 1402 1510; x_wconf 86' lang='lat' dir='ltr'>parvuli,</span> <span class='ocrx_word' id='word_1_146' title='bbox 1453 1442 1586 1505; x_wconf 91' lang='lat' dir='ltr'>etc.,</span> <span class='ocrx_word' id='word_1_147' title='bbox 1619 1455 1717 1493; x_wconf 87' lang='lat' dir='ltr'>us-</span> <span class='ocrx_word' id='word_1_148' title='bbox 1825 1457 2028 1497; x_wconf 90' lang='lat' dir='ltr'>omnes</span> <span class='ocrx_word' id='word_1_149' title='bbox 2059 1444 2282 1512; x_wconf 83' lang='lat' dir='ltr'>gentes,</span> <span class='ocrx_word' id='word_1_150' title='bbox 2316 1440 2373 1495; x_wconf 91' lang='lat' dir='ltr'>in</span> <span class='ocrx_word' id='word_1_151' title='bbox 2405 1439 2638 1495; x_wconf 88' lang='lat' dir='ltr'>nomine</span> <span class='ocrx_word' id='word_1_152' title='bbox 2668 1439 2853 1496; x_wconf 86' lang='lat' dir='ltr'>Patris</span> <span class='ocrx_word' id='word_1_153' title='bbox 2883 1443 2939 1495; x_wconf 90' lang='lat' dir='ltr'>et</span> <span class='ocrx_word' id='word_1_154' title='bbox 2970 1439 3100 1496; x_wconf 90' lang='lat' dir='ltr'>Filii</span> <span class='ocrx_word' id='word_1_155' title='bbox 3127 1443 3184 1495; x_wconf 89' lang='lat' dir='ltr'>et</span> <span class='ocrx_word' id='word_1_156' title='bbox 3221 1439 3472 1512; x_wconf 88' lang='lat' dir='ltr'>Spiritus</span> 
     </span>
    </p>
   </div>
   <div class='ocr_carea' id='block_1_14' title="bbox 84 1527 3474 1603">
    <p class='ocr_par' dir='ltr' id='par_1_14' title="bbox 84 1527 3474 1603">
     <span class='ocr_line' id='line_1_14' title="bbox 84 1527 3474 1603; baseline -0.001 -15"><span class='ocrx_word' id='word_1_157' title='bbox 84 1547 173 1603; x_wconf 78' lang='lat' dir='ltr'>que</span> <span class='ocrx_word' id='word_1_158' title='bbox 196 1530 265 1586; x_wconf 81' lang='lat' dir='ltr'>ad</span> <span class='ocrx_word' id='word_1_159' title='bbox 293 1527 440 1585; x_wconf 84' lang='lat' dir='ltr'>abiit.</span> <span class='ocrx_word' id='word_1_160' title='bbox 469 1527 628 1582; x_wconf 90' lang='lat' dir='ltr'>inde.</span> <span class='ocrx_word' id='word_1_161' title='bbox 1473 1535 1477 1539; x_wconf 81' lang='grc'><em>’</em></span> <span class='ocrx_word' id='word_1_162' title='bbox 1825 1530 2032 1585; x_wconf 81' lang='lat' dir='ltr'>sancti.</span> <span class='ocrx_word' id='word_1_163' title='bbox 2068 1528 2230 1585; x_wconf 89' lang='lat' dir='ltr'>Unde</span> <span class='ocrx_word' id='word_1_164' title='bbox 2245 1529 2449 1598; x_wconf 90' lang='lat' dir='ltr'>adjuro</span> <span class='ocrx_word' id='word_1_165' title='bbox 2480 1532 2555 1592; x_wconf 87' lang='lat' dir='ltr'>te,</span> <span class='ocrx_word' id='word_1_166' title='bbox 2581 1544 2753 1599; x_wconf 87' lang='lat' dir='ltr'>aqua,</span> <span class='ocrx_word' id='word_1_167' title='bbox 2774 1545 2877 1600; x_wconf 92' lang='lat' dir='ltr'>per</span> <span class='ocrx_word' id='word_1_168' title='bbox 2905 1529 3088 1583; x_wconf 91' lang='lat' dir='ltr'>Deum</span> <span class='ocrx_word' id='word_1_169' title='bbox 3116 1533 3143 1595; x_wconf 57' lang='grc' dir='ltr'>τι</span> <span class='ocrx_word' id='word_1_170' title='bbox 3173 1527 3474 1595; x_wconf 89' lang='lat' dir='ltr'>vivum,ut</span> 
     </span>
    </p>
   </div>
   <div class='ocr_carea' id='block_1_15' title="bbox 139 1616 3474 1690">
    <p class='ocr_par' dir='ltr' id='par_1_15' title="bbox 139 1616 3474 1690">
     <span class='ocr_line' id='line_1_15' title="bbox 139 1616 3474 1690; baseline -0.001 -13"><span class='ocrx_word' id='word_1_171' title='bbox 139 1623 199 1677; x_wconf 80' lang='lat' dir='ltr'>Et</span> <span class='ocrx_word' id='word_1_172' title='bbox 225 1623 353 1675; x_wconf 84' lang='lat' dir='ltr'>tunc</span> <span class='ocrx_word' id='word_1_173' title='bbox 380 1617 627 1673; x_wconf 80' lang='lat' dir='ltr'>dicatur:</span> <span class='ocrx_word' id='word_1_174' title='bbox 663 1619 832 1671; x_wconf 90' lang='lat' dir='ltr'>Pater</span> <span class='ocrx_word' id='word_1_175' title='bbox 866 1620 1083 1683; x_wconf 89' lang='lat' dir='ltr'>noster,</span> <span class='ocrx_word' id='word_1_176' title='bbox 1108 1619 1159 1671; x_wconf 87' lang='lat' dir='ltr'>et</span> <span class='ocrx_word' id='word_1_177' title='bbox 1187 1616 1372 1672; x_wconf 88' lang='lat' dir='ltr'>Credo</span> <span class='ocrx_word' id='word_1_178' title='bbox 1405 1616 1464 1671; x_wconf 91' lang='lat' dir='ltr'>in</span> <span class='ocrx_word' id='word_1_179' title='bbox 1505 1617 1711 1672; x_wconf 85' lang='lat' dir='ltr'>Deum.</span> <span class='ocrx_word' id='word_1_180' title='bbox 1824 1618 2099 1675; x_wconf 79' lang='lat' dir='ltr'>efficiaris</span> <span class='ocrx_word' id='word_1_181' title='bbox 2129 1634 2281 1690; x_wconf 90' lang='lat' dir='ltr'>aqua</span> <span class='ocrx_word' id='word_1_182' title='bbox 2310 1621 2510 1673; x_wconf 87' lang='lat' dir='ltr'>sancta</span> <span class='ocrx_word' id='word_1_183' title='bbox 2569 1620 2623 1682; x_wconf 59' lang='grc' dir='ltr'>τι,</span> <span class='ocrx_word' id='word_1_184' title='bbox 2663 1633 2818 1688; x_wconf 90' lang='lat' dir='ltr'>aqua</span> <span class='ocrx_word' id='word_1_185' title='bbox 2876 1616 3182 1672; x_wconf 88' lang='lat' dir='ltr'>benedicta</span> <span class='ocrx_word' id='word_1_186' title='bbox 3232 1620 3286 1682; x_wconf 66' lang='grc' dir='ltr'>λγ,</span> <span class='ocrx_word' id='word_1_187' title='bbox 3319 1632 3474 1688; x_wconf 89' lang='lat' dir='ltr'>aqua</span> 
     </span>
    </p>
   </div>
   <div class='ocr_carea' id='block_1_16' title="bbox 78 1706 3471 1780">
    <p class='ocr_par' dir='ltr' id='par_1_16' title="bbox 78 1706 3471 1780">
     <span class='ocr_line' id='line_1_16' title="bbox 78 1706 3471 1780; baseline -0.001 -15"><span class='ocrx_word' id='word_1_188' title='bbox 78 1712 133 1766; x_wconf 83' lang='lat' dir='ltr'>Et</span> <span class='ocrx_word' id='word_1_189' title='bbox 156 1710 298 1764; x_wconf 83' lang='lat' dir='ltr'>alius</span> <span class='ocrx_word' id='word_1_190' title='bbox 326 1707 487 1764; x_wconf 79' lang='lat' dir='ltr'>homo</span> <span class='ocrx_word' id='word_1_191' title='bbox 521 1707 654 1762; x_wconf 87' lang='lat' dir='ltr'>levet</span> <span class='ocrx_word' id='word_1_192' title='bbox 681 1710 826 1773; x_wconf 84' lang='lat' dir='ltr'>eum,</span> <span class='ocrx_word' id='word_1_193' title='bbox 857 1721 969 1762; x_wconf 89' lang='lat' dir='ltr'>non</span> <span class='ocrx_word' id='word_1_194' title='bbox 998 1706 1094 1761; x_wconf 86' lang='lat' dir='ltr'>itte</span> <span class='ocrx_word' id='word_1_195' title='bbox 1131 1722 1226 1778; x_wconf 78' lang='lat' dir='ltr'>qui</span> <span class='ocrx_word' id='word_1_196' title='bbox 1275 1709 1438 1773; x_wconf 83' lang='lat' dir='ltr'>tenet,</span> <span class='ocrx_word' id='word_1_197' title='bbox 1488 1706 1714 1763; x_wconf 85' lang='lat' dir='ltr'>dicendo</span> <span class='ocrx_word' id='word_1_198' title='bbox 1823 1724 1953 1780; x_wconf 71' lang='lat' dir='ltr'>quia</span> <span class='ocrx_word' id='word_1_199' title='bbox 1988 1706 2196 1764; x_wconf 86' lang='lat' dir='ltr'>abluas</span> <span class='ocrx_word' id='word_1_200' title='bbox 2228 1707 2450 1775; x_wconf 90' lang='lat' dir='ltr'>sordes,</span> <span class='ocrx_word' id='word_1_201' title='bbox 2484 1711 2542 1762; x_wconf 90' lang='lat' dir='ltr'>et</span> <span class='ocrx_word' id='word_1_202' title='bbox 2590 1706 2837 1761; x_wconf 89' lang='lat' dir='ltr'>mundes</span> <span class='ocrx_word' id='word_1_203' title='bbox 2888 1708 3145 1777; x_wconf 89' lang='lat' dir='ltr'>peccata,</span> <span class='ocrx_word' id='word_1_204' title='bbox 3197 1708 3281 1774; x_wconf 91' lang='lat' dir='ltr'>ut,</span> <span class='ocrx_word' id='word_1_205' title='bbox 3336 1721 3471 1760; x_wconf 89' lang='lat' dir='ltr'>cum</span> 
     </span>
    </p>
   </div>
   <div class='ocr_carea' id='block_1_17' title="bbox 75 1794 3474 1866">
    <p class='ocr_par' dir='ltr' id='par_1_17' title="bbox 75 1794 3474 1866">
     <span class='ocr_line' id='line_1_17' title="bbox 75 1794 3474 1866; baseline -0.002 -11"><span class='ocrx_word' id='word_1_206' title='bbox 75 1798 351 1855; x_wconf 84' lang='lat' dir='ltr'>similiter:</span> <span class='ocrx_word' id='word_1_207' title='bbox 382 1799 562 1852; x_wconf 89' lang='lat' dir='ltr'>Pater</span> <span class='ocrx_word' id='word_1_208' title='bbox 592 1799 809 1862; x_wconf 88' lang='lat' dir='ltr'>noster,</span> <span class='ocrx_word' id='word_1_209' title='bbox 843 1802 895 1851; x_wconf 90' lang='lat' dir='ltr'>et</span> <span class='ocrx_word' id='word_1_210' title='bbox 916 1794 1096 1850; x_wconf 89' lang='lat' dir='ltr'>Credo</span> <span class='ocrx_word' id='word_1_211' title='bbox 1128 1795 1187 1849; x_wconf 90' lang='lat' dir='ltr'>in</span> <span class='ocrx_word' id='word_1_212' title='bbox 1219 1794 1426 1850; x_wconf 88' lang='lat' dir='ltr'>Deum.</span> <span class='ocrx_word' id='word_1_213' title='bbox 1823 1797 2194 1853; x_wconf 88' lang='lat' dir='ltr'>descenderis</span> <span class='ocrx_word' id='word_1_214' title='bbox 2223 1796 2283 1851; x_wconf 91' lang='lat' dir='ltr'>in</span> <span class='ocrx_word' id='word_1_215' title='bbox 2317 1800 2371 1852; x_wconf 90' lang='lat' dir='ltr'>te</span> <span class='ocrx_word' id='word_1_216' title='bbox 2401 1796 2595 1851; x_wconf 86' lang='lat' dir='ltr'>infans</span> <span class='ocrx_word' id='word_1_217' title='bbox 2621 1794 2859 1861; x_wconf 91' lang='lat' dir='ltr'>Christi,</span> <span class='ocrx_word' id='word_1_218' title='bbox 2892 1794 3000 1850; x_wconf 83' lang='lat' dir='ltr'>fias</span> <span class='ocrx_word' id='word_1_219' title='bbox 3031 1794 3161 1850; x_wconf 85' lang='lat' dir='ltr'>fons</span> <span class='ocrx_word' id='word_1_220' title='bbox 3188 1809 3352 1866; x_wconf 73' lang='lat' dir='ltr'>aquae</span> <span class='ocrx_word' id='word_1_221' title='bbox 3384 1810 3474 1849; x_wconf 89' lang='lat' dir='ltr'>sa-</span> 
     </span>
    </p>
   </div>
   <div class='ocr_carea' id='block_1_18' title="bbox 104 1882 3469 1987">
    <p class='ocr_par' dir='ltr' id='par_1_18' title="bbox 104 1882 3469 1987">
     <span class='ocr_line' id='line_1_18' title="bbox 104 1882 3469 1987; baseline -0.001 -44"><span class='ocrx_word' id='word_1_222' title='bbox 104 1900 107 1903; x_wconf 78' lang='lat'><em>&#39;</em></span> <span class='ocrx_word' id='word_1_223' title='bbox 138 1914 147 1923; x_wconf 64' lang='grc' dir='ltr'><em>ι</em></span> <span class='ocrx_word' id='word_1_224' title='bbox 211 1894 619 1943; x_wconf 76' lang='lat' dir='ltr'>mcmrr&#39;onno</span> <span class='ocrx_word' id='word_1_225' title='bbox 659 1888 920 1940; x_wconf 67' lang='lat' dir='ltr'>BAPTISXI</span> <span class='ocrx_word' id='word_1_226' title='bbox 960 1900 1032 1940; x_wconf 64' lang='lat' dir='ltr'>an</span> <span class='ocrx_word' id='word_1_227' title='bbox 1074 1888 1568 1940; x_wconf 79' lang='lat' dir='ltr'>SUCCURRBNDUM.</span> <span class='ocrx_word' id='word_1_228' title='bbox 1742 1921 1792 1987; x_wconf 79' lang='grc' dir='ltr'><strong>Β</strong></span> <span class='ocrx_word' id='word_1_229' title='bbox 1825 1886 2024 1942; x_wconf 88' lang='lat' dir='ltr'>lientis</span> <span class='ocrx_word' id='word_1_230' title='bbox 2053 1885 2113 1942; x_wconf 92' lang='lat' dir='ltr'>in</span> <span class='ocrx_word' id='word_1_231' title='bbox 2144 1887 2324 1942; x_wconf 89' lang='lat' dir='ltr'>vitam</span> <span class='ocrx_word' id='word_1_232' title='bbox 2354 1890 2650 1941; x_wconf 70' lang='lat' dir='ltr'>internum.</span> <span class='ocrx_word' id='word_1_233' title='bbox 2688 1885 2750 1939; x_wconf 90' lang='lat' dir='ltr'>In</span> <span class='ocrx_word' id='word_1_234' title='bbox 2782 1882 3019 1939; x_wconf 89' lang='lat' dir='ltr'>nomine</span> <span class='ocrx_word' id='word_1_235' title='bbox 3059 1882 3293 1938; x_wconf 87' lang='lat' dir='ltr'>Domini</span> <span class='ocrx_word' id='word_1_236' title='bbox 3332 1883 3469 1939; x_wconf 85' lang='lat' dir='ltr'>Jesu</span> 
     </span>
    </p>
   </div>
   <div class='ocr_carea' id='block_1_19' title="bbox 135 1972 2904 2045">
    <p class='ocr_par' dir='ltr' id='par_1_19' title="bbox 135 1972 2904 2045">
     <span class='ocr_line' id='line_1_19' title="bbox 135 1972 2904 2045; baseline -0.002 -13"><span class='ocrx_word' id='word_1_237' title='bbox 135 1975 415 2032; x_wconf 88' lang='lat' dir='ltr'>Medelam</span> <span class='ocrx_word' id='word_1_238' title='bbox 444 1976 614 2029; x_wconf 87' lang='lat' dir='ltr'>tuam</span> <span class='ocrx_word' id='word_1_239' title='bbox 647 1973 945 2045; x_wconf 89' lang='lat' dir='ltr'>deprecor,</span> <span class='ocrx_word' id='word_1_240' title='bbox 994 1972 1242 2029; x_wconf 90' lang='lat' dir='ltr'>Domine</span> <span class='ocrx_word' id='word_1_241' title='bbox 1287 1976 1511 2039; x_wconf 89' lang='lat' dir='ltr'>sancte,</span> <span class='ocrx_word' id='word_1_242' title='bbox 1541 1977 1712 2029; x_wconf 90' lang='lat' dir='ltr'>Pater</span> <span class='ocrx_word' id='word_1_243' title='bbox 1743 1972 1791 1987; x_wconf 83' lang='grc'>⁴¹’</span> <span class='ocrx_word' id='word_1_244' title='bbox 1822 1977 2033 2035; x_wconf 88' lang='lat' dir='ltr'>Christi</span> <span class='ocrx_word' id='word_1_245' title='bbox 2062 1976 2121 2031; x_wconf 90' lang='lat' dir='ltr'>in</span> <span class='ocrx_word' id='word_1_246' title='bbox 2153 1976 2333 2032; x_wconf 87' lang='lat' dir='ltr'>vitam</span> <span class='ocrx_word' id='word_1_247' title='bbox 2368 1979 2665 2031; x_wconf 63' lang='lat' dir='ltr'>aeternam.</span> <span class='ocrx_word' id='word_1_248' title='bbox 2700 1975 2904 2029; x_wconf 89' lang='lat' dir='ltr'>Amen.</span> 
     </span>
    </p>
   </div>
   <div class='ocr_carea' id='block_1_20' title="bbox 77 2058 3468 2139">
    <p class='ocr_par' dir='ltr' id='par_1_20' title="bbox 77 2058 3468 2139">
     <span class='ocr_line' id='line_1_20' title="bbox 77 2058 3468 2139; baseline -0.002 -19"><span class='ocrx_word' id='word_1_249' title='bbox 77 2064 453 2136; x_wconf 86' lang='lat' dir='ltr'>omnipotens,</span> <span class='ocrx_word' id='word_1_250' title='bbox 489 2065 700 2117; x_wconf 74' lang='lat' dir='ltr'>aeterne</span> <span class='ocrx_word' id='word_1_251' title='bbox 719 2060 894 2128; x_wconf 90' lang='lat' dir='ltr'>Deus,</span> <span class='ocrx_word' id='word_1_252' title='bbox 928 2059 1029 2131; x_wconf 93' lang='lat' dir='ltr'>qui</span> <span class='ocrx_word' id='word_1_253' title='bbox 1052 2059 1309 2115; x_wconf 87' lang='lat' dir='ltr'>tribuisti</span> <span class='ocrx_word' id='word_1_254' title='bbox 1332 2058 1609 2115; x_wconf 87' lang='lat' dir='ltr'>humanis</span> <span class='ocrx_word' id='word_1_255' title='bbox 1630 2059 1713 2114; x_wconf 91' lang='lat' dir='ltr'>in-</span> <span class='ocrx_word' id='word_1_256' title='bbox 1892 2067 1992 2139; x_wconf 79' lang='grc' dir='ltr'>(Αά</span> <span class='ocrx_word' id='word_1_257' title='bbox 2028 2068 2338 2135; x_wconf 75' lang='lat' dir='ltr'>marginem</span> <span class='ocrx_word' id='word_1_258' title='bbox 2367 2064 2561 2120; x_wconf 78' lang='lat' dir='ltr'>codicis</span> <span class='ocrx_word' id='word_1_259' title='bbox 2619 2062 2770 2119; x_wconf 79' lang='lat' dir='ltr'>adest</span> <span class='ocrx_word' id='word_1_260' title='bbox 2796 2064 2915 2120; x_wconf 66' lang='lat' dir='ltr'>haec</span> <span class='ocrx_word' id='word_1_261' title='bbox 2965 2062 3221 2118; x_wconf 75' lang='lat' dir='ltr'>rubrica:</span> <span class='ocrx_word' id='word_1_262' title='bbox 3271 2060 3468 2118; x_wconf 81' lang='lat' dir='ltr'>deinde</span> 
     </span>
    </p>
   </div>
   <div class='ocr_carea' id='block_1_21' title="bbox 75 2147 3462 2223">
    <p class='ocr_par' dir='ltr' id='par_1_21' title="bbox 75 2147 3462 2223">
     <span class='ocr_line' id='line_1_21' title="bbox 75 2147 3462 2223; baseline -0.002 -14"><span class='ocrx_word' id='word_1_263' title='bbox 75 2151 442 2209; x_wconf 77' lang='lat' dir='ltr'>ﬁrmitatibus</span> <span class='ocrx_word' id='word_1_264' title='bbox 473 2150 697 2223; x_wconf 86' lang='lat' dir='ltr'>erigere</span> <span class='ocrx_word' id='word_1_265' title='bbox 722 2147 1014 2204; x_wconf 82' lang='lat' dir='ltr'>famulum</span> <span class='ocrx_word' id='word_1_266' title='bbox 1033 2147 1713 2222; x_wconf 71' lang='lat' dir='ltr'>tuummgritudinislan-</span> <span class='ocrx_word' id='word_1_267' title='bbox 1818 2156 2061 2213; x_wconf 63' lang='lat' dir='ltr'>sacerdos</span> <span class='ocrx_word' id='word_1_268' title='bbox 2089 2157 2275 2211; x_wconf 67' lang='lat' dir='ltr'>mittat</span> <span class='ocrx_word' id='word_1_269' title='bbox 2301 2170 2514 2209; x_wconf 77' lang='lat' dir='ltr'>cereum</span> <span class='ocrx_word' id='word_1_270' title='bbox 2535 2168 2819 2209; x_wconf 81' lang='lat' dir='ltr'>accensum</span> <span class='ocrx_word' id='word_1_271' title='bbox 2848 2153 2908 2207; x_wconf 87' lang='lat' dir='ltr'>in</span> <span class='ocrx_word' id='word_1_272' title='bbox 2955 2154 3182 2222; x_wconf 74' lang='lat' dir='ltr'>fontem,</span> <span class='ocrx_word' id='word_1_273' title='bbox 3234 2151 3423 2207; x_wconf 82' lang='lat' dir='ltr'>dicens</span> <span class='ocrx_word' id='word_1_274' title='bbox 3448 2168 3462 2206; x_wconf 93' lang='lat'><strong>:</strong></span> 
     </span>
    </p>
   </div>
   <div class='ocr_carea' id='block_1_22' title="bbox 77 2237 3469 2315">
    <p class='ocr_par' dir='ltr' id='par_1_22' title="bbox 77 2237 3469 2315">
     <span class='ocr_line' id='line_1_22' title="bbox 77 2237 3469 2315; baseline -0.007 0"><span class='ocrx_word' id='word_1_275' title='bbox 77 2258 200 2315; x_wconf 68' lang='grc' dir='ltr'>εονθ</span> <span class='ocrx_word' id='word_1_276' title='bbox 223 2242 596 2314; x_wconf 64' lang='lat' dir='ltr'>depressum»</span> <span class='ocrx_word' id='word_1_277' title='bbox 614 2243 671 2293; x_wconf 69' lang='lat' dir='ltr'>et</span> <span class='ocrx_word' id='word_1_278' title='bbox 692 2254 923 2294; x_wconf 71' lang='lat' dir='ltr'>omnem</span> <span class='ocrx_word' id='word_1_279' title='bbox 938 2254 1177 2294; x_wconf 72' lang='lat' dir='ltr'>sensum</span> <span class='ocrx_word' id='word_1_280' title='bbox 1192 2238 1320 2309; x_wconf 70' lang='lat' dir='ltr'>eius</span> <span class='ocrx_word' id='word_1_281' title='bbox 1343 2237 1581 2310; x_wconf 67' lang='lat' dir='ltr'>dignare</span> <span class='ocrx_word' id='word_1_282' title='bbox 1596 2237 1711 2293; x_wconf 75' lang='grc' dir='ltr'>ίυίε</span> <span class='ocrx_word' id='word_1_283' title='bbox 1821 2245 2146 2302; x_wconf 90' lang='lat' dir='ltr'>Descendat</span> <span class='ocrx_word' id='word_1_284' title='bbox 2174 2242 2234 2299; x_wconf 90' lang='lat' dir='ltr'>in</span> <span class='ocrx_word' id='word_1_285' title='bbox 2266 2243 2414 2299; x_wconf 89' lang='lat' dir='ltr'>hanc</span> <span class='ocrx_word' id='word_1_286' title='bbox 2428 2241 2850 2315; x_wconf 87' lang='lat' dir='ltr'>plenitudinem</span> <span class='ocrx_word' id='word_1_287' title='bbox 2874 2239 3051 2295; x_wconf 82' lang='lat' dir='ltr'>fontis</span> <span class='ocrx_word' id='word_1_288' title='bbox 3081 2238 3268 2295; x_wconf 88' lang='lat' dir='ltr'>virtus</span> <span class='ocrx_word' id='word_1_289' title='bbox 3289 2238 3469 2311; x_wconf 89' lang='lat' dir='ltr'>Spiri-</span> 
     </span>
    </p>
   </div>
   <div class='ocr_carea' id='block_1_23' title="bbox 75 2326 3464 2402">
    <p class='ocr_par' dir='ltr' id='par_1_23' title="bbox 75 2326 3464 2402">
     <span class='ocr_line' id='line_1_23' title="bbox 75 2326 3464 2402; baseline -0.004 -17"><span class='ocrx_word' id='word_1_290' title='bbox 75 2329 502 2387; x_wconf 82' lang='lat' dir='ltr'>visitationibus</span> <span class='ocrx_word' id='word_1_291' title='bbox 534 2326 806 2393; x_wconf 89' lang='lat' dir='ltr'>refovere,</span> <span class='ocrx_word' id='word_1_292' title='bbox 857 2330 1149 2399; x_wconf 80' lang='lat' dir='ltr'>quatenus</span> <span class='ocrx_word' id='word_1_293' title='bbox 1196 2327 1385 2399; x_wconf 89' lang='lat' dir='ltr'>gratia</span> <span class='ocrx_word' id='word_1_294' title='bbox 1433 2326 1707 2399; x_wconf 89' lang='lat' dir='ltr'>baptismi</span> <span class='ocrx_word' id='word_1_295' title='bbox 1818 2340 1916 2391; x_wconf 72' lang='lat' dir='ltr'>tus</span> <span class='ocrx_word' id='word_1_296' title='bbox 1948 2333 2155 2391; x_wconf 71' lang='lat' dir='ltr'>sancti,</span> <span class='ocrx_word' id='word_1_297' title='bbox 2184 2334 2310 2388; x_wconf 73' lang='grc' dir='ltr'>Ροδι</span> <span class='ocrx_word' id='word_1_298' title='bbox 2341 2332 2437 2387; x_wconf 76' lang='lat' dir='ltr'>hoc</span> <span class='ocrx_word' id='word_1_299' title='bbox 2465 2337 2720 2402; x_wconf 64' lang='lat' dir='ltr'>aspergat</span> <span class='ocrx_word' id='word_1_300' title='bbox 2756 2333 2965 2401; x_wconf 72' lang='grc' dir='ltr'>[σηιεγη</span> <span class='ocrx_word' id='word_1_301' title='bbox 3011 2327 3327 2395; x_wconf 60' lang='lat' dir='ltr'>chrismate,</span> <span class='ocrx_word' id='word_1_302' title='bbox 3378 2328 3464 2383; x_wconf 76' lang='grc' dir='ltr'>ἀί-</span> 
     </span>
    </p>
   </div>
   <div class='ocr_carea' id='block_1_24' title="bbox 75 2415 3465 2493">
    <p class='ocr_par' dir='ltr' id='par_1_24' title="bbox 75 2415 3465 2493">
     <span class='ocr_line' id='line_1_24' title="bbox 75 2415 3465 2493; baseline -0.006 -1"><span class='ocrx_word' id='word_1_303' title='bbox 75 2420 152 2476; x_wconf 56' lang='lat' dir='ltr'>illi</span> <span class='ocrx_word' id='word_1_304' title='bbox 180 2419 364 2493; x_wconf 70' lang='lat' dir='ltr'>P03Sit</span> <span class='ocrx_word' id='word_1_305' title='bbox 393 2433 533 2474; x_wconf 71' lang='lat' dir='ltr'>cum</span> <span class='ocrx_word' id='word_1_306' title='bbox 562 2416 776 2490; x_wconf 60' lang='grc' dir='ltr'>Βουάίο</span> <span class='ocrx_word' id='word_1_307' title='bbox 806 2416 1116 2473; x_wconf 63' lang='lat' dir='ltr'>Sanitatem</span> <span class='ocrx_word' id='word_1_308' title='bbox 1148 2416 1428 2488; x_wconf 54' lang='lat' dir='ltr'>acciPe“?-</span> <span class='ocrx_word' id='word_1_309' title='bbox 1475 2415 1708 2488; x_wconf 70' lang='grc' dir='ltr'>ΕΧΡΘῙῙΘ</span> <span class='ocrx_word' id='word_1_310' title='bbox 1817 2441 1972 2480; x_wconf 86' lang='lat' dir='ltr'>cens:</span> <span class='ocrx_word' id='word_1_311' title='bbox 1998 2421 2216 2479; x_wconf 85' lang='lat' dir='ltr'>Infusio</span> <span class='ocrx_word' id='word_1_312' title='bbox 2246 2419 2613 2486; x_wconf 89' lang='lat' dir='ltr'>Chrismatis,</span> <span class='ocrx_word' id='word_1_313' title='bbox 2641 2417 2850 2475; x_wconf 88' lang='lat' dir='ltr'>salutis</span> <span class='ocrx_word' id='word_1_314' title='bbox 2878 2420 2936 2473; x_wconf 87' lang='lat' dir='ltr'>et</span> <span class='ocrx_word' id='word_1_315' title='bbox 2966 2432 3153 2488; x_wconf 65' lang='lat' dir='ltr'>aquae,</span> <span class='ocrx_word' id='word_1_316' title='bbox 3185 2415 3260 2472; x_wconf 87' lang='lat' dir='ltr'>sit</span> <span class='ocrx_word' id='word_1_317' title='bbox 3291 2416 3350 2471; x_wconf 90' lang='lat' dir='ltr'>in</span> <span class='ocrx_word' id='word_1_318' title='bbox 3366 2433 3465 2472; x_wconf 90' lang='lat' dir='ltr'>no-</span> 
     </span>
    </p>
   </div>
   <div class='ocr_carea' id='block_1_25' title="bbox 72 2504 1610 2581">
    <p class='ocr_par' dir='ltr' id='par_1_25' title="bbox 72 2504 1610 2581">
     <span class='ocr_line' id='line_1_25' title="bbox 72 2504 1610 2581; baseline -0.001 -18"><span class='ocrx_word' id='word_1_319' title='bbox 72 2508 339 2581; x_wconf 89' lang='lat' dir='ltr'>itaqueah</span> <span class='ocrx_word' id='word_1_320' title='bbox 371 2522 441 2562; x_wconf 90' lang='lat' dir='ltr'>eo</span> <span class='ocrx_word' id='word_1_321' title='bbox 472 2509 742 2561; x_wconf 89' lang='lat' dir='ltr'>cunctam</span> <span class='ocrx_word' id='word_1_322' title='bbox 756 2504 1420 2561; x_wconf 73' lang='lat' dir='ltr'>contrariznvaletudinis</span> <span class='ocrx_word' id='word_1_323' title='bbox 1440 2504 1610 2561; x_wconf 83' lang='lat' dir='ltr'>tutela</span> 
     </span>
    </p>
   </div>
   <div class='ocr_carea' id='block_1_26' title="bbox 1921 2504 3459 2581">
    <p class='ocr_par' dir='ltr' id='par_1_26' title="bbox 1921 2504 3459 2569">
     <span class='ocr_line' id='line_1_26' title="bbox 1921 2504 3459 2569; baseline -0.005 0"><span class='ocrx_word' id='word_1_324' title='bbox 1921 2529 1977 2569; x_wconf 78' lang='lat' dir='ltr'>1e</span> <span class='ocrx_word' id='word_1_325' title='bbox 2002 2510 2233 2569; x_wconf 91' lang='lat' dir='ltr'>Domini</span> <span class='ocrx_word' id='word_1_326' title='bbox 2252 2508 2587 2566; x_wconf 89' lang='lat' dir='ltr'>nostriJesu</span> <span class='ocrx_word' id='word_1_327' title='bbox 2613 2506 2829 2563; x_wconf 86' lang='lat' dir='ltr'>Christi</span> <span class='ocrx_word' id='word_1_328' title='bbox 2860 2504 2921 2561; x_wconf 92' lang='lat' dir='ltr'>in</span> <span class='ocrx_word' id='word_1_329' title='bbox 2950 2505 3128 2560; x_wconf 90' lang='lat' dir='ltr'>vitam</span> <span class='ocrx_word' id='word_1_330' title='bbox 3160 2509 3459 2562; x_wconf 72' lang='lat' dir='ltr'>aeternam.</span> 
     </span>
    </p>
   </div>
   <div class='ocr_carea' id='block_1_27' title="bbox 70 2593 2017 2669">
    <p class='ocr_par' dir='ltr' id='par_1_27' title="bbox 70 2593 2017 2669">
     <span class='ocr_line' id='line_1_27' title="bbox 70 2593 2017 2669; baseline -0.001 -16"><span class='ocrx_word' id='word_1_331' title='bbox 70 2602 129 2653; x_wconf 91' lang='lat' dir='ltr'>ut</span> <span class='ocrx_word' id='word_1_332' title='bbox 156 2598 225 2653; x_wconf 92' lang='lat' dir='ltr'>ad</span> <span class='ocrx_word' id='word_1_333' title='bbox 275 2596 529 2669; x_wconf 84' lang='lat' dir='ltr'>gratiam</span> <span class='ocrx_word' id='word_1_334' title='bbox 587 2598 750 2651; x_wconf 89' lang='lat' dir='ltr'>tuam</span> <span class='ocrx_word' id='word_1_335' title='bbox 808 2597 1108 2667; x_wconf 88' lang='lat' dir='ltr'>gratanter</span> <span class='ocrx_word' id='word_1_336' title='bbox 1157 2598 1464 2661; x_wconf 89' lang='lat' dir='ltr'>occurrat;</span> <span class='ocrx_word' id='word_1_337' title='bbox 1517 2593 1708 2650; x_wconf 88' lang='lat' dir='ltr'>releva</span> <span class='ocrx_word' id='word_1_338' title='bbox 1816 2604 2017 2659; x_wconf 73' lang='lat' dir='ltr'>Amen.</span> 
     </span>
    </p>
   </div>
   <div class='ocr_carea' id='block_1_28' title="bbox 73 2682 3459 2761">
    <p class='ocr_par' dir='ltr' id='par_1_28' title="bbox 73 2682 3459 2761">
     <span class='ocr_line' id='line_1_28' title="bbox 73 2682 3459 2761; baseline -0.005 -19"><span class='ocrx_word' id='word_1_339' title='bbox 73 2702 232 2759; x_wconf 91' lang='lat' dir='ltr'>quem</span> <span class='ocrx_word' id='word_1_340' title='bbox 265 2685 554 2741; x_wconf 85' lang='lat' dir='ltr'>redimere</span> <span class='ocrx_word' id='word_1_341' title='bbox 583 2684 859 2757; x_wconf 88' lang='lat' dir='ltr'>dignatus</span> <span class='ocrx_word' id='word_1_342' title='bbox 893 2700 977 2751; x_wconf 91' lang='lat' dir='ltr'>es,</span> <span class='ocrx_word' id='word_1_343' title='bbox 1012 2687 1077 2737; x_wconf 91' lang='lat' dir='ltr'>ut</span> <span class='ocrx_word' id='word_1_344' title='bbox 1098 2682 1375 2756; x_wconf 88' lang='lat' dir='ltr'>baptismi</span> <span class='ocrx_word' id='word_1_345' title='bbox 1408 2683 1485 2738; x_wconf 88' lang='lat' dir='ltr'>sit</span> <span class='ocrx_word' id='word_1_346' title='bbox 1516 2683 1574 2737; x_wconf 90' lang='lat' dir='ltr'>in</span> <span class='ocrx_word' id='word_1_347' title='bbox 1608 2682 1704 2739; x_wconf 90' lang='lat' dir='ltr'>illo</span> <span class='ocrx_word' id='word_1_348' title='bbox 1885 2692 2091 2748; x_wconf 71' lang='lat' dir='ltr'>Deinde</span> <span class='ocrx_word' id='word_1_349' title='bbox 2119 2690 2303 2761; x_wconf 65' lang='lat' dir='ltr'>sufﬂa</span> <span class='ocrx_word' id='word_1_350' title='bbox 2329 2691 2388 2744; x_wconf 78' lang='grc' dir='ltr'><em>ίη</em></span> <span class='ocrx_word' id='word_1_351' title='bbox 2418 2703 2560 2758; x_wconf 72' lang='lat' dir='ltr'>aqua</span> <span class='ocrx_word' id='word_1_352' title='bbox 2590 2686 2765 2742; x_wconf 66' lang='lat' dir='ltr'>(ribus</span> <span class='ocrx_word' id='word_1_353' title='bbox 2793 2685 3003 2740; x_wconf 55' lang='lat' dir='ltr'>vicibus</span> <span class='ocrx_word' id='word_1_354' title='bbox 3022 2686 3077 2738; x_wconf 74' lang='lat' dir='ltr'>et</span> <span class='ocrx_word' id='word_1_355' title='bbox 3106 2684 3287 2739; x_wconf 70' lang='grc' dir='ltr'>πηίιιαε</span> <span class='ocrx_word' id='word_1_356' title='bbox 3314 2683 3459 2738; x_wconf 68' lang='lat' dir='ltr'>clm;</span> 
     </span>
    </p>
   </div>
   <div class='ocr_carea' id='block_1_29' title="bbox 73 2771 3459 2848">
    <p class='ocr_par' dir='ltr' id='par_1_29' title="bbox 73 2771 3459 2848">
     <span class='ocr_line' id='line_1_29' title="bbox 73 2771 3459 2848; baseline -0.002 -17"><span class='ocrx_word' id='word_1_357' title='bbox 73 2774 273 2848; x_wconf 88' lang='lat' dir='ltr'>palma,</span> <span class='ocrx_word' id='word_1_358' title='bbox 305 2789 426 2829; x_wconf 91' lang='lat' dir='ltr'>non</span> <span class='ocrx_word' id='word_1_359' title='bbox 485 2772 711 2838; x_wconf 87' lang='lat' dir='ltr'>mortis,</span> <span class='ocrx_word' id='word_1_360' title='bbox 744 2776 801 2827; x_wconf 89' lang='lat' dir='ltr'>et</span> <span class='ocrx_word' id='word_1_361' title='bbox 847 2771 1167 2845; x_wconf 89' lang='lat' dir='ltr'>gloriosum</span> <span class='ocrx_word' id='word_1_362' title='bbox 1218 2789 1450 2844; x_wconf 88' lang='lat' dir='ltr'>semper</span> <span class='ocrx_word' id='word_1_363' title='bbox 1481 2771 1705 2843; x_wconf 91' lang='lat' dir='ltr'>bajulet</span> <span class='ocrx_word' id='word_1_364' title='bbox 1811 2798 1931 2837; x_wconf 76' lang='grc' dir='ltr'>,ςηια</span> <span class='ocrx_word' id='word_1_365' title='bbox 1958 2783 2019 2836; x_wconf 74' lang='lat' dir='ltr'>in</span> <span class='ocrx_word' id='word_1_366' title='bbox 2073 2779 2294 2836; x_wconf 80' lang='lat' dir='ltr'>modum</span> <span class='ocrx_word' id='word_1_367' title='bbox 2348 2779 2526 2832; x_wconf 77' lang='lat' dir='ltr'>crucis</span> <span class='ocrx_word' id='word_1_368' title='bbox 2559 2780 2611 2842; x_wconf 56' lang='grc' dir='ltr'>δη</span> <span class='ocrx_word' id='word_1_369' title='bbox 2645 2774 2841 2830; x_wconf 81' lang='lat' dir='ltr'>deinde</span> <span class='ocrx_word' id='word_1_370' title='bbox 2895 2775 3082 2844; x_wconf 84' lang='lat' dir='ltr'>tangat</span> <span class='ocrx_word' id='word_1_371' title='bbox 3110 2776 3161 2827; x_wconf 85' lang='lat' dir='ltr'>et</span> <span class='ocrx_word' id='word_1_372' title='bbox 3214 2786 3377 2827; x_wconf 85' lang='lat' dir='ltr'>nares</span> <span class='ocrx_word' id='word_1_373' title='bbox 3407 2776 3459 2827; x_wconf 84' lang='lat' dir='ltr'>et</span> 
     </span>
    </p>
   </div>
   <div class='ocr_carea' id='block_1_30' title="bbox 69 2859 3455 2941">
    <p class='ocr_par' dir='ltr' id='par_1_30' title="bbox 69 2859 3455 2941">
     <span class='ocr_line' id='line_1_30' title="bbox 69 2859 3455 2941; baseline -0.004 -13"><span class='ocrx_word' id='word_1_374' title='bbox 69 2864 211 2936; x_wconf 86' lang='lat' dir='ltr'>quod</span> <span class='ocrx_word' id='word_1_375' title='bbox 242 2863 472 2935; x_wconf 79' lang='lat' dir='ltr'>accepit</span> <span class='ocrx_word' id='word_1_376' title='bbox 496 2859 870 2934; x_wconf 72' lang='lat' dir='ltr'>signaculum</span> <span class='ocrx_word' id='word_1_377' title='bbox 895 2864 1106 2916; x_wconf 76' lang='lat' dir='ltr'>sanctae</span> <span class='ocrx_word' id='word_1_378' title='bbox 1142 2866 1167 2927; x_wconf 71' lang='grc' dir='ltr'>’ς</span> <span class='ocrx_word' id='word_1_379' title='bbox 1204 2861 1413 2917; x_wconf 81' lang='lat' dir='ltr'>crucis.</span> <span class='ocrx_word' id='word_1_380' title='bbox 1811 2888 1972 2927; x_wconf 85' lang='lat' dir='ltr'>aures</span> <span class='ocrx_word' id='word_1_381' title='bbox 1999 2870 2064 2926; x_wconf 88' lang='lat' dir='ltr'>de</span> <span class='ocrx_word' id='word_1_382' title='bbox 2112 2875 2287 2941; x_wconf 81' lang='lat' dir='ltr'>sputo,</span> <span class='ocrx_word' id='word_1_383' title='bbox 2344 2866 2526 2922; x_wconf 81' lang='lat' dir='ltr'>dicens</span> <span class='ocrx_word' id='word_1_384' title='bbox 2558 2865 2628 2919; x_wconf 83' lang='lat' dir='ltr'>ad</span> <span class='ocrx_word' id='word_1_385' title='bbox 2683 2879 2876 2920; x_wconf 84' lang='lat' dir='ltr'>aurem</span> <span class='ocrx_word' id='word_1_386' title='bbox 2921 2863 3077 2917; x_wconf 87' lang='lat' dir='ltr'>illius</span> <span class='ocrx_word' id='word_1_387' title='bbox 3132 2861 3455 2929; x_wconf 73' lang='lat' dir='ltr'>sinistram;</span> 
     </span>
    </p>
   </div>
   <div class='ocr_carea' id='block_1_31' title="bbox 124 2948 3450 3032">
    <p class='ocr_par' dir='ltr' id='par_1_31' title="bbox 124 2948 3450 3032">
     <span class='ocr_line' id='line_1_31' title="bbox 124 2948 3450 3032; baseline -0.001 -25"><span class='ocrx_word' id='word_1_388' title='bbox 124 2952 467 3017; x_wconf 81' lang='lat' dir='ltr'>Coniuratio.</span> <span class='ocrx_word' id='word_1_389' title='bbox 502 2953 615 3004; x_wconf 85' lang='lat' dir='ltr'>Nec</span> <span class='ocrx_word' id='word_1_390' title='bbox 648 2954 701 3004; x_wconf 90' lang='lat' dir='ltr'>te</span> <span class='ocrx_word' id='word_1_391' title='bbox 730 2948 931 3013; x_wconf 88' lang='lat' dir='ltr'>lateat,</span> <span class='ocrx_word' id='word_1_392' title='bbox 962 2954 1170 3015; x_wconf 87' lang='lat' dir='ltr'>etc.,ut</span> <span class='ocrx_word' id='word_1_393' title='bbox 1197 2951 1258 3005; x_wconf 84' lang='lat' dir='ltr'>in</span> <span class='ocrx_word' id='word_1_394' title='bbox 1289 2952 1470 3018; x_wconf 90' lang='lat' dir='ltr'>editis,</span> <span class='ocrx_word' id='word_1_395' title='bbox 1500 2958 1704 3022; x_wconf 63' lang='lat' dir='ltr'>praeter</span> <span class='ocrx_word' id='word_1_396' title='bbox 1811 2958 2158 3032; x_wconf 75' lang='lat' dir='ltr'>Ephphetha</span> <span class='ocrx_word' id='word_1_397' title='bbox 2187 2956 2341 3029; x_wconf 86' lang='lat' dir='ltr'>quod</span> <span class='ocrx_word' id='word_1_398' title='bbox 2373 2959 2463 3011; x_wconf 83' lang='lat' dir='ltr'>est</span> <span class='ocrx_word' id='word_1_399' title='bbox 2490 2952 2822 3025; x_wconf 87' lang='lat' dir='ltr'>adaperire;</span> <span class='ocrx_word' id='word_1_400' title='bbox 2855 2955 2919 3006; x_wconf 91' lang='lat' dir='ltr'>tu</span> <span class='ocrx_word' id='word_1_401' title='bbox 2951 2953 3168 3017; x_wconf 88' lang='lat' dir='ltr'>autem,</span> <span class='ocrx_word' id='word_1_402' title='bbox 3199 2948 3450 3017; x_wconf 91' lang='lat' dir='ltr'>diabole,</span> 
     </span>
    </p>
   </div>
   <div class='ocr_carea' id='block_1_32' title="bbox 66 3037 3288 3120">
    <p class='ocr_par' dir='ltr' id='par_1_32' title="bbox 66 3037 3288 3120">
     <span class='ocr_line' id='line_1_32' title="bbox 66 3037 3288 3120; baseline 0 -23"><span class='ocrx_word' id='word_1_403' title='bbox 66 3041 459 3097; x_wconf 79' lang='lat' dir='ltr'>conclusionem</span> <span class='ocrx_word' id='word_1_404' title='bbox 486 3037 543 3092; x_wconf 92' lang='lat' dir='ltr'>in</span> <span class='ocrx_word' id='word_1_405' title='bbox 578 3037 814 3093; x_wconf 90' lang='lat' dir='ltr'>nomine</span> <span class='ocrx_word' id='word_1_406' title='bbox 845 3038 1073 3094; x_wconf 90' lang='lat' dir='ltr'>Domini</span> <span class='ocrx_word' id='word_1_407' title='bbox 1105 3039 1244 3094; x_wconf 86' lang='lat' dir='ltr'>Jesu</span> <span class='ocrx_word' id='word_1_408' title='bbox 1270 3040 1502 3096; x_wconf 86' lang='lat' dir='ltr'>Christi.</span> <span class='ocrx_word' id='word_1_409' title='bbox 1811 3048 2103 3120; x_wconf 74' lang='lat' dir='ltr'>eﬁ&#39;ugare;</span> <span class='ocrx_word' id='word_1_410' title='bbox 2139 3042 2633 3118; x_wconf 80' lang='lat' dir='ltr'>appropinquabit</span> <span class='ocrx_word' id='word_1_411' title='bbox 2660 3040 2815 3097; x_wconf 88' lang='lat' dir='ltr'>enim</span> <span class='ocrx_word' id='word_1_412' title='bbox 2841 3040 3136 3111; x_wconf 86' lang='lat' dir='ltr'>judicium</span> <span class='ocrx_word' id='word_1_413' title='bbox 3167 3038 3288 3095; x_wconf 85' lang='lat' dir='ltr'>Dei.</span> 
     </span>
    </p>
   </div>
   <div class='ocr_carea' id='block_1_33' title="bbox 116 3126 3455 3202">
    <p class='ocr_par' dir='ltr' id='par_1_33' title="bbox 116 3126 3455 3202">
     <span class='ocr_line' id='line_1_33' title="bbox 116 3126 3455 3202; baseline -0.001 -15"><span class='ocrx_word' id='word_1_414' title='bbox 116 3129 368 3187; x_wconf 76' lang='lat' dir='ltr'>initium</span> <span class='ocrx_word' id='word_1_415' title='bbox 385 3126 876 3199; x_wconf 87' lang='lat' dir='ltr'>sanctiEvangelii</span> <span class='ocrx_word' id='word_1_416' title='bbox 896 3128 1217 3183; x_wconf 85' lang='lat' dir='ltr'>secundum</span> <span class='ocrx_word' id='word_1_417' title='bbox 1234 3128 1590 3183; x_wconf 72' lang='lat' dir='ltr'>Matthmum.</span> <span class='ocrx_word' id='word_1_418' title='bbox 1615 3129 1704 3183; x_wconf 90' lang='lat' dir='ltr'>Li-</span> <span class='ocrx_word' id='word_1_419' title='bbox 1881 3140 2071 3193; x_wconf 65' lang='lat' dir='ltr'>postea</span> <span class='ocrx_word' id='word_1_420' title='bbox 2097 3150 2221 3192; x_wconf 70' lang='lat' dir='ltr'>vero</span> <span class='ocrx_word' id='word_1_421' title='bbox 2253 3137 2441 3202; x_wconf 81' lang='lat' dir='ltr'>tangat</span> <span class='ocrx_word' id='word_1_422' title='bbox 2471 3135 2524 3187; x_wconf 87' lang='lat' dir='ltr'>ei</span> <span class='ocrx_word' id='word_1_423' title='bbox 2566 3135 2770 3202; x_wconf 82' lang='lat' dir='ltr'>pectus,</span> <span class='ocrx_word' id='word_1_424' title='bbox 2816 3137 2866 3185; x_wconf 86' lang='lat' dir='ltr'>et</span> <span class='ocrx_word' id='word_1_425' title='bbox 2914 3131 3060 3185; x_wconf 83' lang='lat' dir='ltr'>inter</span> <span class='ocrx_word' id='word_1_426' title='bbox 3106 3129 3360 3199; x_wconf 84' lang='lat' dir='ltr'>scapulas</span> <span class='ocrx_word' id='word_1_427' title='bbox 3388 3127 3455 3183; x_wconf 88' lang='lat' dir='ltr'>de</span> 
     </span>
    </p>
   </div>
   <div class='ocr_carea' id='block_1_34' title="bbox 64 3215 3455 3293">
    <p class='ocr_par' dir='ltr' id='par_1_34' title="bbox 64 3215 3455 3293">
     <span class='ocr_line' id='line_1_34' title="bbox 64 3215 3455 3293; baseline -0.003 -17"><span class='ocrx_word' id='word_1_428' title='bbox 64 3220 155 3276; x_wconf 91' lang='lat' dir='ltr'>ber</span> <span class='ocrx_word' id='word_1_429' title='bbox 183 3215 581 3293; x_wconf 83' lang='lat' dir='ltr'>generationis</span> <span class='ocrx_word' id='word_1_430' title='bbox 609 3216 749 3272; x_wconf 85' lang='lat' dir='ltr'>Jesu</span> <span class='ocrx_word' id='word_1_431' title='bbox 772 3215 987 3271; x_wconf 89' lang='lat' dir='ltr'>Christi</span> <span class='ocrx_word' id='word_1_432' title='bbox 1018 3216 1145 3271; x_wconf 89' lang='lat' dir='ltr'>Filii</span> <span class='ocrx_word' id='word_1_433' title='bbox 1177 3217 1489 3272; x_wconf 83' lang='lat' dir='ltr'>Abraham.</span> <span class='ocrx_word' id='word_1_434' title='bbox 1521 3218 1701 3272; x_wconf 83' lang='lat' dir='ltr'>Abra-</span> <span class='ocrx_word' id='word_1_435' title='bbox 1741 3286 1773 3293; x_wconf 76' lang='lat'>_</span> <span class='ocrx_word' id='word_1_436' title='bbox 1810 3226 1924 3282; x_wconf 71' lang='grc' dir='ltr'>οιεο</span> <span class='ocrx_word' id='word_1_437' title='bbox 1954 3226 2259 3282; x_wconf 48' lang='lat' dir='ltr'>exorcismo</span> <span class='ocrx_word' id='word_1_438' title='bbox 2287 3220 2630 3293; x_wconf 72' lang='lat' dir='ltr'>cumpollice</span> <span class='ocrx_word' id='word_1_439' title='bbox 2655 3234 2873 3274; x_wconf 83' lang='lat' dir='ltr'>crucem</span> <span class='ocrx_word' id='word_1_440' title='bbox 2884 3217 3163 3289; x_wconf 76' lang='lat' dir='ltr'>faciendo,-</span> <span class='ocrx_word' id='word_1_441' title='bbox 3194 3220 3245 3271; x_wconf 81' lang='lat' dir='ltr'>et</span> <span class='ocrx_word' id='word_1_442' title='bbox 3271 3222 3455 3271; x_wconf 80' lang='grc' dir='ltr'><em>υοσαιο</em></span> 
     </span>
    </p>
   </div>
   <div class='ocr_carea' id='block_1_35' title="bbox 65 3286 2376 3385">
    <p class='ocr_par' dir='ltr' id='par_1_35' title="bbox 65 3286 2376 3385">
     <span class='ocr_line' id='line_1_35' title="bbox 65 3286 2376 3385; baseline -0 -20"><span class='ocrx_word' id='word_1_443' title='bbox 65 3286 422 3364; x_wconf 48' lang='lat' dir='ltr'>ham&#39;autem</span> <span class='ocrx_word' id='word_1_444' title='bbox 440 3304 643 3378; x_wconf 89' lang='lat' dir='ltr'>genuit</span> <span class='ocrx_word' id='word_1_445' title='bbox 655 3304 836 3374; x_wconf 90' lang='lat' dir='ltr'>Isaac,</span> <span class='ocrx_word' id='word_1_446' title='bbox 860 3305 1018 3361; x_wconf 89' lang='lat' dir='ltr'>Isaac</span> <span class='ocrx_word' id='word_1_447' title='bbox 1051 3310 1245 3361; x_wconf 89' lang='lat' dir='ltr'>autem</span> <span class='ocrx_word' id='word_1_448' title='bbox 1269 3305 1471 3377; x_wconf 89' lang='lat' dir='ltr'>genuit</span> <span class='ocrx_word' id='word_1_449' title='bbox 1496 3307 1699 3373; x_wconf 90' lang='lat' dir='ltr'>Jacob,</span> <span class='ocrx_word' id='word_1_450' title='bbox 1731 3286 1774 3354; x_wconf 68' lang='grc' dir='ltr'>(ἶ</span> <span class='ocrx_word' id='word_1_451' title='bbox 1812 3315 2036 3371; x_wconf 75' lang='lat' dir='ltr'>nomine</span> <span class='ocrx_word' id='word_1_452' title='bbox 2063 3314 2178 3385; x_wconf 83' lang='lat' dir='ltr'>ejus</span> <span class='ocrx_word' id='word_1_453' title='bbox 2206 3314 2376 3367; x_wconf 80' lang='lat' dir='ltr'>dicat:</span> 
     </span>
    </p>
   </div>
   <div class='ocr_carea' id='block_1_36' title="bbox 64 3390 3465 3468">
    <p class='ocr_par' dir='ltr' id='par_1_36' title="bbox 64 3390 3465 3468">
     <span class='ocr_line' id='line_1_36' title="bbox 64 3390 3465 3468; baseline -0.005 -5"><span class='ocrx_word' id='word_1_454' title='bbox 64 3397 233 3454; x_wconf 65' lang='grc' dir='ltr'>εἶδοοδ</span> <span class='ocrx_word' id='word_1_455' title='bbox 263 3398 461 3452; x_wconf 70' lang='lat' dir='ltr'>autem</span> <span class='ocrx_word' id='word_1_456' title='bbox 493 3394 697 3468; x_wconf 66' lang='grc' dir='ltr'>ϐθηυίῑ</span> <span class='ocrx_word' id='word_1_457' title='bbox 741 3394 956 3450; x_wconf 73' lang='lat' dir='ltr'>JUdam</span> <span class='ocrx_word' id='word_1_458' title='bbox 1013 3397 1069 3449; x_wconf 64' lang='grc' dir='ltr'>εἴ</span> <span class='ocrx_word' id='word_1_459' title='bbox 1101 3395 1307 3451; x_wconf 62' lang='lat' dir='ltr'>fratres</span> <span class='ocrx_word' id='word_1_460' title='bbox 1349 3396 1495 3465; x_wconf 74' lang='lat' dir='ltr'>erS-</span> <span class='ocrx_word' id='word_1_461' title='bbox 1527 3396 1610 3450; x_wconf 80' lang='lat' dir='ltr'>EX</span> <span class='ocrx_word' id='word_1_462' title='bbox 1639 3412 1707 3451; x_wconf 73' lang='lat' dir='ltr'>ea</span> <span class='ocrx_word' id='word_1_463' title='bbox 1882 3399 2275 3458; x_wconf 86' lang='lat' dir='ltr'>Abrenuntias</span> <span class='ocrx_word' id='word_1_464' title='bbox 2305 3396 2573 3455; x_wconf 78' lang='lat' dir='ltr'>Satanae?</span> <span class='ocrx_word' id='word_1_465' title='bbox 2602 3398 2662 3465; x_wconf 72' lang='lat' dir='ltr'>ri).</span> <span class='ocrx_word' id='word_1_466' title='bbox 2682 3392 3063 3450; x_wconf 82' lang='lat' dir='ltr'>Abrenuntio.</span> <span class='ocrx_word' id='word_1_467' title='bbox 3083 3392 3154 3447; x_wconf 87' lang='lat' dir='ltr'>Et</span> <span class='ocrx_word' id='word_1_468' title='bbox 3184 3390 3465 3447; x_wconf 88' lang='lat' dir='ltr'>omnibus</span> 
     </span>
    </p>
   </div>
   <div class='ocr_carea' id='block_1_37' title="bbox 66 3479 3470 3562">
    <p class='ocr_par' dir='ltr' id='par_1_37' title="bbox 66 3479 3470 3562">
     <span class='ocr_line' id='line_1_37' title="bbox 66 3479 3470 3562; baseline -0.002 -21"><span class='ocrx_word' id='word_1_469' title='bbox 66 3484 429 3559; x_wconf 85' lang='lat' dir='ltr'>generatione</span> <span class='ocrx_word' id='word_1_470' title='bbox 460 3487 596 3538; x_wconf 88' lang='lat' dir='ltr'>nata</span> <span class='ocrx_word' id='word_1_471' title='bbox 612 3486 702 3539; x_wconf 89' lang='lat' dir='ltr'>est</span> <span class='ocrx_word' id='word_1_472' title='bbox 729 3481 908 3555; x_wconf 88' lang='lat' dir='ltr'>Virgo</span> <span class='ocrx_word' id='word_1_473' title='bbox 926 3482 1108 3539; x_wconf 90' lang='lat' dir='ltr'>Maria</span> <span class='ocrx_word' id='word_1_474' title='bbox 1125 3483 1308 3539; x_wconf 87' lang='lat' dir='ltr'>Mater</span> <span class='ocrx_word' id='word_1_475' title='bbox 1330 3483 1553 3540; x_wconf 89' lang='lat' dir='ltr'>Domini</span> <span class='ocrx_word' id='word_1_476' title='bbox 1573 3501 1705 3540; x_wconf 89' lang='lat' dir='ltr'>nos-</span> <span class='ocrx_word' id='word_1_477' title='bbox 1815 3490 2090 3562; x_wconf 85' lang='lat' dir='ltr'>operibus</span> <span class='ocrx_word' id='word_1_478' title='bbox 2121 3488 2294 3559; x_wconf 88' lang='lat' dir='ltr'>ejus?</span> <span class='ocrx_word' id='word_1_479' title='bbox 2327 3489 2362 3555; x_wconf 68' lang='lat' dir='ltr'>it,</span> <span class='ocrx_word' id='word_1_480' title='bbox 2394 3484 2773 3542; x_wconf 87' lang='lat' dir='ltr'>Abrenuntio.</span> <span class='ocrx_word' id='word_1_481' title='bbox 2807 3484 2878 3539; x_wconf 91' lang='lat' dir='ltr'>Et</span> <span class='ocrx_word' id='word_1_482' title='bbox 2908 3480 3186 3537; x_wconf 89' lang='lat' dir='ltr'>omnibus</span> <span class='ocrx_word' id='word_1_483' title='bbox 3234 3479 3470 3552; x_wconf 90' lang='lat' dir='ltr'>pompis</span> 
     </span>
    </p>
   </div>
   <div class='ocr_carea' id='block_1_38' title="bbox 70 3568 3458 3651">
    <p class='ocr_par' dir='ltr' id='par_1_38' title="bbox 70 3568 3458 3651">
     <span class='ocr_line' id='line_1_38' title="bbox 70 3568 3458 3651; baseline -0.004 -14"><span class='ocrx_word' id='word_1_484' title='bbox 70 3573 137 3628; x_wconf 69' lang='lat' dir='ltr'>tri</span> <span class='ocrx_word' id='word_1_485' title='bbox 164 3574 299 3629; x_wconf 74' lang='lat' dir='ltr'>Jesu</span> <span class='ocrx_word' id='word_1_486' title='bbox 332 3570 568 3628; x_wconf 59' lang='lat' dir='ltr'>Christi.</span> <span class='ocrx_word' id='word_1_487' title='bbox 1815 3580 1986 3651; x_wconf 81' lang='lat' dir='ltr'>ejus?</span> <span class='ocrx_word' id='word_1_488' title='bbox 2017 3580 2075 3646; x_wconf 55' lang='grc' dir='ltr'>ἡ.</span> <span class='ocrx_word' id='word_1_489' title='bbox 2108 3576 2493 3633; x_wconf 89' lang='lat' dir='ltr'>Abrenuntio.</span> <span class='ocrx_word' id='word_1_490' title='bbox 2524 3575 2612 3646; x_wconf 82' lang='lat' dir='ltr'>(In</span> <span class='ocrx_word' id='word_1_491' title='bbox 2639 3573 2886 3643; x_wconf 82' lang='lat' dir='ltr'>margine</span> <span class='ocrx_word' id='word_1_492' title='bbox 2916 3570 3245 3626; x_wconf 81' lang='lat' dir='ltr'>adnotatur:</span> <span class='ocrx_word' id='word_1_493' title='bbox 3281 3568 3458 3640; x_wconf 88' lang='lat' dir='ltr'>Fuge,</span> 
     </span>
    </p>
   </div>
   <div class='ocr_carea' id='block_1_39' title="bbox 132 3658 3457 3738">
    <p class='ocr_par' dir='ltr' id='par_1_39' title="bbox 132 3658 3457 3738">
     <span class='ocr_line' id='line_1_39' title="bbox 132 3658 3457 3738; baseline -0.002 -20"><span class='ocrx_word' id='word_1_494' title='bbox 132 3662 361 3718; x_wconf 83' lang='lat' dir='ltr'>Initium</span> <span class='ocrx_word' id='word_1_495' title='bbox 376 3660 561 3716; x_wconf 90' lang='lat' dir='ltr'>sancti</span> <span class='ocrx_word' id='word_1_496' title='bbox 576 3658 869 3733; x_wconf 86' lang='lat' dir='ltr'>Evangelii</span> <span class='ocrx_word' id='word_1_497' title='bbox 892 3661 1217 3715; x_wconf 88' lang='lat' dir='ltr'>secundum</span> <span class='ocrx_word' id='word_1_498' title='bbox 1240 3661 1478 3717; x_wconf 90' lang='lat' dir='ltr'>Lucam.</span> <span class='ocrx_word' id='word_1_499' title='bbox 1506 3663 1706 3718; x_wconf 87' lang='lat' dir='ltr'>Fuitin</span> <span class='ocrx_word' id='word_1_500' title='bbox 1815 3667 2119 3723; x_wconf 84' lang='lat' dir='ltr'>immunde</span> <span class='ocrx_word' id='word_1_501' title='bbox 2152 3665 2415 3738; x_wconf 89' lang='lat' dir='ltr'>spiritus,</span> <span class='ocrx_word' id='word_1_502' title='bbox 2449 3665 2524 3719; x_wconf 90' lang='lat' dir='ltr'>da</span> <span class='ocrx_word' id='word_1_503' title='bbox 2554 3663 2836 3718; x_wconf 90' lang='lat' dir='ltr'>honorem</span> <span class='ocrx_word' id='word_1_504' title='bbox 2886 3660 3002 3715; x_wconf 93' lang='lat' dir='ltr'>Deo</span> <span class='ocrx_word' id='word_1_505' title='bbox 3050 3658 3177 3713; x_wconf 92' lang='lat' dir='ltr'>vivo</span> <span class='ocrx_word' id='word_1_506' title='bbox 3204 3660 3261 3713; x_wconf 92' lang='lat' dir='ltr'>et</span> <span class='ocrx_word' id='word_1_507' title='bbox 3306 3672 3457 3711; x_wconf 86' lang='lat' dir='ltr'>vero.</span> 
     </span>
    </p>
   </div>
   <div class='ocr_carea' id='block_1_40' title="bbox 69 3745 3455 3826">
    <p class='ocr_par' dir='ltr' id='par_1_40' title="bbox 69 3745 3455 3826">
     <span class='ocr_line' id='line_1_40' title="bbox 69 3745 3455 3826; baseline -0.001 -20"><span class='ocrx_word' id='word_1_508' title='bbox 69 3750 264 3807; x_wconf 88' lang='lat' dir='ltr'>diebus</span> <span class='ocrx_word' id='word_1_509' title='bbox 295 3749 562 3815; x_wconf 83' lang='lat' dir='ltr'>Herodis,</span> <span class='ocrx_word' id='word_1_510' title='bbox 597 3754 732 3815; x_wconf 88' lang='lat' dir='ltr'>etc.,</span> <span class='ocrx_word' id='word_1_511' title='bbox 764 3764 934 3821; x_wconf 84' lang='lat' dir='ltr'>usque</span> <span class='ocrx_word' id='word_1_512' title='bbox 962 3750 1032 3804; x_wconf 85' lang='lat' dir='ltr'>ad</span> <span class='ocrx_word' id='word_1_513' title='bbox 1063 3749 1189 3805; x_wconf 89' lang='lat' dir='ltr'>sine</span> <span class='ocrx_word' id='word_1_514' title='bbox 1220 3751 1476 3822; x_wconf 83' lang='lat' dir='ltr'>querela.</span> <span class='ocrx_word' id='word_1_515' title='bbox 1817 3757 1939 3826; x_wconf 86' lang='lat' dir='ltr'>Exi,</span> <span class='ocrx_word' id='word_1_516' title='bbox 1968 3755 2272 3810; x_wconf 78' lang='lat' dir='ltr'>immunda</span> <span class='ocrx_word' id='word_1_517' title='bbox 2301 3753 2565 3825; x_wconf 72' lang='lat' dir='ltr'>spiritus,</span> <span class='ocrx_word' id='word_1_518' title='bbox 2599 3752 2675 3806; x_wconf 93' lang='lat' dir='ltr'>da</span> <span class='ocrx_word' id='word_1_519' title='bbox 2705 3749 2899 3806; x_wconf 89' lang='lat' dir='ltr'>locum</span> <span class='ocrx_word' id='word_1_520' title='bbox 2930 3746 3173 3820; x_wconf 88' lang='lat' dir='ltr'>Spiritui</span> <span class='ocrx_word' id='word_1_521' title='bbox 3206 3745 3455 3816; x_wconf 90' lang='lat' dir='ltr'>sancto.)</span> 
     </span>
    </p>
   </div>
   <div class='ocr_carea' id='block_1_41' title="bbox 137 3836 3460 3913">
    <p class='ocr_par' dir='ltr' id='par_1_41' title="bbox 137 3836 3460 3913">
     <span class='ocr_line' id='line_1_41' title="bbox 137 3836 3460 3913; baseline -0.005 -8"><span class='ocrx_word' id='word_1_522' title='bbox 137 3838 451 3913; x_wconf 77' lang='lat' dir='ltr'>Sequentia</span> <span class='ocrx_word' id='word_1_523' title='bbox 479 3836 667 3894; x_wconf 60' lang='lat'>981105</span> <span class='ocrx_word' id='word_1_524' title='bbox 708 3837 999 3910; x_wconf 76' lang='lat' dir='ltr'>Evangelii</span> <span class='ocrx_word' id='word_1_525' title='bbox 1050 3839 1376 3894; x_wconf 69' lang='lat' dir='ltr'>secundum</span> <span class='ocrx_word' id='word_1_526' title='bbox 1424 3840 1706 3896; x_wconf 74' lang='lat' dir='ltr'>Marcum.</span> <span class='ocrx_word' id='word_1_527' title='bbox 1890 3849 2230 3913; x_wconf 82' lang='lat' dir='ltr'>Interroget:</span> <span class='ocrx_word' id='word_1_528' title='bbox 2267 3841 2543 3898; x_wconf 87' lang='lat' dir='ltr'>Credisin</span> <span class='ocrx_word' id='word_1_529' title='bbox 2578 3836 3040 3896; x_wconf 85' lang='lat' dir='ltr'>DeumPatrem?</span> <span class='ocrx_word' id='word_1_530' title='bbox 3056 3840 3170 3903; x_wconf 87' lang='lat' dir='ltr'>etc,</span> <span class='ocrx_word' id='word_1_531' title='bbox 3189 3839 3252 3890; x_wconf 88' lang='lat' dir='ltr'>ut</span> <span class='ocrx_word' id='word_1_532' title='bbox 3270 3851 3460 3906; x_wconf 85' lang='lat' dir='ltr'>supra,</span> 
     </span>
    </p>
   </div>
   <div class='ocr_carea' id='block_1_42' title="bbox 71 3926 2955 4006">
    <p class='ocr_par' dir='ltr' id='par_1_42' title="bbox 71 3926 2955 4006">
     <span class='ocr_line' id='line_1_42' title="bbox 71 3926 2955 4006; baseline 0.001 -23"><span class='ocrx_word' id='word_1_533' title='bbox 71 3927 296 3984; x_wconf 87' lang='lat' dir='ltr'>Initium</span> <span class='ocrx_word' id='word_1_534' title='bbox 320 3926 617 3999; x_wconf 86' lang='lat' dir='ltr'>Evangelii</span> <span class='ocrx_word' id='word_1_535' title='bbox 650 3926 789 3983; x_wconf 88' lang='lat' dir='ltr'>Jesu</span> <span class='ocrx_word' id='word_1_536' title='bbox 811 3926 1049 3995; x_wconf 89' lang='lat' dir='ltr'>Christi,</span> <span class='ocrx_word' id='word_1_537' title='bbox 1075 3932 1209 3996; x_wconf 89' lang='lat' dir='ltr'>etc.,</span> <span class='ocrx_word' id='word_1_538' title='bbox 1244 3945 1411 3999; x_wconf 85' lang='lat' dir='ltr'>usque</span> <span class='ocrx_word' id='word_1_539' title='bbox 1434 3929 1709 3986; x_wconf 83' lang='lat' dir='ltr'>adomnis</span> <span class='ocrx_word' id='word_1_540' title='bbox 1817 3952 1986 4006; x_wconf 78' lang='lat' dir='ltr'>usque</span> <span class='ocrx_word' id='word_1_541' title='bbox 2017 3933 2086 3989; x_wconf 79' lang='lat' dir='ltr'>ad</span> <span class='ocrx_word' id='word_1_542' title='bbox 2117 3934 2378 3988; x_wconf 83' lang='lat' dir='ltr'>ultimum</span> <span class='ocrx_word' id='word_1_543' title='bbox 2406 3945 2724 4002; x_wconf 80' lang='lat' dir='ltr'>responsum</span> <span class='ocrx_word' id='word_1_544' title='bbox 2751 3926 2955 3982; x_wconf 83' lang='lat' dir='ltr'>Credo.</span> 
     </span>
    </p>
   </div>
   <div class='ocr_carea' id='block_1_43' title="bbox 72 4012 3465 4092">
    <p class='ocr_par' dir='ltr' id='par_1_43' title="bbox 72 4012 3465 4092">
     <span class='ocr_line' id='line_1_43' title="bbox 72 4012 3465 4092; baseline -0.004 -10"><span class='ocrx_word' id='word_1_545' title='bbox 72 4032 193 4073; x_wconf 73' lang='grc' dir='ltr'>θειΡο</span> <span class='ocrx_word' id='word_1_546' title='bbox 225 4016 484 4073; x_wconf 70' lang='lat' dir='ltr'>salutare</span> <span class='ocrx_word' id='word_1_547' title='bbox 516 4015 641 4072; x_wconf 75' lang='lat' dir='ltr'>DBi-</span> <span class='ocrx_word' id='word_1_548' title='bbox 1889 4026 1953 4079; x_wconf 87' lang='lat' dir='ltr'>Et</span> <span class='ocrx_word' id='word_1_549' title='bbox 1979 4025 2273 4092; x_wconf 76' lang='lat' dir='ltr'>interroget</span> <span class='ocrx_word' id='word_1_550' title='bbox 2302 4037 2424 4075; x_wconf 89' lang='lat' dir='ltr'>eum</span> <span class='ocrx_word' id='word_1_551' title='bbox 2455 4021 2634 4074; x_wconf 83' lang='lat' dir='ltr'>tribus</span> <span class='ocrx_word' id='word_1_552' title='bbox 2690 4016 2895 4071; x_wconf 81' lang='lat' dir='ltr'>vicibus</span> <span class='ocrx_word' id='word_1_553' title='bbox 2929 4016 3006 4070; x_wconf 87' lang='lat' dir='ltr'>ita</span> <span class='ocrx_word' id='word_1_554' title='bbox 3061 4012 3327 4069; x_wconf 82' lang='lat' dir='ltr'>dicendo:</span> <span class='ocrx_word' id='word_1_555' title='bbox 3360 4012 3465 4068; x_wconf 83' lang='lat' dir='ltr'>Vis</span> 
     </span>
    </p>
   </div>
   <div class='ocr_carea' id='block_1_44' title="bbox 134 4104 3267 4185">
    <p class='ocr_par' dir='ltr' id='par_1_44' title="bbox 134 4104 3267 4185">
     <span class='ocr_line' id='line_1_44' title="bbox 134 4104 3267 4185; baseline 0 -24"><span class='ocrx_word' id='word_1_556' title='bbox 134 4106 370 4161; x_wconf 85' lang='lat' dir='ltr'>Initium</span> <span class='ocrx_word' id='word_1_557' title='bbox 400 4104 586 4160; x_wconf 88' lang='lat' dir='ltr'>sancti</span> <span class='ocrx_word' id='word_1_558' title='bbox 613 4104 911 4176; x_wconf 85' lang='lat' dir='ltr'>Evangelii</span> <span class='ocrx_word' id='word_1_559' title='bbox 956 4107 1281 4161; x_wconf 90' lang='lat' dir='ltr'>secundum</span> <span class='ocrx_word' id='word_1_560' title='bbox 1310 4106 1617 4164; x_wconf 89' lang='lat' dir='ltr'>Joannem.</span> <span class='ocrx_word' id='word_1_561' title='bbox 1644 4109 1706 4164; x_wconf 88' lang='lat' dir='ltr'>In</span> <span class='ocrx_word' id='word_1_562' title='bbox 1817 4111 2143 4185; x_wconf 81' lang='lat' dir='ltr'>baptizari?</span> <span class='ocrx_word' id='word_1_563' title='bbox 2177 4112 2235 4179; x_wconf 58' lang='grc' dir='ltr'>[ἢ.</span> <span class='ocrx_word' id='word_1_564' title='bbox 2269 4108 2414 4165; x_wconf 89' lang='lat' dir='ltr'>Volo</span> <span class='ocrx_word' id='word_1_565' title='bbox 2446 4108 2589 4180; x_wconf 86' lang='lat' dir='ltr'>(ter).</span> <span class='ocrx_word' id='word_1_566' title='bbox 3234 4148 3267 4179; x_wconf 90' lang='grc' dir='ltr'> </span> 
     </span>
    </p>
   </div>
   <div class='ocr_carea' id='block_1_45' title="bbox 76 4190 3469 4273">
    <p class='ocr_par' dir='ltr' id='par_1_45' title="bbox 76 4190 3469 4273">
     <span class='ocr_line' id='line_1_45' title="bbox 76 4190 3469 4273; baseline -0.001 -24"><span class='ocrx_word' id='word_1_567' title='bbox 76 4192 349 4267; x_wconf 89' lang='lat' dir='ltr'>principio</span> <span class='ocrx_word' id='word_1_568' title='bbox 380 4194 506 4246; x_wconf 88' lang='lat' dir='ltr'>erat</span> <span class='ocrx_word' id='word_1_569' title='bbox 534 4190 793 4246; x_wconf 90' lang='lat' dir='ltr'>Verbum</span> <span class='ocrx_word' id='word_1_570' title='bbox 822 4197 880 4247; x_wconf 90' lang='lat' dir='ltr'>et</span> <span class='ocrx_word' id='word_1_571' title='bbox 906 4192 1160 4249; x_wconf 90' lang='lat' dir='ltr'>Verbum</span> <span class='ocrx_word' id='word_1_572' title='bbox 1180 4200 1302 4250; x_wconf 87' lang='lat' dir='ltr'>erat</span> <span class='ocrx_word' id='word_1_573' title='bbox 1322 4197 1476 4268; x_wconf 89' lang='lat' dir='ltr'>apud</span> <span class='ocrx_word' id='word_1_574' title='bbox 1496 4197 1708 4264; x_wconf 90' lang='lat' dir='ltr'>Deum,</span> <span class='ocrx_word' id='word_1_575' title='bbox 1889 4202 1956 4256; x_wconf 91' lang='lat' dir='ltr'>Et</span> <span class='ocrx_word' id='word_1_576' title='bbox 1984 4218 2089 4273; x_wconf 90' lang='lat' dir='ltr'>ego</span> <span class='ocrx_word' id='word_1_577' title='bbox 2118 4204 2175 4256; x_wconf 87' lang='lat' dir='ltr'>te</span> <span class='ocrx_word' id='word_1_578' title='bbox 2206 4196 2433 4271; x_wconf 83' lang='lat' dir='ltr'>baptizo</span> <span class='ocrx_word' id='word_1_579' title='bbox 2464 4198 2522 4251; x_wconf 91' lang='lat' dir='ltr'>in</span> <span class='ocrx_word' id='word_1_580' title='bbox 2556 4194 2793 4251; x_wconf 90' lang='lat' dir='ltr'>nomine</span> <span class='ocrx_word' id='word_1_581' title='bbox 2836 4191 3047 4261; x_wconf 86' lang='lat' dir='ltr'>Patris,</span> <span class='ocrx_word' id='word_1_582' title='bbox 3078 4200 3131 4247; x_wconf 87' lang='lat' dir='ltr'>et</span> <span class='ocrx_word' id='word_1_583' title='bbox 3177 4206 3380 4260; x_wconf 84' lang='lat' dir='ltr'>merge,</span> <span class='ocrx_word' id='word_1_584' title='bbox 3412 4192 3469 4244; x_wconf 89' lang='lat' dir='ltr'>et</span> 
     </span>
    </p>
   </div>
   <div class='ocr_carea' id='block_1_46' title="bbox 75 4278 3206 4358">
    <p class='ocr_par' dir='ltr' id='par_1_46' title="bbox 75 4278 3206 4358">
     <span class='ocr_line' id='line_1_46' title="bbox 75 4278 3206 4358; baseline -0.001 -22"><span class='ocrx_word' id='word_1_585' title='bbox 75 4287 124 4336; x_wconf 87' lang='lat' dir='ltr'>et</span> <span class='ocrx_word' id='word_1_586' title='bbox 149 4282 302 4339; x_wconf 91' lang='lat' dir='ltr'>Deus</span> <span class='ocrx_word' id='word_1_587' title='bbox 334 4282 460 4336; x_wconf 89' lang='lat' dir='ltr'>erat</span> <span class='ocrx_word' id='word_1_588' title='bbox 485 4278 763 4334; x_wconf 88' lang='lat' dir='ltr'>Verbum.</span> <span class='ocrx_word' id='word_1_589' title='bbox 796 4280 912 4335; x_wconf 87' lang='lat' dir='ltr'>Hoc</span> <span class='ocrx_word' id='word_1_590' title='bbox 949 4285 1073 4336; x_wconf 90' lang='lat' dir='ltr'>erat</span> <span class='ocrx_word' id='word_1_591' title='bbox 1102 4283 1160 4336; x_wconf 92' lang='lat' dir='ltr'>in</span> <span class='ocrx_word' id='word_1_592' title='bbox 1218 4284 1502 4356; x_wconf 90' lang='lat' dir='ltr'>principio</span> <span class='ocrx_word' id='word_1_593' title='bbox 1552 4288 1707 4358; x_wconf 90' lang='lat' dir='ltr'>apud</span> <span class='ocrx_word' id='word_1_594' title='bbox 1819 4288 1972 4356; x_wconf 88' lang='lat' dir='ltr'>Filii,</span> <span class='ocrx_word' id='word_1_595' title='bbox 2002 4297 2052 4344; x_wconf 88' lang='lat' dir='ltr'>et</span> <span class='ocrx_word' id='word_1_596' title='bbox 2082 4304 2283 4356; x_wconf 84' lang='lat' dir='ltr'>merge,</span> <span class='ocrx_word' id='word_1_597' title='bbox 2318 4289 2378 4341; x_wconf 90' lang='lat' dir='ltr'>et</span> <span class='ocrx_word' id='word_1_598' title='bbox 2399 4285 2653 4357; x_wconf 88' lang='lat' dir='ltr'>Spiritus</span> <span class='ocrx_word' id='word_1_599' title='bbox 2684 4282 2893 4349; x_wconf 86' lang='lat' dir='ltr'>sancti,</span> <span class='ocrx_word' id='word_1_600' title='bbox 2923 4289 2975 4337; x_wconf 89' lang='lat' dir='ltr'>et</span> <span class='ocrx_word' id='word_1_601' title='bbox 3004 4296 3206 4349; x_wconf 86' lang='lat' dir='ltr'>merge.</span> 
     </span>
    </p>
   </div>
   <div class='ocr_carea' id='block_1_47' title="bbox 77 4367 3470 4449">
    <p class='ocr_par' dir='ltr' id='par_1_47' title="bbox 77 4367 3470 4449">
     <span class='ocr_line' id='line_1_47' title="bbox 77 4367 3470 4449; baseline -0.001 -25"><span class='ocrx_word' id='word_1_602' title='bbox 77 4369 267 4427; x_wconf 91' lang='lat' dir='ltr'>Deum.</span> <span class='ocrx_word' id='word_1_603' title='bbox 301 4367 514 4427; x_wconf 86' lang='lat' dir='ltr'>Omnia</span> <span class='ocrx_word' id='word_1_604' title='bbox 542 4383 646 4440; x_wconf 88' lang='lat' dir='ltr'>per</span> <span class='ocrx_word' id='word_1_605' title='bbox 690 4368 885 4440; x_wconf 89' lang='lat' dir='ltr'>ipsum</span> <span class='ocrx_word' id='word_1_606' title='bbox 937 4369 1097 4425; x_wconf 84' lang='lat' dir='ltr'>facta</span> <span class='ocrx_word' id='word_1_607' title='bbox 1134 4377 1272 4425; x_wconf 91' lang='lat' dir='ltr'>sunt</span> <span class='ocrx_word' id='word_1_608' title='bbox 1317 4378 1374 4428; x_wconf 91' lang='lat' dir='ltr'>et</span> <span class='ocrx_word' id='word_1_609' title='bbox 1423 4374 1549 4430; x_wconf 87' lang='lat' dir='ltr'>sine</span> <span class='ocrx_word' id='word_1_610' title='bbox 1581 4376 1708 4448; x_wconf 87' lang='lat' dir='ltr'>ipso</span> <span class='ocrx_word' id='word_1_611' title='bbox 1890 4380 2174 4449; x_wconf 65' lang='lat' dir='ltr'>Baptizato</span> <span class='ocrx_word' id='word_1_612' title='bbox 2205 4379 2387 4431; x_wconf 81' lang='lat' dir='ltr'>autem</span> <span class='ocrx_word' id='word_1_613' title='bbox 2417 4375 2648 4444; x_wconf 79' lang='lat' dir='ltr'>infante,</span> <span class='ocrx_word' id='word_1_614' title='bbox 2699 4372 2869 4442; x_wconf 78' lang='lat' dir='ltr'>faciat</span> <span class='ocrx_word' id='word_1_615' title='bbox 2914 4369 3202 4442; x_wconf 80' lang='lat' dir='ltr'>presbyter</span> <span class='ocrx_word' id='word_1_616' title='bbox 3247 4368 3470 4434; x_wconf 84' lang='lat' dir='ltr'>signum</span> 
     </span>
    </p>
   </div>
   <div class='ocr_carea' id='block_1_48' title="bbox 76 4456 3473 4533">
    <p class='ocr_par' dir='ltr' id='par_1_48' title="bbox 76 4456 3473 4533">
     <span class='ocr_line' id='line_1_48' title="bbox 76 4456 3473 4533; baseline -0.004 -11"><span class='ocrx_word' id='word_1_617' title='bbox 76 4458 278 4515; x_wconf 69' lang='lat' dir='ltr'>factum</span> <span class='ocrx_word' id='word_1_618' title='bbox 302 4461 394 4515; x_wconf 77' lang='lat' dir='ltr'>est</span> <span class='ocrx_word' id='word_1_619' title='bbox 427 4456 595 4523; x_wconf 67' lang='lat' dir='ltr'>nihil,</span> <span class='ocrx_word' id='word_1_620' title='bbox 630 4461 739 4513; x_wconf 74' lang='grc' dir='ltr'>Θῐῢ-</span> <span class='ocrx_word' id='word_1_621' title='bbox 775 4458 837 4511; x_wconf 69' lang='lat' dir='ltr'>Et</span> <span class='ocrx_word' id='word_1_622' title='bbox 871 4460 952 4513; x_wconf 74' lang='grc' dir='ltr'>δίο</span> <span class='ocrx_word' id='word_1_623' title='bbox 981 4463 1149 4514; x_wconf 67' lang='lat' dir='ltr'>totum</span> <span class='ocrx_word' id='word_1_624' title='bbox 1169 4458 1406 4516; x_wconf 67' lang='lat' dir='ltr'>dicatur.</span> <span class='ocrx_word' id='word_1_625' title='bbox 1817 4468 1993 4522; x_wconf 85' lang='lat' dir='ltr'>crucis</span> <span class='ocrx_word' id='word_1_626' title='bbox 2017 4466 2083 4520; x_wconf 82' lang='lat' dir='ltr'>de</span> <span class='ocrx_word' id='word_1_627' title='bbox 2111 4466 2405 4521; x_wconf 83' lang='lat' dir='ltr'>chrismate</span> <span class='ocrx_word' id='word_1_628' title='bbox 2433 4479 2559 4517; x_wconf 84' lang='lat' dir='ltr'>cum</span> <span class='ocrx_word' id='word_1_629' title='bbox 2612 4461 2811 4533; x_wconf 81' lang='lat' dir='ltr'>pollice</span> <span class='ocrx_word' id='word_1_630' title='bbox 2842 4460 2901 4514; x_wconf 86' lang='lat' dir='ltr'>in</span> <span class='ocrx_word' id='word_1_631' title='bbox 2931 4458 3127 4513; x_wconf 76' lang='lat' dir='ltr'>vertice</span> <span class='ocrx_word' id='word_1_632' title='bbox 3177 4456 3297 4526; x_wconf 82' lang='lat' dir='ltr'>ejus</span> <span class='ocrx_word' id='word_1_633' title='bbox 3346 4470 3473 4508; x_wconf 88' lang='lat' dir='ltr'>cum</span> 
     </span>
    </p>
   </div>
   <div class='ocr_carea' id='block_1_49' title="bbox 164 4541 3471 4615">
    <p class='ocr_par' dir='ltr' id='par_1_49' title="bbox 164 4541 3471 4615">
     <span class='ocr_line' id='line_1_49' title="bbox 164 4541 3471 4615; baseline -0.004 -5"><span class='ocrx_word' id='word_1_634' title='bbox 164 4561 496 4604; x_wconf 77' lang='lat' dir='ltr'>BENEDICTIO</span> <span class='ocrx_word' id='word_1_635' title='bbox 534 4563 702 4609; x_wconf 61' lang='lat' dir='ltr'>Aona:</span> <span class='ocrx_word' id='word_1_636' title='bbox 739 4560 811 4603; x_wconf 77' lang='lat' dir='ltr'>AD</span> <span class='ocrx_word' id='word_1_637' title='bbox 854 4563 1256 4603; x_wconf 79' lang='lat' dir='ltr'>BAPTIZANDUM</span> <span class='ocrx_word' id='word_1_638' title='bbox 1294 4565 1605 4607; x_wconf 74' lang='lat' dir='ltr'>INFIRMUM.</span> <span class='ocrx_word' id='word_1_639' title='bbox 1819 4557 2158 4611; x_wconf 83' lang='lat' dir='ltr'>invocatione</span> <span class='ocrx_word' id='word_1_640' title='bbox 2196 4557 2397 4609; x_wconf 65' lang='lat' dir='ltr'>sanctae</span> <span class='ocrx_word' id='word_1_641' title='bbox 2455 4550 2755 4615; x_wconf 75' lang='lat' dir='ltr'>Trinitatis,</span> <span class='ocrx_word' id='word_1_642' title='bbox 2815 4547 2998 4602; x_wconf 83' lang='lat' dir='ltr'>dicens</span> <span class='ocrx_word' id='word_1_643' title='bbox 3034 4563 3052 4599; x_wconf 91' lang='lat'><em>:</em></span> <span class='ocrx_word' id='word_1_644' title='bbox 3114 4545 3179 4599; x_wconf 88' lang='lat' dir='ltr'>In</span> <span class='ocrx_word' id='word_1_645' title='bbox 3234 4541 3471 4597; x_wconf 89' lang='lat' dir='ltr'>nomine</span> 
     </span>
    </p>
   </div>
   <div class='ocr_carea' id='block_1_50' title="bbox 143 4632 3470 4717">
    <p class='ocr_par' dir='ltr' id='par_1_50' title="bbox 143 4632 3470 4717">
     <span class='ocr_line' id='line_1_50' title="bbox 143 4632 3470 4717; baseline -0.002 -26"><span class='ocrx_word' id='word_1_646' title='bbox 143 4638 198 4691; x_wconf 86' lang='lat' dir='ltr'>In</span> <span class='ocrx_word' id='word_1_647' title='bbox 239 4638 438 4708; x_wconf 87' lang='lat' dir='ltr'>primis</span> <span class='ocrx_word' id='word_1_648' title='bbox 479 4635 738 4691; x_wconf 82' lang='lat' dir='ltr'>dicantur</span> <span class='ocrx_word' id='word_1_649' title='bbox 790 4637 1017 4691; x_wconf 63' lang='lat' dir='ltr'>litanias.</span> <span class='ocrx_word' id='word_1_650' title='bbox 1080 4636 1281 4692; x_wconf 83' lang='lat' dir='ltr'>Deinde</span> <span class='ocrx_word' id='word_1_651' title='bbox 1314 4640 1566 4708; x_wconf 77' lang='lat' dir='ltr'>sequitur</span> <span class='ocrx_word' id='word_1_652' title='bbox 1593 4642 1707 4696; x_wconf 57' lang='lat' dir='ltr'>hac</span> <span class='ocrx_word' id='word_1_653' title='bbox 1735 4653 1780 4717; x_wconf 81' lang='lat' dir='ltr'><strong>D</strong></span> <span class='ocrx_word' id='word_1_654' title='bbox 1811 4643 2000 4699; x_wconf 88' lang='lat' dir='ltr'>Patris</span> <span class='ocrx_word' id='word_1_655' title='bbox 2024 4647 2081 4699; x_wconf 90' lang='lat' dir='ltr'>et</span> <span class='ocrx_word' id='word_1_656' title='bbox 2106 4641 2234 4698; x_wconf 86' lang='lat' dir='ltr'>Filii</span> <span class='ocrx_word' id='word_1_657' title='bbox 2267 4646 2324 4697; x_wconf 86' lang='lat' dir='ltr'>et</span> <span class='ocrx_word' id='word_1_658' title='bbox 2353 4639 2607 4712; x_wconf 89' lang='lat' dir='ltr'>Spiritus</span> <span class='ocrx_word' id='word_1_659' title='bbox 2637 4636 2858 4703; x_wconf 87' lang='lat' dir='ltr'>sancti;</span> <span class='ocrx_word' id='word_1_660' title='bbox 2893 4642 2943 4690; x_wconf 90' lang='lat' dir='ltr'>et</span> <span class='ocrx_word' id='word_1_661' title='bbox 2982 4634 3128 4688; x_wconf 85' lang='lat' dir='ltr'>dicat</span> <span class='ocrx_word' id='word_1_662' title='bbox 3174 4632 3314 4687; x_wconf 85' lang='lat' dir='ltr'>hanc</span> <span class='ocrx_word' id='word_1_663' title='bbox 3342 4646 3470 4685; x_wconf 88' lang='lat' dir='ltr'>ora-</span> 
     </span>
    </p>
   </div>
   <div class='ocr_carea' id='block_1_51' title="bbox 77 4726 1615 4790">
    <p class='ocr_par' dir='ltr' id='par_1_51' title="bbox 77 4726 255 4780">
     <span class='ocr_line' id='line_1_51' title="bbox 77 4726 255 4780; baseline 0.017 -3"><span class='ocrx_word' id='word_1_664' title='bbox 77 4726 255 4780; x_wconf 86' lang='lat' dir='ltr'>oratio.</span> 
     </span>
    </p>
   </div>
   <div class='ocr_carea' id='block_1_52' title="bbox 529 4726 2067 4790">
    <p class='ocr_par' dir='ltr' id='par_1_52' title="bbox 1829 4735 2067 4790">
     <span class='ocr_line' id='line_1_52' title="bbox 1829 4735 2067 4790; baseline -0.013 -2"><span class='ocrx_word' id='word_1_665' title='bbox 1829 4735 2031 4790; x_wconf 83' lang='lat' dir='ltr'>tionem</span> <span class='ocrx_word' id='word_1_666' title='bbox 2056 4748 2067 4785; x_wconf 93' lang='lat'>:</span> 
     </span>
    </p>
   </div>
   <div class='ocr_carea' id='block_1_53' title="bbox 136 4806 3472 4890">
    <p class='ocr_par' dir='ltr' id='par_1_53' title="bbox 136 4806 3472 4890">
     <span class='ocr_line' id='line_1_53' title="bbox 136 4806 3472 4890; baseline -0.002 -21"><span class='ocrx_word' id='word_1_667' title='bbox 136 4813 348 4870; x_wconf 82' lang='lat' dir='ltr'>Exaudi</span> <span class='ocrx_word' id='word_1_668' title='bbox 378 4831 518 4883; x_wconf 89' lang='lat' dir='ltr'>nos,</span> <span class='ocrx_word' id='word_1_669' title='bbox 542 4815 912 4887; x_wconf 89' lang='lat' dir='ltr'>omnipotens</span> <span class='ocrx_word' id='word_1_670' title='bbox 936 4818 1105 4882; x_wconf 88' lang='lat' dir='ltr'>Deus,</span> <span class='ocrx_word' id='word_1_671' title='bbox 1121 4820 1179 4871; x_wconf 88' lang='lat' dir='ltr'>et</span> <span class='ocrx_word' id='word_1_672' title='bbox 1208 4815 1387 4887; x_wconf 88' lang='lat' dir='ltr'>hujus</span> <span class='ocrx_word' id='word_1_673' title='bbox 1404 4819 1711 4890; x_wconf 68' lang='lat' dir='ltr'>aquaasub-</span> <span class='ocrx_word' id='word_1_674' title='bbox 1890 4827 2042 4877; x_wconf 88' lang='lat' dir='ltr'>Deus</span> <span class='ocrx_word' id='word_1_675' title='bbox 2071 4818 2442 4890; x_wconf 87' lang='lat' dir='ltr'>omnipotens</span> <span class='ocrx_word' id='word_1_676' title='bbox 2455 4820 2512 4872; x_wconf 87' lang='lat' dir='ltr'>et</span> <span class='ocrx_word' id='word_1_677' title='bbox 2530 4816 2697 4871; x_wconf 90' lang='lat' dir='ltr'>Pater</span> <span class='ocrx_word' id='word_1_678' title='bbox 2710 4811 2940 4870; x_wconf 90' lang='lat' dir='ltr'>Domini</span> <span class='ocrx_word' id='word_1_679' title='bbox 2961 4809 3143 4867; x_wconf 87' lang='lat' dir='ltr'>nostri</span> <span class='ocrx_word' id='word_1_680' title='bbox 3157 4809 3298 4865; x_wconf 88' lang='lat' dir='ltr'>Jesu</span> <span class='ocrx_word' id='word_1_681' title='bbox 3311 4806 3472 4862; x_wconf 92' lang='lat' dir='ltr'>Chri-</span> 
     </span>
    </p>
   </div>
   <div class='ocr_carea' id='block_1_54' title="bbox 80 4898 3471 4982">
    <p class='ocr_par' dir='ltr' id='par_1_54' title="bbox 80 4898 3471 4982">
     <span class='ocr_line' id='line_1_54' title="bbox 80 4898 3471 4982; baseline -0 -28"><span class='ocrx_word' id='word_1_682' title='bbox 80 4902 290 4958; x_wconf 75' lang='lat' dir='ltr'>stantia:</span> <span class='ocrx_word' id='word_1_683' title='bbox 319 4902 589 4960; x_wconf 82' lang='lat' dir='ltr'>immisce</span> <span class='ocrx_word' id='word_1_684' title='bbox 619 4904 917 4971; x_wconf 87' lang='lat' dir='ltr'>virtutem,</span> <span class='ocrx_word' id='word_1_685' title='bbox 950 4908 1015 4960; x_wconf 87' lang='lat' dir='ltr'>ut</span> <span class='ocrx_word' id='word_1_686' title='bbox 1039 4904 1315 4964; x_wconf 89' lang='lat' dir='ltr'>abluendi</span> <span class='ocrx_word' id='word_1_687' title='bbox 1350 4922 1454 4978; x_wconf 90' lang='lat' dir='ltr'>per</span> <span class='ocrx_word' id='word_1_688' title='bbox 1473 4923 1601 4963; x_wconf 90' lang='lat' dir='ltr'>eam</span> <span class='ocrx_word' id='word_1_689' title='bbox 1620 4925 1708 4963; x_wconf 87' lang='lat' dir='ltr'>sa-</span> <span class='ocrx_word' id='word_1_690' title='bbox 1818 4911 1915 4979; x_wconf 89' lang='lat' dir='ltr'>sti,</span> <span class='ocrx_word' id='word_1_691' title='bbox 1951 4910 2051 4982; x_wconf 91' lang='lat' dir='ltr'>qui</span> <span class='ocrx_word' id='word_1_692' title='bbox 2085 4913 2139 4963; x_wconf 86' lang='lat' dir='ltr'>te</span> <span class='ocrx_word' id='word_1_693' title='bbox 2200 4906 2559 4979; x_wconf 86' lang='lat' dir='ltr'>regeneravit</span> <span class='ocrx_word' id='word_1_694' title='bbox 2588 4921 2656 4960; x_wconf 84' lang='lat' dir='ltr'>ex</span> <span class='ocrx_word' id='word_1_695' title='bbox 2714 4919 2864 4974; x_wconf 88' lang='lat' dir='ltr'>aqua</span> <span class='ocrx_word' id='word_1_696' title='bbox 2893 4905 2951 4956; x_wconf 91' lang='lat' dir='ltr'>et</span> <span class='ocrx_word' id='word_1_697' title='bbox 2979 4898 3200 4972; x_wconf 88' lang='lat' dir='ltr'>Spiritu</span> <span class='ocrx_word' id='word_1_698' title='bbox 3251 4900 3471 4963; x_wconf 91' lang='lat' dir='ltr'>sancto,</span> 
     </span>
    </p>
   </div>
   <div class='ocr_carea' id='block_1_55' title="bbox 90 4989 3471 5072">
    <p class='ocr_par' dir='ltr' id='par_1_55' title="bbox 90 4989 3471 5072">
     <span class='ocr_line' id='line_1_55' title="bbox 90 4989 3471 5072; baseline -0 -29"><span class='ocrx_word' id='word_1_699' title='bbox 90 4989 315 5053; x_wconf 76' lang='lat' dir='ltr'>nitatem</span> <span class='ocrx_word' id='word_1_700' title='bbox 348 4991 526 5049; x_wconf 90' lang='lat' dir='ltr'>simul</span> <span class='ocrx_word' id='word_1_701' title='bbox 553 4998 610 5049; x_wconf 91' lang='lat' dir='ltr'>et</span> <span class='ocrx_word' id='word_1_702' title='bbox 636 4993 819 5050; x_wconf 88' lang='lat' dir='ltr'>vitam</span> <span class='ocrx_word' id='word_1_703' title='bbox 848 5011 1184 5051; x_wconf 90' lang='lat' dir='ltr'>mereamur</span> <span class='ocrx_word' id='word_1_704' title='bbox 1231 5000 1529 5052; x_wconf 67' lang='lat' dir='ltr'>aeternam.</span> <span class='ocrx_word' id='word_1_705' title='bbox 1584 4997 1707 5053; x_wconf 92' lang='lat' dir='ltr'>Per.</span> <span class='ocrx_word' id='word_1_706' title='bbox 1819 4997 2037 5072; x_wconf 90' lang='lat' dir='ltr'>quique</span> <span class='ocrx_word' id='word_1_707' title='bbox 2070 4994 2342 5051; x_wconf 90' lang='lat' dir='ltr'>dedittibi</span> <span class='ocrx_word' id='word_1_708' title='bbox 2358 4993 2764 5050; x_wconf 88' lang='lat' dir='ltr'>remissionem</span> <span class='ocrx_word' id='word_1_709' title='bbox 2787 4989 3054 5047; x_wconf 90' lang='lat' dir='ltr'>omnium</span> <span class='ocrx_word' id='word_1_710' title='bbox 3074 4990 3471 5060; x_wconf 88' lang='lat' dir='ltr'>peccatorum,</span> 
     </span>
    </p>
   </div>
   <div class='ocr_carea' id='block_1_56' title="bbox 614 5076 3475 5161">
    <p class='ocr_par' dir='ltr' id='par_1_56' title="bbox 614 5076 3475 5161">
     <span class='ocr_line' id='line_1_56' title="bbox 614 5076 3475 5161; baseline -0.002 -23"><span class='ocrx_word' id='word_1_711' title='bbox 614 5084 964 5139; x_wconf 71' lang='lat' dir='ltr'>Exoreismus</span> <span class='ocrx_word' id='word_1_712' title='bbox 988 5099 1170 5156; x_wconf 67' lang='lat' dir='ltr'>aquae.</span> <span class='ocrx_word' id='word_1_713' title='bbox 1819 5089 1947 5161; x_wconf 92' lang='lat' dir='ltr'>ipse</span> <span class='ocrx_word' id='word_1_714' title='bbox 1975 5092 2031 5142; x_wconf 90' lang='lat' dir='ltr'>te</span> <span class='ocrx_word' id='word_1_715' title='bbox 2063 5084 2229 5140; x_wconf 91' lang='lat' dir='ltr'>liniat</span> <span class='ocrx_word' id='word_1_716' title='bbox 2283 5083 2601 5139; x_wconf 87' lang='lat' dir='ltr'>chrismate</span> <span class='ocrx_word' id='word_1_717' title='bbox 2661 5079 2873 5137; x_wconf 89' lang='lat' dir='ltr'>salutis</span> <span class='ocrx_word' id='word_1_718' title='bbox 2928 5078 2989 5133; x_wconf 91' lang='lat' dir='ltr'>in</span> <span class='ocrx_word' id='word_1_719' title='bbox 3045 5076 3275 5133; x_wconf 89' lang='lat' dir='ltr'>Christo</span> <span class='ocrx_word' id='word_1_720' title='bbox 3331 5076 3475 5132; x_wconf 89' lang='lat' dir='ltr'>Jesu</span> 
     </span>
    </p>
   </div>
   <div class='ocr_carea' id='block_1_57' title="bbox 145 5166 3471 5245">
    <p class='ocr_par' dir='ltr' id='par_1_57' title="bbox 145 5166 3471 5245">
     <span class='ocr_line' id='line_1_57' title="bbox 145 5166 3471 5245; baseline -0.001 -22"><span class='ocrx_word' id='word_1_721' title='bbox 145 5166 410 5227; x_wconf 83' lang='lat' dir='ltr'>Exorcizo</span> <span class='ocrx_word' id='word_1_722' title='bbox 443 5174 522 5240; x_wconf 92' lang='lat' dir='ltr'>te,</span> <span class='ocrx_word' id='word_1_723' title='bbox 555 5176 823 5228; x_wconf 87' lang='lat' dir='ltr'>creatura</span> <span class='ocrx_word' id='word_1_724' title='bbox 851 5189 1037 5245; x_wconf 73' lang='lat' dir='ltr'>aquae,</span> <span class='ocrx_word' id='word_1_725' title='bbox 1072 5174 1130 5229; x_wconf 90' lang='lat' dir='ltr'>in</span> <span class='ocrx_word' id='word_1_726' title='bbox 1159 5174 1396 5230; x_wconf 89' lang='lat' dir='ltr'>nomine</span> <span class='ocrx_word' id='word_1_727' title='bbox 1428 5179 1456 5240; x_wconf 67' lang='lat' dir='ltr'>t</span> <span class='ocrx_word' id='word_1_728' title='bbox 1494 5176 1587 5232; x_wconf 89' lang='lat' dir='ltr'>Dei</span> <span class='ocrx_word' id='word_1_729' title='bbox 1612 5176 1713 5231; x_wconf 84' lang='lat' dir='ltr'>Pa-</span> <span class='ocrx_word' id='word_1_730' title='bbox 1826 5176 2069 5233; x_wconf 89' lang='lat' dir='ltr'>Domino</span> <span class='ocrx_word' id='word_1_731' title='bbox 2101 5178 2319 5230; x_wconf 88' lang='lat' dir='ltr'>nostro.</span> <span class='ocrx_word' id='word_1_732' title='bbox 2354 5173 2470 5227; x_wconf 82' lang='lat' dir='ltr'>Pax</span> <span class='ocrx_word' id='word_1_733' title='bbox 2502 5170 2607 5226; x_wconf 90' lang='lat' dir='ltr'>tibi</span> <span class='ocrx_word' id='word_1_734' title='bbox 2633 5169 2695 5225; x_wconf 90' lang='lat' dir='ltr'>in</span> <span class='ocrx_word' id='word_1_735' title='bbox 2725 5169 2906 5224; x_wconf 89' lang='lat' dir='ltr'>vitam</span> <span class='ocrx_word' id='word_1_736' title='bbox 2938 5171 3239 5223; x_wconf 69' lang='lat' dir='ltr'>aeternam.</span> <span class='ocrx_word' id='word_1_737' title='bbox 3266 5167 3471 5221; x_wconf 84' lang='lat' dir='ltr'>Amen.</span> 
     </span>
    </p>
   </div>
   <div class='ocr_carea' id='block_1_58' title="bbox 86 5255 3275 5332">
    <p class='ocr_par' dir='ltr' id='par_1_58' title="bbox 86 5255 3275 5332">
     <span class='ocr_line' id='line_1_58' title="bbox 86 5255 3275 5332; baseline 0 -23"><span class='ocrx_word' id='word_1_738' title='bbox 86 5255 181 5310; x_wconf 85' lang='lat' dir='ltr'>tris</span> <span class='ocrx_word' id='word_1_739' title='bbox 208 5260 645 5332; x_wconf 83' lang='lat' dir='ltr'>omnipotentis,</span> <span class='ocrx_word' id='word_1_740' title='bbox 678 5265 735 5316; x_wconf 89' lang='lat' dir='ltr'>et</span> <span class='ocrx_word' id='word_1_741' title='bbox 764 5260 823 5316; x_wconf 92' lang='lat' dir='ltr'>in</span> <span class='ocrx_word' id='word_1_742' title='bbox 878 5262 1114 5317; x_wconf 88' lang='lat' dir='ltr'>nomine</span> <span class='ocrx_word' id='word_1_743' title='bbox 1154 5263 1292 5319; x_wconf 85' lang='lat' dir='ltr'>Jesu</span> <span class='ocrx_word' id='word_1_744' title='bbox 1325 5264 1538 5321; x_wconf 88' lang='lat' dir='ltr'>Christi</span> <span class='ocrx_word' id='word_1_745' title='bbox 1586 5266 1712 5321; x_wconf 88' lang='lat' dir='ltr'>Filii</span> <span class='ocrx_word' id='word_1_746' title='bbox 2023 5265 2235 5320; x_wconf 81' lang='lat' dir='ltr'>[NCIPIT</span> <span class='ocrx_word' id='word_1_747' title='bbox 2272 5278 2421 5318; x_wconf 80' lang='lat' dir='ltr'>oano</span> <span class='ocrx_word' id='word_1_748' title='bbox 2459 5277 2532 5316; x_wconf 81' lang='lat' dir='ltr'>AD</span> <span class='ocrx_word' id='word_1_749' title='bbox 2574 5274 2980 5315; x_wconf 72' lang='lat' dir='ltr'>POENITENTIAM</span> <span class='ocrx_word' id='word_1_750' title='bbox 3021 5272 3275 5311; x_wconf 81' lang='lat' dir='ltr'>DANDAM.</span> 
     </span>
    </p>
   </div>
   <div class='ocr_carea' id='block_1_59' title="bbox 87 5340 3479 5425">
    <p class='ocr_par' dir='ltr' id='par_1_59' title="bbox 87 5340 3479 5425">
     <span class='ocr_line' id='line_1_59' title="bbox 87 5340 3479 5425; baseline -0.002 -24"><span class='ocrx_word' id='word_1_751' title='bbox 87 5343 202 5413; x_wconf 82' lang='lat' dir='ltr'>ejus</span> <span class='ocrx_word' id='word_1_752' title='bbox 230 5352 283 5414; x_wconf 60' lang='grc' dir='ltr'>τι,</span> <span class='ocrx_word' id='word_1_753' title='bbox 311 5351 366 5404; x_wconf 90' lang='lat' dir='ltr'>et</span> <span class='ocrx_word' id='word_1_754' title='bbox 397 5350 456 5404; x_wconf 91' lang='lat' dir='ltr'>in</span> <span class='ocrx_word' id='word_1_755' title='bbox 486 5348 700 5405; x_wconf 87' lang='lat' dir='ltr'>virtute</span> <span class='ocrx_word' id='word_1_756' title='bbox 731 5350 986 5422; x_wconf 90' lang='lat' dir='ltr'>Spiritus</span> <span class='ocrx_word' id='word_1_757' title='bbox 1012 5349 1267 5422; x_wconf 67' lang='lat' dir='ltr'>sanctit,</span> <span class='ocrx_word' id='word_1_758' title='bbox 1299 5357 1367 5409; x_wconf 88' lang='lat' dir='ltr'>ut</span> <span class='ocrx_word' id='word_1_759' title='bbox 1397 5355 1589 5411; x_wconf 88' lang='lat' dir='ltr'>omnis</span> <span class='ocrx_word' id='word_1_760' title='bbox 1607 5354 1717 5410; x_wconf 89' lang='lat' dir='ltr'>vir-</span> <span class='ocrx_word' id='word_1_761' title='bbox 1896 5356 1959 5409; x_wconf 85' lang='lat' dir='ltr'>In</span> <span class='ocrx_word' id='word_1_762' title='bbox 1982 5354 2182 5425; x_wconf 85' lang='lat' dir='ltr'>primis</span> <span class='ocrx_word' id='word_1_763' title='bbox 2211 5352 2345 5407; x_wconf 81' lang='lat' dir='ltr'>dicit</span> <span class='ocrx_word' id='word_1_764' title='bbox 2368 5348 2615 5405; x_wconf 85' lang='lat' dir='ltr'>sacerdos</span> <span class='ocrx_word' id='word_1_765' title='bbox 2649 5363 2663 5402; x_wconf 89' lang='lat'><strong>:</strong></span> <span class='ocrx_word' id='word_1_766' title='bbox 2722 5346 2969 5402; x_wconf 88' lang='lat' dir='ltr'>Domine</span> <span class='ocrx_word' id='word_1_767' title='bbox 3008 5344 3164 5399; x_wconf 89' lang='lat' dir='ltr'>Deus</span> <span class='ocrx_word' id='word_1_768' title='bbox 3211 5340 3479 5411; x_wconf 87' lang='lat' dir='ltr'>omnipo-</span> 
     </span>
    </p>
   </div>
   <div class='ocr_carea' id='block_1_60' title="bbox 84 5431 3483 5516">
    <p class='ocr_par' dir='ltr' id='par_1_60' title="bbox 84 5431 3483 5516">
     <span class='ocr_line' id='line_1_60' title="bbox 84 5431 3483 5516; baseline -0 -32"><span class='ocrx_word' id='word_1_769' title='bbox 84 5432 171 5488; x_wconf 85' lang='lat' dir='ltr'>tus</span> <span class='ocrx_word' id='word_1_770' title='bbox 200 5435 532 5503; x_wconf 68' lang='lat' dir='ltr'>adverdarii,</span> <span class='ocrx_word' id='word_1_771' title='bbox 565 5442 622 5494; x_wconf 87' lang='lat' dir='ltr'>et</span> <span class='ocrx_word' id='word_1_772' title='bbox 650 5439 844 5494; x_wconf 90' lang='lat' dir='ltr'>omnis</span> <span class='ocrx_word' id='word_1_773' title='bbox 877 5439 1136 5495; x_wconf 90' lang='lat' dir='ltr'>incursio</span> <span class='ocrx_word' id='word_1_774' title='bbox 1151 5444 1400 5509; x_wconf 78' lang='lat' dir='ltr'>Satanae,</span> <span class='ocrx_word' id='word_1_775' title='bbox 1428 5459 1717 5516; x_wconf 90' lang='lat' dir='ltr'>omneque</span> <span class='ocrx_word' id='word_1_776' title='bbox 1825 5446 1981 5509; x_wconf 87' lang='lat' dir='ltr'>tens,</span> <span class='ocrx_word' id='word_1_777' title='bbox 2015 5441 2307 5514; x_wconf 87' lang='lat' dir='ltr'>prOpitius</span> <span class='ocrx_word' id='word_1_778' title='bbox 2338 5443 2463 5494; x_wconf 91' lang='lat' dir='ltr'>esto</span> <span class='ocrx_word' id='word_1_779' title='bbox 2496 5436 2640 5492; x_wconf 89' lang='lat' dir='ltr'>mihi</span> <span class='ocrx_word' id='word_1_780' title='bbox 2676 5434 2986 5507; x_wconf 90' lang='lat' dir='ltr'>peccatori,</span> <span class='ocrx_word' id='word_1_781' title='bbox 3021 5436 3086 5487; x_wconf 89' lang='lat' dir='ltr'>ut</span> <span class='ocrx_word' id='word_1_782' title='bbox 3118 5431 3295 5501; x_wconf 85' lang='lat' dir='ltr'>digne</span> <span class='ocrx_word' id='word_1_783' title='bbox 3341 5444 3483 5499; x_wconf 87' lang='lat' dir='ltr'>pos-</span> 
     </span>
    </p>
   </div>
   <div class='ocr_carea' id='block_1_61' title="bbox 88 5519 3487 5604">
    <p class='ocr_par' dir='ltr' id='par_1_61' title="bbox 88 5519 3487 5604">
     <span class='ocr_line' id='line_1_61' title="bbox 88 5519 3487 5604; baseline -0.002 -28"><span class='ocrx_word' id='word_1_784' title='bbox 88 5519 425 5591; x_wconf 84' lang='lat' dir='ltr'>phantasma</span> <span class='ocrx_word' id='word_1_785' title='bbox 451 5526 769 5592; x_wconf 88' lang='lat' dir='ltr'>eradicare,</span> <span class='ocrx_word' id='word_1_786' title='bbox 799 5531 858 5583; x_wconf 90' lang='lat' dir='ltr'>et</span> <span class='ocrx_word' id='word_1_787' title='bbox 897 5527 1231 5600; x_wconf 83' lang='lat' dir='ltr'>explantare</span> <span class='ocrx_word' id='word_1_788' title='bbox 1274 5534 1331 5585; x_wconf 89' lang='lat' dir='ltr'>et</span> <span class='ocrx_word' id='word_1_789' title='bbox 1360 5531 1616 5604; x_wconf 77' lang='lat' dir='ltr'>effugare</span> <span class='ocrx_word' id='word_1_790' title='bbox 1647 5533 1719 5587; x_wconf 86' lang='lat' dir='ltr'>ab</span> <span class='ocrx_word' id='word_1_791' title='bbox 1827 5532 1941 5587; x_wconf 90' lang='lat' dir='ltr'>sim</span> <span class='ocrx_word' id='word_1_792' title='bbox 1973 5530 2080 5585; x_wconf 89' lang='lat' dir='ltr'>tibi</span> <span class='ocrx_word' id='word_1_793' title='bbox 2115 5528 2332 5601; x_wconf 83' lang='lat' dir='ltr'>gratias</span> <span class='ocrx_word' id='word_1_794' title='bbox 2364 5543 2553 5599; x_wconf 86' lang='lat' dir='ltr'>agere,</span> <span class='ocrx_word' id='word_1_795' title='bbox 2585 5524 2792 5594; x_wconf 92' lang='lat' dir='ltr'>quime</span> <span class='ocrx_word' id='word_1_796' title='bbox 2811 5521 3120 5592; x_wconf 87' lang='lat' dir='ltr'>indignum</span> <span class='ocrx_word' id='word_1_797' title='bbox 3145 5522 3201 5573; x_wconf 85' lang='lat' dir='ltr'>et</span> <span class='ocrx_word' id='word_1_798' title='bbox 3225 5520 3487 5588; x_wconf 88' lang='lat' dir='ltr'>peccato-</span> 
     </span>
    </p>
   </div>
   <div class='ocr_carea' id='block_1_62' title="bbox 84 5606 3487 5689">
    <p class='ocr_par' dir='ltr' id='par_1_62' title="bbox 84 5606 3487 5689">
     <span class='ocr_line' id='line_1_62' title="bbox 84 5606 3487 5689; baseline -0.001 -26"><span class='ocrx_word' id='word_1_799' title='bbox 84 5606 183 5665; x_wconf 77' lang='lat' dir='ltr'>hac</span> <span class='ocrx_word' id='word_1_800' title='bbox 207 5617 469 5671; x_wconf 85' lang='lat' dir='ltr'>creatura</span> <span class='ocrx_word' id='word_1_801' title='bbox 497 5631 682 5687; x_wconf 77' lang='lat' dir='ltr'>aquae,</span> <span class='ocrx_word' id='word_1_802' title='bbox 717 5620 784 5672; x_wconf 89' lang='lat' dir='ltr'>ut</span> <span class='ocrx_word' id='word_1_803' title='bbox 815 5616 894 5672; x_wconf 90' lang='lat' dir='ltr'>sit</span> <span class='ocrx_word' id='word_1_804' title='bbox 924 5617 1055 5672; x_wconf 80' lang='lat' dir='ltr'>fons</span> <span class='ocrx_word' id='word_1_805' title='bbox 1083 5634 1247 5689; x_wconf 66' lang='lat' dir='ltr'>aquae</span> <span class='ocrx_word' id='word_1_806' title='bbox 1270 5619 1538 5676; x_wconf 89' lang='lat' dir='ltr'>salientis</span> <span class='ocrx_word' id='word_1_807' title='bbox 1561 5621 1621 5676; x_wconf 89' lang='lat' dir='ltr'>in</span> <span class='ocrx_word' id='word_1_808' title='bbox 1642 5621 1723 5676; x_wconf 91' lang='lat' dir='ltr'>vi-</span> <span class='ocrx_word' id='word_1_809' title='bbox 1832 5635 1954 5675; x_wconf 90' lang='lat' dir='ltr'>rem</span> <span class='ocrx_word' id='word_1_810' title='bbox 1994 5619 2064 5673; x_wconf 89' lang='lat' dir='ltr'>ad</span> <span class='ocrx_word' id='word_1_811' title='bbox 2100 5616 2494 5673; x_wconf 89' lang='lat' dir='ltr'>ministerium</span> <span class='ocrx_word' id='word_1_812' title='bbox 2517 5617 2687 5667; x_wconf 90' lang='lat' dir='ltr'>tuum</span> <span class='ocrx_word' id='word_1_813' title='bbox 2703 5625 2909 5664; x_wconf 88' lang='lat' dir='ltr'>vocare</span> <span class='ocrx_word' id='word_1_814' title='bbox 2931 5608 3208 5678; x_wconf 87' lang='lat' dir='ltr'>dignatus</span> <span class='ocrx_word' id='word_1_815' title='bbox 3226 5608 3377 5673; x_wconf 88' lang='lat' dir='ltr'>es,et</span> <span class='ocrx_word' id='word_1_816' title='bbox 3394 5620 3487 5660; x_wconf 88' lang='lat' dir='ltr'>me</span> 
     </span>
    </p>
   </div>
   <div class='ocr_carea' id='block_1_63' title="bbox 88 5692 3491 5779">
    <p class='ocr_par' dir='ltr' id='par_1_63' title="bbox 88 5692 3491 5779">
     <span class='ocr_line' id='line_1_63' title="bbox 88 5692 3491 5779; baseline -0.003 -23"><span class='ocrx_word' id='word_1_817' title='bbox 88 5692 203 5756; x_wconf 78' lang='lat' dir='ltr'>tam</span> <span class='ocrx_word' id='word_1_818' title='bbox 227 5705 522 5770; x_wconf 61' lang='lat' dir='ltr'>aeternam,</span> <span class='ocrx_word' id='word_1_819' title='bbox 556 5709 621 5761; x_wconf 89' lang='lat' dir='ltr'>ut</span> <span class='ocrx_word' id='word_1_820' title='bbox 651 5704 784 5777; x_wconf 91' lang='lat' dir='ltr'>quis</span> <span class='ocrx_word' id='word_1_821' title='bbox 816 5721 886 5761; x_wconf 80' lang='lat' dir='ltr'>ex</span> <span class='ocrx_word' id='word_1_822' title='bbox 915 5721 982 5762; x_wconf 88' lang='lat' dir='ltr'>ea</span> <span class='ocrx_word' id='word_1_823' title='bbox 1014 5706 1342 5779; x_wconf 86' lang='lat' dir='ltr'>baptizatus</span> <span class='ocrx_word' id='word_1_824' title='bbox 1382 5708 1576 5779; x_wconf 87' lang='lat' dir='ltr'>fuerit,</span> <span class='ocrx_word' id='word_1_825' title='bbox 1626 5710 1729 5765; x_wconf 85' lang='lat' dir='ltr'>ﬁat</span> <span class='ocrx_word' id='word_1_826' title='bbox 1833 5706 2120 5779; x_wconf 81' lang='lat' dir='ltr'>exiguum</span> <span class='ocrx_word' id='word_1_827' title='bbox 2167 5710 2225 5760; x_wconf 84' lang='lat' dir='ltr'>et</span> <span class='ocrx_word' id='word_1_828' title='bbox 2272 5702 2559 5759; x_wconf 88' lang='lat' dir='ltr'>humilem</span> <span class='ocrx_word' id='word_1_829' title='bbox 2616 5695 2974 5754; x_wconf 88' lang='lat' dir='ltr'>constituisti</span> <span class='ocrx_word' id='word_1_830' title='bbox 3033 5693 3390 5750; x_wconf 90' lang='lat' dir='ltr'>intercedere</span> <span class='ocrx_word' id='word_1_831' title='bbox 3420 5692 3491 5747; x_wconf 90' lang='lat' dir='ltr'>ad</span> 
     </span>
    </p>
   </div>
  </div>
