3920 6208
350 431 472 497 915

1545 427 1735 490 SEC.
1780 423 1858 486 XI
1901 417 2214 484 MONUM.
2257 415 2575 483 LITURG.

3645 403 3772 466 916

345 563 662 624 Dominum
677 562 1452 622 nostrumJesumChristum
1471 569 1570 632 pro
1587 555 1982 631 peccantibus.
2013 550 2070 619 Α
2097 553 2170 610 de
2199 555 2301 610 tua
2326 549 2724 608 misericordia
2754 547 3054 605 confidens
3085 541 3158 600 ad
3192 544 3415 599 reterns
3445 537 3677 614 gaudia
3706 540 3766 594 te

345 656 624 728 Ideoque,
656 655 989 710 dominator
1019 653 1282 720 Domine,
1317 651 1416 724 qui
1467 664 1672 705 omnes
1719 643 1986 701 homines

339 744 428 801 vis
456 743 647 800 salvos
677 743 826 809 ﬁeri,
855 746 917 798 et
943 743 1017 798 ad
1058 741 1415 814 agnitionem
1466 736 1726 791 veritatis
1769 733 1984 800 venire,

341 833 442 906 qui
473 850 590 890 non
620 831 708 888 vis
736 834 985 887 mortem
1017 835 1408 903 peccatorum,
1431 827 1530 882 sed
1565 829 1626 880 ut
1657 827 1992 880 convertan-

340 925 440 978 tur
467 925 525 978 et
580 921 799 986 vivant,
859 919 1091 992 suscipe
1148 917 1474 973 orationem
1533 929 1748 980 meam,
1809 927 1989 984 quam

339 1011 488 1068 facio
519 1012 654 1066 ante
685 1011 1060 1080 conspectum
1095 1011 1263 1062 tuum
1309 1021 1412 1078 pro
1461 1019 1551 1058 me
1608 1005 1908 1075 peccatore
1935 1003 1992 1054 et

342 1116 448 1172 pro
479 1097 634 1166 aliis,
668 1097 770 1170 qui
795 1097 869 1152 ad
899 1095 1304 1168 paenitentiam
1327 1093 1399 1149 ad
1433 1109 1525 1148 me
1553 1091 1814 1160 veniunt,
1862 1087 1990 1146 Sal-

343 1191 529 1244 vetor.

415 1278 756 1345 Interrogat:
790 1273 992 1330 Credis
1024 1273 1080 1328 in
1113 1273 1297 1329 Deum
1351 1271 1576 1326 Patrem
1627 1268 1995 1340 omnipoten-

347 1365 486 1430 tem,
519 1367 578 1420 et
606 1361 840 1430 Filium,
873 1366 930 1416 et
960 1359 1241 1433 Spiritum
1272 1365 1540 1416 sanctum
1565 1359 1593 1413 ?
1614 1359 1672 1426 Ii}.
1707 1357 1908 1412 Credo.

417 1469 620 1526 Credis
647 1469 804 1541 quod
837 1468 894 1523 in
927 1467 1040 1523 ista
1085 1484 1278 1534 carne,
1311 1467 1370 1521 in
1419 1483 1537 1536 qua
1585 1481 1740 1520 nunc
1787 1481 1870 1530 es,
1903 1481 1998 1518 re-

351 1574 593 1631 surgere
622 1557 804 1612 habes
836 1556 894 1611 in
927 1556 1020 1611 die
1045 1555 1273 1626 judicii,
1308 1559 1365 1610 et
1395 1554 1648 1626 recipere
1681 1553 1834 1626 quod
1868 1569 1998 1625 ges-

353 1646 485 1705 sisti
517 1646 638 1702 sive
666 1645 912 1709 bonum,
944 1643 1063 1700 sive
1095 1642 1317 1699 malum
1336 1643 1364 1698 ?
1395 1645 1432 1709 ιῖ
1464 1643 1666 1698 Credo.

426 1735 526 1791 Vis
554 1733 848 1790 dimittere
878 1731 1018 1799 illis,
1050 1732 1151 1804 qui
1183 1732 1240 1786 in
1260 1736 1317 1787 te
1348 1735 1750 1804 peccaverunt,
1775 1729 2002 1786 dicente

355 1822 640 1880 Domino:
673 1820 734 1878 Si
773 1838 890 1877 non
942 1820 1288 1876 remiseritis
1333 1824 1572 1892 peccata
1615 1819 1999 1888 hominibus;

2097 645 2432 716 protegente
2464 639 2782 712 perveniat.
2816 637 2941 692 Per.

2167 714 2291 786 Alia
2315 731 2512 786 oratio.
2571 727 2937 797 Majestatem
2991 727 3178 788 tuam,
3233 717 3482 774 Domine
3525 714 3758 784 ‘ancte,

2098 819 2266 874 Pater
2296 817 2690 889 omnipotens,
2741 819 2952 868 aeterne
3005 811 3160 866 Deus
3207 807 3308 880 qui
3351 822 3470 862 non
3501 808 3760 861 mortem

2097 907 2184 962 vis
2213 909 2604 980 peccatorum,
2637 903 2740 960 sed
2769 901 2948 956 vitam
2981 913 3216 971 semper
3239 893 3516 968 inquiris,
3548 897 3606 950 te
3630 910 3773 966 sup-

2099 995 2326 1068 pliciter
2353 1010 2686 1060 exoramus,
2724 991 2945 1062 respice
2977 989 3215 1044 flentem
3246 981 3538 1041 famulum
3587 985 3769 1038 tuum

2101 1084 2173 1140 ad
2205 1088 2260 1140 te
2291 1085 2670 1156 prostratum,
2705 1081 2951 1152 ejusque
3007 1075 3312 1150 planctum
3369 1073 3428 1128 in
3461 1071 3755 1145 gaudium

2102 1177 2214 1229 tuae
2247 1169 2644 1228 miserationis
2675 1171 2980 1233 converte;
3015 1164 3214 1221 scinde
3243 1161 3590 1219 delictorum
3635 1175 3771 1215 sac-

2104 1279 2260 1322 cum.
2295 1266 2352 1318 et
2379 1261 2554 1315 indue
2576 1275 2710 1312 eum
2741 1253 3360 1322 laetitiamsalutarem,
3393 1257 3456 1306 ut
3487 1254 3622 1322 post
3643 1248 3774 1304 lon-

2105 1367 2240 1425 gam
2297 1346 2787 1422 peregrinationis
2844 1345 3058 1400 famem
3093 1342 3163 1396 de
3219 1338 3440 1396 sanctis
3469 1337 3771 1394 altaribus

2105 1441 2370 1504 satietur,
2403 1438 2704 1510 ingressus
2736 1431 3076 1490 cubiculum
3110 1429 3287 1502 Regis
3319 1429 3377 1483 in
3409 1427 3602 1501 ipsius
3629 1434 3774 1484 aula

2105 1528 2410 1584 bonedicat
2435 1542 2644 1582 nomen
2704 1522 2900 1596 gloria:
2950 1524 3084 1577 ture.
3147 1519 3253 1574 Per
3303 1517 3622 1574 Dominum
3657 1533 3766 1572 no-

2111 1622 2325 1674 strum.

2181 1707 2514 1762 Benedictio.
2548 1702 2860 1761 Benedicat
2887 1700 2992 1756 tibi
3028 1697 3312 1756 Dominus
3367 1696 3771 1769 omnipotens,

2109 1801 2167 1852 et
2196 1795 2489 1852 custodiat
2517 1799 2593 1849 te.
2625 1793 2908 1854 Ostendat
2929 1788 3215 1846 Dominus
3235 1785 3436 1842 faciem
3451 1783 3774 1849 tuam‘tibi,

357 1873 890 1968 asseasse;
911 1873 1175 1966 dimittet
1193 1873 1361 1966 ista;
1385 1873 1643 1981 sese.
1666 1873 1920 1966 ista
1937 1873 1999 1977 ii:
2037 1917 2085 1982 Β
2115 1890 2171 1982 et
2200 1882 2671 1982 131i_89r_e§1turt-ui-
2693 1873 3534 1938 convertatDominusvu'tum
3559 1888 3775 1970 διξιιωι

357 2000 524 2057 Volo.

430 2087 585 2142 Dicat
607 2103 627 2142 :
654 2085 718 2140 ln
749 2101 961 2140 manus
993 2089 1148 2150 tuas,
1179 2084 1437 2152 Domine,
1473 2086 1817 2140 commendo
1841 2085 2009 2158 spiri-

359 2181 486 2234 tum
519 2189 737 2230 meum.
771 2174 958 2229 Tribus
1007 2174 1213 2229 vicibus
1261 2175 1569 2246 capitulum
1613 2175 2004 2246 suscepimus,

362 2268 536 2331 Deus,
569 2261 1033 2320 misericordiam
1064 2265 1226 2318 tuam
1258 2279 1428 2335 usque
1457 2263 1690 2318 dextera
1712 2267 1831 2331 tua,
1858 2265 2004 2319 Psul:

363 2353 612 2426 Magnus
654 2351 956 2407 Dominus.
1009 2349 1222 2406 Gloria.
1275 2351 1464 2425 Kyrie,
1514 2351 1763 2419 Christe,
1817 2353 2006 2425 Kyrie,

363 2442 532 2499 Pater
561 2443 778 2497 noster.
810 2440 878 2495 Et
908 2455 1000 2494 ne.
1055 2440 1372 2512 Capilulum
1421 2444 1770 2507 convertere,
1833 2441 2009 2510 Deus,

361 2527 814 2603 aliquantulum.
852 2529 920 2584 Et
948 2528 1278 2600 deprecare.
1327 2528 1528 2585 Salvos
1589 2529 1678 2584 fac
1725 2547 1922 2586 servos
1955 2534 2012 2586 et

369 2617 616 2676 ancillas
644 2622 798 2685 tuas,
833 2620 984 2672 Deus
1016 2633 1203 2672 meus.
1231 2616 1387 2672 Nihil
1419 2617 1685 2689 proﬁciat
1715 2618 2010 2674 inimicus.

369 2709 440 2765 Et
494 2706 653 2763 filius
709 2704 1060 2777 iniquitatis.
1123 2704 1286 2760 Mitte
1360 2707 1433 2776 ei,
1495 2707 1670 2775 Deus,
1730 2707 2014 2764 auxilium

371 2797 443 2852 de
473 2799 700 2852 sancto.
733 2795 803 2850 Et
824 2794 896 2848 de
927 2793 1084 2848 Sion.
1126 2793 1390 2862 Domine,
1443 2797 1649 2850 exaudi
1700 2795 2017 2852 orationem

371 2899 586 2944 meam.
619 2883 686 2938 Et
713 2881 935 2938 clamor
992 2897 1179 2938 meus.
1239 2883 1521 2939 Dominus
1565 2884 1890 2942 vobiscum.
1949 2888 2020 2942 Et

376 2989 534 3030 cum.

451 3063 656 3119 Oratio.
688 3060 992 3134 Suscipere
1021 3061 1301 3134 digneris,
1326 3061 1571 3118 Domine
1601 3069 1820 3135 sancte,
1855 3069 2023 3122 Pater

380 3148 771 3222 omnipotens,
802 3153 1012 3205 aeterne
1030 3149 1374 3216 Deus,hune
1403 3151 1691 3209 famulum
1712 3157 1901 3223 tuum,
1921 3155 2022 3228 qui

380 3239 535 3296 viam
565 3237 779 3295 erroris
808 3237 1100 3294 dimittere
1140 3239 1318 3312 cupit,
1371 3243 1428 3296 et
1457 3241 1527 3296 ad
1561 3242 1715 3297 viam
1763 3243 2024 3300 veritatis

2115 1979 2173 2032 et
2202 1975 2298 2030 det
2325 1973 2432 2028 tibi
2463 1989 2689 2045 pacem.

2186 2065 2310 2119 Atia
2361 2061 2673 2118 benedictio.
2736 2056 3050 2114 Benedicat
3104 2054 3210 2111 tibi
3271 2051 3559 2110 Dominus
3614 2051 3778 2107 Deus

2116 2152 2510 2224 omnipotens,
2555 2153 2612 2205 et
2658 2145 2950 2204 custodiat
2992 2149 3070 2209 te,
3103 2147 3162 2200 et
3187 2157 3293 2216 per
3340 2139 3774 2197 abundantiam

2119 2239 2306 2298 sancti
2336 2239 2590 2312 Spiritus
2620 2255 2719 2292 cor
2748 2240 2914 2291 tuum
2934 2231 3288 2298 corroboret,
3323 2234 3583 2286 mentem
3609 2231 3775 2283 tuam

2119 2329 2465 2394 sanctificat,
2503 2327 2681 2382 vitam
2741 2323 3080 2396 amplificet,
3140 2318 3552 2376 castimoniam
3600 2317 3776 2372 deco-

2123 2422 2225 2482 ret,
2259 2423 2431 2490 atque
2460 2432 2670 2472 sensus
2700 2418 2832 2470 tuos
2856 2413 2916 2468 in
2955 2411 3126 2466 bonis
3180 2407 3455 2480 operibus
3499 2405 3783 2462 informet

2122 2505 2652 2582 prosperatribuat,
2669 2519 2870 2576 pacem
2894 2499 3192 2566 concedat,
3213 2496 3464 2554 salutem
3485 2495 3774 2562 conferat,

2124 2597 2379 2670 quietem
2413 2595 2653 2664 nutriat,
2685 2591 3027 2647 charitatem
3061 2588 3266 2650 foveat,
3298 2589 3356 2641 et
3383 2585 3458 2640 ab
3488 2583 3774 2640 omnibus

2125 2685 2430 2741 diabolicis
2461 2689 2517 2739 et
2545 2681 2820 2738 humanis
2851 2677 3086 2734 insidiis
3113 2692 3221 2732 sua
3251 2678 3308 2730 te
3353 2689 3588 2746 semper
3635 2687 3778 2744 pro-

2124 2774 2372 2830 tectione
2403 2773 2694 2839 defendat,
2725 2775 2789 2826 ut
2819 2766 3102 2842 quidquid
3147 2765 3218 2820 ab
3253 2780 3318 2820 eo
3365 2760 3778 2835 postulaveris,

2128 2864 2443 2920 clementer
2472 2861 2767 2927 concedat,
2801 2857 3029 2914 auferat
3055 2850 3257 2910 omnia
3286 2851 3442 2908 mala
3481 2866 3613 2923 quae
3643 2866 3780 2922 ges-

2131 2952 2278 3022 sisti,
2313 2956 2370 3008 et
2397 2950 2618 3006 tribuat
2645 2948 2750 3003 tibi
2782 2944 3050 3020 gratiam,
3075 2958 3251 3016 quam
3271 2957 3504 3012 semper
3533 2939 3782 3011 rogasti.

2131 3042 2239 3108 Qui
2268 3041 2434 3096 vivis.

2205 3129 2410 3187 Deinde
2464 3128 2752 3182 admoneat
2798 3141 2925 3180 eum
2955 3129 3004 3177 et
3031 3121 3211 3177 dicat:
3276 3119 3444 3174 Pater
3502 3121 3710 3174 noster"
3736 3125 3792 3172 et

2133 3221 2314 3278 Credo
2343 3217 2402 3274 in
2435 3217 2639 3273 Deum.
2673 3213 2876 3270 Deinde
2902 3213 3072 3284 faciat
3099 3226 3222 3265 eum
3251 3207 3495 3264 sacerdos
3533 3208 3792 3279 conﬁteri

567 3285 778 3295 νην---
1141 3285 1318 3312 -..,..-,
1372 3285 1428 3296 ν.
1457 3285 1527 3296 ...υ
1574 3285 1715 3297 ua.-.
1773 3285 2005 3300 .ν........

383 3341 615 3384 currere
645 3326 972 3384 desiderat:
1009 3332 1472 3401 praesta.quaeso,
1502 3330 1768 3398 Domine,
1793 3337 1857 3388 ut
1877 3331 1999 3388 sicu

2213 3323 2466 3364 accusare
2489 3306 2554 3360 de
2573 3305 2807 3377 peccatis
2825 3304 2960 3358 suis.

385 3433 522 3474 eum
550 3433 620 3474 ex
647 3433 801 3490 aqua
823 3420 882 3472 et
909 3417 1127 3488 Spiritu
1159 3423 1359 3473 sancto
1386 3418 1537 3474 dono
1568 3425 1678 3474 tuze
1708 3421 1907 3492 gratiae
1941 3439 2027 3477 re-

385 3521 662 3580 generare
691 3505 966 3578 dignatus
993 3522 1076 3574 es,
1111 3505 1192 3561 ita
1218 3507 1469 3562 concede
1494 3507 1807 3580 propitius,
1844 3514 1904 3564 ut
1927 3527 2030 3582 per

386 3611 582 3652 veram
609 3598 992 3666 sanctamque
1030 3595 1454 3651 confessionem
1502 3602 1714 3653 sanctae
1761 3598 2028 3654 Ecclesiae

384 3685 500 3740 tua
530 3682 834 3756 aggregari
866 3686 1176 3738 mereatur.
1212 3687 1339 3739 Per.

457 3791 602 3845 Atia.
634 3787 878 3854 Exaudi,
911 3787 2029 3862 Domine,precesnostras,etconlitenti

387 3877 490 3934 tibi
525 3893 697 3950 parce
728 3876 1001 3948 peccatis,
1023 3883 1087 3932 ut
1117 3895 1288 3950 quem
1309 3881 1674 3936 conscientiae
1693 3900 1810 3937 suae
1835 3889 2030 3942 reatus

387 3968 644 4032 accusat,
677 3963 1053 4038 indulgentia:
1086 3971 1197 4022 tuae
1230 3969 1526 4024 miseratio
1568 3971 1850 4028 absolvat.
1903 3973 2026 4030 Per.

458 4070 600 4126 Alio.
631 4071 949 4128 Praaveniat
979 4072 1112 4130 huic
1137 4073 1354 4131 famulo
1386 4079 1506 4143 tuo,
1537 4092 1898 4148 quzesumus,
1923 4081 2030 4136 Do-

387 4160 566 4227 mine,
599 4159 998 4218 misericordia
1029 4167 1150 4232 tua,
1185 4169 1252 4219 ut
1283 4173 1488 4220 omnes
1525 4163 1870 4236 iniquitates
1901 4169 2028 4241 ejus

387 4247 559 4305 celeri
591 4248 958 4323 indulgentia
986 4251 1310 4308 deleantur.
1345 4251 1476 4320 Per,

457 4356 662 4413 Deinde
688 4361 891 4430 septem
932 4359 1174 4430 psalmos
1223 4375 1349 4412 cum
1379 4359 1624 4415 lectione.
1687 4362 2024 4434 Capitulum,

383 4443 659 4502 Converte
691 4462 821 4512 nos,
852 4447 1028 4511 Deus,
1089 4445 1364 4503 salutaris
1417 4452 1630 4504 noster.
1689 4451 1756 4507 Et
1810 4459 2020 4512 averte.

384 4533 528 4604 Fiat,
556 4535 732 4602 Deus,
787 4534 1189 4591 misericordia
1243 4541 1364 4591 tua.
1420 4537 1580 4594 Sicut
1634 4542 2022 4612 speravimus.

2206 3397 2495 3454 Conﬁteor
2524 3395 2638 3450 Deo
2667 3389 3072 3463 omnipotenti,
3105 3391 3163 3444 et
3217 3387 3396 3442 beatis
3429 3385 3626 3441 Mariae
3656 3389 3788 3458 per-

2139 3493 2322 3562 petum
2351 3485 2600 3557 Virgini,
2632 3487 2690 3538 et
2743 3483 2908 3537 beato
2965 3477 3233 3534 Michaeli
3291 3473 3672 3548 archangelo,
3727 3479 3784 3530 et

2137 3577 2357 3635 sanctis
2387 3572 2666 3648 apostolis
2697 3571 2862 3627 Petro
2892 3573 2950 3625 et
3001 3565 3199 3632 Paulo,
3236 3568 3293 3620 et
3349 3564 3522 3619 beato
3584 3562 3784 3620 Blasio

2139 3665 2380 3739 martyri
2412 3668 2512 3718 tuo
2539 3666 2599 3718 et
2627 3659 2904 3716 omnibus
2933 3654 3170 3722 sanctis,
3204 3657 3260 3710 et
3285 3651 3448 3708 vobis
3487 3651 3785 3718 Patribus,

2140 3773 2269 3812 mea
2317 3751 2509 3825 culpa,
2552 3767 2682 3805 mea
2709 3747 2902 3820 culpa,
2935 3761 3068 3800 mea
3116 3742 3326 3816 culpa;
3379 3739 3524 3813 quia
3552 3739 3785 3813 peccavi

2140 3847 2197 3902 in
2228 3840 2595 3915 cogitatione,
2639 3837 2952 3904 locutione,
3013 3831 3414 3896 delectatione,
3467 3845 3790 3894 consensu,

2138 3933 2332 3989 verbis
2361 3935 2419 3987 et
2447 3943 2640 4002 opere,
2674 3927 2731 3981 in
2765 3922 3074 3988 adulterio,
3099 3921 3156 3976 in
3189 3919 3466 3992 perjurio,
3499 3917 3561 3972 in
3595 3917 3788 3974 homi-

2139 4023 2312 4090 cidio,
2348 4021 2404 4075 in
2435 4017 2580 4074 falso
2625 4013 2982 4080 testimonio,
3017 4010 3076 4066 in
3133 4006 3465 4078 sacrilegio,
3517 4005 3578 4060 in
3609 4006 3789 4070 furto,

2139 4114 2198 4169 in
2232 4111 2456 4182 rapina,
2486 4107 2544 4162 in
2568 4100 3063 4174 concupiscentia,
3087 4099 3145 4152 in
3165 4095 3426 4158 avaritia,
3444 4111 3572 4150 mea
3591 4094 3790 4167 culpa,

2140 4219 2269 4259 mea
2299 4198 2490 4271 culpa,
2553 4210 2682 4250 mea
2727 4191 2919 4264 culpa.
2953 4187 3185 4245 Peccavi
3219 4185 3278 4240 in
3329 4185 3596 4256 quinque
3658 4199 3790 4240 sen-

2137 4292 2303 4348 sibus
2333 4283 2594 4360 corporis
2625 4281 2763 4348 mei,
2790 4279 2942 4348 visu,
2977 4277 3200 4342 auditu,
3233 4277 3434 4348 gustu,
3468 4273 3720 4328 odoratu
3737 4277 3792 4327 et

2135 4385 2317 4446 tactu,
2369 4393 2500 4432 mea
2539 4371 2730 4444 culpa.
2793 4365 3026 4426 Peccavi
3083 4367 3143 4420 in
3174 4368 3302 4421 octo
3361 4359 3792 4434 principalibus

2133 4469 2310 4535 vitiis,
2343 4471 2400 4522 et
2429 4465 2486 4520 in
2519 4469 2743 4534 septem
2772 4455 3176 4513 criminalibus
3193 4450 3472 4524 peccatis,
3504 4454 3562 4505 et
3592 4449 3655 4504 in
3669 4465 3794 4504 om-

2135 4559 2308 4616 nibus
2340 4553 2496 4610 vitiis
2523 4551 2670 4607 meis
2704 4546 2895 4616 malis,
2921 4545 3372 4618 quibuseunque
3401 4538 3586 4594 miser
3611 4537 3790 4594 homo

381 4623 646 4724 Domine,
679 4623 888 4724 extundi
917 4624 1238 4680 orationem
1265 4643 1278 4682 :
1312 4626 1378 4680 Et
1420 4626 1642 4683 clamor
1692 4646 1878 4686 meus.
1913 4631 2024 4688 Do-
2057 4655 2102 4720 Β
2133 4662 2371 4724 peccare
2401 4645 2612 4716 potest.
2647 4637 2809 4694 unde
2830 4651 3036 4708 ρι-ροοιι
3065 4633 3294 4688 beatam
3326 4627 3635 4699 Virginem
3670 4627 3790 4682 Ma.

380 4711 582 4768 minus
610 4712 936 4768 vobiscum.

455 4819 672 4876 Oratio.
705 4821 936 4888 Precor,
1005 4821 1264 4890 Domine,
1327 4821 1698 4880 clementiam
1759 4831 1942 4893 tuam,
1975 4833 2032 4883 et

380 4907 846 4964 misericordiam
874 4911 1200 4982 majestatis
1225 4916 1358 4978 tuae,
1393 4916 1458 4968 ut
1488 4912 1625 4970 huic
1658 4915 1877 4972 famulo
1925 4920 2024 4972 tuo

380 4999 620 5068 peccata
647 5000 704 5052 et
751 4997 1010 5055 facinora
1057 5000 1359 5058 conﬁtenti
1409 5004 1636 5060 veniam
1693 5003 1936 5072 relaxes,
1970 5010 2027 5062 et

381 5083 809 5183 praeteritorum
842 5088 1156 5147 criminum
1189 5093 1391 5167 culpas
1421 5093 1714 5150 dimittere
1735 5094 2024 5166 digneris;

381 5171 484 5244 qui
506 5171 770 5231 humeris
783 5176 905 5233 tuis
925 5195 1089 5236 ovem
1106 5183 1244 5254 pcrd
1257 5182 1393 5238 itam
1409 5182 1688 5238 reduxisti
1709 5183 1779 5238 ad
1805 5181 2022 5249 caulas,

380 5264 438 5318 et
465 5261 568 5334 qui
601 5263 898 5334 publicani
930 5270 1200 5338 precibus
1251 5276 1308 5326 et
1351 5271 1714 5326 confessione
1765 5269 2028 5342 placatus

377 5365 462 5419 es,
494 5355 559 5406 tu
591 5349 766 5405 etiam
797 5350 935 5407 huic
967 5356 1182 5414 famulo
1208 5363 1308 5416 tuo
1343 5358 1591 5431 placare,
1647 5357 1908 5426 Domine,
1963 5364 2027 5416 tu

378 5439 559 5509 hujus
591 5451 791 5508 preces
816 5439 1103 5516 benignus
1151 5448 1404 5519 suscipe,
1465 5445 1692 5502 remitte
1747 5446 1798 5501 ei
1830 5447 2029 5505 omnia

381 5525 631 5582 crimina
668 5527 724 5578 ct
751 5535 1070 5599 peccata,et
1099 5535 1172 5590 da
1205 5537 1256 5590 ei
1286 5552 1389 5608 pro
1421 5534 1729 5605 suppliciis
1775 5535 2025 5605 veniam,

383 5630 488 5684 pro
519 5627 765 5669 moerere
808 5615 1090 5688 lmtitiam,
1153 5642 1252 5696 pro
1303 5625 1487 5679 morte
1543 5623 1758 5683 vitam:
1815 5629 1873 5679 et
1927 5625 2029 5698 qui

388 5701 456 5753 ad
521 5703 740 5756 tantum
792 5720 955 5776 spem
1017 5710 1266 5766 caelestis
1324 5708 1507 5782 apicis
1564 5711 1872 5768 devolutus
1919 5719 2026 5781 est,

2137 4715 2306 4803 riam,
2339 4715 2661 4790 etibeatum
2693 4724 3036 4782 Michaelem
3069 4715 3512 4792 archangelum,
3563 4721 3624 4771 et
3652 4732 3792 4771 san-

2143 4835 2266 4884 ctos
2296 4820 2590 4897 apostolos
2619 4817 2853 4872 Petrum
2886 4817 2944 4868 et
2966 4809 3238 4876 Paulum,
3271 4811 3330 4862 et
3377 4805 3622 4861 beatum
3658 4803 3792 4860 Bla-

2137 4917 2292 4975 sium
2320 4895 2636 4982 martyrem
2665 4909 2856 4972 tuum,
2889 4906 2946 4958 et
2975 4915 3180 4957 omnes
3206 4898 3441 4953 sanctos
3469 4896 3529 4950 et
3554 4895 3796 4948 sanctas

2137 5005 2258 5069 Dei,
2293 4981 2489 5062 ctvos,
2501 4998 2718 5058 Patres,
2746 5008 2910 5048 orare
2923 5005 3026 5062 pro
3042 5005 3134 5044 me
3147 4988 3449 5060 peccatore
3471 4981 3794 5038 Domindm

2136 5097 2406 5151 nostrum
2435 5087 2638 5142 Jesum
2685 5081 3005 5137 Christum.
3039 5079 3106 5133 Et
3164 5075 3319 5131 unde
3350 5071 3480 5129 volo
3529 5070 3794 5142 recipere

2138 5177 2539 5257 pwuitentiam
2575 5188 2676 5244 pro
2709 5169 2823 5224 vita
2848 5171 2906 5226 ct
2937 5171 3141 5222 morte.

2208 5266 2501 5326 .lbsoiutio.
2536 5261 2652 5316 Nos
2683 5275 2752 5314 ex
2771 5261 2930 5330 parte
2960 5255 3062 5312 Dei
3083 5249 3504 5326 omnipotentis
3522 5251 3582 5306 et
3611 5247 3797 5304 beatis

2138 5357 2331 5416 Mariae
2381 5353 2670 5426 perpetuae
2723 5345 2984 5418 Virginis
3015 5347 3071 5400 et
3124 5342 3280 5398 beati
3339 5335 3650 5396 Michaelis
3707 5353 3794 5426 ar-

2137 5423 2428 5518 changeli,
2463 5444 2520 5496 et
2544 5439 2846 5494 beatorum
2879 5432 3282 5507 apostolorum
3315 5427 3468 5485 Petri
3494 5431 3554 5484 et
3602 5423 3796 5493 Pauli,

2138 5542 2198 5595 et
2227 5532 2381 5591 beati
2411 5527 2588 5585 Blasii
2621 5525 2916 5596 martyris,
2943 5526 3000 5579 et
3027 5522 3292 5579 omnium
3347 5520 3695 5573 sanctorum
3731 5529 3800 5570 ac

2140 5627 2498 5682 sanctarum,
2531 5633 2600 5672 ex
2631 5613 2820 5672 ol’licio
2871 5616 3070 5668 nostro
3101 5611 3336 5677 damus,
3388 5611 3448 5662 et
3475 5605 3798 5660 conﬁrma-

2140 5731 2274 5771 mus
2300 5709 2463 5768 vobis
2492 5720 2696 5762 verum
2722 5701 3042 5774 judicium,
3076 5703 3133 5754 et
3161 5713 3360 5754 veram
3390 5692 3800 5768 paenitentiam
