3920 6208
293 398 412 460 923
1489 396 1676 460 S/EO.
1717 393 1798 456 XI
1840 448 1841 454 η

2195 391 2482 455 LlTUHG
2495 436 2509 452 .
3581 387 3714 448 924

293 533 503 590 Sancte
531 531 782 602 Tiburti,
813 549 896 588 or.
1965 530 2020 595 Α
2049 530 2257 582 Sancta
2286 525 2529 599 Agatha,
2563 540 2644 580 or.

291 627 497 680 Sancte
529 622 839 688 Gaudenti,
873 640 957 678 or.
2048 617 2259 671 Sancta
2288 618 2502 688 Agnes,
2535 631 2619 670 or.

292 714 500 769 Sancte
531 712 725 778 Paule,
761 729 843 766 or.
2049 708 2263 761 Sancta
2294 706 2492 773 Lucia,
2529 722 2614 760 or.

292 804 500 858 Sancte
534 801 809 867 Machari,
845 818 930 856 or.
2049 797 2260 850 Sancta
2286 794 2634 862 Christiana,
2667 811 2749 848 or.

290 896 498 947 Sancte
527 891 752 954 Savine,
785 907 868 944 or.
2049 885 2263 939 Sancta
2293 884 2621 950 Anastasia,
2655 901 2739 937 or.

291 981 506 1035 Omnes
539 980 722 1035 sancti
757 979 1138 1042 confessores,
1171 979 1332 1030 orate
1375 991 1475 1046 pro
1508 990 1595 1029 eo.
2047 977 2255 1028 Sancta
2285 973 2563 1045 Eugenia,
2599 990 2681 1027 or.

291 1070 458 1142 Kyrie
490 1068 730 1132 eleison,
763 1066 988 1122 Christe
1026 1065 1264 1129 eleison,
1321 1063 1490 1135 Kyrie
1541 1062 1780 1119 eleison.
1833 1062 1935 1116 Pa-
2045 1067 2255 1117 Sancta
2287 1061 2640 1126 lnnocentia,
2675 1079 2759 1117 or.

360 1163 446 1212 ter
475 1161 689 1224 noster,
718 1159 774 1210 et
802 1172 868 1209 ne
903 1172 1028 1210 nos.
1554 1208 1569 1224 ,
2046 1151 2263 1206 Omnes
2294 1155 2504 1205 sancta:
2532 1149 2804 1222 virgines,
2838 1153 2996 1204 orate
3029 1167 3130 1221 pro
3161 1166 3246 1206 eo.

363 1249 563 1301 Oratio.
601 1245 772 1308 Deus,
835 1243 1097 1298 ﬁdelium
1157 1242 1423 1298 conditor
1469 1247 1520 1296 et
1584 1240 1935 1311 redemptor,
2047 1240 2258 1295 Omnes
2290 1240 2475 1295 sancti
2508 1245 2566 1295 et
2592 1243 2803 1295 sanctae
2836 1239 2960 1306 Dei,
2994 1243 3153 1294 orate
3183 1257 3286 1312 pro
3318 1255 3406 1296 eo.

289 1335 494 1390 anima:
528 1335 728 1390 famuli
754 1334 836 1388 tui
862 1333 1264 1389 remissionem
1297 1331 1561 1387 omnium
1595 1331 1784 1385 tribue
1807 1346 1937 1400 pec-
2049 1329 2213 1400 Kyrie
2244 1329 2483 1394 eleison,
2517 1329 2743 1383 Christe
2774 1327 3012 1397 eleison,
3045 1329 3211 1401 Kyrie
3241 1328 3484 1385 eleison.
3531 1330 3708 1386 Pater

289 1428 572 1491 catorum,
607 1428 670 1477 ut
704 1422 1148 1493 indulgentiam,
1182 1438 1360 1492 quam
1423 1436 1653 1490 semper
1697 1418 1935 1490 optavit,
2049 1425 2262 1474 noster.
2298 1419 2365 1472 Et
2393 1435 2463 1473 ne
2495 1437 2620 1474 nos.

289 1517 684 1583 consequatur
713 1516 769 1566 et
802 1510 1086 1582 requiem.
1125 1511 1246 1564 Per.
2119 1507 2323 1562 Oratio.
2361 1512 2531 1575 Deus,
2565 1509 2655 1563 cui
2692 1508 2994 1581 proprium
3027 1512 3114 1564 est
3159 1509 3422 1564 misereri
3469 1526 3710 1582 semper

751 1602 1025 1670 Incipiunt
1063 1600 1195 1655 alia:
1239 1599 1474 1654 litaniae.
2046 1601 2094 1652 el
2133 1615 2386 1669 parcere,
2421 1597 2653 1670 suscipe
2683 1599 3154 1670 deprecationem
3189 1603 3450 1655 nostram
3482 1617 3590 1672 pro
3625 1599 3708 1656 fa-

286 1690 511 1745 Christe
543 1689 677 1743 audi
713 1705 836 1743 nos.
875 1690 1022 1757 (ten)
2048 1688 2207 1740 mulo
2239 1691 2359 1752 tuo,
2398 1692 2453 1740 et
2483 1704 2659 1758 quem
2692 1687 3041 1743 delictorum
3077 1693 3284 1743 catena
3323 1688 3704 1762 constringit,

291 1779 458 1833 Pater
487 1777 556 1832 de
587 1776 715 1831 cmli
746 1777 918 1842 Deus,
955 1776 1228 1830 miserere
1269 1775 1339 1831 ei.
2047 1775 2343 1830 miseratio
2376 1780 2486 1830 tua:
2517 1777 2751 1847 pietatis
2783 1775 3064 1832 absolvat.
3099 1781 3226 1832 Per.

288 1867 412 1922 Filii
445 1867 777 1938 redemptor
816 1865 1019 1920 mundi
1053 1869 1225 1930 Deus,
1259 1863 1390 1919 mis.
1966 1897 2014 1961 Β
2655 1867 2798 1922 Alia:
2826 1867 3056 1920 (itania.

287 1954 538 2027 Spiritus
568 1958 767 2010 sancte
800 1954 972 2017 Deus,
1006 1952 1137 2006 mis.
1966 1952 2010 1961 ”
2044 1953 2270 2008 Christe
2303 1953 2437 2009 audi
2471 1972 2594 2009 nos.
2630 1957 2776 2024 (ten)

287 2048 500 2101 Sancta
530 2045 787 2101 Trinitas
820 2049 875 2098 et
907 2059 1061 2097 unus
1090 2043 1262 2108 Deus,
1308 2041 1438 2097 mis.
2044 2044 2256 2097 Sancta
2287 2042 2485 2109 Maria,
2518 2043 2810 2098 intereede
2841 2059 2945 2115 pro
2987 2059 3073 2098 eo.

289 2136 502 2190 Sancta
535 2133 736 2200 Maria,
759 2150 860 2187 ora
891 2149 993 2203 pro
1028 2147 1114 2186 eo.
2042 2136 2250 2186 Sancta
2282 2131 2382 2186 Dei
2412 2132 2691 2199 Genitrix,
2725 2133 2832 2187 int.

289 2224 496 2278 Sancte
528 2221 793 2286 Michael,
826 2238 909 2275 or.
2041 2224 2251 2274 Sancta
2277 2221 2457 2274 Mater
2486 2219 2737 2287 Domini,
2771 2221 2877 2274 int.

286 2315 493 2367 Sancte
522 2309 774 2374 Gabriel,
809 2326 892 2363 or.
2043 2310 2252 2363 Sancte
2283 2308 2497 2364 chorus
2531 2309 2708 2364 cbcru
2725 2309 2867 2376 bim,
2900 2309 3007 2365 int.

286 2405 492 2454 Sancte
524 2398 799 2470 Raphael,
834 2415 916 2452 or.
2044 2399 2252 2454 Sancte
2284 2398 2496 2453 chorus
2528 2399 2846 2470 seraphim,
2882 2399 2988 2454 int.

287 2491 499 2544 Omnes
530 2488 715 2543 sancti
748 2486 937 2559 angeli
971 2492 1025 2541 et
1057 2483 1412 2556 archangeli,
1448 2490 1606 2540 orate
1642 2501 1743 2555 pro
1771 2501 1859 2539 eo.
2044 2488 2250 2542 Sancte
2282 2487 2493 2542 chorus
2525 2487 2890 2560 angelorum,
2925 2488 3029 2544 int.

285 2581 493 2633 Sancte
525 2578 711 2643 Petre,
752 2594 834 2632 or.
2045 2577 2251 2631 Sancte
2285 2575 2500 2631 chorus
2522 2576 3010 2647 patriarcharum,
3051 2576 3154 2631 int.

284 2671 490 2721 Sancte
520 2665 713 2729 Paule,
747 2682 831 2719 or.
2043 2665 2253 2720 Sancte
2284 2664 2497 2719 chorus
2529 2665 2949 2736 apostolorum,
2980 2664 3085 2719 int.

287 2756 492 2810 Sancte
523 2755 770 2819 Andrea,
801 2770 884 2806 or.
2042 2755 2251 2809 Sancte
2283 2753 2497 2810 chorus
2528 2758 2874 2826 martyrum,
2909 2754 3013 2808 int.

285 2844 494 2898 Sancte
523 2843 801 2906 Joannes,
839 2859 922 2895 or.
2043 2843 2253 2897 Sancte
2285 2842 2500 2898 chorus
2531 2842 2856 2909 doctorum,
2893 2842 2998 2897 int.

283 2935 490 2986 Sancte
520 2931 755 3000 Jacobe,
779 2947 862 2984 or.
2043 2932 2252 2987 Sancte
2283 2930 2497 2986 chorus
2524 2932 2914 2996 sacerdotum,
2949 2931 3054 2986 int.

284 3023 492 3077 Sancte
524 3019 805 3091 Philippe,
849 3036 931 3074 or.
2039 3020 2250 3075 Sancte
2281 3020 2492 3076 chorus
2525 3019 2851 3088 levitarum,
2887 3021 2991 3075 int.

281 3111 488 3165 Sancte
518 3108 956 3174 Bartbolomzee,
991 3124 1075 3162 or.
2040 3110 2248 3165 Sancte
2279 3109 2491 3164 chorus
2523 3109 2964 3175 monachorum,
2998 3107 3102 3163 int.

279 3200 484 3254 Sancte
516 3197 801 3265 Matthzee,
835 3213 918 3252 or.
1964 3253 1999 3265 η
2040 3199 2249 3253 Sancte
2279 3197 2492 3253 chorus
2525 3198 2920 3264 innocentum,
2957 3199 3062 3252 int.

277 3253 485 3342 Sancte
516 3286 763 3352 Thema,
789 3253 881 3341 ’or.
1957 3253 2000 3320 Ο
2040 3287 2247 3342 Sancte
2278 3285 2491 3342 chorus
2512 3286 2828 3359 virginum,
2863 3253 2969 3342 int.

277 3377 484 3432 Sancte
510 3376 732 3442 Simon,
766 3393 849 3430 or.
2037 3375 2242 3431 Omnis
2273 3375 2485 3431 chorus
2517 3375 2780 3430 omnium
2813 3375 3284 3441 sanctorum,int.

279 3466 485 3520 Sancte
516 3465 820 3530 Thaddzee,
857 3482 939 3520 or.
2035 3464 2137 3519 Fili
2171 3464 2291 3528 Dei,
2327 3464 2600 3520 miserere
2629 3464 2701 3519 ei.
2732 3465 2874 3535 (bis).

281 3556 491 3610 Sancte
520 3553 757 3620 Mathia,
792 3571 873 3608 or.
2040 3552 2390 3624 Redemptor
2415 3553 2639 3620 mundi,
2675 3553 2810 3613 mis.

279 3645 486 3698 Sancte
513 3642 798 3708 Barnaba,
833 3658 915 3695 or.
2039 3641 2108 3696 Ut
2136 3641 2364 3697 veniam
2396 3642 2446 3698 ei
2480 3643 2681 3710 dones,
2718 3651 2768 3697 te
2800 3659 3096 3716 rogamus.

276 3733 486 3785 Sancte
515 3730 788 3801 Cleopha,
823 3747 907 3784 or.
2037 3729 2108 3784 Ut
2135 3731 2315 3786 vitam
2346 3730 2395 3786 ei
2431 3732 2633 3802 dones,
2666 3735 2720 3787 te
2753 3749 2873 3803 rog.

278 3821 488 3874 Sancte
517 3818 842 3882 Timothee,
876 3835 958 3873 or.
2038 3819 2110 3874 Ut
2136 3825 2405 3876 sanctum
2437 3821 2776 3892 paradisum
2807 3821 2857 3876 ei
2885 3821 3088 3888 dones,
3123 3826 3178 3876 te
3209 3837 3332 3893 rog.

279 3907 489 3961 Sancte
521 3907 731 3973 Marce,
769 3924 851 3961 or.
2037 3907 2109 3963 Ut
2138 3907 2333 3963 locum
2366 3909 2647 3980 refrigerii
2680 3909 2730 3964 ei
2763 3909 2965 3976 dones,
2999 3913 3053 3964 te
3085 3925 3207 3980 rog.

276 3995 494 4050 Omnes
525 3995 710 4049 sancti
735 3993 979 4065 apostoli
1011 4000 1068 4050 et
1096 3995 1485 4066 evangelista,
1521 3999 1682 4051 orate
1705 4011 1806 4066 pro
1836 4013 1924 4051 eo.
2037 4001 2109 4052 Ut
2141 3997 2193 4052 ei
2225 4013 2452 4069 parcas,
2486 4001 2540 4052 te
2573 4014 2694 4070 rog.

278 4083 442 4154 Kyrie
471 4083 710 4149 eleison,
747 4083 974 4140 Christe
1005 4084 1245 4150 eleison,
1277 4083 1448 4155 Kyrie
1486 4081 1726 4140 eleison.
1761 4085 1929 4141 Pater
2040 4087 2110 4142 Ut
2140 4087 2190 4141 ei
2220 4085 2545 4158 indulgeas,
2580 4092 2634 4141 te
2667 4104 2786 4159 rog.

278 4177 493 4228 noster.
524 4173 591 4227 Et
622 4190 691 4227 ne
726 4190 850 4228 nos.
1037 4205 1046 4210 -
2039 4175 2109 4230 Ut
2135 4173 2540 4230 misericordia:
2572 4180 2627 4230 et
2660 4175 3031 4247 indulgentiae
3063 4174 3259 4231 locum
3291 4177 3343 4233 oi
3376 4177 3590 4249 dones,
3644 4183 3701 4234 te

350 4261 553 4316 Oratio.
589 4262 857 4324 Oramus,
922 4263 1294 4332 omnipotens
1335 4261 1510 4331 Deus,
1544 4266 1610 4316 ut
1668 4263 1926 4318 animam
2109 4281 2232 4335 rog.
2291 4306 2298 4314 .

276 4350 479 4405 famuli
509 4350 589 4404 tui
622 4350 936 4406 clementer
966 4349 1274 4421 suscipias,
1309 4349 1409 4420 qui
1441 4350 1512 4404 ad
1546 4355 1714 4405 tuum
1761 4368 1926 4406 sanc-
2039 4351 2109 4408 Ut
2149 4357 2513 4423 peccatorum
2548 4353 2674 4423 ejus
2709 4371 2823 4409 non
2854 4353 3199 4419 recorderis,
3234 4357 3290 4409 te
3321 4369 3449 4425 rog.

275 4441 403 4491 tum
436 4436 750 4509 imperium
783 4437 873 4492 sui
922 4435 1164 4508 reliquit
1219 4437 1479 4508 corporis
1540 4437 1924 4506 domicilium,
2669 4444 2806 4498 Alia:
2841 4443 3059 4498 litanize

274 4526 534 4598 dumque
566 4531 619 4582 te
643 4526 887 4595 jubente
919 4526 990 4580 ad
1021 4529 1236 4581 terram
1286 4525 1614 4593 revertitur,
1666 4527 1923 4583 animam
2037 4530 2285 4598 Christe,
2321 4532 2457 4586 audi
2483 4549 2606 4586 nos.
2642 4532 2788 4602 (ten)

275 4632 453 4685 quam
486 4631 824 4686 regenerare
855 4615 1135 4687 dignatus
1164 4631 1226 4670 es
1261 4614 1574 4686 baptismo,
1619 4617 1924 4688 aggregari
1957 4620 2004 4685 D
2039 4619 2331 4692 Propitius
2362 4624 2507 4686 esto,
2542 4636 2713 4691 parce
2743 4620 2817 4686 ei,
2846 4620 3113 4676 Domine.

274 4703 576 4776 praecipias
598 4704 896 4774 justorum
929 4703 1260 4759 consortiis.
1295 4703 1421 4758 Per.
2047 4707 2338 4780 PrOpitius
2368 4712 2512 4773 esto,
2546 4707 2729 4764 libera
2758 4724 2912 4777 eum,
2948 4707 3212 4764 Domine.

897 4793 1029 4847 Alia:
1060 4793 1301 4849 litanias’.
2034 4797 2120 4852 Ab
2154 4796 2240 4851 ira
2270 4799 2392 4862 tua,
2427 4795 2526 4851 lib.

273 4879 487 4936 Christi
521 4881 658 4936 audi
682 4897 808 4937 nos.
842 4883 992 4953 (tein)
2034 4887 2080 4941 Α
2107 4901 2277 4957 poma
2305 4884 2538 4953 inferni,
2572 4885 2673 4942 lib.

273 4972 485 5023 Sancta
509 4969 798 5035 Susanna,
832 4987 934 5026 ora
961 4987 1066 5042 pro
1099 4986 1190 5024 eo.
2033 4975 2080 5028 A
2109 4972 2485 5029 damnatione
2516 4979 2752 5042 aeterna,
2784 4974 2883 5031 lib.

273 5056 487 5110 Sancta
517 5056 807 5123 Felicitas,
839 5075 927 5113 or.
2033 5065 2079 5118 A
2111 5066 2395 5135 potestate
2427 5062 2665 5128 diaboli,
2697 5063 2798 5120 lib.

273 5143 490 5198 Sancta
522 5143 869 5214 Euphemia,
900 5163 984 5200 or.
2034 5155 2079 5207 A
2110 5167 2414 5224 pcenarum
2446 5151 2609 5221 locis,
2643 5152 2741 5208 lib.

272 5231 491 5285 Sancta
520 5230 774 5296 chilia,
810 5250 892 5286 or.
2033 5243 2078 5295 A
2114 5243 2299 5294 morte
2328 5239 2604 5306 secunda,
2636 5241 2736 5296 lib.

271 5318 490 5372 Sancta
520 5319 821 5388 Perpetua,
863 5337 946 5376 or.
2036 5335 2082 5384 A
2113 5329 2382 5401 gehenna
2414 5327 2587 5399 ignis,
2620 5329 2722 5384 lib.

271 5405 492 5458 Sancta
518 5403 896 5474 Sebolastica,
931 5426 1015 5464 or.
2035 5421 2081 5472 A
2112 5415 2256 5472 locis
2286 5415 2574 5483 obscuris,
2607 5416 2708 5472 lib.

273 5493 493 5547 Sancta
522 5488 818 5562 Columba,
847 5513 932 5552 or.
2036 5506 2121 5560 Ab
2153 5503 2311 5559 omni
2343 5505 2634 5575 augustia,
2670 5505 2771 5562 lib.

275 5580 494 5634 Sancta
527 5580 707 5645 Anna,
740 5599 822 5638 or.
2036 5595 2082 5649 A
2114 5595 2484 5664 peccatorum
2516 5592 2754 5665 ultione,
2789 5596 2888 5653 lib.

276 5666 494 5719 Sancta
525 5665 842 5739 Elisabeth,
875 5689 960 5726 or.
2037 5683 2082 5736 Α
2115 5679 2402 5752 supplicio
2435 5684 2880 5753 tormentorum,
2917 5684 3016 5740 lib.
