3920 6208
199 367 313 428 925

199 499 281 556 Ab
309 496 462 555 omni
496 496 671 567 malo,
698 496 800 555 lib.

201 587 361 659 Kyrie
389 587 624 656 eleison,
658 588 885 644 Christe
917 587 1155 655 eleison,
1188 587 1359 660 Kyrie
1388 585 1627 643 eleison.
1668 586 1833 641 Pater

268 682 474 734 noster.
504 679 572 733 Et
600 694 671 735 ne
702 696 829 736 nos.

267 768 462 823 Oratio.
487 767 867 840 Omnipotens
894 767 1245 841 sempiterno
1267 768 1440 834 Deus,
1465 771 1834 822 conservator

200 855 539 925 animarum,
558 858 657 929 qui
680 874 827 929 quos
849 857 1063 929 diligis,
1082 857 1345 928 corripis,
1363 860 1418 911 et
1434 873 1581 928 quos
1602 855 1832 928 recipis,

200 945 286 1019 pie
304 945 371 1001 ad
390 946 855 1003 emendationem
870 952 1182 1013 coerces,te
1197 945 1555 1015 invocamus,
1570 944 1832 1011 Domine,

198 1038 258 1089 ut
288 1034 573 1091 medelam
606 1039 766 1092 tuam
798 1036 1058 1092 conferre
1092 1035 1352 1107 digneris
1392 1034 1599 1090 animae
1631 1032 1835 1089 famuli

198 1123 411 1196 tui,qui
445 1123 503 1178 in
538 1140 777 1197 corpore
802 1125 1199 1181 membrorum
1222 1123 1835 1191 debilitationem,vim

200 1211 426 1277 laboris,
453 1213 728 1269 stimulas
761 1214 1012 1269 sustinet
1040 1212 1397 1269 infirmitatis
1426 1231 1438 1269 :
1474 1213 1549 1268 da
1577 1212 1625 1268 ei
1633 1252 1654 1279 ,
1684 1229 1836 1284 quae-

200 1317 418 1370 sumus,
452 1301 705 1376 gratiam
734 1306 897 1357 tuam
924 1302 1078 1374 piam
1113 1319 1261 1367 esse,
1296 1307 1359 1357 ut
1390 1302 1447 1357 in
1481 1302 1624 1356 hora
1650 1301 1839 1357 exitus

199 1388 347 1446 illius
377 1390 447 1447 de
477 1407 723 1463 corpore
754 1392 974 1464 absque
1004 1391 1222 1464 peccati
1257 1390 1486 1446 macula
1514 1390 1618 1446 tibi
1651 1389 1838 1445 datori

199 1480 420 1552 proprio
452 1496 559 1553 per
591 1497 799 1537 manus
825 1485 1160 1536 sanctorum
1196 1480 1596 1552 repraesentari
1628 1495 1842 1535 merea-

198 1562 289 1624 tur
315 1569 515 1625 anima
546 1570 695 1641 ejus.
730 1571 855 1625 Per.

263 1658 456 1730 Incipit
495 1659 892 1715 commendatio
940 1661 1161 1726 anima’,
1203 1664 1495 1731 antequam
1532 1658 1843 1727 egrediatur

199 1744 259 1801 de
286 1762 528 1819 corpore.

265 1835 604 1906 Subvenite,
637 1837 822 1891 sancti
855 1837 975 1893 Dei.
1009 1837 1301 1908 Suscipiat
1330 1841 1384 1893 te
1414 1835 1699 1892 Christus.

266 1924 657 1992 Proficiscere,
679 1926 876 1981 anima
896 1925 1245 1993 Christiana,
1268 1927 1337 1982 dc
1368 1926 1476 1981 hoc
1508 1926 1748 1993 mundo,
1784 1925 1841 1979 in

201 2013 430 2069 nomine
474 2013 581 2069 Dei
612 2015 799 2069 Patris
834 2020 860 2079 τι
894 2016 1332 2087 omnipotentis,
1357 2014 1458 2087 qui
1508 2019 1564 2070 te
1611 2015 1844 2079 creavit,

202 2101 256 2157 in
304 2103 543 2158 nomine
593 2103 734 2159 Jesu
765 2103 979 2160 Christi
1010 2110 1036 2170 f
1064 2104 1191 2160 Filii
1224 2105 1324 2159 Dei
1355 2104 1488 2169 vivi,
1513 2104 1613 2176 qui
1657 2119 1760 2176 pro
1792 2108 1849 2159 te

202 2208 407 2264 passus
455 2196 569 2260 est,
601 2192 658 2247 in
707 2193 944 2249 nomine
989 2193 1241 2266 Spiritus
1285 2194 1468 2250 sancti
1495 2198 1545 2261 ψ,
1572 2194 1669 2264 qui
1704 2192 1761 2247 in
1795 2198 1851 2247 te

204 2280 419 2336 effusus
450 2284 560 2337 est.
590 2281 840 2352 Adjuvet
886 2286 1088 2337 sancta
1124 2281 1381 2337 Trinitas
1430 2298 1531 2354 per
1575 2281 1850 2336 interces-

204 2368 425 2425 sionem
477 2375 814 2426 sanctorum
867 2372 1228 2445 angelorum,
1257 2376 1313 2426 et
1347 2370 1851 2443 archangelorum,

206 2457 549 2515 thronorum
584 2463 641 2515 et
679 2459 1167 2529 dominationum,
1202 2459 1635 2533 principatuum
1666 2463 1723 2514 et
1755 2476 1852 2530 po-

202 2548 573 2613 testatum,et
589 2548 853 2604 omnium
876 2550 1179 2616 virtutum,
1195 2548 1853 2621 cherubim,seraphim,

209 2639 265 2691 et
278 2637 472 2693 omnis
496 2637 737 2693 humani
757 2639 1301 2711 generis,quidquid
1329 2656 1361 2694 a
1381 2644 1491 2693 Deo
1515 2641 1855 2709 susceptum

204 2727 312 2791 est,
338 2725 806 2797 patriarcharum
837 2731 894 2783 et
920 2728 1357 2800 prophetarum,
1379 2727 1775 2801 apostolorum
1803 2731 1859 2781 et

204 2816 551 2885 martyrum,
567 2815 969 2870 confessorum
995 2820 1050 2871 et
1068 2816 1383 2889 virginum,
1413 2818 1781 2873 sacerdotum
1804 2818 1861 2870 et

202 2899 537 2965 levitarum,
562 2906 619 2957 et
637 2903 901 2959 omnium
927 2905 1186 2960 Ecclesiae
1217 2906 1511 2961 catholica:
1543 2907 1861 2978 graduum:

208 2988 636 3045 monachorum
659 2995 716 3046 et
740 2992 1242 3049 anachoretarum.
1268 2993 1448 3050 Hodie
1478 2996 1663 3051 tactus
1694 2994 1770 3051 sit
1801 2995 1859 3051 in

208 3094 352 3149 pace
382 3076 547 3134 locus
576 3082 735 3147 tuus,
758 3083 816 3134 et
857 3080 1136 3137 habitatio
1181 3087 1281 3137 tua
1312 3082 1369 3137 in
1400 3082 1722 3139 Jerusalem
1756 3100 1862 3139 caeo

210 3166 441 3223 lestem.
476 3167 583 3223 Per
612 3167 945 3223 Dominum.

974 361 1360 429 EXCERPT.
1404 361 1511 423 EX
1554 357 1786 422 CODD.
1827 351 2147 419 LITURG.
2194 356 2794 422 FONTAVELLAN.

1857 487 1916 560 Α
2016 493 2239 561 Libera,
2269 494 2530 563 Domine,
2556 494 2814 550 animam
2847 493 2994 551 servi
3018 494 3127 563 tui,
3152 494 3305 551 sicut
3327 494 3587 552 liberasti

3465 356 3585 420 926

1942 585 2117 640 David
2147 586 2217 641 de
2244 603 2423 641 manu
2445 585 2583 642 Saul
2616 585 2768 658 regis
2788 589 2843 641 et
2869 585 3121 654 Goliath,
3143 589 3200 640 et
3220 586 3291 641 de
3315 586 3588 643 omnibus

1942 673 2190 730 vinculis
2221 676 2364 746 ejus.

2015 763 2238 831 Libera,
2262 764 2528 831 Domine,
2551 765 2810 821 animam
2844 765 2991 821 servi
3014 765 3121 832 tui,
3148 766 3301 822 sicut
3328 765 3590 822 liberasti

1943 854 2061 906 tres
2092 868 2301 923 pueros
2333 853 2403 907 de
2435 852 2666 908 camino
2695 853 2845 926 ignis
2872 854 3129 910 ardentis
3150 855 3296 911 etde
3319 856 3593 911 manibus

1945 940 2129 1012 iniqui
2164 941 2338 1013 regis.

2017 1029 2242 1096 Libera,
2268 1030 2532 1097 Domine,
2556 1031 2814 1087 animam
2837 1033 2985 1088 servi
3020 1034 3128 1099 tui,
3153 1032 3305 1090 sicut
3334 1034 3594 1091 liberasti

1947 1120 2277 1174 Suzannam
2310 1118 2380 1172 de
2416 1118 2559 1174 falso
2590 1119 2854 1177 crimine.

2018 1206 2238 1274 Libera,
2267 1207 2525 1273 Domine,
2551 1207 2807 1263 animam
2839 1210 2987 1264 servi
3020 1210 3123 1277 tui,
3151 1210 3303 1267 sicut
3333 1210 3595 1268 liberasti

1946 1296 2273 1351 humanum
2300 1312 2484 1369 genus
2512 1314 2613 1369 per
2636 1297 2967 1369 passionem
2989 1300 3221 1356 Domini
3253 1302 3435 1358 nostri
3457 1303 3597 1359 Jesu

1949 1383 2187 1439 Christi.

2025 1474 2241 1539 Libera,
2276 1472 2534 1539 Domine,
2569 1473 2826 1530 animam
2876 1476 3079 1532 famuli
3129 1479 3236 1546 tui,
3271 1480 3425 1537 sicut
3455 1481 3597 1539 libe-

1953 1563 2093 1618 rasti
2125 1563 2358 1617 Petrum
2391 1567 2447 1617 et
2476 1562 2722 1618 Paulum
2754 1564 2826 1619 de
2855 1566 3206 1623 carceribus.

2024 1652 2246 1718 Libera,
2276 1651 2516 1707 Domine
2547 1653 2806 1708 animam
2839 1655 2987 1709 servi
3020 1657 3126 1724 tui,
3160 1657 3312 1712 sicut
3341 1658 3600 1717 liberasti

1953 1739 2227 1795 Theclam
2265 1741 2335 1795 de
2366 1741 2557 1795 medio
2589 1742 2939 1813 spectaculo.

1876 1862 1924 1927 B
2024 1830 2118 1884 Sic
2158 1828 2402 1885 liberare
2432 1829 2710 1901 digneris,
2745 1831 3009 1897 Domine,
3046 1834 3303 1891 animam
3347 1820 3604 1895 hominis

1957 1918 2150 1989 istius,
2173 1922 2229 1974 et
2258 1922 2451 1974 tecum
2485 1918 2747 1975 habitare
2798 1920 2855 1975 in
2905 1921 3073 1978 bonis
3104 1923 3437 1983 coelestibus
3468 1944 3603 1984 con-

1957 2008 2115 2063 cedo.
2149 2009 2274 2062 Per.

2031 2098 2236 2152 Oratio.
2271 2096 2367 2153 Pio
2400 2098 2818 2155 recordationis
2866 2102 3096 2169 affectu,
3130 2103 3339 2161 fratres
3386 2106 3607 2164 charise

1959 2185 2128 2253 simi,
2186 2186 2803 2244 commemorationem
2870 2190 3119 2247 facimus
3176 2193 3336 2250 chari
3398 2196 3607 2264 nostri,

1961 2292 2133 2347 quem
2173 2276 2449 2330 Dominus
2479 2276 2548 2331 de
2582 2275 2789 2349 laqueo
2820 2279 3137 2337 tentatione
3184 2281 3363 2355 hujus
3413 2285 3608 2340 saeculi

1963 2364 2305 2436 assumpsit,
2339 2364 2710 2422 obsecrantes
2760 2366 3218 2425 misericordiam
3261 2373 3356 2431 Dei
3400 2375 3607 2441 nostri,

1966 2458 2029 2508 ut
2058 2453 2181 2524 ipse
2219 2452 2265 2507 ei
2313 2452 2568 2509 tribuere
2601 2454 2875 2527 dignetur
2922 2456 3195 2529 placitam
3248 2466 3306 2518 et
3352 2463 3610 2536 quietam

1965 2542 2330 2597 mansionem
2364 2546 2420 2597 et
2449 2542 2707 2599 remittat
2748 2562 2952 2601 omnes
3001 2547 3234 2604 lubrica:
3266 2553 3611 2610 temeritatis

1965 2633 2236 2696 offensas,
2252 2635 2337 2696 ut,
2356 2647 2633 2688 concessa
2654 2632 2818 2689 venia
2835 2633 3018 2704 plenae
3040 2635 3613 2714 indulgentim,quid-

1968 2720 2109 2792 quid
2144 2720 2199 2774 in
2233 2719 2342 2775 hoc
2381 2720 2590 2776 saeculo
2635 2723 2867 2793 proprio
2916 2730 3077 2780 reatu
3126 2726 3390 2800 deliquit,
3423 2734 3611 2787 totum

1968 2807 2245 2864 ineffabili
2278 2808 2487 2880 pietate
2509 2827 2573 2865 ac
2603 2810 2960 2882 benignitate
2983 2831 3091 2869 sua
3111 2814 3300 2872 deleat
3322 2821 3378 2872 et
3398 2819 3615 2876 abster-

1969 2901 2085 2971 gat.
2119 2899 2280 2964 Quod
2312 2897 2437 2971 ipse
2467 2903 2743 2970 praestare
2772 2900 3063 2974 dignetur,
3089 2905 3187 2977 qui
3218 2922 3351 2962 cum
3375 2908 3545 2966 Patre
3560 2914 3618 2966 et

1968 2987 2186 3060 Spiritu
2218 2992 2419 3043 sancto
2448 2987 2587 3043 vivit
2615 2993 2671 3044 et
2700 2994 2921 3062 regnat.

2043 3077 2246 3133 Oratio.
2280 3077 2457 3145 Deus,
2487 3076 2581 3131 cui
2628 3078 2826 3133 omnia
2872 3079 3091 3149 vivunt,
3123 3085 3180 3136 et
3210 3082 3302 3136 cui
3355 3100 3471 3139 non
3518 3102 3616 3158 pe-

1972 3170 2160 3232 reunt,
2192 3182 2434 3236 corpora
2461 3170 2680 3232 nostra,
2703 3167 2805 3221 sed
2836 3172 3142 3224 mutantur
3188 3169 3247 3225 in
3298 3172 3530 3241 melius,
3562 3178 3619 3231 te

281 3254 578 3327 Suscipiat
602 3261 659 3311 te
680 3261 919 3313 sanctus
943 3258 1187 3313 Michael
1210 3259 1723 3333 archangelus,qui
1756 3263 1861 3317 Ini-
1892 3230 1935 3297 Ο
1974 3230 2265 3327 supplices
2294 3230 2706 3326 deprecamur,
2741 3259 2804 3309 ut
2847 3256 3135 3312 famulum
3183 3263 3351 3314 tuum
3399 3230 3618 3335 suscipi

210 3343 346 3399 litiae
365 3343 618 3401 caelestis
639 3346 856 3401 meruit
877 3346 1539 3419 principatum.0bvient
1552 3348 1655 3404 tibi
1676 3352 1859 3405 sancti

214 3433 404 3506 angeli
435 3434 558 3501 Dei,
586 3438 643 3490 et
672 3435 994 3507 perducant
1016 3440 1068 3491 te
1091 3436 1150 3491 in
1173 3436 1463 3492 civitatem
1492 3442 1752 3493 sanctam
1774 3440 1863 3494 Je-

215 3520 489 3579 rusalem.
515 3523 808 3596 Suscipiat
849 3527 904 3580 te
946 3526 1153 3580 beatus
1186 3525 1389 3580 Petrus
1418 3526 1737 3597 apostolus,
1771 3528 1863 3582 cui

216 3628 247 3666 a
268 3611 384 3668 Deo
405 3610 594 3669 claves
615 3612 775 3687 regni
794 3613 1068 3669 coelorum
1105 3614 1327 3669 traditae
1359 3618 1516 3671 sunt.
1541 3616 1788 3687 Adjuvct
1811 3621 1864 3673 te

216 3703 455 3756 sanctus
484 3700 719 3768 Paulus,
744 3702 843 3775 qui
892 3703 1108 3775 dignus
1140 3702 1250 3758 fuit
1281 3720 1407 3760 esse
1438 3721 1538 3759 vas
1570 3704 1865 3762 electionis

217 3785 337 3842 Dei.
361 3787 685 3843 Intercedat
715 3806 816 3861 pro
851 3792 902 3844 te
934 3793 1173 3846 sanctus
1213 3791 1468 3848 Joannes
1514 3791 1731 3849 electus
1763 3794 1861 3849 Dei

218 3874 646 3947 apostolus,cui
676 3877 929 3933 revelata
968 3883 1105 3934 sunt
1134 3884 1357 3935 secreta
1386 3880 1662 3936 caelestia.
1688 3882 1866 3937 Orent

217 3980 319 4035 pro
350 3967 408 4019 te
438 3980 642 4020 omnes
671 3966 854 4021 sancti
888 3970 945 4022 et
976 3967 1138 4023 electi
1174 3968 1273 4024 Dei
1305 3968 1572 4041 apostoli,
1593 3971 1808 4041 quibus
1833 3989 1867 4026 a

217 4049 463 4107 Domino
504 4053 640 4107 data
669 4058 760 4108 est
806 4057 1063 4126 potestas
1109 4056 1325 4127 ligandi
1376 4062 1549 4130 atque
1581 4059 1862 4115 solvendi.

216 4139 505 4211 Egredere
534 4140 594 4194 in
627 4141 862 4195 nomine
886 4146 913 4206 ’r
940 4143 1266 4209 Patris,eti
1298 4144 1449 4211 Filii,
1471 4151 1527 4201 et
1552 4152 1578 4213 ῒ
1613 4148 1867 4220 Spiritus

217 4225 427 4294 sancti,
461 4227 560 4298 qui
588 4231 644 4282 te
670 4226 962 4284 illuminet
991 4231 1049 4285 in
1083 4232 1257 4286 vitam
1291 4238 1585 4303 mternam,
1618 4242 1673 4291 et
1702 4254 1865 4293 resu-

217 4315 389 4372 scitat
416 4318 474 4370 te
503 4316 560 4369 in
592 4315 783 4386 prima
830 4318 1274 4385 resurrectione,
1297 4320 1355 4376 in
1402 4324 1719 4381 novissimo
1751 4327 1863 4381 dio.

219 4403 483 4471 Domine,
508 4408 707 4460 sancte
741 4405 929 4474 Pater,
960 4406 1190 4478 suscipe
1225 4409 1482 4464 animam
1515 4413 1663 4467 servi
1692 4415 1773 4469 tui
1808 4415 1865 4470 in

220 4509 377 4564 pace,
394 4496 451 4549 et
471 4494 599 4565 ejus
622 4493 819 4549 omnia
840 4498 1077 4566 peccata
1092 4494 1340 4563 dimitte,
1356 4496 1619 4554 Salvator
1639 4501 1865 4557 mundi.

1963 3344 2174 3415 jubeus
2207 3360 2308 3414 per
2348 3360 2558 3397 manus
2607 3347 2943 3399 sanctorum
2992 3345 3334 3417 angelorum
3383 3352 3617 3406 tuorum

1971 3431 2379 3486 deducendum
2428 3430 2485 3485 in
2539 3430 2673 3486 sinu
2719 3431 2890 3487 amici
2949 3433 3034 3488 tui
3082 3435 3324 3490 Abrahts
3372 3437 3617 3510 patriar-

1972 3519 2112 3584 chae,
2160 3518 2750 3590 resuscitandumque
2799 3519 2858 3575 in
2910 3521 3228 3579 novissimo
3276 3526 3471 3598 magni
3521 3527 3619 3597 ju-

1973 3607 2105 3664 dicii
2149 3608 2278 3675 die;
2331 3611 2387 3661 et
2435 3606 2719 3679 quidquid
2770 3607 3043 3664 vitiorum
3100 3609 3334 3668 fallente
3391 3612 3621 3669 diabolo

1973 3695 2279 3762 contraxit,
2338 3700 2423 3763 tu,
2484 3695 2616 3768 pius
2673 3700 2729 3750 et
2782 3697 3135 3766 misericors,
3194 3700 3366 3757 ablue
3427 3701 3621 3758 indul-

1973 3786 2183 3859 gendo.

2047 3876 2250 3931 Oratio.
2277 3873 2536 3946 Suscipe,
2562 3874 2820 3940 Domine,
2845 3876 3102 3932 animam
3135 3878 3281 3932 servi
3313 3877 3419 3947 tui,
3444 3896 3621 3952 quam

1975 3965 2045 4019 de
2075 3961 2368 4035 ergastulo
2400 3962 2579 4034 hujus
2622 3962 2813 4018 saaculi
2848 3981 3051 4020 vocare
3076 3965 3352 4037 dignatus
3374 3984 3437 4024 es
3470 3974 3527 4025 et
3554 3970 3621 4025 li-

1975 4053 2114 4108 bera
2141 4069 2269 4108 eam
2317 4053 2389 4107 de
2437 4052 2801 4124 principibus
2830 4055 3224 4119 tenebrarum,
3259 4060 3314 4111 et
3359 4057 3430 4111 de
3478 4057 3622 4114 locis

1977 4158 2301 4215 poenarum,
2322 4147 2387 4197 ut
2408 4140 2675 4197 absoluta
2695 4142 2960 4198 omnium
2981 4143 3211 4199 vinculo
3230 4150 3620 4217 peccatorum,

1977 4232 2191 4305 quietis
2222 4248 2288 4285 ac
2338 4230 2484 4285 lucis
2516 4235 2740 4285 internae
2773 4230 3132 4287 beatitudine
3180 4234 3531 4303 perfruatur,
3567 4240 3626 4290 et

1978 4322 2131 4377 inter
2160 4324 2393 4376 sanctos
2428 4323 2556 4374 tuos
2588 4319 2645 4372 in
2680 4320 3124 4375 resurrectionis
3155 4320 3336 4390 gloria
3375 4320 3623 4377 resusci-

1979 4410 2089 4465 tari
2124 4412 2433 4464 mereatur.
2471 4408 2592 4463 Per.

2053 4500 2256 4556 Oratio.
2291 4497 2786 4553 Commendamus
2816 4498 2944 4565 tibi,
2975 4497 3235 4568 Domine,
3258 4497 3516 4554 animam
3551 4500 3629 4555 fa-

221 4581 327 4645 Qui
357 4580 505 4637 vivis
533 4585 591 4637 et
620 4597 829 4655 regnas
861 4581 918 4636 in
951 4582 1176 4639 unitate
1199 4584 1449 4656 Spiritus
1477 4587 1663 4643 sancti
1691 4588 1865 4645 Deus.
1899 4596 1948 4661 υ
1980 4587 2124 4643 muli
2168 4587 2255 4643 tui
2304 4584 2500 4642 fratris
2545 4585 2748 4653 nostri,
2784 4603 3227 4658 precamurque,
3281 4592 3346 4641 ut
3396 4593 3631 4661 propter

221 4668 343 4726 Per.

288 4759 553 4832 Suscipe,
579 4759 841 4828 Domine,
866 4760 1123 4816 animam
1157 4761 1359 4817 famuli
1392 4762 1475 4818 tui
1507 4762 1564 4818 in
1599 4764 1768 4820 bono.

292 4848 516 4917 Libera,
542 4848 806 4916 Domine,
830 4849 1089 4906 animam
1111 4851 1258 4907 servi
1286 4851 1369 4907 tui
1393 4868 1460 4908 ex
1480 4853 1756 4909 omnibus
1779 4872 1873 4927 pe-

222 4936 421 4994 riculis
452 4937 838 5007 infernorum,
870 4942 927 4994 et
964 4940 1036 4995 de
1080 4940 1306 5013 laqueis
1351 4958 1677 5013 pmnarum,
1712 4948 1769 4999 et
1799 4945 1869 4999 de

224 5027 497 5083 omnibus
526 5026 1010 5085 tribulationibus
1043 5029 1233 5085 malis.

292 5116 518 5183 Libera,
552 5115 816 5185 Domine,
851 5119 1109 5174 animam
1158 5119 1357 5175 famuli
1392 5121 1495 5188 tui,
1530 5122 1682 5177 sicut
1728 5122 1867 5179 libe-

225 5203 363 5259 rasti
393 5204 512 5259 Noe
545 5203 605 5259 in
634 5204 873 5262 diluvio.
1178 5272 1181 5276 ,

292 5291 516 5359 Libera,
547 5292 812 5362 Domine,
858 5294 1117 5351 animam
1168 5296 1370 5352 famuli
1400 5297 1506 5366 tui,
1540 5298 1693 5355 sicut
1721 5300 1870 5356 libe-

225 5380 366 5436 rasti
392 5380 577 5437 Eliam
608 5385 665 5437 et
693 5383 928 5439 Henoch
958 5385 1029 5439 de
1059 5387 1357 5441 communi
1390 5392 1577 5443 morte
1603 5389 1832 5444 mundi.

298 5466 519 5538 Libera,
554 5469 817 5537 Domine,
842 5472 1103 5527 animam
1125 5473 1275 5528 servi
1298 5473 1404 5539 tui,
1428 5474 1579 5529 sicut
1610 5475 1871 5532 liberasti

224 5555 512 5612 Abraham
545 5575 648 5629 per
678 5559 851 5615 fidem
885 5564 941 5616 et
970 5560 1392 5618 credulitatem.

297 5644 521 5711 Libera,
547 5647 806 5713 Domine,
832 5648 1090 5704 animam
1125 5650 1273 5704 servi
1304 5651 1411 5718 tui,
1438 5650 1587 5705 sicut
1614 5651 1873 5707 liberasti

228 5730 368 5788 Loth
400 5733 471 5789 de
499 5734 770 5791 Sodomis
799 5741 856 5793 et
883 5737 954 5793 de
986 5737 1225 5793 ﬂamma
1254 5736 1427 5809 ignis.
1870 5731 1883 5739 ’

1982 4695 2159 4750 quam
2192 4676 2264 4731 ad
2295 4681 2512 4731 terram
2551 4679 2653 4730 tua
2693 4674 2905 4746 pietate
2948 4674 3305 4730 descendere
3353 4675 3629 4748 dignatus

1980 4784 2062 4834 es,
2098 4765 2558 4838 patriarcharum
2588 4768 2824 4819 tuorum
2855 4764 2911 4818 in
2945 4763 3173 4820 sinibus
3202 4764 3489 4821 insinuari
3512 4783 3628 4822 non

1980 4873 2193 4913 renuas
2223 4855 2557 4910 miseratus.
2591 4853 2697 4919 Qui
2729 4852 2871 4908 vivis
2900 4856 2959 4909 et
2987 4869 3218 4925 regnas.

2053 4947 2257 5002 Oratio.
2291 4944 2639 5016 Migrantem
2671 4941 2730 4996 in
2763 4946 2861 4997 tuo
2894 4942 3129 4998 nomine
3170 4943 3241 4999 de
3292 4943 3401 5000 hac
3448 4945 3630 5001 insta-

1980 5034 2083 5091 bili
2114 5038 2169 5089 et
2197 5039 2317 5089 tam
2353 5032 2573 5087 incerta
2620 5032 2679 5086 in
2711 5030 3129 5104 sempiternam
3160 5032 3337 5099 vitam
3371 5032 3533 5089 illam
3566 5051 3632 5090 ac

1982 5123 2243 5179 laetitiam
2290 5120 2577 5176 suscitare
2607 5136 2765 5188 eum,
2795 5121 3055 5190 Domine,
3093 5122 3149 5175 in
3184 5123 3354 5178 nobis
3384 5121 3629 5179 caelesti-

1979 5215 2089 5269 bus
2121 5211 2397 5283 digneris.
2430 5210 2554 5264 Per.

2482 5298 2563 5353 Ad
2585 5314 2776 5370 corpus
2806 5295 3119 5355 lavandum.

2053 5391 2258 5445 Oratio.
2291 5387 2551 5460 Suscipe,
2576 5388 2839 5456 Domine,
2864 5388 3121 5443 animam
3158 5385 3308 5442 servi
3335 5385 3419 5442 tui
3445 5400 3632 5441 rever-

1982 5483 2201 5534 tentem
2231 5478 2303 5532 ad
2344 5482 2419 5545 te,
2447 5480 2664 5532 vestem
2693 5475 2984 5532 ccelestem
3016 5476 3191 5531 indue
3221 5490 3370 5541 eam,
3403 5479 3462 5529 et
3502 5473 3634 5529 lava

1983 5560 2111 5623 eam
2159 5572 2360 5621 sancto
2392 5564 2548 5619 fonte
2577 5564 2705 5619 vitae
2752 5570 2997 5631 aeternae,
3024 5568 3085 5620 ut
3114 5565 3264 5619 inter
3310 5564 3631 5637 gaudentes

1983 5654 2325 5727 gaudeat,et
2346 5653 2499 5707 inter
2520 5653 2812 5722 sapientes
2838 5653 3047 5722 sapiat,
3078 5658 3135 5707 et
3165 5652 3316 5707 inter
3347 5655 3631 5721 martyres

1986 5742 2318 5808 consedeat,
2350 5743 2409 5795 et
2448 5740 2601 5795 inter
2647 5739 3011 5813 patriarchas
3062 5739 3346 5812 proﬁciat,
3379 5744 3437 5795 et
3481 5739 3633 5791 inter
