3920 6208
249 384 370 450 927

1451 379 1642 446 SJEC.
1686 378 1770 444 XI
1812 375 2126 442 MONUM.
2172 378 2490 445 LITURG.

3555 381 3702 446 928

253 515 568 593 prophetas
597 519 653 574 et
682 512 978 593 apostolos
1025 515 1190 592 sequi
1217 515 1514 576 Christum
1563 514 1817 586 studeat,
1847 517 1905 570 et
1931 511 2166 581 A-inter
2215 514 2452 589 agmina
2509 517 2846 574 sanctorum
2905 518 3142 574 tuorum
3191 514 3483 592 digneris;
3515 523 3708 580 vesti

252 609 406 666 inter
447 607 688 683 angelos
733 613 790 664 et
835 607 1216 683 archangelos
1273 607 1598 665 claritatem
1658 603 1756 660 Dei
1812 603 1900 659 vi-

251 699 405 766 deat,
429 701 485 754 et
517 699 670 754 inter
701 697 954 770 paradisi
981 697 1186 754 rutilos
1216 697 1438 770 lapides
1459 693 1738 768 gaudium
1771 711 1901 766 pos-

252 787 462 853 sideat,
513 790 572 843 et
614 787 1074 844 ministeriorum
1123 785 1224 842 Dei
1281 785 1546 841 notitiam
1601 786 1898 855 agnoscat,

250 881 307 931 et
337 875 488 932 inter
517 875 821 932 cherubim
867 880 924 931 et
961 875 1255 948 seraphim
1289 873 1612 929 claritatem
1664 871 1760 927 Dei
1810 871 1899 926 in-

247 965 462 1033 veniat,
496 969 553 1020 et
600 964 752 1020 inter
798 964 1000 1037 viginti
1049 968 1304 1036 quatuor
1359 963 1619 1018 seniores
1676 961 1904 1016 cantica

249 1053 611 1117 canticorum
642 1057 942 1109 cantantes
973 1053 1192 1119 audiat,
1221 1057 1279 1108 et
1309 1052 1460 1106 inter
1489 1050 1750 1107 lavantes
1783 1054 1900 1106 sto-

248 1141 336 1198 las
365 1160 504 1198 suas
534 1142 593 1197 in
626 1142 782 1197 fonte
812 1141 1055 1196 luminis
1077 1147 1303 1205 .vestem
1337 1157 1506 1197 suam
1541 1139 1706 1207 lavet,
1731 1143 1787 1196 et
1810 1138 1901 1192 in-

248 1235 335 1286 ter
362 1230 663 1303 pulsantes
713 1229 924 1302 pulset,
956 1233 1011 1283 et
1042 1232 1238 1301 portas
1287 1227 1615 1284 Jerusalem
1671 1230 1901 1300 apertas

247 1319 526 1383 inveniat,
559 1323 615 1374 et
661 1317 816 1373 inter
842 1317 1108 1374 videntes
1150 1316 1464 1374 Dominum
1503 1316 1647 1372 facie
1694 1316 1765 1372 ad
1819 1317 1902 1371 ta-

245 1408 392 1463 ciem
429 1407 642 1474 videat,
675 1411 734 1463 et
787 1407 936 1462 inter
985 1411 1287 1462 cantantes
1339 1407 1634 1462 canticum
1687 1423 1900 1462 novum

244 1500 456 1564 cantet,
485 1501 543 1551 ct
571 1495 724 1551 inter
747 1497 1052 1551 audientes
1081 1495 1372 1552 cmlestem
1396 1495 1655 1552 sonitum
1679 1495 1900 1551 audiat.

246 1586 352 1642 Per
381 1585 600 1642 omnia.

311 1676 448 1745 .Alia
476 1677 673 1730 oratio.
703 1673 964 1747 Suscipe,
990 1673 1254 1742 Domine,
1291 1673 1548 1729 animam
1581 1672 1783 1730 famuli
1815 1677 1900 1731 tui

244 1765 315 1821 ad
348 1767 404 1820 te
434 1766 841 1831 revertentem,
862 1763 934 1818 de
964 1761 1190 1836 Egypti
1230 1763 1497 1836 partibus
1528 1763 1898 1836 proficiscen-

241 1859 384 1919 tem,
416 1856 472 1908 et
515 1852 681 1908 mitte
731 1851 965 1924 angelos
1001 1857 1132 1908 tuos
1177 1856 1412 1908 sanctos
1461 1851 1690 1940 obviam
1740 1853 1812 1919 ei,
1846 1838 1978 1940 et'B

240 1943 394 1998 viam
413 1940 681 2014 justitiaa,
708 1945 762 1996 et
785 1939 997 2014 repelle
1019 1941 1091 1997 ab
1116 1957 1182 1997 ea
1205 1957 1408 1996 omnes
1432 1939 1722 2013 principes
1743 1945 1900 1998 tene-

242 2031 514 2099 brarum;
547 2045 816 2102 agnosce,
851 2029 1460 2098 Domine,creaturam
1491 2035 1652 2086 tuam
1688 2048 1800 2086 non
1831 2017 1900 2086 ex

242 2118 593 2189 diisalienis
622 2123 899 2203 creatam,
925 2120 1023 2176 sed
1056 2136 1090 2175 a
1120 2123 1174 2174 te
1205 2119 1327 2174 solo
1363 2123 1474 2174 Deo
1496 2119 1624 2174 vivo
1655 2123 1712 2174 et
1740 2135 1894 2188 vero,

242 2208 381 2282 quia
409 2225 522 2264 non
555 2212 645 2264 est
675 2207 826 2264 alius
856 2208 1010 2264 Deus
1053 2211 1260 2280 praeter
1290 2212 1366 2276 te,
1404 2207 1662 2276 Domine,
1695 2212 1752 2263 et
1781 2225 1896 2264 non

241 2303 330 2356 est
356 2298 681 2357 secundum
705 2314 881 2371 opera
902 2302 1022 2354 tua.
1051 2299 1326 2364 Lzetifica,
1351 2297 1612 2365 Domine,
1638 2296 1896 2354 animam

243 2387 445 2444 famuli
477 2386 587 2455 tui,
620 2391 676 2444 et
709 2403 780 2444 ne
809 2386 1560 2460 memineris‘iniquitatum
1591 2387 1719 2458 ejus
1751 2404 1897 2460 quas

245 2477 549 2534 suscitavit
578 2476 742 2532 furor
771 2475 908 2532 mali
931 2477 1240 2543 desiderii;
1272 2475 1407 2532 licet
1427 2475 1582 2531 enim
1616 2477 1892 2549 peccavit,

240 2570 436 2622 tamen
469 2565 719 2630 Patrem,
745 2569 801 2620 et
834 2564 1141 2632 Filium,et
1171 2564 1452 2637 Spiritum
1476 2569 1747 2620 sanctum
1779 2581 1894 2621 non

239 2653 491 2729 negavit,
515 2655 616 2710 sed
639 2653 908 2722 credidit,
932 2658 990 2708 et
1019 2651 1207 2708 zelum
1237 2651 1336 2708 Dei
1359 2651 1584 2720 habuit,
1609 2657 1668 2709 et
1688 2653 1894 2728 Deum,

245 2743 345 2816 qui
378 2742 512 2799 fecit
539 2742 758 2808 omnia,
783 2741 1060 2797 adoravit.
1085 2741 1192 2808 Qui
1222 2741 1361 2796 vivit
1391 2745 1447 2797 et
1476 2745 1696 2814 regnat.

313 2833 520 2888 Oratio.
555 2831 732 2898 Deus,
781 2833 917 2886 ante
971 2830 1142 2902 cujus
1201 2833 1580 2902 conspectum
1639 2830 1897 2887 defertur

243 2937 415 2976 omne
444 2919 600 2994 quod
631 2917 880 2992 geritur;
914 2918 1014 2990 qui
1056 2933 1191 2973 cum
1237 2917 1318 2974 sis
1366 2917 1686 2988 institutor,
1719 2923 1778 2976 et
1825 2921 1895 2976 de

241 3007 549 3082 suppliciis
574 3025 636 3064 es
664 3007 1370 3079 moderator,quaesumus
1392 3023 1496 3080 pro
1521 3006 1740 3064 famulo
1767 3011 1894 3077 tuo,

241 3103 306 3154 ut
333 3098 438 3154 des
467 3097 518 3153 ei
551 3101 776 3171 partem
807 3113 942 3152 cum
973 3096 1194 3152 sanctis
1236 3095 1374 3164 tuis,
1408 3099 1465 3151 et
1492 3094 1891 3154 hmreditatem

241 3204 375 3244 cum
408 3185 606 3243 electis
629 3185 769 3242 tuis.
795 3185 902 3242 Per
929 3185 1128 3241 omnia
1159 3183 1390 3242 saecula.

313 3277 515 3333 Oratio.
542 3275 806 3348 Suscipe,
840 3275 1102 3341 Domine,
1126 3273 1383 3330 animam
1417 3275 1563 3331 servi
1598 3275 1684 3330 tui
1715 3274 1776 3331 in
1797 3275 1895 3333 bo-
1923 3245 1968 3314 θ

239 3384 382 3424 num
425 3363 851 3432 habitaculum,
877 3365 1047 3436 cujus
1067 3363 1482 3437 corpusculum
1508 3363 1739 3420 lavandi
1771 3381 1896 3437 per-

239 3455 501 3530 ragimus
530 3453 812 3522 officium,
831 3457 887 3508 et
911 3453 988 3509 da
1007 3452 1058 3509 ei
1081 3453 1342 3526 requiem
1369 3452 1428 3508 in
1454 3469 1633 3526 regno
1655 3457 1891 3524 (sterno,

240 3545 298 3601 id
330 3549 418 3601 est
447 3547 505 3600 in
535 3543 860 3601 Jerusalem
885 3542 1201 3614 crnlestem,
1225 3547 1282 3598 ct
1312 3543 1368 3597 in
1393 3541 1622 3598 sinibus
1654 3542 1898 3616 patriar-

240 3634 484 3690 charum
541 3638 800 3698 tuorum,
834 3631 891 3686 id
931 3635 1019 3688 est
1058 3630 1323 3698 Abrahae,
1358 3631 1517 3687 Isaac
1575 3635 1632 3686 et
1688 3631 1896 3700 Jacob,

239 3719 520 3777 collocare
565 3719 848 3794 digneris,
882 3723 948 3774 ut
997 3719 1208 3774 habeat
1257 3723 1480 3792 partem
1533 3720 1592 3774 in
1643 3719 1810 3776 beata
1841 3725 1898 3777 et

242 3810 435 3883 prima
462 3807 919 3874 resurrectione;
951 3824 1164 3880 corpus
1212 3807 1341 3878 ejus
1390 3806 1644 3880 suscipe,
1673 3811 1731 3863 et
1759 3825 1894 3864 cum

241 3897 564 3955 benedictis
591 3897 663 3952 ad
698 3897 990 3952 dexteram
1037 3895 1136 3952 Dci
1179 3896 1367 3953 Patris
1398 3895 1764 3952 venientibus
1795 3913 1894 3953 ve-

243 3987 385 4056 niat,
409 3990 466 4042 et
494 3985 646 4041 inter
676 3984 1040 4058 possidentes
1061 3985 1238 4042 vitam
1265 3975 1542 4041 aeternam
1572 3985 1890 4058 possideat.

243 4077 369 4132 Per.

367 4182 645 4254 Incipiunt
671 4182 933 4254 capitula,
965 4185 1079 4238 sive
1106 4183 1398 4248 orationes,
1425 4189 1545 4253 post
1573 4197 1768 4254 corpus

939 4255 1203 4310 lavatum.

314 4343 483 4399 Pater
513 4346 727 4398 noster.
761 4343 830 4398 Et
861 4359 932 4398 ne
961 4360 1092 4398 nos.

315 4432 648 4505 Capitulum.
697 4431 760 4488 In
809 4431 1094 4488 memoria
1139 4433 1353 4486 aeterna
1399 4429 1510 4486 erit
1549 4431 1774 4503 justus.
1806 4430 1892 4487 Ab

245 4521 472 4578 auditu.

312 4609 394 4666 Ne
422 4608 606 4668 intres
652 4609 712 4665 in
749 4608 1041 4680 judicium
1073 4624 1207 4664 cum
1256 4623 1419 4665 servo
1469 4612 1596 4678 tuo,
1629 4609 1890 4678 Domine,
1921 4617 1970 4683 Ι)

241 4699 388 4768 Quia
416 4717 532 4756 non
554 4697 998 4774 justificabitur.

311 4788 396 4845 Ne
424 4788 624 4846 tradas
653 4787 862 4845 bestiis
892 4787 1124 4845 animas
1149 4787 1492 4845 confitentes
1519 4785 1648 4858 tibi,
1675 4787 1746 4844 Et
1775 4787 1896 4844 ani-

242 4893 372 4935 mas
401 4893 751 4952 pauperum.

314 4967 594 5040 Requiem
626 4972 902 5025 aeternam
932 4968 1087 5024 dona
1124 4967 1176 5023 ei
1206 4966 1470 5034 Domine,
1500 4966 1572 5022 Et
1617 4966 1717 5022 lux
1763 4982 1892 5039 per-

244 5058 440 5129 petua.

315 5143 558 5203 Domine
588 5147 817 5204 exaudi.
854 5147 924 5202 Et
953 5145 1190 5202 clamor.

315 5233 602 5291 Dominus
627 5235 954 5292 vobiscum.
983 5235 1055 5290 Et
1085 5251 1240 5290 cum.

316 5323 522 5380 Oratio.
546 5324 860 5390 Deus,vitaa
881 5323 1069 5392 dator,
1093 5327 1150 5380 et
1171 5323 1563 5379 humanorum
1587 5337 1892 5394 corporum

246 5414 566 5484 reparator,
589 5412 690 5484 qui
736 5415 792 5468 te
831 5427 865 5468 a
910 5411 1316 5485 peccatoribus
1365 5409 1589 5466 exorari
1633 5409 1896 5478 voluisti,

245 5497 456 5556 exaudi
505 5515 722 5571 preces,
757 5517 904 5574 quas
936 5499 1172 5572 speciali
1202 5499 1504 5556 devotione
1549 5515 1652 5571 pro
1700 5497 1901 5555 anima

247 5583 453 5643 famuli
483 5585 567 5640 tui
617 5587 722 5644 tibi
769 5587 1223 5662 lacrymabiliter
1274 5585 1602 5656 fundimus,
1651 5592 1708 5645 et
1748 5585 1898 5644 libe-

247 5689 378 5742 rare
421 5686 555 5730 eum
603 5678 674 5735 ab
718 5679 1047 5738 inferorum
1103 5675 1480 5748 cruciatibus,
1513 5682 1570 5734 et
1615 5677 1901 5736 collocare

2001 619 2234 678 quoque
2263 604 2480 662 acelecti
2512 609 2569 662 et
2588 605 2738 664 stola
2781 606 3246 664 immortalitatis
3274 607 3461 678 indui,
3487 613 3550 668 et
3581 625 3694 684 pa.

2008 693 2187 750 radisi
2221 694 2557 752 amoenitate
2587 695 2879 752 confoveri
2911 697 3156 770 jubeas.
3189 698 3315 754 Per.

2079 784 2203 839 Alia
2240 786 2435 840 oratio.
2488 784 2664 854 Deus,
2715 785 2816 859 qui
2879 785 3277 844 humanarum
3329 787 3681 856 animarum

2010 875 2261 929 aeternus
2289 878 2518 930 amator
2546 889 2630 942 es,
2651 875 2911 931 animam
2943 875 3150 932 famuli
3180 877 3288 946 tui,
3303 894 3483 951 quam
3513 895 3679 950 vera,

2011 961 2151 1016 dum
2178 961 2238 1016 in
2270 978 2508 1035 corpore
2537 962 2905 1034 vixit,tenuit
2933 965 3101 1032 ﬁdes,
3117 965 3191 1021 ab
3213 967 3374 1023 omni
3403 969 3680 1028 cruciatu

2011 1049 2371 1106 infernorum
2406 1051 2580 1108 redde
2612 1055 2922 1121 extorrem,
2951 1057 3018 1110 ut
3047 1059 3352 1130 segregata
3379 1057 3454 1114 ab
3486 1057 3679 1116 infer-

2013 1137 2246 1196 nalibus
2278 1139 2551 1197 claustris
2581 1144 2917 1198 sanctorum
2945 1149 3236 1200 mereatur
3261 1145 3512 1204 adunari
3538 1163 3676 1206 con-

2013 1227 2230 1283 sortiis.
2260 1229 2366 1284 Per
2393 1229 2711 1286 Dominum
2743 1234 3012 1288 nostrum
3040 1233 3244 1290 Jesum
3270 1234 3595 1294 Christum.

2090 1318 2218 1372 Alia
2237 1319 2432 1374 oratio.
2459 1321 2629 1389 Deus,
2655 1319 2808 1392 apud
2830 1337 3002 1392 quem
3029 1325 3397 1380 mortuorum
3419 1326 3672 1398 spiritus

2009 1405 2230 1472 vivunt,
2256 1410 2312 1461 et
2342 1406 2401 1462 in
2424 1424 2539 1480 quo
2561 1407 2874 1464 electorum
2898 1408 3127 1479 animae,
3155 1412 3424 1484 deposito
3445 1415 3668 1487 carnis,

2011 1509 2204 1560 onere,
2227 1493 2398 1565 plena
2440 1493 2713 1551 felicitate
2753 1494 3047 1566 laetantur,
3071 1503 3300 1571 praesta,
3325 1501 3668 1575 supplican—

2009 1581 2168 1637 tibus
2202 1582 2390 1650 nobis,
2415 1587 2479 1638 ut
2511 1584 2768 1640 animam
2810 1585 3014 1642 famuli
3053 1587 3160 1656 tui,
3192 1605 3321 1662 quas
3352 1593 3670 1664 temporali

2011 1669 2190 1742 hujus
2223 1671 2419 1730 saeculi
2449 1672 2636 1728 caruit
2663 1673 2814 1741 visu,
2839 1679 3052 1732 aeterno
3082 1675 3243 1734 illius
3272 1678 3424 1737 lucis
3451 1681 3668 1740 solatio

2011 1759 2286 1832 potiatur,
2311 1761 2586 1834 non:eam
2615 1766 2976 1820 tormentum
3008 1767 3216 1823 mortis
3244 1767 3505 1843 attingat,
3539 1787 3666 1831 non

2011 1848 2175 1904 dolor
2205 1849 2504 1906 horrenda:
2535 1850 2777 1908 visionis
2808 1852 3046 1924 afficiet,
3073 1871 3188 1911 non
3213 1857 3454 1929 poenalis
3476 1859 3666 1919 timor

2007 1937 2316 2005 excruciet,
2347 1955 2460 1994 non
2493 1956 2723 1996 reorum
2753 1941 3014 2013 pessima
3041 1947 3246 2001 catena
3275 1947 3664 2022 constringat,

2007 2027 2128 2094 sed,
2153 2043 2430 2084 concessa
2450 2028 2558 2084 sibi
2582 2028 2928 2087 delictorum
2951 2033 3215 2090 omnium
3235 2035 3424 2106 venia,
3446 2041 3668 2110 optate

2007 2115 2220 2188 quietis
2253 2122 2645 2189 consequatur
2669 2119 2888 2191 gaudia
2917 2121 3292 2194 repromissa.

2079 2206 2276 2260 Finitis
2305 2206 2557 2262 omnibus
2599 2209 2958 2276 orationibus,
2976 2214 3218 2282 ponatur
3260 2229 3457 2286 corpus
3490 2217 3552 2272 in
3579 2219 3662 2289 fe-

2006 2302 2171 2360 retro,
2194 2298 2246 2350 et
2273 2299 2595 2366 aspergatur
2622 2313 2767 2369 aqua
2794 2303 3006 2368 sancta,
3027 2309 3078 2356 et
3108 2303 3418 2360 incensetur
3445 2311 3500 2361 et
3525 2321 3663 2361 can-

2005 2391 2138 2438 tent.
2181 2384 2514 2452 Subvenite,
2552 2386 2738 2441 sancti
2781 2385 2902 2443 Dei.
2936 2388 3232 2463 Suscipiat
3274 2394 3351 2448 te.
3383 2393 3568 2462 Deus,
3598 2394 3664 2451 in

2006 2471 2242 2528 nomine
2273 2476 2394 2529 tuo.
2434 2473 2590 2529 Beati
2621 2473 3004 2532 immaculati.
3029 2479 3095 2534 Et
3116 2481 3199 2534 sic
3242 2480 3446 2538 vadunt
3473 2482 3546 2539 ad
3571 2499 3664 2540 ec-

2003 2563 2248 2617 clesiam.
2271 2563 2404 2618 Cum
2435 2565 2681 2619 venerint
2710 2564 2781 2620 ad
2812 2567 3102 2623 introitum
3128 2569 3386 2639 ecclesiae,
3411 2569 3624 2629 dicitur
3640 2591 3664 2628 :

2006 2650 2338 2720 Subvenite,
2373 2652 2559 2708 sancti
2591 2652 2710 2709 Dei.
2744 2654 2807 2710 Et
2833 2657 2914 2711 sic
2939 2655 3096 2712 detur
3123 2659 3405 2716 incensum
3435 2665 3490 2718 et
3513 2678 3668 2734 aqua

2003 2747 2214 2806 sancta,
2235 2743 2284 2794 et
2311 2745 2579 2797 sanentur
2617 2744 2805 2799 omnia
2831 2745 3012 2816 signa,
3033 2753 3085 2801 et
3106 2751 3350 2818 ponatur
3391 2751 3668 2821 feretrum

2004 2831 2066 2884 in
2090 2829 2421 2900 pavimento,
2453 2835 2506 2886 et
2533 2835 2750 2888 cantent
2797 2834 3178 2892 invitatoriam
3204 2854 3225 2892 :
3257 2838 3494 2912 Regem,
3524 2843 3667 2912 etc.,

2006 2926 2064 2974 ut
2092 2919 2153 2974 in
2180 2918 2360 2987 editis,
2394 2921 2682 2990 exclusive,
2698 2938 2870 2994 usque
2889 2923 2960 2978 ad
2979 2927 3382 2997 responsorium
3409 2930 3671 2989 secundae

2005 3008 2253 3063 lectionis
2275 3010 2452 3080 primi
2488 3013 2762 3078 nocturni,
2785 3011 2944 3084 cujus
2972 3014 3136 3070 verba
3181 3015 3296 3071 haec
3338 3021 3471 3074 sunt
3499 3036 3520 3074 :
3552 3019 3670 3084 Qui

2002 3097 2366 3154 resuscitasti
2397 3097 2651 3172 puellam
2682 3100 2834 3158 infra
2862 3102 3129 3175 domum,
3158 3109 3218 3162 et
3253 3107 3524 3178 juvenem
3563 3125 3670 3166 ex-

2004 3189 2096 3242 tra
2121 3190 2369 3258 portam,
2409 3191 2468 3242 tu
2503 3188 2576 3256 ei,
2600 3189 2864 3247 Domine.
2888 3191 3066 3249 Lectio
3095 3192 3307 3252 Manus
3356 3199 3489 3264 tuae,
3520 3201 3663 3265 etc.,

2005 3275 2296 3342 exclusive,
2327 3292 2498 3348 usque
2526 3276 2596 3333 ad
2628 3282 3030 3351 responsorium
3071 3286 3349 3356 sequentis
3386 3285 3662 3344 lectionis.

2005 3363 2330 3436 Responde.
2393 3364 2546 3434 Quod
2598 3367 2680 3421 sic
2730 3368 2958 3440 effertur
3003 3388 3022 3425 :
3071 3371 3407 3442 Subvenite,
3466 3377 3663 3434 sancti

2004 3451 2127 3523 Dei,
2161 3456 2296 3520 etc.,
2326 3456 2385 3509 ut
2429 3455 2492 3509 in
2531 3453 2711 3524 editis,
2741 3457 2958 3530 quando
2985 3459 3274 3518 deducitur
3315 3462 3547 3520 cadaver
3593 3465 3670 3523 de

2003 3540 2179 3597 domo.
2213 3542 2395 3599 Homo
2426 3546 2598 3600 natus
2628 3545 2700 3600 de
2731 3545 2996 3618 muliere,
3020 3553 3154 3621 etc.,
3183 3558 3245 3607 ut
3271 3553 3332 3607 in
3358 3552 3538 3622 editis,
3565 3571 3662 3611 us-

2003 3646 2106 3700 que
2136 3630 2206 3685 ad
2246 3635 2651 3703 responsorium
2673 3637 2951 3706 sequentis
2999 3637 3264 3695 lectionis.
3297 3639 3439 3705 Quis
3485 3642 3661 3711 mihi,

2004 3719 2100 3775 ubi
2119 3721 2323 3792 legitur
2341 3739 2360 3776 :
2384 3721 2466 3778 Ne
2490 3721 2670 3779 intres
2687 3723 2742 3778 in
2759 3724 3054 3796 judicium
3075 3744 3209 3783 cum
3227 3742 3392 3788 servo
3411 3733 3535 3801 tuo,
3558 3735 3668 3788 Do-

2004 3806 2181 3862 mine.
2201 3809 2264 3862 In
2292 3809 2450 3864 tertio
2478 3814 2744 3866 nocturno
2771 3829 2792 3866 :
2819 3811 3206 3886 Complaceat,
3229 3819 3366 3882 etc.,
3389 3833 3562 3890 usque
3591 3819 3666 3875 ad

2003 3904 2171 3953 totam
2201 3897 2502 3954 lectionem.
2538 3898 2679 3955 Pelli
2709 3916 2872 3972 meae,
2901 3905 3058 3975 cujus
3089 3908 3505 3976 responsorium
3531 3915 3616 3964 est
3640 3926 3664 3964 :

2001 3985 2206 4041 Libera
2238 4002 2348 4053 me,
2376 3987 2639 4057 Domine,
2659 3989 2732 4044 de
2767 3991 2822 4046 vi
2854 3991 3087 4059 inferni,
3109 3993 3211 4066 qui
3251 4000 3450 4066 portas
3478 4011 3664 4054 aereas

2000 4073 2430 4147 confregisti,et
2460 4075 2706 4134 visitasti
2760 4079 3076 4148 infernum,
3103 4087 3161 4139 et
3205 4082 3419 4141 dedisti
3449 4085 3539 4141 eis
3561 4083 3658 4142 lu-

2001 4179 2157 4229 men,
2179 4167 2244 4218 ut
2261 4162 2521 4220 viderent
2551 4169 2605 4221 te
2627 4166 2726 4239 qui
2750 4173 2916 4225 erant
2946 4169 3006 4225 in
3037 4170 3226 4244 pinnis
3249 4172 3658 4244 tenebrarum,

2001 4250 2323 4309 clamantes
2339 4256 2396 4309 et
2416 4253 2674 4311 dicentes
2695 4273 2708 4312 :
2727 4257 3047 4327 Advenisti,
3063 4259 3417 4334 Redemptor
3435 4266 3659 4332 noster,

2001 4340 2108 4408 Qui
2139 4346 2323 4398 erant.
2349 4345 2523 4400 Lectio
2542 4361 2562 4398 .'
2583 4343 2684 4400 Vir
2714 4345 3074 4404 fortissimus
3099 4348 3306 4407 Judas.
3335 4351 3662 4420 Ii‘.Redem-

1999 4429 2132 4504 ptor
2160 4447 2329 4488 meus
2356 4431 2518 4502 vivit,
2541 4437 2599 4489 et
2641 4432 2701 4490 in
2734 4435 3053 4494 novissimo
3095 4437 3190 4494 die
3237 4455 3567 4513 resurgam,
3603 4445 3664 4498 et

1999 4519 2436 4576 renovahuntur
2479 4521 2672 4578 denuo
2701 4539 2838 4580 ossa
2875 4541 3024 4594 mea,
3049 4530 3106 4583 et
3134 4527 3196 4582 in
3227 4544 3402 4585 carne
3447 4529 3664 4588 videbo

2000 4607 2314 4665 Dominum
2365 4625 2583 4667 meum.
2609 4611 2830 4681 Lauda,
2862 4613 3060 4672 anima
3108 4632 3259 4684 mea,
3300 4617 3662 4689 Dominum;

2000 4695 2250 4753 laudabo
2282 4697 2597 4755 Dominum
2628 4699 2689 4755 in
2739 4699 2862 4758 vita
2906 4718 3056 4760 mea.
3087 4704 3154 4760 Et
3199 4703 3261 4761 in
3312 4722 3510 4764 carne.
3543 4708 3667 4766 Re-

2003 4786 2203 4858 quiem
2233 4789 2531 4844 aeternam.
2563 4788 2633 4844 Et
2663 4788 2721 4843 in
2751 4805 2945 4846 carne.

2071 4876 2136 4930 In
2163 4875 2440 4932 Laudibus
2462 4893 2481 4931 :
2500 4875 2908 4952 Exsultabunt,
2937 4883 3072 4948 etc.,
3099 4886 3162 4938 ut
3188 4884 3252 4939 in
3277 4882 3460 4953 editis,
3491 4901 3667 4959 usque

2001 4963 2073 5020 ad
2096 4967 2352 5034 quartam
2379 4965 2737 5036 antiphonam
2761 4967 3056 5026 erctusive.
3083 4971 3396 5044 Antiphone
3423 4990 3443 5028 :
3475 4973 3664 5031 Reco-

2003 5051 2202 5124 gitabo
2233 5068 2438 5108 omnes
2466 5069 2653 5112 annos
2702 5069 2865 5113 meos
2892 5057 2954 5114 in
2987 5059 3379 5118 amaritudine
3423 5063 3661 5120 anime.

2002 5142 2153 5197 Psal.
2186 5145 2248 5196 ut
2298 5143 2360 5197 in
2403 5142 2564 5200 editis
2606 5148 2657 5200 et
2712 5162 2884 5220 usque
2935 5149 3006 5204 ad
3061 5149 3424 5224 antiphonam
3473 5152 3662 5210 Bene-

2005 5229 2220 5296 dictus,
2237 5234 2356 5302 post
2387 5247 2550 5303 quam
2580 5233 2783 5304 legitur
2801 5253 2824 5290 .°
2852 5235 3038 5294 Omne
3068 5240 3220 5312 quod
3253 5240 3376 5312 dat,
3405 5244 3521 5298 etc.
3550 5243 3664 5300 Be-

2005 5319 2294 5376 nedictus.
2325 5319 2404 5374 Ad
2445 5320 2696 5392 Vesperus
2730 5325 3034 5397 antiphona
3061 5345 3082 5382 :
3112 5327 3356 5386 Plac‘ebo
3386 5331 3663 5400 Domino,

2005 5413 2142 5475 etc.,
2171 5422 2341 5479 usque
2377 5407 2448 5462 ad
2483 5409 2763 5479 psalmum
2791 5429 2811 5468 :
2839 5413 3188 5486 Conﬁtebor,
3219 5419 3487 5476 inclusive
3515 5423 3577 5477 ut
3601 5423 3666 5477 in

2005 5497 2184 5554 editis.

2077 5583 2282 5640 Deinde
2307 5587 2554 5659 sequitur
2581 5603 2601 5643 :
2633 5587 2913 5662 Requiem
2960 5597 3257 5654 aeternam.
3287 5596 3357 5653 Et
3395 5595 3520 5654 lux.
3550 5599 3666 5655 An-

2009 5674 2236 5747 tiphone
2263 5688 2284 5727 :
2323 5673 2528 5731 Audivi
2578 5691 2776 5736 vocem
2826 5681 2898 5736 de
2935 5681 3080 5738 caalo
3126 5684 3417 5743 dicentem
3464 5686 3615 5744 mihi
3649 5707 3664 5744 :
