3920 6208
258 283 384 345 929

1055 281 1468 348 EXCERPTA
1509 282 1610 345 EX
1652 283 1882 347 CODD.
1931 276 2243 348 LI'I‘URG.
2292 281 2888 351 FON'I‘AVELLAN.

3546 287 3667 354 930

261 417 426 473 Beati
460 412 806 490 mortui,qui
835 416 896 474 in
922 416 1169 475 Domino
1202 418 1908 491 moriuntur.Magniticat.
1942 421 1996 489 Α
2025 436 2160 474 suos
2191 435 2323 475 eum
2358 419 2418 476 in
2450 426 2612 494 parte
2641 421 2874 477 dextera
2898 420 3298 480 collocandum
3349 427 3665 482 resuscita-

254 508 409 563 Psal.
449 507 523 564 De
553 506 883 580 profundis.
934 508 1081 564 Psal.
1133 508 1348 564 Lauda.
1394 509 1541 565 Psat.
1574 508 1904 563 Vocc.Psal.

249 597 343 654 Ad
376 596 714 653 Dominum.
747 597 916 655 Pater
941 602 1158 654 noster.
1192 599 1258 653 Et
1289 615 1358 654 nc
1390 614 1514 654 nos.

330 685 535 743 Oratio.
570 691 746 758 Deus,
780 687 871 743 cui
904 687 1204 760 proprium
1252 691 1361 743 est.
1412 688 1535 742 Alia
1583 688 1776 744 oratio.
1813 674 1904 742 Ini

251 775 431 842 clina,
460 775 728 832 Domine.

326 863 529 922 Deinde
548 865 793 921 sacerdos
812 870 911 922 stet
931 867 1098 938 juxta
1116 868 1631 938 feretrumJntcrim
1652 882 1812 921 sonen
1820 873 1911 921 tur

251 956 445 1011 omnia
490 956 672 1026 signa,
724 971 1001 1028 quousque
1045 971 1228 1011 omnes
1274 956 1618 1022 convenimzt,
1665 959 1713 1010 et
1762 957 1908 1010 acci-

246 1047 415 1117 piant
443 1043 715 1112 candelas,
747 1051 798 1100 et
827 1047 1017 1099 cantor
1047 1048 1149 1100 stet
1180 1044 1322 1117 apud
1349 1045 1614 1116 feretrum
1658 1049 1707 1100 et
1738 1043 1903 1099 dicat.

252 1132 459 1189 Deinde
477 1142 528 1190 et
554 1133 699 1189 dicat
729 1133 974 1189 sacerdos
1003 1133 1411 1189 orationem.Ne
1441 1133 1647 1201 intres,
1681 1137 1814 1199 etc.,
1849 1141 1908 1188 ut

254 1224 315 1278 in
345 1223 528 1278 editis.
563 1224 622 1291 ﬁ}.
656 1222 765 1288 Qui
798 1222 1077 1278 Lazarum
1125 1222 1447 1279 suscitasti.
1496 1223 1744 1290 Interim,
1776 1222 1907 1276 dum

250 1316 529 1379 cantatur,
557 1313 799 1368 incenset
828 1313 1023 1378 uitare,
1055 1311 1253 1368 deinde
1279 1328 1495 1384 corpus,
1523 1316 1573 1367 et
1602 1320 1794 1367 cantor
1821 1310 1904 1366 di-

249 1411 339 1457 cat
368 1419 388 1457 :
418 1401 612 1475 Kyrie,
644 1400 893 1473 Christe,
928 1401 1123 1475 Kyrie;
1156 1406 1208 1457 et
1236 1401 1484 1457 sacerdos
1522 1400 1670 1456 dicat
1710 1402 1907 1457 oralio-

247 1507 379 1546 nem
411 1509 430 1546 :
464 1492 574 1547 Fac
606 1507 967 1562 quaasumus,
1001 1494 1058 1546 ut
1105 1493 1167 1546 in
1213 1491 1395 1547 editis.
1448 1491 1781 1547 Subvenite.
1832 1492 1908 1545 Et

247 1576 499 1636 sacerdos
549 1583 786 1636 incenset
834 1581 1030 1646 altare,
1071 1588 1122 1635 et
1167 1596 1377 1651 corpus,
1411 1588 1460 1635 et
1505 1584 1695 1635 cantor
1741 1579 1907 1648 dicat,

247 1674 301 1727 et
329 1669 579 1726 sacerdos
601 1668 747 1725 dicat
776 1672 1076 1726 orationem
1124 1686 1137 1724 :
1190 1668 1435 1739 Inclina,
1488 1668 1751 1737 Domine,
1797 1672 1904 1724 etc.

2020 508 2065 563 ri
2099 509 2292 565 faciat.
2325 510 2641 567 Prazstante
2671 510 2916 567 Domino
2967 515 3165 568 nostro
3218 513 3355 569 Jesu
3404 513 3662 573 Christo.

2019 598 2125 665 Qui
2158 615 2292 654 cum
2326 599 2491 655 Patre
2524 605 2581 656 et
2601 600 2819 674 Spiritu
2855 606 3074 669 sancto,
3108 606 3218 657 etc.

2088 688 2211 744 Alia
2242 682 2832 745 oratio.0bsecramus
2863 690 3327 747 misericordiam
3357 696 3667 763 tuam,om-

2017 776 2292 850 nipotens
2322 778 2496 845 Deus,
2546 778 2646 851 qui
2693 778 2990 836 hominem
3035 780 3105 835 ad
3156 779 3473 854 imaginem
3504 786 3666 838 tuam

2019 882 2212 922 creare
2243 866 2519 939 dignatus
2550 884 2630 933 es,
2664 872 2729 922 ut
2758 867 3031 941 spiritum
3063 874 3119 925 et
3150 870 3412 926 animam
3462 870 3667 926 famuli

2016 955 2122 1023 tui,
2155 973 2329 1029 quem
2361 956 2642 1013 hodierna
2673 955 2765 1014 die
2796 959 2972 1014 rebus
3017 959 3294 1016 humanis
3324 964 3564 1017 exutum
3596 960 3666 1015 ad

2017 1048 2072 1101 te
2102 1044 2371 1101 accersiri
2393 1046 2653 1116 jussisti,
2679 1045 2894 1102 blande
2927 1047 3496 1122 miscricorditerque
3538 1066 3666 1106 sus-

2017 1133 2217 1206 cipias.
2253 1135 2375 1190 Non
2405 1134 2453 1190 ei
2483 1135 2859 1191 dominentur
2893 1137 3108 1192 umbra:
3140 1139 3486 1209 mortis,nec
3516 1137 3670 1213 legat

2017 1239 2148 1278 eum
2182 1223 2359 1279 chaos
2390 1227 2447 1279 et
2477 1224 2663 1297 caligo
2696 1226 3091 1292 tenebrarum,
3136 1228 3237 1283 sed
3285 1233 3494 1284 exutus
3544 1245 3667 1283 om-

2018 1312 2183 1367 nium
2215 1312 2529 1368 criminum
2576 1313 2723 1381 labe,
2758 1315 2815 1370 in
2851 1316 2982 1371 sinu
3033 1317 3280 1373 Abrahae
3323 1318 3667 1385 collocatus,

2016 1401 2210 1456 locum
2242 1400 2409 1469 lucis,
2458 1407 2514 1457 et
2552 1402 2831 1477 refrigerii
2882 1422 2942 1461 se
2992 1406 3265 1478 adeptum
3301 1408 3572 1480 gaudeat,
3608 1412 3671 1462 ut

2018 1507 2149 1546 cum
2183 1490 2308 1547 dies
2333 1491 2540 1562 judicii
2574 1493 2889 1561 advenerit,
2940 1510 3071 1549 cum
3123 1496 3343 1551 sanctis
3376 1500 3431 1551 et
3470 1496 3670 1552 electis

2017 1580 2135 1635 tuis
2165 1596 2296 1635 eum
2332 1580 2666 1637 resuscitari
2693 1582 2925 1653 jubeas.
2963 1584 3085 1638 Per.

2092 1671 2590 1738 0ratio.Deus,cui
2623 1672 2822 1726 omnia
2852 1672 3132 1737 vivunt,et
3161 1672 3255 1727 cui
3287 1689 3403 1729 non
3428 1677 3673 1746 pereunt

252 1760 314 1828 ﬂ.
349 1758 559 1815 Libera
590 1775 702 1828 me,
736 1758 1000 1825 Domine,
1033 1762 1140 1814 etc.
1178 1759 1309 1814 Dies
1340 1756 1458 1825 illa,
1492 1757 1617 1813 dies
1645 1757 1762 1825 irae,
1797 1764 1904 1812 etc.
1939 1789 1987 1855 Β
2020 1776 2263 1832 corpora
2293 1763 2515 1822 nostra.
2547 1760 2648 1817 sed
2699 1764 3005 1815 mutantur
3050 1760 3110 1817 in
3160 1761 3390 1831 melius,
3423 1766 3480 1819 te
3526 1780 3671 1835 sup-

247 1847 506 1905 Deinde:
547 1846 828 1921 Plangent
879 1864 1057 1920 super
1109 1864 1171 1903 se
1220 1864 1425 1903 omnes
1482 1846 1671 1902 tribus
1719 1850 1906 1901 terrai.

251 1932 540 1994 Tremens
568 1938 759 1993 factus
790 1953 923 1992 sum
947 1936 1304 2009 ego,etc.Vix
1329 1937 1532 2007 justus
1564 1934 1907 2004 salvabitur,

252 2031 313 2083 et
342 2025 782 2100 cgo,miser,ubi
818 2026 1109 2099 apparebo
1128 2025 1155 2080 ?
1187 2025 1333 2091 Quid
1366 2042 1491 2097 ego,
1520 2024 1907 2092 miserrimus,

255 2115 399 2189 quid
430 2114 621 2172 dicam
650 2115 737 2172 vel
774 2115 915 2188 quid
948 2114 1327 2181 faciam,dum
1351 2114 1432 2169 nil
1456 2114 1589 2169 boni
1624 2114 1910 2185 perferam

257 2196 395 2262 ante
423 2208 657 2262 tantum
686 2204 997 2262 Judicem?
1025 2204 1211 2272 Nunc,
1245 2203 1492 2272 Christe,
1524 2207 1582 2259 te
1613 2204 1909 2276 deprecor,

259 2294 559 2362 miserere,
586 2298 739 2367 peto.
772 2292 879 2360 Qui
909 2292 1119 2350 venisti
1151 2292 1751 2366 redimere,pcrpetim
1783 2293 1912 2348 veni

260 2383 507 2441 salvare.
536 2383 816 2456 Requiem
850 2386 1146 2449 aeternam,
1178 2387 1286 2439 etc.
1320 2383 1391 2438 Et
1421 2381 1541 2453 lux,
1575 2391 1681 2439 etc.
1709 2384 1917 2439 Libera

261 2490 376 2542 me,
407 2472 670 2529 Domine.
706 2473 993 2528 Memento
1027 2472 1164 2544 mei,
1196 2472 1371 2538 Deus,
1406 2472 1545 2545 quia
1585 2476 1796 2528 ventus
1825 2475 1917 2527 est

262 2562 381 2619 vita
410 2578 560 2630 mea,
597 2578 702 2618 nec
733 2560 977 2635 aspiciat
1028 2578 1119 2617 me
1164 2562 1325 2618 visus
1376 2561 1655 2617 hominis.
1689 2562 1756 2616 Et
1800 2578 1913 2616 non

267 2655 560 2708 evertetur
572 2651 775 2708 oculus
793 2667 957 2707 meus
972 2658 1034 2706 ut
1048 2651 1235 2706 videat
1250 2651 1914 2724 bona.Quapropternon

266 2757 504 2814 parcam
527 2741 612 2797 ori
634 2740 997 2813 meo,loquar
1020 2742 1077 2795 in
1101 2741 1493 2797 amaritudine
1524 2741 1732 2797 anima:
1754 2758 1914 2797 mese.

267 2831 385 2886 Nec
417 2829 795 2901 aspiciat,etc.
830 2828 1033 2885 Deinde
1063 2831 1373 2885 inccnsetur
1417 2831 1593 2885 altare
1621 2834 1673 2886 et
1703 2846 1915 2901 corpus.

346 2920 455 2973 Hoc
480 2921 623 2989 facto
655 2919 891 2973 elevetur
934 2934 1126 2989 corpus
1171 2918 1415 2989 defuncti
1460 2919 1532 2975 de
1579 2921 1823 2984 ecclesia,
1870 2924 1921 2976 et

271 3005 481 3063 vadant
526 3007 791 3077 primitus
840 3008 1075 3062 minores
1117 3023 1241 3061 cum
1285 3024 1444 3062 cruce
1485 3017 1536 3064 et
1581 3011 1823 3077 incenso,
1870 3013 1921 3065 et

267 3111 417 3169 aqua
454 3103 662 3162 sancta,
692 3094 884 3150 deinde
928 3096 1125 3165 fratres
1172 3096 1413 3151 canendo
1444 3115 1462 3152 :
1492 3097 1553 3151 In
1582 3098 1919 3170 paradisum

2022 1848 2201 1920 plices
2232 1848 2634 1922 deprecamur,
2670 1855 2731 1904 ut
2765 1848 3050 1923 quidquid
3103 1849 3300 1908 anima
3342 1850 3550 1907 famuli
3583 1851 3671 1908 tui

2017 1936 2317 2005 vitiorum,
2378 1942 2607 2010 tuaeque
2655 1938 2934 1994 voluntati
2998 1940 3378 2008 contrarium,
3439 1940 3674 1997 fallente

2021 2025 2272 2092 diabolo,
2311 2031 2367 2082 et
2394 2026 2628 2099 propria
2656 2027 2952 2083 voluntate
2986 2032 3156 2101 atque
3188 2028 3501 2103 fragilitate
3534 2046 3670 2088 con-

2019 2116 2282 2183 traxit,tu
2304 2115 2436 2188 pius
2458 2119 2513 2171 et
2537 2116 2867 2172 misericors
2890 2116 3134 2173 abluens
3157 2118 3671 2192 indulgendo,eam

2023 2204 2241 2277 suscipi
2264 2205 2479 2276 jubeas
2510 2222 2612 2278 per
2638 2223 2847 2261 manus
2870 2211 3206 2262 sanctorum
3233 2208 3675 2275 tuorum,dedu-

2023 2294 2386 2366 cendamque
2418 2293 2474 2348 in
2510 2294 2641 2349 sinu
2674 2294 3140 2367 patriarcharum
3170 2300 3403 2351 tuorum
3428 2296 3672 2352 Abrahae

2025 2382 2245 2439 scilicet
2269 2381 2443 2438 amici
2473 2382 2579 2452 tui,
2615 2389 2671 2438 et
2720 2384 2881 2440 Isaac
2931 2382 3092 2440 electi
3141 2385 3248 2456 tui,
3282 2389 3339 2440 et
3374 2384 3552 2442 Jacob
3584 2384 3674 2441 di-
3734 2404 3741 2409 ·

2024 2471 2155 2528 lecti
2188 2471 2294 2541 tui,
2328 2489 2442 2545 quo
2474 2472 2663 2527 abfuit
2692 2471 2856 2528 dolor
2885 2478 2941 2528 et
2970 2473 3212 2529 tristitia
3240 2478 3297 2528 et
3326 2473 3670 2548 suspirium,

2027 2562 2288 2617 fidelium
2312 2578 2545 2634 quoque
2567 2562 2775 2618 animm
2810 2561 2962 2617 felici
2986 2561 3357 2634 jucunditate
3378 2562 3672 2633 laetantur,

2025 2656 2081 2706 et
2111 2651 2170 2705 in
2201 2650 2521 2706 novissimo
2555 2650 2749 2723 magni
2775 2650 2985 2722 judicii
3017 2651 3127 2718 die,
3162 2652 3316 2707 inter
3346 2656 3579 2708 sanctos
3618 2656 3674 2708 et

2027 2740 2240 2795 electos
2267 2744 2402 2795 tuos
2433 2755 2561 2794 eam
2593 2739 2775 2795 facias
2827 2742 3120 2813 perpetua:
3151 2739 3344 2812 glorias
3376 2741 3673 2814 percipere

2027 2829 2560 2902 portionem,quam
2593 2827 2794 2885 oculus
2825 2845 2937 2883 non
2969 2827 3132 2900 vidit,
3165 2844 3271 2884 nec
3303 2829 3463 2884 auris
3506 2829 3670 2886 audi-

2024 2919 2127 2986 vit,
2159 2935 2262 2974 nec
2296 2918 2356 2972 in
2390 2934 2487 2974 cor
2514 2917 2774 2973 hominis
2805 2916 3083 2987 ascendit,
3117 2934 3295 2990 quam
3334 2920 3672 2991 praeparasti

2027 3006 2407 3080 diligentibus
2433 3011 2506 3061 te.

2103 3097 2304 3153 Oratio.
2339 3095 2707 3152 Tcmeritatis
2736 3101 2844 3163 est,
2878 3102 2942 3151 ut
2973 3096 3146 3152 homo
3177 3097 3499 3166 hominem,
3519 3115 3670 3154 mor-

268 3158 582 3250 deducant,
619 3186 727 3240 etc.
754 3183 817 3239 In
845 3185 997 3240 exitu
1030 3182 1228 3253 Israel,
1281 3189 1390 3240 etc.
1424 3187 1487 3240 Et
1519 3158 1707 3243 sonent
1732 3190 1918 3244 omnia
1951 3158 1993 3225 C
2031 3186 2165 3242 talis
2196 3184 2524 3252 mortalem,
2555 3184 2700 3240 cinis
2731 3184 2982 3240 cinerem
3014 3185 3139 3251 tibi,
3166 3185 3412 3241 Domino
3433 3186 3550 3242 Deo
3573 3204 3671 3243 no-

265 3276 734 3346 signa,quousque
759 3273 1050 3329 claudatur
1068 3275 1745 3348 monumentumAperite
1773 3276 1914 3332 mihi

266 3366 468 3435 portas
488 3362 1067 3435 justititeﬁngressus
1098 3360 1159 3416 in
1180 3379 1279 3417 eas
1308 3362 1627 3418 confitebor
1647 3364 1915 3433 Domino,

265 3452 416 3507 Psal.
447 3450 839 3508 Conﬁtemini.
872 3451 1186 3523 Antiphone
1234 3470 1252 3507 :
1302 3450 1600 3522 Ingrediar
1631 3453 1691 3508 in
1720 3448 1914 3510 locum

264 3541 628 3601 tabernaculi
662 3538 1027 3596 admirabilis
1058 3556 1244 3612 usque
1264 3541 1337 3595 ad
1360 3540 1601 3596 domum
1632 3542 1912 3600 Dei.Psal.

264 3628 430 3688 Sicut
458 3646 679 3691 cervus.
727 3630 1059 3702 Antiphone.
1093 3628 1224 3684 Ηωο
1254 3628 1486 3702 requies
1525 3647 1655 3686 mea
1703 3631 1761 3687 in
1811 3650 1913 3688 sae-

266 3718 467 3775 culum
515 3718 731 3787 saeculi,
764 3719 858 3775 hic
905 3718 1205 3787 habitabo,
1241 3717 1516 3791 quoniam
1567 3719 1712 3793 elegi
1764 3738 1912 3777 eam.

264 3808 414 3864 Psal.
447 3808 758 3865 Memento.
790 3808 1122 3881 Antiphone.
1158 3807 1237 3862 De
1275 3812 1428 3864 terra
1459 3807 1766 3880 plasmasti
1798 3827 1913 3882 me,

266 3914 442 3953 carne
471 3897 716 3953 induisti
753 3914 864 3953 me.
914 3897 1266 3968 Redemptor
1313 3913 1481 3952 meus
1526 3896 1791 3967 Domine,
1826 3916 1914 3956 re-

264 3985 486 4044 suscita
516 4004 610 4043 me
640 3988 698 4042 in
729 3985 1043 4042 novissimo
1075 3986 1188 4041 die.
1221 3985 1652 4056 Psal.Domine,
1704 3986 1914 4043 exaudi

264 4075 593 4130 orationem
623 4073 1305 4145 meam.Antiphona.Non
1337 4074 1515 4130 intres
1537 4075 1595 4130 in
1619 4075 1912 4147 judicium

263 4179 403 4221 cum
437 4178 602 4219 servo
632 4161 1432 4227 tuo,Domine.Psal.Domine
1462 4164 1670 4220 exaudi
1697 4165 1913 4227 oratio-

265 4267 405 4309 nem
435 4249 1298 4322 meam(bis)Antiphona.Omnis
1318 4252 1560 4323 spiritus
1581 4252 1779 4311 laudet
1806 4254 1916 4311 Do-

262 4338 937 4397 minum.Psal.Laudate
958 4338 1913 4417 Dominum.Antiphmza.Requiem

262 4437 542 4489 aeternam
576 4429 731 4485 dona
758 4429 807 4485 ei
819 4427 1163 4497 ,ltomine,et
1190 4427 1289 4484 lux
1310 4434 1592 4501 perpetua
1621 4430 1907 4502 luceat,ei.

333 4519 414 4578 Ad
436 4516 964 4577 Benedictus.0mne
995 4516 1149 4589 quod
1172 4517 1272 4572 dat
1300 4516 1444 4572 mihi
1476 4519 1661 4588 Pater,
1693 4524 1800 4576 etc.

335 4608 541 4665 Oratio.
568 4607 839 4674 Absolve,
872 4605 1137 4674 Domine,
1172 4605 1431 4662 animam
1479 4608 1607 4678 ejus
1646 4609 1719 4664 ab
1750 4611 1909 4667 omni

256 4696 494 4754 vinculo
523 4696 961 4767 delictorum,ut
993 4696 1052 4751 in
1084 4695 1528 4753 resurrectionis
1548 4696 1734 4770 gloria
1762 4699 1913 4756 inter

256 4789 495 4844 sanctos
523 4792 580 4843 et
602 4785 815 4843 electos
844 4788 978 4842 tuos
1007 4783 1391 4841 resuscitatus
1421 4784 1684 4857 respiret.

332 4878 406 4933 Et
452 4875 703 4934 sacerdos
749 4876 986 4931 incenset
1040 4878 1477 4942 monumentum,
1546 4879 1598 4930 et
1658 4887 1912 4949 aspergat

254 4982 403 5038 aqua
430 4974 642 5035 sancta,
675 4974 724 5021 et
772 4965 915 5020 dicat
958 4964 1056 5019 has
1087 4965 1379 5032 oratimes,
1411 4962 1541 5018 dum
1570 4965 1677 5020 alii
1701 4972 1909 5023 canunt

248 5055 552 5128 psalmum.

329 5144 533 5201 Oratio.
561 5148 831 5212 Oremus,
882 5144 1089 5201 fratres
1137 5142 1491 5211 charissimi,
1540 5159 1645 5217 pro
1694 5143 1904 5217 spiritu

252 5232 416 5290 chari
446 5233 834 5305 nostri,quem
868 5231 1150 5288 Dominus
1182 5232 1251 5288 de
1283 5231 1705 5289 tentationibus
1726 5233 1906 5308 hujus

248 5321 449 5379 saeculi
482 5322 730 5378 liberare
747 5310 1024 5396 dignatus
1054 5321 1341 5392 est,cujus
1371 5321 1785 5393 corpusculum
1808 5323 1907 5382 ho-

248 5411 346 5467 die
396 5410 708 5484 sepulturae
757 5410 1029 5477 traditur,
1062 5414 1125 5465 ut
1165 5426 1301 5466 eum
1328 5410 1516 5481 pietas
1566 5410 1798 5466 Domini
1843 5411 1904 5468 in

248 5500 385 5557 sinu
416 5499 681 5568 Abrahae,
718 5500 878 5556 Isaac
909 5503 965 5554 et
992 5498 1174 5555 Jacob
1205 5497 1490 5555 collocare
1520 5497 1817 5572 dignetur,
1841 5505 1906 5556 ut

245 5600 385 5649 cum
414 5590 540 5649 dies
561 5587 775 5673 judicii
805 5587 1125 5659 advenerit,
1155 5586 1308 5645 inter
1338 5591 1572 5646 sanctos
1603 5592 1661 5649 et
1689 5587 1903 5651 electos

2024 3280 2166 3342 stro,
2201 3274 2412 3330 audeat
2440 3273 2867 3329 commendare.
2903 3273 3014 3328 Sed
3054 3272 3189 3344 quia
3239 3278 3393 3330 terra
3422 3274 3671 3347 suscipit

2024 3368 2264 3430 terram,
2297 3367 2354 3418 et
2383 3361 2575 3434 pulvis
2618 3360 2972 3416 convertitur
3019 3360 3077 3415 in
3137 3359 3455 3433 pulverem,
3489 3362 3671 3419 donec

2026 3452 2217 3510 omnis
2246 3468 2380 3507 caro
2412 3451 2468 3505 in
2503 3467 2671 3505 suam
2704 3449 3001 3523 redigatur
3020 3449 3669 3523 originem,inde,Deus,

2025 3548 2212 3611 tuam,
2263 3539 2523 3613 piissime
2575 3539 2762 3608 Pater,
2820 3536 3274 3613 lacrymabiliter
3328 3556 3668 3612 quaesumus

2024 3632 2322 3704 pietatem,
2384 3632 2449 3683 ut
2504 3627 2684 3698 hujus
2738 3626 2942 3682 famuli
3007 3628 3092 3683 tui
3150 3627 3432 3696 animam,
3489 3646 3666 3702 quam

2024 3721 2096 3776 de
2125 3719 2305 3791 hujus
2337 3716 2545 3773 mundi
2574 3717 2847 3790 voragine
2876 3716 3207 3773 coenulenta
3237 3716 3403 3773 ducis
3451 3716 3522 3773 ad
3573 3736 3670 3792 pa-

2023 3806 2469 3876 triam,Abrahaa
2501 3804 2673 3861 amici
2706 3805 2790 3861 tui
2823 3806 2957 3861 sinu
2991 3804 3259 3878 recipias,
3302 3810 3359 3862 et
3389 3806 3675 3881 refrigerii

2025 3915 2153 3955 rore
2185 3896 2525 3970 perfundas,
2555 3893 2747 3966 sitque
2778 3896 2850 3951 ab
2889 3894 3157 3951 mstuanti
3200 3894 3480 3968 gehennas
3524 3898 3674 3953 truci

2024 3987 2291 4043 incendio
2326 3988 2686 4058 segregatus,
2721 3988 2778 4041 et
2827 3988 3004 4039 beata:
3054 3983 3277 4057 requiei
3320 3989 3377 4042 te
3422 3985 3675 4043 donante

2024 4077 2401 4148 conjunctus;
2436 4078 2492 4129 et
2522 4072 2571 4130 si
2604 4090 2728 4145 quae
2758 4072 2842 4129 illi
2867 4076 3024 4142 sunt,
3048 4072 3315 4142 Domine,
3338 4074 3528 4149 dignae
3550 4092 3676 4132 cru-

2023 4165 2274 4221 ciatibus
2322 4161 2526 4234 culpae,
2559 4165 2622 4217 tu
2671 4178 2770 4218 eas
2818 4161 3008 4234 gratia
3057 4162 3384 4219 mitissima
3416 4162 3673 4220 lenitatis

2022 4253 2393 4326 indulge,nec
2425 4268 2529 4325 pro
2554 4250 2807 4323 peccatis
2838 4250 3077 4323 recipiat
3105 4251 3313 4320 vicem,
3344 4252 3444 4308 sed
3478 4251 3669 4307 indul-

2022 4342 2228 4417 gentias
2257 4345 2372 4397 tua:
2403 4339 2558 4413 piam
2591 4338 2807 4395 sentiat
2837 4340 3179 4396 bonitatem.
3212 4339 3474 4411 Cumque
3503 4339 3670 4396 finito

2023 4431 2228 4489 mundi
2253 4430 2501 4487 termino
2529 4445 2850 4501 supernum
2874 4428 3099 4485 cunctis
3116 4427 3369 4485 illuxerit
3399 4444 3668 4501 regnum,

1938 4525 1985 4589 Ι)
2020 4539 2203 4579 novus
2217 4521 2389 4575 homo
2407 4523 2743 4575 sanctorum
2756 4516 3018 4573 omnium
3034 4516 3281 4573 cmtibus
3298 4520 3667 4592 aggregatus,

2020 4628 2154 4667 cum
2186 4608 2386 4666 electis
2421 4606 2537 4664 tuis
2569 4611 2834 4680 resurgat
2856 4607 2914 4662 in
2943 4610 3105 4679 parte
3126 4607 3361 4662 dextera
3382 4604 3669 4664 collocan-

2021 4701 2152 4756 dus.
2187 4698 2313 4755 Per.

2087 4790 2211 4845 Alia
2240 4789 2433 4844 oratio.
2465 4786 2569 4854 Te,
2616 4784 2860 4841 Domine
2912 4788 3131 4851 sancte,
3183 4784 3353 4841 Pater
3399 4783 3667 4858 omnipo-

2016 4883 2164 4945 tens,
2186 4881 2395 4934 zeterne
2434 4875 2608 4942 Deus,
2642 4872 2978 4946 suppliciter
3026 4874 3408 4945 deprecamur
3427 4890 3529 4946 pro
3552 4874 3669 4947 spi-

2016 4967 2132 5023 ritu
2164 4965 2366 5021 famuli
2397 4964 2504 5031 tui,
2537 4980 2709 5036 quem
2734 4980 2765 5019 a
2797 4962 3043 5035 caligine
3073 4963 3253 5034 hujus
3285 4963 3480 5020 saeculi
3508 4962 3580 5019 ad
3608 4967 3666 5020 to

2016 5054 2285 5113 accersiri
2323 5052 2671 5127 praecepisti,
2701 5056 2764 5107 ut
2816 5052 3096 5125 digneris,
3130 5052 3395 5123 Domine,
3428 5053 3565 5109 dare
3612 5053 3663 5109 ei

2014 5145 2208 5202 locum
2240 5143 2522 5210 lucidum,
2556 5140 2749 5197 locum
2794 5140 3079 5215 refrigerii
3110 5145 3166 5199 et
3192 5143 3443 5216 quietis;
3495 5141 3667 5197 liceat

2014 5234 2064 5291 ei
2093 5232 2343 5289 transire
2374 5234 2571 5305 portas
2591 5229 2950 5287 infernorum
2968 5236 3025 5288 et
3042 5248 3244 5303 pinnas
3264 5230 3571 5287 tenebraru
3585 5245 3661 5300 cn,

2014 5320 2476 5395 mancatque'in
2537 5319 2943 5376 mansionibus
3001 5323 3362 5388 sanctorum,
3420 5321 3476 5371 et
3532 5316 3661 5371 luce

2014 5416 2233 5479 sancta,
2268 5426 2444 5483 quam
2496 5407 2637 5463 olim
2684 5408 2931 5464 Abrahaa
2978 5407 3303 5480 promisisti
3351 5410 3406 5461 et
3449 5403 3659 5461 semini

2013 5502 2160 5573 ejus.
2185 5498 2419 5555 Nullam
2450 5495 2747 5552 laesionem
2778 5495 3069 5553 sustineat
3099 5495 3343 5569 spiritus
3376 5492 3655 5565 ejus,sed,

2012 5605 2148 5649 cum
2180 5603 2433 5663 magnus
2462 5584 2588 5644 dies
2618 5583 2717 5644 ille
2747 5583 3190 5645 resurrectionis
3220 5584 3292 5647 ad
3324 5596 3657 5643 remunera-
