3920 6208
139 334 269 394 933

962 333 1352 395 EXCERPT.
1399 334 1502 393 nx
1549 334 1778 393 conn.
1825 306 2143 396 LITURG.
2191 335 2797 397 FONTAVELLAN.

3471 342 3590 402 934

146 462 511 534 iniquitates
544 468 796 529 nostras,
830 468 894 519 ut
922 465 993 518 ad
1026 468 1228 518 sancta
1278 466 1613 518 sanctorum
1655 463 1819 534 puris
1851 470 1899 534 Α
1932 463 2307 536 Evangelium
2349 466 2529 536 pacis.
2591 467 2817 521 Demum
2874 469 3148 523 osculetur
3205 469 3585 539 Evangelium,

147 568 501 608 mereamur
533 551 829 608 mentibus
861 552 1117 607 introire.
1153 552 1278 607 Per.

224 640 463 709 Quando
495 640 744 696 sacerdos
773 649 850 696 est
880 640 949 696 ad
978 641 1175 709 altare,
1221 639 1365 695 dicat
1394 657 1413 693 :
1444 640 1695 695 Oramus
1745 644 1821 701 te.

149 728 424 795 Domine,
461 734 530 801 ut
562 745 664 800 per
696 730 905 785 merita
934 734 1271 784 sanctorum
1306 733 1823 799 tuorum,quorum

150 816 420 889 reliquiae
455 816 555 871 hic
577 821 734 885 sunt,
763 834 966 875 eorum
993 815 1532 885 intercessionibus,
1557 818 1823 889 omnipo-

150 910 285 961 tens
317 905 503 971 Deus,
538 904 841 977 indulgere
873 905 1134 978 digneris
1165 905 1310 959 mihi
1341 905 1539 961 omnia
1588 910 1824 979 peccata

153 1010 306 1050 mea.
342 993 476 1048 Per.

224 1084 367 1137 Dum
399 1087 666 1137 cantatur
693 1083 922 1153 epistola
949 1086 1001 1137 et
1048 1082 1310 1152 graduale
1342 1086 1391 1137 et
1450 1084 1702 1149 alleluia,
1733 1099 1824 1137 sa—

149 1170 343 1228 cerdos
374 1170 531 1224 dicat
572 1171 714 1224 hanc
741 1172 1075 1226 orationem:
1109 1170 1351 1239 Suscipe
1397 1170 1823 1226 confessionem

152 1275 372 1324 meam,
412 1275 539 1313 una
570 1275 705 1330 spes
735 1258 944 1314 salutis
976 1275 1137 1320 meae,
1172 1258 1417 1314 Domine
1452 1261 1600 1315 Deus
1633 1274 1820 1313 meus.

152 1347 302 1423 Gula
361 1346 675 1407 ebrietate.
748 1346 1147 1414 fornicatione,
1225 1345 1489 1414 libidine,
1569 1345 1822 1413 tristitia,

150 1435 421 1504 avaritia,
444 1435 560 1501 ira,
587 1434 808 1505 acedia,
829 1435 1240 1501 somnolentia,
1269 1434 1643 1507 negligentia,
1667 1434 1826 1506 cupi-

152 1524 356 1592 ditate,
390 1522 643 1591 invidia,
671 1522 917 1591 malitia,
952 1523 1106 1592 odio,
1131 1523 1511 1588 detractione,
1546 1523 1822 1595 perjurio,

148 1612 439 1680 falsitate,
474 1612 809 1678 mendacio,
840 1629 989 1667 vana
1018 1612 1224 1685 gloria,
1257 1610 1593 1678 levitate,ac
1616 1628 1826 1684 super-

152 1702 249 1756 bia
279 1702 559 1774 perditus
580 1717 736 1768 sum,
760 1704 817 1755 et
844 1701 1083 1756 omnino
1111 1699 1481 1772 cogitatione,
1511 1699 1823 1767 locutione,

1932 558 1987 607 et
2015 552 2161 607 dicat
2191 571 2208 606 :
2242 552 2356 607 Pax
2385 552 2621 622 Christi,
2655 570 2833 626 quam
2866 555 3036 611 nobis
3078 572 3180 627 per
3213 559 3589 631 Evangelium

1935 656 2107 695 suum
2139 640 2402 705 tradidit,
2435 640 2741 696 confirmet
2770 646 2828 698 et
2850 648 3151 698 conservet
3180 645 3355 700 corda
3384 650 3439 701 et
3469 663 3592 703 cor-

1935 745 2076 801 pora
2105 733 2308 784 nostra
2337 729 2396 784 in
2426 730 2605 785 vitam
2639 734 2936 786 aeternam.
2963 732 3166 788 Amen.
3203 732 3427 800 Quando
3458 738 3590 789 mit-

1935 818 2073 871 titur
2104 819 2385 873 incensum
2416 820 2475 873 in
2513 820 2857 874 thuribulum
2884 819 3017 875 dicit
3044 837 3062 875 :
3087 820 3174 875 Ab
3214 820 3342 892 ipso
3374 821 3592 888 benet-

1936 905 2149 960 dicaris
2182 922 2284 976 pro
2314 906 2485 977 cujus
2516 924 2710 962 amore
2732 908 3032 963 cremaris.
3056 908 3262 964 Deinde
3282 911 3592 966 incensetur

1933 994 2297 1062 evangelium,
2330 1010 2432 1064 quo
2463 996 2593 1051 lecto
2624 997 2970 1066 evangelium
2998 998 3270 1052 osculetur
3312 998 3537 1055 dicendo
3568 1017 3581 1054 :

1934 1081 2042 1136 Per
2096 1082 2239 1136 istos
2299 1089 2534 1138 sanctos
2592 1101 2892 1140 sermones
2942 1084 3236 1157 Evangelii
3303 1086 3588 1143 Dominus

1936 1174 2133 1226 noster
2152 1170 2183 1224 J
2190 1187 2328 1226 esus
2347 1170 2617 1228 Christus
2641 1172 2943 1245 indulgeat
2964 1173 3108 1228 mihi
3133 1175 3331 1230 omnia
3356 1182 3592 1248 peccata

1935 1274 2084 1314 mea.
2117 1260 2320 1313 Amen.

2005 1346 2083 1400 Ad
2106 1348 2384 1418 corporale
2414 1348 2726 1403 benedictio.
2746 1348 2807 1402 ln
2840 1353 2939 1404 tuo
2962 1355 3298 1421 conspectu,
3319 1351 3582 1420 Domine,

1935 1435 2059 1491 haec
2091 1440 2291 1491 nostra
2316 1452 2562 1491 munera
2591 1436 2695 1491 tibi
2732 1436 2943 1509 placita
3000 1438 3138 1505 sint.
3200 1443 3264 1494 ut
3320 1457 3424 1496 nos
3480 1442 3587 1497 tibi

1936 1523 2163 1596 placere
2193 1524 2511 1595 possimus.

2009 1613 2234 1682 Quando
2256 1613 2439 1668 oblata
2467 1629 2632 1685 super
2662 1615 2837 1669 altare
2862 1616 3058 1685 ponit:
3109 1613 3258 1677 Tibi,
3322 1616 3585 1684 Domine,

1936 1702 2189 1758 Creatori
2213 1718 2341 1757 meo
2364 1702 2617 1757 hostiam
2642 1703 2818 1758 offero
2834 1719 2938 1774 pro
2956 1702 3302 1758 remissione
3324 1704 3589 1759 omnium

152 1790 406 1857 actione,
443 1795 629 1861 atque
659 1790 935 1844 omnibus
986 1787 1256 1843 sensibus
1288 1788 1609 1844 exstinctus
1664 1805 1820 1844 sum.
1857 1825 1905 1890 Β
1936 1796 2307 1863 peccatorum
2340 1808 2625 1859 meorum,
2659 1796 2716 1846 et
2745 1796 3088 1847 cunctorum
3143 1790 3403 1846 fidelium
3460 1796 3590 1847 tuo-

153 1878 486 1946 ODomine,
516 1876 934 1950 quijustiticus
956 1876 1170 1948 impios
1190 1880 1248 1932 et
1266 1876 1519 1933 viviﬁcas
1542 1882 1825 1943 mortuos,

148 1966 419 2037 justiﬁes
454 1981 554 2020 me
584 1970 640 2020 et
672 1964 990 2021 ressuscita
1022 1981 1133 2032 me,
1168 1965 1412 2021 Domine
1442 1965 1597 2021 Deus
1630 1983 1817 2023 meus.

155 2056 264 2111 Per
291 2058 509 2110 Jesum
543 2054 839 2110 Christum
882 2053 1094 2110 Filium
1126 2059 1295 2109 tuum
1348 2055 1660 2110 Dominum
1694 2072 1825 2112 nos-

156 2149 337 2212 trum,
377 2143 485 2216 qui
522 2147 712 2199 tecum
743 2142 886 2197 vivit
914 2147 971 2197 et
1000 2146 1223 2213 regnat,
1256 2150 1362 2198 etc.

226 2232 417 2287 Maria
448 2231 816 2298 beatissima,
850 2232 1032 2286 Mater
1053 2230 1150 2286 Dei
1176 2235 1233 2286 et
1258 2230 1514 2286 hominis
1543 2231 1818 2304 gloriosa,

161 2321 315 2377 inter
346 2336 562 2376 omnes
596 2318 872 2375 mulieres
901 2319 1225 2385 benedicta,
1259 2318 1382 2374 σαειί
1417 2325 1474 2375 et
1510 2323 1676 2376 terra:
1711 2322 1826 2378 Do-

159 2408 345 2474 mina,
368 2424 556 2483 super
577 2424 781 2465 omnes
803 2407 1042 2481 angelos
1063 2412 1121 2463 et
1140 2406 1525 2479 archangelos
1549 2408 1820 2477 exaltata,

160 2501 223 2552 tu
258 2498 512 2570 dignare
531 2513 635 2567 pro
658 2513 750 2552 me
772 2500 1071 2569 peccatore
1101 2494 1300 2569 preces
1330 2496 1824 2570 eﬂ‘undere,cujus

160 2572 350 2641 oratio
383 2575 507 2642 non
532 2589 723 2658 potest
743 2586 816 2640 ab
846 2601 912 2641 eo
943 2586 1044 2657 qui
1066 2602 1134 2640 ex
1164 2590 1220 2641 te
1250 2590 1423 2641 natus
1445 2590 1554 2655 est,
1580 2587 1820 2660 despici,

159 2690 266 2730 nec
298 2674 447 2747 quid
482 2672 857 2746 aliquatenus
887 2673 1094 2749 a‘Filio
1141 2679 1242 2731 tuo
1273 2678 1331 2730 et
1372 2676 1641 2732 Creatore
1685 2693 1820 2733 con-

162 2750 375 2818 temni.
411 2762 459 2818 Ο
491 2761 811 2835 singularis
840 2766 897 2817 et
928 2779 1076 2818 nova
1100 2780 1404 2837 puerpera,
1436 2765 1613 2822 adoro
1644 2765 1823 2839 virgi-

157 2850 493 2931 nalisuteri
526 2851 612 2906 tui
641 2856 1006 2929 conceptum.
1031 2852 1215 2909 Adoro
1243 2857 1472 2931 partum
1495 2871 1563 2910 ex
1584 2855 1822 2912 inteme-

154 2942 297 2995 ratae
316 2929 594 3010 'Virginis
638 2938 776 3023 flore
829 2940 1223 3013 progenitum.
1258 2929 1447 2997 Adoro
1504 2959 1573 2998 ex
1602 2948 1658 2998 te
1700 2944 1821 2999 vir-

147 3026 433 3102 ginitatis
493 3032 605 3081 tute
657 3026 1031 3099 signaculum
1080 3027 1455 3086 inetfabiliter
1526 3032 1818 3103 prodeun-

149 3114 503 3171 tem.Adorc
536 3114 594 3168 in
622 3113 911 3171 cunabilis
944 3116 1245 3188 pueriliter
1266 3117 1818 3190 vagientem.Adoro

1939 1896 2070 1934 rum
2100 1879 2419 1934 viventium
2451 1884 2509 1935 et
2539 1884 2927 1935 mortuorum.

1919 2034 1925 2041 '
2010 1966 2233 2036 Quando
2263 1984 2407 2038 aqua
2434 1970 2677 2023 mittitur
2716 1970 2774 2022 in
2803 1970 3053 2037 calicem,
3112 1968 3259 2023 dicat
3294 1968 3541 2023 sacerdos
3571 1986 3591 2023 .-

1936 2057 2018 2112 Ex
2037 2056 2214 2112 latere
2235 2055 2445 2112 Christi
2469 2056 2713 2127 sanguis
2745 2061 2802 2111 et
2822 2072 2976 2127 aqua
2995 2056 3205 2112 exiisse
3225 2056 3589 2129 perhibetur,

1936 2150 1995 2200 et
2022 2145 2150 2201 ideo
2181 2146 2397 2217 pariter
2428 2144 2900 2210 commiscentur,
2937 2148 3001 2199 ut
3049 2144 3382 2201 misericors
3432 2145 3590 2200 Deus

1937 2234 2007 2288 ad
2039 2233 2326 2289 medelam
2359 2234 2691 2289 animarum
2724 2239 3054 2289 nostrarum
3114 2232 3478 2288 sanctificare
3510 2234 3592 2287 di-

1933 2326 2163 2394 gnetur.

2007 2410 2231 2478 Quando
2256 2410 2407 2464 calix
2422 2411 2649 2481 ponitur
2661 2425 2826 2480 super
2841 2410 3039 2477 altare,
3062 2409 3209 2463 dicat
3234 2426 3246 2464 :
3271 2408 3584 2465 Otferimus

1932 2498 2062 2569 tibi,
2097 2497 2362 2563 Domine,
2399 2497 2637 2553 calicem
2688 2496 2990 2564 salutaris,
3022 2496 3327 2553 humiliter
3375 2497 3591 2568 implo-

1935 2593 2130 2644 rantes
2183 2586 2556 2642 clementiam
2615 2592 2799 2651 tuam,
2860 2592 2925 2639 ut
2994 2591 3129 2641 ante
3205 2590 3585 2658 conspectum

1932 2676 2139 2732 divinae
2166 2675 2495 2746 maiestatis
2526 2680 2639 2729 ture
2671 2691 2804 2731 cum
2837 2676 3014 2729 odore
3046 2673 3352 2730 suavitatis
3383 2690 3588 2730 ascen—

1933 2767 2052 2822 dat.

2003 2854 2260 2926 Sequitur
2289 2868 2412 2908 cum
2440 2868 2597 2907 cruce
2625 2867 2789 2923 super
2814 2860 3067 2921 utrosque
3095 2867 3113 2903 :
3144 2848 3418 2905 Oblatum
3449 2850 3577 2917 tibi,

1931 2942 2198 3010 Domine.
2229 2958 2446 2997 munus
2476 2940 2797 3007 sanctiﬁca,
2847 2946 2911 2993 ut
2969 2938 3137 2993 nobis
3167 2936 3453 3010 unigeniti
3503 2939 3589 2992 tui

1934 3031 2061 3088 Filii
2074 3029 2306 3088 Domini
2319 3028 2503 3085 nostri
2516 3029 2546 3084 ,Ι
2555 3045 2657 3084 esu
2672 3028 2885 3084 Christi
2906 3043 3117 3098 corpus
3131 3029 3187 3082 et
3204 3024 3447 3098 sanguis
3463 3025 3586 3080 fiat.

2005 3120 2263 3193 Sequitur
2290 3137 2312 3175 ,ο
2341 3117 2505 3184 Veni,
2529 3117 2953 3183 Sanctiﬁcator,
2987 3115 3358 3186 omnipotens
3380 3118 3590 3170 aeterne

152 3204 345 3260 ubera
404 3207 675 3260 materna
728 3208 1054 3277 augentem.
1116 3204 1230 3260 Ora
1267 3221 1369 3277 pro
1430 3222 1523 3262 me
1582 3206 1814 3273 misero,
1850 3190 1894 3258 C
1933 3190 2109 3276 Deus,
2143 3206 2385 3263 benedic
2417 3206 2525 3261 hoc
2550 3204 2907 3261 sacrificium
2937 3203 3043 3259 tibi
3071 3207 3477 3275 praeparatum.

154 3292 330 3349 beata
346 3290 453 3347 Dei
477 3291 756 3361 Genitrix,
783 3296 848 3347 ut
878 3291 977 3364 qui
1010 3308 1080 3347 ex
1108 3295 1164 3347 te
1180 3309 1382 3349 verum
1403 3293 1703 3350 hominem
1733 3298 1822 3352 est

158 3379 447 3457 dignatus
477 3379 741 3450 induere,
775 3381 835 3436 in
867 3386 1214 3457 mentemea
1231 3398 1344 3437 non
1368 3382 1820 3455 dedigneturin-

156 3452 477 3526 visibiliter
516 3468 799 3550 habitare.
836 3468 966 3526 Tibi
988 3452 1193 3538 etiam,
1244 3452 1533 3544 piissime:
1561 3470 1820 3539 domina,

157 3549 594 3632 turpitudinem
617 3545 880 3632 corporis
909 3563 967 3614 et
995 3557 1203 3614 animae
1238 3574 1377 3637 mete
1408 3559 1674 3615 conﬁteri
1706 3576 1821 3616 non

158 3640 469 3714 erubesco,
501 3648 642 3720 quia
670 3649 728 3703 in
762 3646 1015 3721 peccatis
1045 3648 1362 3721 conoeptus
1393 3650 1450 3703 et
1479 3647 1541 3703 in
1566 3648 1825 3720 peccatis

158 3720 448 3804 nutritus,
480 3742 538 3793 et
577 3736 638 3793 in
697 3720 967 3815 peccatis
992 3736 1131 3809 'post
1173 3724 1471 3813 baptisma
1522 3752 1711 3808 usque
1748 3737 1822 3793 ad

160 3814 313 3881 hanc
331 3824 542 3882 horam
568 3842 699 3881 cum
719 3814 995 3881 omnibus
1016 3818 1421 3898 peccatoribus
1448 3828 1823 3882 conversatus

159 3912 425 3970 animam
454 3929 647 3971 meam
685 3913 746 3968 in
772 3929 949 3969 carne
981 3913 1235 3986 positam
1278 3911 1484 3986 pollui,
1536 3911 1824 3987 templum

161 3992 428 4073 corporis
456 3994 571 4057 mei
603 4002 673 4057 de
689 4002 850 4057 omni
883 4018 1092 4074 genere
1119 4000 1525 4079 fornicationis
1554 4006 1611 4058 et
1641 4000 1826 4074 pollu-

160 4088 342 4169 tionis
365 4094 425 4145 et
445 4081 835 4146 immunditiis
856 4090 1248 4163 coinquinavi.
1263 4090 1497 4147 Peccavi
1514 4106 1620 4167 ego
1643 4090 1826 4146 miser

164 4172 221 4232 et
252 4174 455 4233 infelix
484 4176 545 4231 in
575 4174 929 4250 negligentia
958 4178 1092 4233 etin
1121 4179 1588 4251 transgressione
1608 4183 1823 4251 sanctis

164 4262 317 4337 legis
351 4269 413 4319 et
442 4258 707 4320 amnium
740 4256 1151 4321 mandatorum
1200 4265 1330 4321 Filii
1378 4267 1502 4336 Dei,
1546 4272 1606 4322 et
1647 4252 1825 4324 ofﬁcii

164 4351 553 4411 sacerdotalis
586 4357 643 4408 et
667 4351 1006 4409 obedientiae
1052 4353 1194 4408 mihi
1233 4355 1584 4426 commissae,
1611 4360 1670 4412 et
1698 4372 1824 4412 om-

164 4440 332 4497 nium
353 4445 595 4497 actuum
622 4457 845 4497 eorum.
873 4440 997 4496 Non
1020 4445 1109 4496 est
1129 4440 1408 4513 iniquitas
1429 4459 1606 4514 super
1630 4460 1823 4500 meam

2003 3297 2258 3368 Sequitur
2287 3312 2306 3349 :
2337 3295 2402 3350 In
2435 3291 2670 3349 nomine
2701 3291 2935 3347 Domini
2966 3291 3150 3346 nostri
3178 3284 3319 3345 Jesu
3374 3289 3587 3346 Christi

1931 3385 2009 3441 sit
2036 3384 2146 3439 hoc
2190 3381 2545 3438 sacriﬁcium
2602 3378 3070 3446 immaculatum,
3104 3382 3163 3433 et
3218 3394 3252 3432 a
3281 3382 3336 3433 te
3366 3377 3482 3433 Deo
3513 3379 3592 3432 vi-

1929 3489 2001 3529 vo
2030 3476 2087 3527 et
2114 3487 2248 3527 vero
2269 3471 2592 3525 adunatum
2611 3473 2668 3524 et
2688 3465 3057 3523 benedictum
3080 3465 3138 3520 in
3163 3464 3378 3521 saecula
3407 3481 3590 3520 saecu-

1929 3559 2143 3617 lorum.
2173 3560 2379 3614 Amen.

2006 3647 2232 3716 Quando
2269 3648 2551 3701 incensum
2604 3646 2830 3716 ponitur
2875 3645 2937 3698 in
2994 3642 3341 3697 thuribulum
3398 3642 3585 3697 dicat:

1933 3737 2039 3795 Per
2068 3734 2566 3801 intercessionem,
2600 3738 2734 3801 etc.,
2768 3740 2827 3788 ut
2857 3734 2916 3787 in
2944 3731 3122 3787 editis.

2007 3825 2141 3880 Cum
2167 3825 2415 3879 incensat
2443 3822 2627 3899 oblata
2666 3829 2717 3877 et
2743 3821 2993 3892 calicem,
3023 3819 3171 3875 dicat
3199 3820 3309 3874 ista
3336 3834 3462 3873 cum
3486 3820 3585 3873 tri-

1935 3914 2032 3970 bus
2060 3912 2311 3968 crucibus
2341 3926 2505 3983 super
2532 3912 2809 3983 utrosque,
2842 3915 2894 3964 et
2920 3907 3227 3981 regyrando
3256 3907 3428 3962 tribus
3454 3908 3587 3961 vici-

1935 4003 2033 4058 bus
2059 4001 2252 4058 dicat:
2283 3999 2528 4056 Domine
2560 3998 2713 4054 Deus
2745 4001 2961 4065 noster,
2996 3996 3094 4069 qui
3128 3993 3436 4067 suscepisti
3463 4010 3591 4050 mu-

1933 4075 2076 4147 nera
2103 4088 2266 4157 Abel,
2299 4089 2439 4155 Noe,
2469 4090 2683 4155 Aaron,
2712 4084 2950 4142 Samuel
2983 4090 3039 4141 et
3067 4084 3332 4140 omnium
3363 4088 3591 4140 sancto-

1934 4196 2066 4237 rum
2090 4164 2351 4251 tuorum,
2378 4175 2462 4232 sic
2484 4179 2541 4231 et
2564 4176 2637 4231 de
2656 4192 2835 4230 manu
2859 4178 3230 4247 peccatorum
3252 4176 3590 4229 nostrorum

1934 4254 2233 4340 suscipere
2263 4263 2525 4339 digneris
2575 4262 2883 4321 incensum
2944 4262 3101 4318 istud
3156 4262 3216 4316 in
3274 4264 3592 4331 conspectu

1932 4363 2058 4424 tuo,
2085 4355 2146 4411 in
2177 4343 2414 4411 odor'em
2445 4351 2773 4420 suavitatis,
2809 4351 2867 4405 in
2893 4348 3299 4406 remissionem
3331 4351 3593 4419 peccato-

1933 4446 2067 4502 rum
2100 4449 2459 4500 nostrorum.
2492 4442 2602 4498 Per
2631 4440 2953 4496 Christum.

165 4520 747 4615 iniquitatem,super
773 4522 978 4586 omnes
1004 4534 1337 4602 peccatores
1366 4530 1582 4603 saepius
1614 4538 1670 4587 et
1689 4548 1821 4606 gra-
1851 4550 1900 4616 D
2005 4534 2141 4590 Cum
2170 4534 2414 4588 incensat
2467 4529 2648 4585 oblata
2686 4536 2737 4584 et
2793 4528 3019 4616 calicem
3229 4541 3247 4578 :
3280 4522 3590 4616 incensum

165 4612 293 4674 vius
325 4617 674 4691 cecidi,plus
697 4618 974 4675 omnibus
1014 4617 1356 4674 hominibus
1377 4618 1712 4675 carnalibus
1742 4620 1824 4675 vi-

165 4704 263 4761 tiis
291 4706 411 4762 sive
437 4704 847 4780 spiritualibus
874 4707 946 4764 ab
976 4706 1223 4763 infantia
1261 4723 1394 4763 mea
1424 4705 1824 4765 indesinenter

176 4796 424 4863 peccavi.
453 4792 764 4868 Propterea
792 4798 987 4852 mente
1016 4801 1073 4850 et
1104 4810 1342 4867 corpore
1391 4793 1673 4868 pollutus,
1707 4812 1822 4851 non

169 4895 302 4938 sum
333 4884 550 4958 dignus
579 4887 829 4940 tractare
858 4883 947 4940 vel
978 4883 1277 4956 suscipere
1307 4898 1522 4956 corpus
1549 4883 1680 4938 Filii
1712 4884 1819 4939 tui.

171 4964 333 5027 Nunc
361 4962 522 5046 ergo,
556 4972 742 5029 Mater
765 4968 1197 5039 misericordiae,
1232 4988 1335 5028 ora
1362 4988 1465 5044 pro
1497 4988 1589 5029 me
1619 4987 1820 5044 pecca-

170 5058 293 5114 tore
323 5060 391 5116 ad
426 5061 699 5117 eumdem
730 5059 941 5117 Filium
962 5065 1131 5117 tuum
1163 5060 1480 5116 Dominum
1529 5050 1819 5139 nostrum,

172 5146 271 5219 qui
300 5165 512 5220 passus
542 5155 631 5206 est
660 5167 764 5223 pro
796 5148 985 5218 nobis,
1019 5164 1195 5222 quem
1234 5153 1297 5205 tu
1330 5147 1588 5223 gloriosa
1636 5153 1693 5205 et
1721 5150 1820 5206 be-

175 5230 401 5294 nedicta
430 5236 688 5312 genuisti
726 5239 913 5294 Deum
960 5243 1017 5294 et
1054 5237 1354 5293 hominem
1402 5254 1505 5311 pro
1554 5238 1819 5310 redemp-

177 5320 331 5381 tione
366 5326 632 5383 omnium
664 5331 1058 5400 peccatorum.

242 5413 331 5468 .ld
356 5410 786 5472 benedictionem
825 5405 1142 5486 Evangelii,
1175 5415 1439 5472 diaconus
1466 5420 1615 5487 petat
1663 5417 1821 5472 bene-

170 5492 458 5560 dictionem
487 5504 706 5560 dicens:
741 5502 1012 5571 Benedic,
1035 5502 1195 5573 jube.
1229 5504 1267 5572 it
1299 5502 1588 5562 Dominus
1645 5504 1723 5560 sit
1754 5505 1815 5560 in

168 5586 337 5646 corde
389 5596 511 5661 tuo,
548 5597 614 5648 ut
670 5585 846 5665 digne
904 5595 963 5647 et
1018 5580 1415 5662 competenter
1470 5592 1817 5663 pronunties

1936 4621 2118 4688 istud,
2145 4624 2278 4686 etc.,
2312 4623 2372 4674 ut
2398 4620 2461 4674 in
2488 4617 2669 4674 editis.
2701 4614 2958 4679 Sacerdos
2980 4612 3264 4667 humiliter
3284 4610 3514 4665 inclinet
3535 4626 3592 4666 se

1931 4713 2057 4766 ante
2087 4710 2263 4764 altare
2289 4715 2341 4763 et
2370 4706 2517 4762 dicat
2548 4724 2567 4761 :
2592 4703 2853 4776 Suscipe,
2885 4707 3087 4758 sancta
3123 4697 3402 4773 Trinitas,
3433 4697 3589 4753 hanc

1930 4782 2494 4870 oblationem,quam
2526 4794 2633 4850 tibi
2649 4794 2816 4850 offert
2835 4789 3093 4846 famulus
3113 4793 3271 4855 tuus,
3300 4791 3356 4843 et
3377 4792 3595 4858 praesta

1932 4892 2000 4944 ut
2028 4887 2089 4942 in
2120 4887 2499 4957 conspectum
2531 4887 2699 4938 tuum
2733 4880 2838 4936 tibi
2870 4879 3107 4951 placens
3137 4876 3430 4931 ascendat.

2003 4976 2296 5047 Sequitur:
2329 4972 2592 5045 Suscipe,
2629 4973 2832 5028 sancta
2855 4966 3133 5036 Trinitas,
3164 4965 3317 5020 hanc
3349 4963 3595 5021 oblatio-

1932 5046 2093 5135 nem,
2122 5046 2304 5136 quam
2336 5060 2444 5116 tibi
2476 5061 2654 5137 offero
2683 5074 2788 5132 pro
2820 5072 2915 5114 me
2940 5061 3259 5129 peccatore,
3290 5057 3348 5110 et
3378 5070 3482 5126 pro
3505 5054 3590 5110 fa-

1932 5152 2111 5211 mulis
2141 5156 2199 5209 et
2227 5148 2564 5207 famulabus
2597 5150 2736 5214 tuis,
2768 5147 2868 5220 qui
2927 5162 2990 5202 se
3033 5143 3594 5201 commendaverunt

1929 5242 1991 5298 in
2023 5224 2243 5297 nostris
2264 5237 2650 5305 orationibus,
2682 5240 2742 5292 et
2773 5250 2876 5308 pro
2894 5232 3053 5292 omni
3081 5229 3592 5309 populoChristia-

1935 5348 2029 5399 no,
2068 5328 2215 5385 vivis
2246 5330 2425 5399 atque
2455 5323 2769 5390 defunctis,
2798 5328 2865 5378 ut
2905 5320 3052 5377 mihi
3081 5325 3140 5377 et
3176 5318 3294 5375 illis
3326 5316 3593 5390 proﬁciat

1932 5421 2004 5476 ad
2039 5416 2353 5487 medelam,
2385 5419 2443 5471 et
2470 5415 2543 5471 ad
2576 5413 2753 5469 vitam
2783 5418 3084 5469 aeternam.

2001 5497 2206 5555 Deinde
2251 5484 2424 5567 erigat
2452 5509 2509 5550 se
2562 5492 2827 5558 sacerdos,
2860 5495 2910 5547 et
2968 5492 3140 5547 vertat
3168 5503 3224 5544 se
3281 5484 3351 5541 ad
3379 5486 3586 5556 fratres

1929 5578 2112 5644 dicens
2138 5604 2156 5640 :
2187 5572 2606 5650 Orate,fratres
2635 5578 2991 5646 charissimi,
3025 5592 3128 5649 pro
3162 5591 3274 5643 me,
3305 5576 3367 5628 ut
3388 5586 3583 5627 meum
