3920 6208
357 251 476 308 93ὔ

1547 249 1735 310 ΞΛΞΟ.
1783 250 1860 310 XI
1908 249 2220 311 MONUM.
2268 248 2586 309 LITURG.

3674 253 3815 312 936

352 398 416 434 ac
447 384 705 435 vestrum
739 378 1094 434 sacriﬁcium
1155 386 1456 452 acceptum
1497 380 1573 436 sit
1603 381 1660 436 in
1693 384 2007 454 conspectu
2036 384 2090 450 Α
2122 379 2236 434 Pax
2267 378 2497 434 Domini
2529 377 2606 434 sit
2637 394 2868 450 semper
2896 377 3220 456 vobiscum.
3254 380 3326 435 Et
3385 397 3519 437 cum
3581 385 3816 456 Agnus

357 467 606 526 Domini.

423 558 486 612 Et
517 557 607 611 illi
626 557 1014 628 respondeant:
1041 557 1335 629 Suscipiat
1358 556 1640 615 Dominus
1653 556 2005 612 sacrificium

353 647 422 700 de
455 645 729 700 manibus
757 645 875 699 tuis
936 647 1005 700 ad
1042 644 1273 701 laudem
1335 651 1391 700 et
1447 645 1693 717 gloriam
1751 645 2007 700 nominis

349 735 465 800 sui,
495 734 566 788 ad
603 731 914 789 utilitatem
967 751 1200 805 quoque
1257 739 1588 789 nostrarum
1650 735 2004 802 animarum,

357 821 648 894 totiusque
679 821 948 878 Ecclesia:
979 839 1096 876 suae
1129 826 1361 877 sanctae.

425 913 484 965 In
513 911 813 966 Nativitate
835 912 1056 965 Domini
1080 910 1332 980 prie/atio
1356 928 1372 964 :
1405 910 1662 982 Dignum
1692 916 1749 966 et
1771 911 2005 982 justum

351 1005 459 1065 est,
495 1015 726 1071 aequum
763 1004 818 1054 et
850 998 1125 1060 salutare,
1161 1015 1332 1069 usque
1361 1002 1574 1054 seterne
1605 1003 1778 1054 Deus.

422 1090 510 1142 Sic
535 1091 591 1146 in
622 1087 1046 1159 pra’ﬁitionibus
1072 1086 1546 1157 Quadragesinu'e,
1579 1089 2008 1143 Resurrectionis

350 1183 399 1230 et
430 1179 782 1232 l‘entecostcs.

419 1268 689 1336 Praefatio
714 1269 1072 1319 mortuorum.
1111 1264 1216 1319 Per
1245 1281 1420 1336 quem
1454 1264 1618 1319 salus
1650 1266 1879 1336 mundi,
1906 1283 2008 1338 per

346 1371 516 1424 quem
540 1353 657 1408 vita
689 1352 1004 1419 luminum,
1041 1369 1142 1424 per
1171 1367 1348 1424 quem
1373 1353 1720 1408 resurrectio
1746 1358 2003 1409 mortuo-

347 1461 506 1498 rum:
533 1459 633 1514 per
653 1442 848 1514 ipsum
866 1440 1568 1513 te,Domine,suppliciter
1593 1442 2005 1513 deprecamur,

351 1536 414 1586 ut
443 1531 650 1586 animm
686 1529 888 1586 famuli
911 1531 989 1585 tui
1021 1530 1406 1584 etanimabus
1431 1529 1786 1585 famulorum
1816 1530 2006 1586 famu-

350 1619 657 1690 larumque
689 1623 926 1674 tuarum
993 1617 1416 1689 indulgentiam
1477 1617 1689 1690 largire
1747 1617 2004 1691 digneris

351 1713 716 1779 perpetuam,
759 1712 936 1778 atque
978 1723 1006 1760 τι
1041 1706 1328 1779 contagiis
1379 1706 1752 1762 mortalitatis
1801 1712 2006 1764 exutas

353 1797 407 1849 in
444 1801 670 1851 aeternae
705 1793 1041 1850 salvationis
1084 1800 1306 1867 partem
1341 1795 1636 1851 restituas.
1673 1795 1780 1851 Per
1807 1813 2004 1868 quem.

425 1885 546 1938 Atia
574 1885 852 1955 pur/alio.
909 1884 1155 1956 Dignum
1190 1885 1492 1954 etjustum
1525 1889 1634 1951 est,
1685 1901 1918 1956 aequum
1950 1889 2008 1940 et

351 1973 625 2028 salutare.
660 1971 768 2036 Qui
791 1972 960 2027 nobis
995 1975 1056 2026 in
1088 1971 1338 2040 Christo,
1373 1972 1671 2045 unigenito
1703 1973 1844 2028 Filio
1879 1979 2002 2039 tuo,

353 2061 598 2117 Domino
632 2065 854 2130 nostro,
880 2077 1042 2133 spem
1080 2062 1258 2116 beata:
1290 2061 1732 2117 resurrectionis
1769 2079 2002 2118 conces-

349 2150 499 2216 sisti,
535 2155 764 2222 praasta,
793 2166 1155 2221 quzesumus,
1175 2154 1236 2204 ut
1265 2151 1495 2218 animm,
1523 2168 1624 2222 pro
1658 2151 1875 2223 quibus
1895 2151 2004 2206 hoc

348 2239 696 2294 sacriﬁcium
733 2240 1150 2310 redemptionis
1182 2244 1392 2294 nostra:
1424 2244 1538 2294 tua:
1559 2239 1859 2295 offerimus
1880 2257 2000 2296 ma-

339 2327 560 2397 jestati,
583 2327 656 2382 ad
681 2329 858 2383 beata:
883 2328 1326 2384 resurrectionis
1349 2328 1604 2400 quietem
1637 2334 1687 2384 te
1717 2329 2001 2386 miseran-

347 2421 398 2470 te
429 2432 561 2470 cum
603 2416 820 2471 sanctis
851 2415 964 2471 tuis
999 2415 1295 2488 pervenire
1326 2422 1677 2474 mereantur.
1717 2419 1820 2474 Per
1840 2437 2004 2475 eum-

346 2504 478 2558 dem
509 2504 805 2559 Christum
842 2506 1150 2559 Dominum
1186 2511 1474 2561 nostrum.
1510 2507 1614 2562 Per
1641 2524 1840 2578 quem.

416 2594 539 2648 .ltia
565 2595 843 2664 praefatio.
882 2593 1133 2664 Dignum
1167 2597 1223 2648 et
1245 2595 1486 2665 justum
1538 2600 1646 2662 est,
1683 2613 1911 2668 aequum
1945 2602 2002 2652 et

344 2681 616 2737 salutare.
653 2681 758 2748 Qui
793 2699 854 2736 es
887 2682 1014 2736 fons
1043 2683 1190 2747 vit:e,
1227 2683 1387 2754 origo
1421 2683 1684 2753 luminis,
1715 2689 1772 2740 et
1801 2691 2002 2742 auctor

347 2771 524 2823 tutius
545 2769 846 2834 bonitatis,
864 2771 1032 2841 cujus
1056 2771 1480 2843 omnipotentia
1505 2771 1868 2844 deprecanda
1887 2779 1995 2841 est,

349 2859 418 2910 mi
433 2857 746 2912 sericordia
768 2857 1086 2921 adoranda,
1103 2859 1287 2930 pietas
1304 2858 1710 2932 implectenda,
1729 2863 1997 2934 majesta-

343 2951 460 2999 tem
495 2950 655 2999 tuam
690 2944 900 3000 humili
938 2950 1035 3000 tuo
1069 2964 1251 3016 servo,
1283 2953 1340 3002 et
1369 2948 1678 3004 animabus
1727 2951 1992 3006 omnium

345 3032 603 3088 ﬁdelium
635 3032 1120 3102 Christianorum,
1155 3035 1546 3093 intercedente
1579 3039 1749 3096 beata
1779 3044 1836 3094 et
1865 3039 1992 3113 glo-

2119 467 2240 523 Dei.
2275 467 2424 538 (ter.)

2191 557 2334 612 Cum
2363 571 2554 626 corpus
2585 557 2646 610 in
2691 557 3015 628 sanguinem
3071 557 3262 624 mittit,
3321 557 3491 630 dicat
3519 562 3797 619 sacerdos

2117 646 2420 699 orationem
2462 662 2474 698 :
2511 643 2637 699 Fiat
2667 643 2788 699 hinc
2819 644 3178 700 consecratio
3210 647 3268 701 et
3290 647 3622 705 commistio
3655 666 3797 706 cor-

2121 733 2277 806 poris
2307 738 2364 788 et
2395 732 2701 804 sanguinis
2725 733 2957 788 Domini
2989 733 3171 789 nostri
3191 733 3329 789 Jesu
3353 735 3569 792 Christi
3591 739 3804 796 omni-

2117 821 2228 875 bus
2256 821 2680 892 accipientibus
2730 821 2899 877 nohis
2929 823 3092 877 salus
3122 822 3181 880 in
3235 823 3416 880 vitam
3466 832 3788 886 aeternam.

2116 911 2321 965 Amen.

2189 997 2390 1052 Deinde
2405 998 2680 1054 osculetur
2695 999 2888 1065 altare,
2919 1007 2972 1054 et
2995 998 3141 1055 dicat
3170 1003 3510 1056 orationem:
3539 1004 3806 1062 Domine

2115 1085 2257 1140 Jesu
2275 1085 2526 1152 Christe,
2543 1087 2642 1158 qui
2665 1087 2862 1142 dixisti
2878 1087 3160 1160 apostolis
3183 1089 3322 1155 tuis,
3350 1090 3558 1146 Pacem
3586 1109 3798 1150 meam

2116 1174 2188 1229 do
2219 1175 2404 1241 vobis,
2434 1191 2504 1230 ne
2533 1175 2813 1247 respicias
2835 1180 3072 1248 peccata
3101 1193 3251 1244 mea,
3278 1178 3378 1234 sed
3404 1179 3795 1238 devotionem

2118 1262 2411 1334 {idemque
2425 1263 2691 1319 Ecclesia:
2713 1268 2846 1332 tuae,
2873 1282 3118 1337 eamque
3147 1267 3476 1322 secundum
3504 1267 3788 1344 volunta-

2118 1354 2235 1405 tem
2271 1355 2431 1406 tuam
2469 1353 2778 1424 puriticare
2819 1359 2876 1408 et
2925 1355 3185 1410 adunare
3233 1353 3515 1428 digneris.
3549 1357 3661 1422 Qui
3696 1359 3794 1414 vi-

2119 1440 2222 1494 sis.

2187 1528 2391 1582 Deinde
2415 1530 2589 1600 faciat
2615 1547 2828 1601 pacem,
2887 1531 3154 1586 dicendo:
3200 1532 3418 1588 Habete
3471 1533 3790 1592 vinculum

2117 1613 2423 1672 charitatis
2449 1622 2506 1672 et
2529 1618 2712 1690 pacis,
2738 1623 2800 1674 ut
2831 1619 2950 1691 apti
2982 1619 3112 1676 sitis
3141 1623 3533 1679 sacrosanctis
3563 1629 3792 1696 myste-

2118 1703 2244 1772 riis,
2275 1711 2332 1760 et
2378 1723 2490 1778 pax
2531 1705 2746 1762 Cbrisli
2781 1706 3048 1764 Ecclesia:
3109 1724 3344 1781 semper
3399 1711 3668 1768 abundet
3722 1713 3788 1770 in

2063 1793 2084 1810 "
2125 1793 2399 1848 cordibus
2427 1798 2656 1850 vestris.

2187 1883 2486 1953 Antequam
2513 1885 2747 1955 accipiat
2789 1901 2983 1956 corpus
3027 1894 3080 1940 et
3136 1889 3480 1956 sanguinem,
3539 1890 3790 1946 inclinet

2113 1985 2172 2024 se
2198 1970 2441 2026 sacerdos
2469 1981 2598 2026 ante
2627 1971 2828 2042 altare,
2879 1976 2927 2028 et
2959 1973 3398 2046 tacrymabiliter
3442 1977 3589 2033 dicat
3640 1978 3788 2036 hanc

2113 2061 2416 2114 orationem
2441 2075 2454 2116 :
2488 2059 2730 2116 Domine
2756 2065 2957 2117 sancte
2983 2062 3170 2134 Pater,
3204 2065 3578 2137 omnipotens
3599 2065 3782 2139 Deus,

2114 2146 2189 2201 da
2210 2146 2351 2202 mihi
2373 2147 2479 2203 hoc
2497 2165 2709 2221 corpus
2731 2153 2788 2204 et
2803 2149 3152 2222 sanguinem
3172 2151 3405 2208 Domini
3429 2155 3616 2210 nostri
3636 2155 3780 2212 Jesu

2111 2235 2328 2290 Christi
2357 2236 2437 2291 ita
2468 2253 2720 2306 sumere,
2755 2242 2820 2292 ut
2851 2255 3076 2295 merear
3099 2256 3201 2311 per
3223 2240 3330 2296 hoc
3365 2243 3779 2300 remissionem

2112 2327 2485 2394 peccatorum
2517 2325 2798 2397 accipere,
2831 2330 2888 2382 et
2917 2330 3016 2382 tuo
3049 2333 3250 2384 sancto
3281 2329 3501 2400 Spiritu
3535 2330 3773 2402 repleri,

2111 2413 2251 2484 quia
2281 2417 2346 2468 tu
2378 2429 2442 2468 es
2473 2418 2646 2484 Deus,
2687 2417 2744 2469 et
2774 2419 2982 2487 praeter
3013 2419 3070 2472 te
3101 2433 3216 2472 non
3247 2423 3338 2473 est
3394 2416 3567 2486 alius,
3601 2421 3775 2492 cujus

2113 2500 2436 2574 gloriosum
2473 2519 2683 2558 nomen
2715 2509 3018 2575 permanet
3049 2505 3107 2560 in
3139 2505 3353 2561 saecula
3395 2505 3773 2566 saeculorum.

2111 2593 2316 2648 Amen.

2179 2681 2301 2737 Alia
2331 2685 2522 2738 oratio.
2559 2682 2801 2738 Domine
2845 2683 2982 2738 Jesu
3017 2681 3263 2752 Christe,
3327 2683 3432 2739 Fili
3485 2687 3582 2742 Dei
3633 2687 3771 2756 vivi,

2108 2773 2310 2840 pastor
2339 2771 2506 2838 bone,
2541 2770 2963 2844 gloriosissime
2992 2772 3258 2828 conditor
3289 2776 3518 2842 mundi,
3567 2776 3668 2848 qui
3699 2793 3771 2833 ex

2104 2857 2400 2914 voluntate
2431 2859 2638 2928 Patris,
2687 2866 3034 2934 cooperante
3095 2861 3317 2934 Spiritu
3376 2869 3600 2932 sancto,
3663 2881 3770 2938 per

2105 2950 2352 3002 mortem
2385 2951 2546 3003 tuam
2577 2948 2878 3005 vivificasti
2931 2951 3243 3020 mundum,
3277 2951 3459 3008 libera
3510 2970 3604 3011 me
3657 2971 3763 3028 per

2103 3034 2214 3090 hoc
2244 3041 2694 3092 sacrosanctum
2753 3054 2966 3110 corpus
3011 3045 3068 3096 et
3123 3041 3473 3114 sanguinem
3528 3046 3698 3099 tuum
3729 3062 3768 3101 a

344 3121 498 3178 riosa
531 3123 622 3177 Dei
650 3122 926 3195 genitrice
952 3124 1132 3179 Maria
1153 3141 1288 3179 cum
1307 3126 1584 3182 omnibus
1611 3127 1830 3183 sanctis
1855 3111 1993 3194 tuis,
2027 3111 2070 3178 Ο
2109 3125 2335 3179 cunctis
2368 3123 2800 3218 iniquitatibuS,
2831 3131 2889 3182 et
2921 3127 3207 3185 universis
3265 3129 3436 3185 malis
3471 3131 3666 3200 ’meis,
3707 3137 3770 3190 et

345 3211 745 3267 remissionem
781 3212 1045 3267 omnium
1075 3213 1302 3270 tribuas
1323 3220 1712 3286 peccatorum,
1737 3220 1792 3271 et
1823 3217 1894 3272 ad
1920 3217 1997 3273 vi-

340 3304 458 3354 tam
495 3300 780 3372 perducas
813 3299 1054 3357 feliciter
1083 3302 1520 3375 sempiternam.
1557 3309 1665 3361 Per
1697 3303 1994 3362 Christum

341 3388 650 3444 Dominum
683 3395 972 3445 nostrum.
1009 3390 1115 3445 Per
1144 3407 1338 3463 quem.

413 3479 712 3549 .lntequam
743 3479 887 3534 dicat
917 3480 992 3534 Te
1026 3479 1224 3552 igitur,
1273 3479 1419 3536 dicat
1448 3499 1466 3536 .·
1497 3482 1689 3554 Aperi,
1733 3483 1992 3550 Domine,

339 3582 402 3621 os
435 3583 631 3621 meum
655 3567 725 3622 ad
759 3567 1224 3622 benedicendum
1261 3586 1471 3624 nomen
1501 3574 1669 3626 tuum
1695 3576 1991 3639 sanctum,

339 3655 674 3726 mundaque
697 3671 796 3710 cor
815 3671 1010 3710 meum
1035 3657 1106 3710 ab
1128 3657 1402 3714 omnibus
1425 3659 1599 3714 variis
1629 3663 1688 3715 et
1708 3659 1994 3732 nequissi-

338 3743 451 3798 mis
481 3743 957 3814 cogitationibus,
990 3749 1051 3799 ut
1093 3745 1353 3800 exaudiri
1403 3763 1631 3804 merear
1673 3748 1992 3821 deprecans

336 3848 438 3903 pro
471 3831 685 3902 populo
717 3835 841 3899 tuo,
877 3848 1051 3904 quem
1079 3832 1304 3907 elegisti
1348 3835 1475 3905 tibi,
1532 3841 1844 3908 praestante
1876 3838 1992 3894 Do-

337 3919 496 3974 mino
531 3923 728 3974 nostro
759 3919 898 3976 Jesu
929 3920 1176 3978 Christo.
1213 3922 1319 3987 Qui
1347 3940 1480 3980 cum
1514 3924 1702 3982 Patre.

405 4007 483 4062 'I‘e
513 4005 711 4079 igitur,
745 4016 796 4064 et
826 4014 1021 4065 cmtera
1071 4011 1236 4083 hujus
1265 4013 1554 4082 orationis,
1603 4022 1664 4070 ut
1703 4017 1764 4069 in
1810 4017 1987 4072 editis.

333 4096 430 4150 llic
456 4095 606 4151 debet
650 4098 894 4153 sacerdos
951 4101 1230 4156 recordari
1283 4102 1513 4156 nomina
1564 4105 1835 4159 vivorum.
1870 4105 1989 4160 Me-

336 4187 550 4249 mento,
579 4185 836 4254 Domine,
860 4191 968 4242 etc.
992 4205 1160 4260 usque
1181 4187 1251 4242 ad
1274 4189 1478 4244 Libera
1491 4205 1986 4263 nos,quaasumus,

335 4272 594 4328 Domine.
652 4275 712 4329 In
771 4278 1232 4332 communicantes
1284 4276 1506 4332 additur
1557 4283 1676 4351 ροδί
1721 4281 1989 4339 Damiani

329 4377 520 4417 nomen
554 4361 752 4429 Blasii,
785 4371 837 4419 et
867 4367 922 4419 in
958 4363 1135 4420 Nobis
1167 4381 1398 4437 quoque
1429 4370 1851 4438 peccatoribus,
1872 4375 1988 4443 post

329 4450 636 4507 Anastasia
668 4451 893 4506 additur
924 4451 1302 4509 Scholastica.

401 4539 606 4596 Libera
630 4538 1125 4612 nes,quwsumus,
1145 4541 1488 4610 Domine,ab
1508 4546 1783 4602 omnibus
1807 4547 1978 4604 malis

329 4625 1046 4700 prmteritis,prezsentibus
1069 4636 1124 4685 et
1150 4630 1380 4700 futuris,
1405 4638 1458 4688 et
1481 4632 1976 4692 intercedentibus

328 4733 428 4786 pro
444 4717 613 4771 nobis
629 4718 796 4774 beata
809 4724 862 4773 et
876 4717 1130 4791 gloriosa
1151 4737 1500 4792 semperque
1511 4721 1748 4795 Virgine
1771 4723 1972 4794 Maria,

325 4810 381 4860 et
419 4805 619 4862 electis
663 4805 1032 4878 archangelis
1063 4807 1179 4863 tuis
1211 4808 1510 4878 Michaele,
1542 4810 1826 4880 Gabriele,
1862 4813 1971 4868 Ra-

327 4892 548 4964 phaele,
565 4894 850 4967 beatoque
874 4897 1096 4952 Joanne
1111 4897 1390 4968 Baptista,
1414 4903 1472 4953 et
1493 4899 1676 4956 beatis
1693 4901 1974 4974 apostolis

327 4980 443 5034 tuis
476 4981 640 5038 Petro
666 4988 723 5038 et
755 4983 953 5046 Paulo,
988 4989 1160 5056 atque
1186 4985 1434 5050 Andrea,
1463 4991 1521 5042 et
1559 4991 1806 5054 Joanne,
1839 5006 1972 5045 san-

325 5073 532 5139 ctoque
561 5069 908 5142 Apollinare,
942 5079 996 5128 et
1032 5074 1362 5142 Laurentio,
1413 5081 1470 5160 e_t
1501 5075 1808 5160 Benedicto
1839 5095 1974 5134 cum

326 5157 601 5213 omnibus
633 5159 852 5214 sanctis
883 5161 1000 5216 tuis
1026 5179 1038 5215 :
1073 5164 1168 5217 llic
1186 5163 1368 5234 signat
1395 5145 1458 5218 .ςὲ
1479 5145 1865 5236 στιγη’ραιεηα;
1899 5167 1977 5222 da

327 5244 614 5315 pmpitius
636 5261 841 5318 pacem
860 5246 917 5302 in
940 5249 1146 5304 diebus
1161 5249 1404 5318 nostris;
1433 5254 1496 5304 ut
1516 5267 1623 5322 ope
1646 5253 1972 5310 misericor-

324 5329 432 5386 diae
459 5337 574 5390 tua:
603 5333 788 5403 adjuti
821 5340 878 5389 ct
909 5353 942 5390 a
972 5343 1204 5406 peccato
1228 5339 1418 5392 simus
1448 5353 1680 5410 semper
1707 5338 1896 5410 liberi,
1919 5346 1977 5397 et

325 5418 396 5470 ab
411 5420 568 5473 omni
584 5420 1018 5491 perturbatione
1039 5425 1362 5480 securi.Per
1376 5425 1691 5480 Dominum
1707 5431 1974 5486 nostrum

323 5503 994 5574 .lcsnm,etc.l"crc::~nia
1027 5511 1238 5566 szrcula
1261 5509 1628 5567 saeculorum.
1663 5515 1722 5584 ἡ.
1769 5521 1970 5575 Amen.

2109 3211 2197 3267 fac
2232 3229 2324 3268 me
2356 3213 2474 3269 tuis
2507 3211 2991 3272 sanctis‘obedire
3033 3217 3349 3286 mandatis,
3375 3223 3433 3274 et
3457 3236 3491 3275 a
3525 3227 3578 3276 te
3615 3237 3766 3277 nun-

2109 3317 2287 3372 quam
2309 3301 2368 3356 in
2388 3307 2736 3375 perpetuum
2758 3305 3064 3378 permittas
3091 3307 3374 3380 separari,
3403 3313 3460 3364 et
3471 3309 3768 3382 perceptio

2105 3390 2190 3444 tui
2217 3391 2478 3462 corporis
2509 3396 2566 3448 et
2610 3393 2938 3466 sanguinis,
2999 3411 3131 3468 quas
3186 3395 3472 3470 indignus
3529 3414 3767 3456 sumere

2107 3495 2541 3550 praesumo,non
2566 3481 2712 3537 mihi
2733 3481 2928 3539 veniat
2947 3483 3006 3538 in
3017 3483 3311 3556 judicium
3337 3491 3394 3541 et
3413 3488 3767 3546 condemna-

2107 3567 2457 3636 tionem,sed
2481 3587 2584 3642 pro
2610 3575 2713 3627 tua
2733 3573 2949 3644 pietate
2968 3573 3153 3646 prosit
3183 3573 3325 3630 mihi
3359 3575 3428 3632 ad
3464 3581 3762 3634 tutamen-

2103 3659 2230 3712 tum
2291 3659 2506 3716 mentis
2537 3663 2593 3715 et
2623 3661 2882 3733 corporis
2913 3679 3017 3734 per
3052 3666 3129 3730 te,
3161 3663 3302 3720 Jesu
3359 3664 3608 3734 Christe,
3657 3667 3763 3740 qui

2104 3761 2236 3800 cum
2269 3745 2437 3803 Patre
2462 3750 2520 3803 et
2549 3747 2766 3821 Spiritu
2800 3753 3002 3807 sancto
3035 3752 3182 3809 vivis
3212 3758 3268 3809 et
3297 3770 3505 3828 regnas
3557 3755 3617 3810 in
3650 3772 3762 3813 sae-

2103 3833 2238 3890 cula
2267 3835 2638 3894 seculorum.
2672 3839 2878 3894 Amen.

2178 3924 2324 3979 Tunc
2351 3925 2603 3982 sacerdos
2629 3927 2776 3983 dicat
2805 3929 2982 3989 tribus
3019 3931 3228 3987 vicibus
3257 3949 3276 3986 :
3321 3931 3588 4000 Domine,
3639 3951 3755 3991 non

2102 4028 2236 4067 sum
2267 4013 2506 4087 digmus
2537 4019 2602 4070 ut
2630 4015 2814 4074 intres
2845 4019 2954 4073 sub
2981 4022 3200 4076 tectum
3234 4037 3454 4077 meum.

2170 4103 2362 4158 Postea
2390 4103 2537 4160 dicat
2565 4105 2740 4161 tribus
2767 4109 2976 4163 vicibus
3005 4127 3024 4164 :
3051 4109 3274 4183 Corpus
3309 4111 3532 4167 Domini
3565 4115 3752 4169 nostri

2098 4191 2238 4247 Jesu
2251 4189 2467 4248 Christi
2490 4201 2790 4251 conservet
2811 4197 3070 4253 animam
3095 4215 3284 4255 meam
3310 4200 3368 4256 in
3391 4201 3566 4256 vitam
3593 4207 3750 4258 aeter-

2100 4295 2253 4334 nam.
2291 4285 2500 4336 Amen.

2167 4368 2296 4424 Post
2322 4372 2597 4440 acceptum
2633 4386 2829 4443 corpus
2858 4377 2913 4428 et
2939 4376 3288 4445 sanguinem,
3322 4376 3392 4432 ad
3416 4378 3747 4449 perfunden-

2013 4481 2060 4544 D
2095 4455 2228 4544 dum
2255 4455 2399 4514 dicat
2429 4458 2571 4514 hanc
2597 4463 2939 4517 orationem:
2991 4463 3460 4522 Communicatio
3505 4471 3563 4521 et
3603 4482 3742 4522 con-

2092 4543 2342 4601 firmatio
2391 4547 2650 4619 corporis
2705 4555 2761 4604 et
2793 4551 3098 4624 sanguinis
3139 4552 3249 4617 tui,
3306 4554 3553 4610 Domine
3607 4555 3740 4612 Jesu

2087 4633 2334 4702 Christe,
2368 4637 2554 4708 porsit
2585 4637 2728 4692 mihi
2761 4637 2820 4692 in
2855 4639 3259 4698 remissionem
3315 4644 3585 4699 omnium
3616 4660 3741 4717 pec-

2085 4729 2348 4780 catorum
2381 4741 2670 4792 meorum,
2703 4731 2759 4782 et
2788 4734 3091 4784 conservet
3118 4747 3211 4786 me
3252 4736 3310 4786 et
3357 4732 3640 4803 perducat
3669 4733 3736 4789 ad

2083 4811 2261 4868 vitam
2294 4818 2594 4869 aeternam.
2627 4815 2834 4871 Amen.

2156 4900 2236 4956 Ad
2265 4901 2640 4972 rep‘ticandum
2669 4906 2947 4976 corporale
2974 4910 3025 4961 et
3072 4908 3465 4979 reponendum.
3514 4907 3734 4981 Corpus

2083 4992 2275 5055 tuum,
2307 4989 2570 5061 Domine,
2603 4992 2758 5063 quod
2781 4994 3030 5066 sumpsi,
3055 5003 3111 5051 et
3131 4995 3306 5062 calix,‘
3328 5006 3506 5068 quem
3530 4997 3734 5070 potavi,

2085 5078 2417 5134 adhaereant
2446 5095 2679 5152 semper
2705 5080 3028 5140 visceribus
3056 5085 3222 5153 meis,
3255 5089 3322 5140 ut
3351 5085 3406 5140 in
3472 5102 3566 5142 me
3626 5101 3733 5141 non

2085 5171 2384 5223 remaneat
2413 5167 2535 5223 ulla
2565 5169 2814 5238 macula,
2847 5170 2907 5226 in
2941 5188 3115 5244 quem
3143 5190 3292 5246 pura
3323 5178 3394 5258 et
3410 5178 3618 5230 sancta
3649 5175 3732 5230 in-

2084 5256 2372 5311 troierunt
2401 5263 2790 5313 sacramenta.

2154 5345 2339 5400 Finita
2366 5347 2535 5399 missa
2561 5344 2695 5400 dicit
2723 5349 2971 5404 sacerdos
3017 5351 3181 5406 istam
3237 5353 3546 5408 orationem
3563 5370 3582 5408 :
3612 5351 3732 5408 Pla-

2084 5436 2212 5488 ceat
2230 5431 2358 5498 tibi,
2373 5435 2576 5488 sancta
2591 5432 3227 5511 Trinitas,obsequium
3251 5440 3553 5496 servitutis
3579 5455 3732 5508 mete,

2085 5521 2239 5593 quod
2270 5519 2455 5576 oculis
2485 5525 2596 5575 tua:
2629 5522 2958 5594 majestatis
2987 5525 3266 5601 indignus
3288 5527 3514 5584 obtuli:
3540 5529 3618 5586 sit
3637 5527 3735 5584 tibi
