3920 6208
150 340 292 413 937,

147 472 428 563 placens,
451 476 721 551 mihique
738 484 794 536 et
815 484 1090 542 omnibus
1106 505 1211 561 pro
1225 493 1440 563 quibus
1458 495 1601 553 illud
1624 500 1805 557 obtuli

143 561 226 618 sit
254 566 315 620 te
347 565 676 626 miserante
705 571 1096 643 propitiabile.

213 654 416 709 Finita
475 658 647 713 missa
700 659 835 716 dicit
900 664 1189 722 sacerdos:
1242 669 1463 728 Meritis
1538 680 1595 732 et
1646 677 1823 736 inter-

135 740 526 800 cessionibus
554 743 803 804 istorum
853 750 1202 811 misereatur
1232 760 1414 814 nostri
1448 765 1821 838 omnipotens

130 829 316 887 Deus.

201 919 350 975 Cum
391 923 558 978 exuit
606 940 664 980 ac
709 927 978 995 sacerdos,
1010 930 1158 987 dicat
1200 932 1294 991 hos
1317 939 1595 1008 psalmos:
1628 944 1811 1003 Bene-

126 1007 331 1078 dicite,
367 1012 715 1070 sacerdotes
754 1015 1009 1085 Domini,
1043 1007 1381 1081 Dominum.
1415 1029 1668 1088 Laudate
1697 1034 1810 1092 Do-

124 1096 367 1154 minum
392 1098 459 1159 in
485 1102 705 1157 sanctis
722 1104 868 1175 ejus.
894 1107 1060 1178 Kyrie
1083 1110 1322 1178 eleison,
1345 1115 1589 1188 Christe,
1615 1122 1802 1194 Kyrie.

121 1187 299 1245 Pater
329 1193 563 1246 noster.
618 1193 684 1249 Et
730 1209 803 1249 ne
859 1213 985 1253 nos.
1039 1198 1371 1271 Capitulum.
1408 1187 1805 1268 Conﬁteantur

118 1276 251 1343 tibi,
288 1277 573 1349 Domine,
601 1281 797 1338 omnia
819 1301 993 1356 opera
1016 1290 1129 1344 tua.
1154 1291 1225 1345 Et
1244 1294 1429 1350 sancti
1454 1297 1537 1352 tui
1570 1298 1803 1357 benedi-

116 1365 408 1423 canttibi.
434 1367 830 1428 Exsultabunt
846 1376 1029 1431 sancti
1051 1378 1107 1432 in
1130 1378 1331 1451 gloria.
1359 1384 1428 1439 Et
1446 1384 1801 1447 letabuntur

117 1455 172 1509 in
204 1453 525 1513 cubilibus
558 1460 703 1514 suis.
738 1462 1041 1520 Easultent
1062 1468 1211 1537 justi
1245 1469 1304 1525 in
1327 1480 1641 1546 conspectu
1669 1478 1791 1535 Dei.

111 1544 178 1598 Et
204 1541 498 1603 lmtentur
529 1547 589 1602 in
620 1547 838 1607 laetitia.
872 1556 1211 1613 Sacerdotes
1260 1560 1367 1628 tui,
1404 1541 1665 1632 Domine,
1700 1567 1790 1624 in-

109 1632 728 1705 duanturjustitiam.
765 1640 830 1695 Et
861 1644 1044 1698 sancti
1076 1648 1160 1700 tui
1182 1648 1492 1707 exsultent.
1516 1654 1783 1727 Domine,

105 1722 340 1779 exaudi.
379 1724 451 1780 Et
486 1725 726 1783 clamor.
754 1729 1038 1789 Dominus
1066 1736 1382 1797 vobiscum.
1408 1746 1473 1796 Et
1503 1760 1634 1800 cum
1671 1749 1787 1820 spi-

102 1810 240 1866 rilu.

174 1901 389 1958 Oratio.
432 1903 611 1971 Deus,
645 1906 743 1977 qui
795 1907 983 1965 tribus
1033 1913 1230 1983 pueris
1279 1916 1562 1991 mitigasti
1609 1922 1779 1980 ﬂam-

100 2004 229 2045 mas
259 1990 531 2063 ignium,
563 1996 812 2051 concede
844 1998 1135 2071 propitius
1166 2019 1269 2075 per
1298 1990 1689 2067 interventum
1722 2018 1780 2070 et

100 2077 314 2134 merita
344 2081 624 2138 omnium
654 2088 990 2142 sanctorum
1015 2092 1271 2162 tuorum,
1300 2100 1366 2150 ut
1394 2113 1500 2153 nos
1527 2100 1775 2159 famulos

98 2169 230 2222 tuos
262 2184 387 2224 non
419 2175 632 2227 exurat
662 2172 899 2231 ﬂamma
926 2176 1220 2235 vitiorum.
1254 2182 1378 2239 Per.

97 2299 269 2339 MISSA
309 2302 373 2341 IN
416 2302 700 2343 HONOREM
740 2306 969 2347 SANCT.E
996 2310 1312 2354 TRINITATIS
1342 2317 1434 2355 DIE
1472 2319 1768 2362 DOMINICO.

3479 402 3602 469 938

1818 547 1832 572 ,
1863 514 1916 582 Α
1949 507 2175 566 minum
2193 517 2249 569 et
2261 518 2966 596 conﬁrmamini,quzerite
2980 526 3182 587 faciem
3195 531 3326 603 ejus
3341 548 3593 610 semper'

1936 597 2086 653 Psal.
2121 601 2489 663 Conﬁtemini
2521 609 2767 669 Domino
2798 616 2855 669 et
2883 614 3167 674 invocato.
3201 597 3407 680 Oratio.
3437 597 3592 689 Deus

1936 687 2035 757 qui
2067 705 2172 761 per
2201 698 2549 754 coaeternam
2582 700 2686 755 tibi
2717 702 3088 776 sapientiam,
3110 706 3430 783 hominem,
3452 730 3587 772 cum

1932 791 2045 831 non
2086 785 2261 847 esset,
2314 785 2626 844 condidisti
2680 791 3093 866 perditumque
3130 796 3588 861 misericorditer

1927 865 2277 938 reformasti,
2325 880 2554 945 praesta,
2610 895 2968 951 quaesumus,
2998 865 3088 939 fut
3116 886 3319 945 eadem
3349 893 3585 962 pectora

1923 960 2123 1012 nostra
2157 956 2477 1034 inspirante
2507 969 2564 1020 te
2596 971 2715 1024 tota
2771 976 2966 1028 mente
3015 989 3306 1046 amemus,
3337 956 3395 1034 et
3421 979 3493 1039 ad
3524 983 3581 1038 te

1922 1044 2041 1098 toto
2092 1048 2265 1103 corde
2321 1067 2652 1111 curramus.
2705 1057 2829 1115 Per.
2880 1060 3070 1118 Lectio
3118 1044 3376 1137 epistola:
3421 1068 3577 1129 beati

1917 1130 2118 1188 Jacobi
2150 1138 2418 1208 apostoli.
2465 1142 2831 1215 Charissimi,
2885 1149 2935 1206 si
2968 1150 3101 1223 quis
3130 1130 3390 1212 vestrum
3419 1156 3572 1215 indi-

1913 1224 2029 1289 get,
2059 1226 2190 1290 etc.,
2219 1243 2388 1299 usque
2416 1229 2474 1285 in
2498 1231 2829 1292 humilitate
2858 1255 2985 1295 sua.
3009 1240 3300 1300 Graduale.
3327 1245 3571 1307 Domine

1912 1307 2198 1368 Dominus
2231 1322 2448 1384 noster,
2471 1336 2650 1392 quam
2678 1325 3020 1385 admirabile
3041 1334 3132 1387 est
3149 1349 3364 1390 nomen
3392 1338 3567 1397 tuum

1907 1395 1967 1451 in
2014 1400 2283 1459 universa
2322 1409 2499 1463 terra.
2555 1410 2843 1475 Quoniam
2890 1416 3109 1477 elevata
3156 1427 3246 1479 est
3294 1425 3566 1497 magnifi—

1905 1487 2095 1545 centia
2123 1494 2224 1547 tua
2253 1509 2430 1566 super
2460 1498 2657 1572 cmlos,
2687 1503 2946 1561 Alleluia.
2980 1509 3177 1565 Lauda
3207 1487 3565 1577 animavmsa

1903 1574 2241 1649 Dominum,
2265 1583 2539 1643 Laudabo
2562 1588 2876 1648 Dominum
2900 1594 2959 1649 in
2981 1596 3100 1652 vita
3127 1614 3278 1667 mea,
3308 1574 3559 1673 psallam

1899 1663 2014 1720 Deo
2056 1685 2205 1735 meo,
2239 1675 2500 1744 quandiu
2529 1693 2648 1734 ero.
2683 1681 2998 1752 Sequentia
3028 1686 3218 1743 sancti
3259 1663 3561 1763 Evangelii

1898 1758 2224 1814 secundum
2260 1761 2567 1821 Joannem.
2627 1767 2689 1824 In
2747 1768 2848 1827 illo
2900 1775 3179 1846 tempore.
3227 1758 3557 1837 Sublevatis

1809 1881 1858 1945 B
1896 1841 2182 1905 Dominus
2211 1849 2404 1922 Jesus,
2469 1858 2603 1924 etc.,
2664 1875 2833 1930 usque
2877 1860 2947 1919 ad
3001 1841 3204 1927 Jesum
3232 1865 3550 1933 Christum.

1892 1932 2261 2004 Olfertorium.
2300 1939 2625 2001 Meditabor
2676 1946 2735 2002 in
2786 1951 3080 2008 mandatis
3136 1952 3274 2021 tuis,
3302 1971 3430 2027 que
3460 1957 3551 2015 di-

1886 2018 1995 2075 lexi
2029 2023 2229 2096 nimis,
2262 2033 2322 2083 et
2352 2028 2552 2087 levabo
2584 2042 2798 2094 manus
2829 2055 2990 2097 meas
3022 2041 3095 2099 ad
3115 2043 3395 2101 mandata
3421 2048 3546 2117 tua,

1888 2125 2015 2180 quae
2046 2112 2246 2169 dilexi.
2280 2116 2512 2175 Secreta.
2565 2122 2990 2196 Sanctiﬁcatur,
3038 2145 3403 2201 quaesumus,
3433 2112 3547 2192 De;

1884 2197 2044 2254 mine
2076 2200 2253 2271 Deus,
2288 2203 2466 2277 hujus
2487 2209 2801 2271 oblationis
2824 2232 3043 2274 munus
3058 2197 3171 2274 tua
3197 2197 3546 2294 cooperante

1883 2287 2191 2359 sapientia,
2222 2296 2288 2347 ut
2319 2294 2422 2349 tibi
2454 2296 2679 2367 placere
2708 2303 2895 2373 possit
2914 2305 2987 2361 ad
3007 2305 3264 2380 laudem,
3282 2287 3343 2367 ἐι
3370 2311 3541 2375 nobis

163 2380 498 2438 Benedicta
529 2383 624 2452 sit,
655 2390 788 2455 etc.,
808 2392 869 2442 ut
890 2390 949 2443 in
970 2390 1149 2447 editis.
1172 2395 1322 2450 Psal.
1349 2396 1770 2460 Benedicamus
1880 2376 2160 2467 Prome?"
2191 2381 2263 2435 ad
2291 2382 2561 2442 salutem'
2595 2388 2718 2445 Per'
2754 2390 3093 2450 communi“
3126 2395 3392 2467 Domi“!
3421 2415 3542 2457 me“

95 2469 328 2539 Patrem
362 2474 424 2527 et
464 2470 681 2528 Filium
709 2490 843 2531 cum
877 2484 1077 2535 sancto
1108 2481 1349 2550 Spiritu.
1385 2488 1598 2544 Oratio.
1632 2491 1768 2547 0m-

95 2557 372 2629 nipotens
396 2560 754 2633 sempiterne
777 2564 950 2633 Deus,
975 2572 1085 2624 etc.
1115 2569 1400 2630 Gradualc.
1424 2577 1767 2635 Benedictus

97 2662 175 2714 es,
210 2646 495 2715 Domine,
546 2651 642 2721 qui
692 2651 938 2711 intueris
983 2658 1244 2730 abyssos,
1290 2666 1346 2718 et
1398 2667 1565 2722 sedes
1590 2685 1767 2740 super

95 2733 442 2793 Cherubim.
464 2740 794 2798 Benedicite
812 2742 993 2800 Deum
1018 2748 1146 2803 οωΙί
1164 2751 1462 2820 cmlorum,
1479 2756 1618 2827 quia
1634 2733 1765 2815 feeit

98 2824 419 2880 nobiscum
441 2826 903 2886 misericordiam
926 2851 1115 2891 suam.
1139 2838 1394 2896 Allcluia.
1423 2843 1764 2903 Benedictus

94 2926 173 2976 es,
199 2911 463 2968 Domine
488 2918 636 2970 Deus
658 2921 890 2988 patrum
918 2927 1269 2996 nostrorum,
1294 2933 1350 2984 et
1368 2930 1681 2991 laudabilis
1702 2935 1763 2990 in

97 2999 338 3056 saacula.

162 3088 498 3160 Sequentia
518 3094 701 3148 sancti
721 3094 1014 3170 Evangelii
1036 3105 1358 3162 secundum
1374 3108 1684 3168 Joannem.
1700 3113 1762 3169 In

98 3174 197 3233 illo
228 3182 503 3250 tempore
547 3181 693 3237 dixit
737 3183 929 3242 Jesus.
962 3187 1107 3245 Cum
1136 3195 1361 3249 venerit
1410 3197 1762 3269 Paracletus,

1880 2466 2153 2522 morabor
2172 2468 2418 2538 justitia:
2448 2477 2562 2530 tua:
2593 2476 2796 2546 solius,
2820 2480 2974 2539 Deus
2992 2483 3244 2542 docuisti
3269 2502 3364 2544 me
3379 2503 3416 2545 ι
3431 2488 3532 2559 ju-

1876 2556 2111 2611 ventute
2144 2573 2292 2625 mea,
2325 2564 2381 2616 et
2401 2578 2587 2634 usque
2607 2564 2664 2621 in
2687 2572 2981 2625 senectam
3003 2574 3061 2628 et
3080 2572 3332 2644 senium,
3354 2580 3526 2649 Deus,

1878 2656 1947 2695 ne
1994 2643 2367 2717 derelinquas
2415 2666 2525 2706 me.
2567 2654 3025 2714 Postcommunio.
3076 2643 3323 2721 Infunde
3362 2643 3524 2737 qua;

1874 2746 2104 2797 sumus,
2152 2736 2393 2792 Domine
2446 2740 2613 2809 Deus,
2667 2760 2771 2815 per
2811 2744 2933 2803 haec
2979 2755 3365 2821 sacramenta,
3386 2736 3523 2825 qua

1875 2821 2260 2892 sumpsimus,
2293 2828 2406 2881 tuae
2439 2827 2635 2887 lumen
2659 2832 2933 2891 cordibus
2962 2837 3179 2895 nostris
3200 2839 3521 2913 sapientia,

1874 2911 1937 2962 ut
1961 2913 2017 2963 et
2048 2914 2103 2966 te
2154 2915 2430 2971 veraciter
2486 2935 2898 2991 agnoscamus,
2955 2929 3013 2981 et
3068 2911 3319 2985 ﬁdeliter
3365 2911 3524 2991 ame-

1872 3011 2026 3052 mus.
2059 2998 2182 3054 Per.

2228 3106 2398 3148 MISSA
2437 3110 2508 3150 DE
2545 3112 2855 3157 CHARITA'I‘B
2893 3118 3058 3161 FEB“
3099 3120 3171 3160 ιν.

1943 3173 2209 3233 Charitas
2240 3176 2341 3235 Dei
2374 3182 2591 3240 diffusa
2619 3190 2709 3242 est
2735 3187 2794 3242 in
2817 3189 3096 3247 cordibus
3126 3192 3368 3260 nostris,
3398 3193 3537 3259 alle-

97 3282 262 3338 mque
321 3249 435 3340 ego
492 3268 610 3325 dixi
663 3272 847 3329 vobis.
905 3278 1282 3351 Oﬁerwrium’
1343 3249 1837 3348 ωίηῆἇῆξξςίο
1876 3249 3537 3351 luia,perinhabitantemSpiritumejusinnobis,alleluil

94 3357 531 3425 poslcommunio
563 3363 621 3414 ut
641 3362 702 3416 in
731 3362 913 3420 editis.

165 3443 295 3498 Alia
324 3447 523 3502 oratio.
559 3447 805 3507 Domine
835 3452 1013 3523 Deus,
1044 3456 1214 3513 Pater
1241 3462 1632 3535 omnipotens,
1655 3483 1761 3523 nos

99 3529 356 3589 famulos
390 3536 524 3591 tuos
564 3540 676 3593 tua;
726 3540 1022 3612 maiestati
1056 3546 1354 3618 subjectos
1387 3529 1489 3623 per
1518 3529 1758 3611 unicum

102 3618 312 3676 Filium
344 3625 515 3679 tuum
538 3624 597 3680 in
621 3626 834 3684 virtute
856 3632 1044 3688 sancti
1067 3634 1320 3706 Spiritus
1347 3638 1590 3697 benedic
1615 3660 1763 3699 sem-

102 3723 200 3777 per
220 3713 278 3764 et
307 3714 570 3785 protege,
606 3720 672 3770 ut
723 3717 795 3773 ab
825 3719 985 3775 omni
1036 3721 1201 3780 hoste
1232 3727 1419 3783 securi
1450 3729 1508 3783 in
1540 3734 1643 3786 tua
1660 3732 1758 3803 ju-

102 3795 249 3866 giter
278 3797 457 3856 laude
485 3800 767 3860 lmtemur.
801 3812 911 3863 Per
938 3812 1231 3869 eumdem.

169 3920 342 3962 MISSA
364 3924 548 3963 ΡΕΒΙᾹΞ
574 3925 849 3968 SECUNDE
878 3931 936 3969 IN
968 3933 1310 3977 SANCTORUM
1339 3940 1686 3983 ANGELORUM

805 4001 1050 4043 HONORE.

170 4079 503 4140 Benedicite
534 4085 871 4160 Dominum,
896 4098 1005 4148 etc.
1039 4096 1241 4153 Oratio.
1276 4100 1623 4174 Perpetuum
1659 4124 1759 4161 no-

102 4164 211 4234 bis,
246 4171 514 4241 Domine,
562 4177 674 4230 tua:
714 4177 1104 4238 miserationis
1148 4194 1360 4257 praesta
1401 4193 1754 4268 subsidium,

102 4257 317 4326 quibus
356 4263 415 4314 et
443 4261 704 4335 angelica
730 4268 1048 4336 praestitisti
1081 4276 1357 4349 suffragia
1388 4298 1499 4337 non
1533 4257 1754 4341 deesse:

100 4340 220 4400 Per.
255 4347 453 4404 Lectio
485 4348 617 4405 libri
668 4353 1045 4441 Apocalypsis
1092 4340 1333 4421 Joannis
1379 4372 1646 4441 apostoli.
1688 4340 1755 4430 in

102 4431 304 4490 diebus
337 4434 457 4493 illis
489 4437 636 4495 dixit
667 4440 811 4497 mihi
851 4446 1131 4519 angelus:
1167 4451 1364 4510 Scribe
1412 4431 1587 4529 beati,
1621 4466 1753 4526 etc.,

102 4534 262 4592 usque
293 4528 475 4582 Deum
499 4528 697 4585 adora.
732 4529 1024 4590 Graduale.
1058 4540 1390 4599 Benedicite
1418 4528 1752 4622 Dominum,

1871 3348 2126 3408 alleluia.
2161 3354 2406 3413 Domine
2451 3359 2605 3417 Deus
2661 3362 2869 3420 salutis
2916 3382 3079 3422 meis.
3114 3366 3319 3425 Oratio.
3353 3369 3532 3442 Deus,

1869 3437 1970 3509 qui
2001 3439 2382 3513 diligentibus
2418 3451 2472 3503 te
2503 3448 2656 3506 bona
2684 3451 3003 3511 invisibilia
3032 3458 3397 3530 praeparasti,
3439 3437 3533 3521 in;

1869 3526 2049 3583 funde
2079 3531 2356 3588 cordibus
2387 3536 2605 3593 nostris
2656 3537 2742 3593 tui
2790 3541 3010 3598 amoris
3035 3526 3349 3615 allectum,
3382 3526 3448 3603 ut
3475 3550 3533 3609 te

1870 3613 1929 3669 in
1962 3617 2238 3675 omnibus
2268 3625 2326 3676 et
2355 3639 2532 3694 super
2572 3626 2770 3682 omnia
2814 3629 3145 3703 diligentes,
3176 3633 3531 3707 promissio-

1870 3719 1973 3758 nes
2012 3709 2162 3774 tuas,
2198 3725 2324 3780 que
2379 3727 2553 3770 omne
2583 3714 2940 3775 desiderium
2989 3725 3291 3794 superant,
3323 3739 3526 3780 conse-

1869 3808 2142 3862 quamur.
2176 3796 2369 3855 Lectio
2426 3802 2683 3874 epistola:
2741 3805 2895 3862 beati
2948 3808 3113 3866 Pauli
3173 3811 3419 3883 apostoli
3449 3812 3525 3877 ad

1867 3880 2216 3941 Corinthios.
2249 3887 2499 3959 Fratres,
2533 3890 2789 3953 charitas
2821 3897 3048 3968 patiens
3066 3880 3329 3968 est,etc.,
3358 3917 3527 3975 usque

1868 3987 2171 4044 nunquam
2227 3976 2457 4033 excidit.
2523 3980 2817 4039 Graduale.
2878 3985 3131 4044 Lsstatus
3176 3989 3524 4049 suminhis

1868 4076 1995 4131 quis
2036 4062 2191 4119 dicta
2247 4069 2386 4121 sunt
2433 4068 2602 4140 mihi,
2652 4070 2712 4126 in
2742 4073 2984 4131 domum
3015 4075 3248 4133 Domini
3277 4077 3522 4139 ibimus.

1868 4148 1995 4205 Fiat
2021 4168 2133 4223 pax
2176 4152 2236 4207 in
2291 4155 2505 4213 virtute
2534 4162 2656 4228 tua,
2690 4163 2748 4216 et
2779 4162 3140 4222 abundantia
3168 4165 3228 4221 in
3259 4168 3523 4231 turribus

1865 4237 2003 4293 tuis.
2036 4240 2297 4298 Alleluia.
2315 4244 2631 4316 Attendite,
2652 4249 2868 4321 popula
2888 4269 3074 4322 meus,
3098 4253 3286 4327 legem
3305 4272 3521 4327 meam,

1868 4325 2142 4384 inclinate
2167 4347 2371 4387 aurem
2402 4339 2657 4393 vestram
2682 4338 2742 4393 in
2763 4340 2941 4397 verba
2957 4342 3076 4397 oris
3100 4342 3236 4399 mei.
3261 4343 3521 4415 Sequen-

1870 4414 1947 4470 tia
1978 4418 2165 4473 sancti
2222 4421 2518 4495 Evangelii
2576 4428 2901 4485 secundum
2958 4429 3266 4487 Joannem.
3326 4414 3391 4488 In
3422 4432 3521 4491 illo

1865 4507 2145 4576 tempore,
2178 4508 2325 4564 dixit
2354 4511 2527 4568 Jesus
2557 4513 2864 4588 discipulis
2885 4517 3010 4581 suis
3035 4535 3047 4574 :
3082 4517 3295 4586 Filioli,
3326 4520 3520 4583 adhuc

506 4615 515 4626 η
588 4618 600 4630 ο
1066 4626 1076 4636 ι
1418 4593 1752 4647 νυξ·’,··“““⁴²
1865 4593 2163 4651 modicum
2218 4601 2352 4662 etc.,
2384 4616 2556 4672 usque
2584 4604 2657 4659 ad
2709 4603 2979 4662 invicem.
3012 4605 3378 4678 Oﬂerlorium.
3411 4609 3520 4669 Be-

103 4623 297 4668 omnes
326 4614 518 4689 angeli
549 4633 698 4689 eJus,
729 4625 997 4692 potentes
1026 4630 1255 4697 Virtute,
1289 4647 1389 4703 qni
1423 4633 1608 4692 faeitis
1629 4655 1751 4695 ver-
1783 4612 1830 4676 Β
1861 4681 2123 4703 ηιμ---
2170 4638 2209 4703 ir
2277 4686 2319 4703 n
2430 4688 2442 4699 -
2591 4691 2607 4703 ε
2889 4694 2901 4703 ·
2989 4693 3065 4703 ’·“
3148 4694 3183 4703 ’⁸
3366 4701 3373 4703 ’

104 4696 237 4754 bum
269 4702 416 4772 ejus.
450 4704 721 4774 Benedic,
754 4710 970 4784 anima,
998 4731 1145 4786 mea,
1170 4717 1435 4789 Domino,
1470 4728 1527 4779 et
1557 4728 1753 4785 omnia

106 4782 374 4846 interiora
391 4809 522 4850 mea
538 4801 809 4855 sanctum
826 4817 1037 4858 nomen
1059 4806 1208 4877 ejus.
1224 4809 1482 4867 Alleluia.
1498 4813 1752 4873 Laudato

105 4869 432 4948 Dominum,
466 4899 670 4941 omnes
695 4890 884 4961 angeli
915 4893 1063 4964 ejus,
1098 4893 1331 4955 laudate
1361 4916 1516 4971 eum,
1546 4920 1751 4962 omnes

102 4959 334 5023 virtutes
366 4970 513 5041 ejus.
549 4959 866 5047 Sequentia
886 4983 1073 5037 sancti
1105 4985 1397 5060 Evangelii
1425 4994 1747 5050 secundum

103 5047 398 5139 Joannem.
434 5059 496 5114 In
532 5060 628 5117 illo
658 5067 919 5138 tempore
951 5074 1217 5130 ascendit
1247 5047 1529 5136 Dominus
1549 5047 1749 5139 Hiero:

106 5137 580 5221 selymam,usque
600 5137 970 5213 detinebatur
994 5159 1349 5222 infirmitate.
1376 5137 1744 5243 O/fertoriilm,

102 5229 149 5279 el
174 5238 371 5290 secreta
402 5242 467 5293 ut
497 5237 556 5293 in
589 5241 781 5298 editis.
811 5244 1149 5306 Communia.
1175 5252 1516 5327 Benedicite,
1542 5277 1748 5321 omnes

106 5317 283 5390 angeli
314 5323 570 5395 Domini,
596 5329 931 5402 Dominum,
961 5337 1248 5411 hymnum
1271 5343 1443 5403 dicite
1468 5352 1524 5404 et
1541 5365 1746 5424 super-

105 5404 334 5466 exaltate
363 5429 498 5471 eum
530 5413 590 5471 in
623 5419 853 5477 sacula.
884 5425 1343 5501 Postcommzmio,
1373 5440 1439 5492 ut
1471 5437 1528 5492 in
1551 5404 1743 5497 editis.

602 5542 770 5582 MISSA
811 5544 883 5584 DE
922 5547 1237 5593 SAPIENTIA.

162 5614 406 5683 Letetur
435 5643 536 5685 cor
563 5634 949 5702 quaerentium
988 5638 1328 5717 Dominum,
1358 5651 1601 5723 querito
1634 5656 1744 5717 Do-

400 5752 665 5824 Parnon.
710 5758 858 5828 CLI.

1861 4681 2129 4739 nedictus
2160 4701 2242 4753 es,
2276 4686 2541 4758 Domine,
2574 4691 2715 4749 doce
2761 4709 2856 4750 me
2877 4693 3330 4765 justificationes
3358 4701 3515 4768 tuas,

1860 4768 1920 4824 in
1942 4769 2114 4828 labiis
2140 4774 2287 4831 meis
2316 4779 2706 4849 pronuntiavi.
2731 4781 2963 4839 Secreta.
2991 4780 3146 4841 Deus
3186 4783 3289 4856 qui
3309 4801 3415 4842 nos
3438 4787 3513 4842 ad

1859 4857 2177 4933 imaginem
2210 4867 2371 4921 tuam
2403 4868 2785 4926 sacramentis
2837 4887 3071 4928 revocas
3099 4875 3158 4927 et
3184 4873 3511 4947 praeceptis,

1860 4949 2071 5018 perﬁce
2099 4966 2338 5022 gressus
2368 4959 2599 5014 nostros
2630 4957 2688 5013 in
2715 4959 2943 5015 semitis
2964 4960 3104 5027 tuis,
3127 4965 3194 5017 ut
3213 4960 3515 5023 charitatis

1859 5036 2103 5106 donum,
2139 5056 2316 5111 quam
2348 5043 2535 5101 fecisti
2567 5063 2601 5103 a
2625 5047 2795 5104 nobis
2824 5049 3074 5122 operari,
3102 5066 3205 5124 per
3231 5050 3354 5111 haec
3384 5069 3513 5125 qua:

1859 5125 2160 5183 offerimus
2193 5131 2501 5201 sacriﬁcia,
2556 5135 2838 5192 veraciter
2894 5137 3075 5196 facias
3131 5142 3514 5214 apprehendi.

1858 5214 1982 5271 Per.
2019 5216 2356 5275 Communia.
2391 5220 2656 5290 Domine,
2708 5228 3079 5284 memorabor
3112 5229 3363 5301 justitiie
3403 5234 3517 5293 ιω»

1858 5303 2042 5361 solius
2067 5323 2079 5372 ;
2115 5305 2289 5377 Deus,
2323 5308 2576 5366 docuisti
2599 5328 2690 5368 me
2712 5314 3065 5385 ajuventute
3080 5333 3229 5386 mea,
3254 5321 3313 5374 et
3331 5334 3522 5391 usque

1857 5391 1916 5447 in
1939 5399 2232 5452 senectam
2255 5402 2313 5453 et
2336 5398 2588 5469 senium,
2614 5400 2789 5471 Deus,
2819 5419 2891 5460 ne
2913 5406 3288 5477 derelinquas
3308 5421 3422 5461 me.
3441 5405 3525 5462 Ad

1851 5487 2430 5552 postcommunionem.
2464 5487 2748 5559 Spiritum
2779 5491 2840 5546 in
2884 5494 3076 5563 nobis,
3109 5493 3375 5562 Domine,
3404 5498 3523 5555 tua

1856 5569 2159 5628 charitatis
2191 5573 2456 5645 infunde,
2488 5580 2553 5632 ut
2581 5594 2730 5649 quos
2762 5596 2882 5637 uno
2913 5599 3063 5655 pane
3094 5581 3311 5640 caelesti
3340 5582 3521 5665 satias

1855 5658 1954 5729 sti,
1983 5662 2089 5720 tua
2113 5660 2294 5720 facias
2320 5663 2534 5739 pietate
2562 5667 2902 5727 concordes.
2933 5670 3062 5728 Per.

2901 5794 2983 5867 30
