3920 6208
412 519 581 558 MISSA
603 519 676 558 AD
707 518 1118 559 POSTULANDAM
1139 519 1390 560 GRATIAM
1413 519 1672 560 SPIRITUS
1703 519 1918 558 SANC'I‘I.

411 593 612 648 Oratio.
648 596 800 648 Deus
847 595 1072 664 patrem
1120 596 1453 649 nostrorum
1493 593 1567 646 da
1606 590 1774 646 nobis
1805 590 1986 662 Spiri-

337 686 486 747 tum,
545 681 646 753 qui
706 683 944 736 ﬂamma
991 681 1262 737 infundat
1318 682 1376 735 in
1425 680 1700 736 cordibus
1749 678 1985 736 nostris.

339 772 489 826 Psat.
523 770 851 826 Benedicite
881 770 1077 825 omnia
1100 787 1292 842 opera.
1327 771 1520 825 Lectio.
1550 769 1608 822 In
1633 769 1840 824 diebus
1871 767 1990 824 illis

342 859 486 914 dixit
515 859 816 914 Salomon:
843 859 994 914 Deus
1017 862 1245 930 patrum
1275 862 1634 923 nostrorum,
1655 861 1790 922 etc.,
1823 874 1992 929 usque

343 947 566 1004 ancillae
594 953 724 1002 tute.
778 947 1064 1002 Graduate.
1117 945 1378 1018 Respice,
1423 946 1686 1013 Domine,
1721 947 1779 1000 in
1811 952 1987 1002 testa-

345 1042 604 1094 mentum
628 1041 816 1103 tuum,
841 1040 896 1092 et
917 1035 1144 1091 animas
1163 1051 1485 1108 pauperum
1504 1041 1741 1090 tuorum
1761 1051 1832 1090 ne
1849 1033 1990 1090 obli-

341 1126 582 1182 viscaris
639 1126 698 1180 in
753 1127 951 1180 ﬁnem.
1029 1125 1302 1198 Exsurge,
1363 1125 1628 1190 Domine,
1688 1132 1742 1180 et
1789 1125 1992 1195 judica

342 1231 578 1271 causam
599 1219 784 1280 tuam,
809 1229 1035 1268 memor
1062 1217 1186 1268 esto
1217 1213 1512 1284 opprobrii
1539 1229 1836 1270 servorum
1861 1218 1989 1267 tuo-

341 1300 1133 1369 rum.Alleluia.Veni,sancte
1153 1300 1588 1372 Spiritus,reple
1610 1306 1841 1356 tuorum
1867 1318 1988 1356 cor-

339 1393 413 1447 da
442 1391 724 1455 ﬁdelium,
749 1395 804 1446 et
833 1391 920 1446 tui
943 1389 1161 1445 amoris
1184 1389 1374 1462 ignem
1399 1389 1992 1461 accende.Sequentia

337 1480 524 1536 sancti
558 1478 846 1551 Evangelii
879 1479 1200 1534 secundum
1235 1478 1594 1532 Matthzeum.
1631 1477 1689 1532 In
1715 1477 1814 1533 illo
1844 1483 1988 1534 tem-

337 1568 860 1641 pore,respondens
876 1567 1159 1621 Dominus
1171 1565 1344 1620 Jesus
1357 1566 1518 1620 dixit:
1539 1567 1962 1634 Conﬁteor,etc.
1977 1611 1989 1633 ,

335 1674 502 1728 usque
531 1656 709 1712 Filius
742 1655 1010 1711 revelare.
1059 1655 1426 1727 0/Tertorium.
1471 1655 1722 1710 Justitia:
1761 1655 1989 1710 Domini

337 1753 524 1813 rectm,
559 1743 917 1800 lzetificantes
948 1744 1142 1811 corda,
1177 1749 1230 1797 et
1263 1741 1552 1798 dulciores
1583 1759 1760 1815 super
1791 1744 1901 1799 mel
1934 1748 1990 1798 et

338 1836 531 1889 favum
563 1853 575 1902 ;
611 1849 743 1888 nam
779 1837 835 1888 et
881 1849 1082 1887 servus
1130 1835 1268 1886 tuus
1313 1832 1570 1886 custodit
1600 1849 1720 1886 eas.
1754 1833 1986 1888 Secreta.

337 1923 465 1978 Haec
497 1921 734 1987 oblatio,
773 1921 1012 1976 Domine
1061 1919 1238 1986 Deus,
1283 1920 1476 1974 cordis
1507 1920 1691 1976 nostri
1727 1921 1991 1976 maculas

335 2011 634 2077 emundet,
655 2015 717 2064 ut
730 2009 913 2065 sancti
931 2007 1373 2080 Spiritusdigna
1387 2008 1986 2064 cfﬁciaturhabitatio.

335 2101 461 2156 Per.
497 2100 832 2156 Communio.
874 2099 1115 2152 Gustata
1164 2101 1221 2151 et
1259 2097 1446 2152 videte
1485 2097 1762 2168 quoniam
1793 2099 1990 2154 suavis

334 2195 422 2246 est
453 2189 753 2256 Dominus,
787 2188 992 2242 beatus
1020 2185 1127 2251 vir,
1160 2185 1260 2257 qui
1300 2190 1498 2258 sperat
1525 2184 1584 2240 in
1617 2202 1702 2240 eo.
1737 2186 1818 2241 Ad
1844 2203 1988 2241 com-

333 2281 672 2334 munionem.
711 2275 992 2353 .Concede
1041 2291 1166 2342 nos,
1201 2291 1559 2346 quazsumus,
1621 2275 1989 2347 omnipotens

331 2369 504 2435 Deus,
537 2365 820 2438 Spiritum
875 2369 1144 2420 sanctum
1188 2365 1336 2419 votis
1381 2365 1694 2436 promereri
1743 2365 1984 2432 sedulis,

329 2460 618 2530 quatenus
650 2455 777 2527 ejus
823 2454 1011 2524 gratia
1043 2454 1114 2507 ab
1146 2453 1424 2507 omnibus
1453 2451 1771 2508 liberemur
1802 2458 1985 2508 tenta-

325 2547 607 2614 tionibus,
623 2549 679 2600 et
694 2545 998 2615 peccatoru
1011 2559 1060 2596 tu
1082 2549 1414 2596 nostrorum
1432 2541 1526 2595 ind
1539 2541 1855 2614 ulgentiam
1874 2559 1986 2598 me-

327 2650 563 2690 reamur
586 2632 864 2702 accipere.
900 2631 1024 2684 Per.

648 2736 807 2773 FEBIA
845 2734 898 2771 VI
938 2734 996 2770 IN
1038 2735 1304 2771 “UXOREM
1346 2735 1393 2772 S.
1437 2735 1662 2774 CRUCIS.

398 2810 515 2864 Nos
529 2796 1023 2876 autem,etc.,utin
1035 2805 1466 2876 editis,asqueal
1486 2806 1986 2864 alleluia.Alleluia

327 2898 443 2953 N03
461 2901 654 2952 autem
677 2882 912 2967 gloriari
931 2898 1157 2966 oportet
1174 2893 1228 2948 in
1250 2911 1419 2950 cruce
1442 2895 1670 2950 Domini
1696 2896 1878 2951 nostri
1895 2897 1984 2952 Je-

329 3004 397 3042 su
417 2981 973 3054 Cbristi.Sequentia
990 2983 1172 3038 sancti
1193 2982 1479 3056 Evangelii
1499 2983 1820 3039 secundum
1843 2985 1982 3040 Mat-

327 3074 568 3130 thazum.
600 3074 664 3128 In
697 3071 796 3126 illo
827 3075 1104 3142 tempore,
1129 3070 1452 3144 assumpsit
1468 3071 1659 3138 Jesus,
1683 3077 1790 3127 etc.
1827 3073 1980 3129 Com-

325 3147 536 3219 munio.
555 3161 925 3232 Redemptor
952 3157 1156 3214 mundi
1188 3160 1354 3230 signo
1385 3159 1574 3216 crucis
1596 3160 1668 3214 ab
1691 3161 1850 3215 omni
1873 3179 1980 3216 nos

1532 362 1723 432 sese.
1771 361 1854 430 x1
1900 359 2214 430 MONUM.
2261 347 2574 431 LlTURG.

2022 511 2077 573 Α
2108 501 2618 572 compunctionem
2668 501 2880 568 cordis,
2914 499 3138 556 luctum
3187 505 3244 557 et
3296 501 3542 558 ﬂumina
3571 502 3762 578 lacry-

3639 367 3763 433 940

2100 607 2330 644 marum
2361 589 2648 662 largiaris,
2683 595 2974 660 quatenus
3005 589 3296 646 cmlestem
3320 589 3378 645 in
3406 591 3606 649 futuro
3629 609 3765 650 con-

2098 677 2441 734 solationem
2476 683 2828 733 mereamur.
2856 681 2982 734 Per.

2526 783 2688 822 MISSA
2739 784 2848 822 PRO
2893 783 3067 823 TRlBU
3076 785 3273 823 ωτιοΝ
3281 785 3328 824 Β.

2170 854 2555 927 Omnipotens
2603 855 2956 928 sempiterne
3003 856 3182 927 Deus,
3236 862 3582 916 maestorum
3626 876 3766 918 con-

2098 943 2326 1007 solatio,
2365 943 2755 1000 laborantium
2779 944 3078 1013 fortitudo,
3105 946 3445 1018 perveniant
3465 948 3540 1004 ad
3564 951 3621 1004 te
3642 965 3772 1021 pre-

2098 1049 2195 1087 ces
2226 1033 2296 1088 de
2327 1050 2674 1105 quacunque
2699 1032 3078 1090 tribulatione
3107 1033 3513 1104 clamantium,
3548 1043 3617 1094 ut
3645 1055 3769 1095 om-

2099 1138 2202 1176 nes
2227 1121 2339 1177 sibi
2372 1121 2430 1176 in
2463 1123 2912 1178 necessitatibus
2944 1123 3070 1179 suis
3101 1123 3570 1182 misericordiam
3595 1131 3762 1184 tuam

2099 1211 2393 1282 gaudeant
2419 1211 2676 1267 affuisse.
2710 1213 2834 1268 Per.
2889 1212 3126 1268 Secreta.
3178 1216 3298 1269 Has
3327 1213 3460 1282 tibi,
3493 1217 3760 1286 Domine,

2101 1299 2322 1354 hostias
2353 1299 2653 1356 offerimus
2681 1317 2783 1372 pro
2815 1301 3002 1356 salute
3033 1305 3257 1368 nostra,
3278 1306 3336 1358 et
3355 1320 3461 1376 pro
3483 1305 3764 1362 omnibus

2100 1388 2388 1460 angustiis
2425 1388 2590 1444 nobis
2615 1388 3084 1454 imminentibus,
3117 1395 3410 1462 quatenus
3431 1409 3681 1466 corpora
3707 1398 3767 1450 et

2099 1476 2326 1530 animas
2355 1484 2581 1532 nostras
2613 1477 2869 1550 Spiritus
2893 1479 3077 1534 sancti
3104 1479 3293 1552 gratia
3315 1479 3566 1537 liberare
3586 1488 3766 1556 atque

2099 1563 2426 1619 iliumiuarc
2459 1565 2739 1637 digneris.
2803 1567 2879 1620 Αιί
2934 1569 3388 1624 communionem.
3454 1573 3538 1625 Da
3567 1571 3764 1636 nobis,

2098 1669 2457 1724 quaesumus,
2493 1655 2562 1708 de
2595 1653 2968 1710 tribulatione
3001 1655 3284 1726 laetitiam,
3319 1662 3383 1713 ut
3407 1659 3505 1731 qui
3529 1659 3634 1716 diu
3661 1677 3766 1734 pro

2098 1741 2352 1813 peccatis
2371 1743 2586 1796 nostris
2607 1743 2946 1815 afﬂigimur,
2969 1745 3460 1802 intercedentibus
3478 1750 3769 1806 omnibus

2099 1831 2317 1885 sanctis
2349 1831 2485 1897 tuis,
2521 1832 2574 1885 in
2612 1836 2713 1887 tua
2763 1831 3164 1888 misericordia
3211 1835 3584 1906 respiramus.
3623 1838 3763 1894 Per.

2503 1938 2664 1975 MISSA
2707 1938 2814 1976 PRO
2854 1938 2982 1978 ITER
3019 1939 3350 1978 AGENTIBUS.

2172 2009 2378 2074 Oratio,
2430 2009 2644 2064 Secreta
2699 2013 2748 2064 et
2791 2013 3228 2066 Postcommunio
3283 2012 3486 2070 caedem
3541 2029 3676 2086 quae
3703 2017 3762 2071 in

2099 2097 2274 2152 editis.
2311 2097 2558 2152 Additur.
2615 2098 2960 2170 Prosperum
3012 2101 3122 2154 iter
3169 2101 3343 2157 faciat
3378 2103 3551 2158 nobis
3581 2103 3760 2171 Deus,

2099 2184 2342 2258 angelus
2371 2185 2595 2240 Domini
2629 2187 2816 2241 bonus
2840 2188 3151 2244 comitetur
3181 2189 3511 2258 nobiscum,
3537 2196 3597 2246 et
3616 2192 3764 2250 bene

2097 2275 2372 2346 disponat
2402 2275 2607 2330 itinera
2641 2280 2840 2330 nostra
2871 2280 3022 2331 Deus
3052 2282 3268 2333 noster.
3291 2277 3602 2352 Exsurgat.
3628 2279 3760 2336 Glo-

2099 2362 2203 2416 ria.
2241 2363 2608 2434 Prosperum.
2644 2363 2846 2418 Oratio.
2873 2363 3026 2419 Deus
3047 2363 3147 2435 qui
3169 2363 3554 2438 diligentibus
3575 2372 3634 2424 te
3656 2369 3764 2425 mi-

2097 2451 2475 2506 sericordiam
2507 2455 2668 2506 tuam
2701 2467 2933 2524 semper
2963 2451 3275 2525 impendis,
3308 2458 3366 2510 et
3394 2472 3429 2510 a
3459 2457 3762 2512 servienti-

2094 2540 2206 2594 bus
2232 2541 2334 2596 tibi
2370 2540 2423 2594 in
2450 2539 2613 2595 nulla
2632 2557 2694 2595 es
2715 2541 2949 2612 regione
2971 2540 3353 2616 longinquus,
3381 2544 3570 2618 dirige
3602 2546 3757 2602 viam

2096 2627 2448 2683 famulorum
2474 2633 2707 2684 tuorum
2729 2629 2786 2683 in
2801 2628 3098 2686 voluntate
3119 2635 3240 2698 tua,
3257 2635 3322 2686 ut
3339 2636 3392 2687 te
3406 2637 3754 2705 protectore,

2094 2722 2151 2772 te
2171 2721 2339 2784 duce,
2365 2735 2466 2788 per
2475 2717 2722 2787 justitize
2743 2717 2983 2774 semitas
3001 2718 3126 2774 sine
3146 2719 3466 2777 offensione
3480 2723 3756 2794 gradian-

2092 2811 2210 2862 tur.
2244 2806 2370 2862 Per.
3713 2877 3720 2882 α

2166 2895 2354 2950 Lectio
2385 2893 2644 2950 Genesis.
2667 2897 2730 2950 ln
2764 2894 2968 2952 diebus
2990 2895 3106 2951 illis
3131 2897 3424 2970 profectus
3445 2903 3538 2955 est
3566 2901 3748 2957 Israel

2091 3000 2260 3056 usque
2287 2987 2693 3039 revertentem.

2159 3071 2416 3144 Angelus
2452 3073 2677 3127 Domini
2737 3074 2927 3129 bonus
2983 3075 3294 3132 comitetur
3331 3077 3660 3146 vobiscum,
3694 3083 3752 3136 et

2091 3161 2236 3216 bene
2267 3161 2540 3231 disponat
2567 3161 2776 3217 itinera
2803 3165 3015 3218 vestra.
3049 3161 3400 3236 Prosperum
3431 3165 3542 3222 iter
3571 3165 3752 3224 faciat

327 3239 672 3307 adversitate
719 3248 968 3314 custodi,
1020 3247 1119 3319 qui
1171 3243 1406 3304 salvasti
1446 3249 1681 3304 Petrum
1714 3249 1772 3304 in
1805 3249 1974 3318 mari,
2007 3237 2048 3302 C
2085 3248 2246 3304 vobis
2290 3249 2444 3304 Deus
2487 3248 2772 3305 Salutaris
2818 3253 3035 3307 noster.
3092 3249 3354 3308 Alleluia.
3388 3253 3747 3327 Prosperum

325 3339 600 3396 miserere
632 3337 820 3392 nobis.
873 3338 1328 3392 Postcommunio.
1377 3336 1590 3392 Refecti
1639 3337 1768 3393 cibo
1799 3343 1972 3410 potu-

322 3414 446 3501 que~
491 3426 730 3494 caelesti,
787 3441 1146 3497 quaesumus,
1189 3424 1558 3497 omnipotens
1587 3425 1763 3492 Deus,
1804 3431 1868 3482 ut
1898 3427 1972 3482 ab

321 3517 578 3574 hostium
609 3515 888 3571 defendas
919 3513 1251 3580 formidine,
1281 3529 1430 3584 quos
1451 3515 1704 3587 pretioso
1727 3514 1850 3570 Filii
1883 3516 1972 3570 tui

320 3607 605 3679 sanguine
635 3602 952 3660 redemisti.
987 3602 1094 3656 Per
1123 3601 1416 3656 eumdem.

438 3710 689 3750 SABBATO
728 3708 895 3747 MlSSA
935 3707 995 3744 ΙΝ
1036 3705 1305 3744 HONOREM
1348 3707 1581 3746 SANCT.B
1619 3709 1836 3748 MARl/E.

384 3783 568 3853 Salve,
592 3785 797 3836 sancta
818 3795 1050 3850 parens,
1072 3784 1180 3834 etc.
1209 3778 1378 3852 Virgo
1401 3780 1492 3834 Dei
1513 3780 1968 3853 genitrix,quem

311 3877 468 3928 totus
497 3871 616 3925 non
640 3867 792 3939 capit
821 3867 998 3932 orbis,
1032 3866 1090 3921 in
1129 3871 1230 3922 tua
1259 3884 1321 3922 se
1360 3867 1572 3922 clausit
1600 3868 1820 3923 viscera
1851 3870 1970 3925 fac-

309 3966 407 4016 tus
455 3958 651 4012 homo.
685 3957 888 4012 Oratio.
921 3955 1180 4011 Concede
1230 3972 1354 4023 nos,
1389 3959 1498 4010 etc.
1531 3954 1794 4012 Alleluia.
1833 3957 1971 4014 Post

311 4052 545 4122 partum
577 4046 738 4120 virgo
795 4043 1071 4101 inviolata
1125 4043 1524 4116 permansisti,
1581 4042 1836 4101 alleluia.
1868 4052 1965 4103 Se-

313 4137 554 4210 quentia
583 4133 768 4192 sancti
796 4133 1092 4206 Evangelii
1123 4133 1450 4189 secundum
1484 4133 1721 4189 Lucam.
1755 4139 1820 4190 In
1869 4136 1966 4192 illo

313 4232 572 4301 tempore
591 4241 604 4280 :
638 4223 959 4292 Extollens,
990 4227 1100 4276 etc.

595 4317 654 4370 In
685 4316 800 4370 alia
831 4315 1001 4368 missa
1027 4313 1225 4366 sanctae
1263 4311 1454 4368 Maria:
1481 4314 1676 4368 oratio.

355 4389 557 4473 ‘Deus,
592 4405 690 4476 qui
722 4402 944 4458 violatae
978 4405 1200 4455 natura
1233 4417 1336 4473 per
1355 4401 1636 4473 virginale
1657 4403 1837 4458 decus
1862 4405 1965 4460 ad-

309 4496 477 4552 hibes
507 4493 880 4555 medicinam,
907 4491 992 4546 fac
1017 4507 1122 4545 nos
1143 4490 1320 4546 beata:
1343 4490 1533 4546 Mariae
1555 4490 1811 4565 Virginis
1834 4510 1961 4565 pre-

2081 3337 2190 3393 iter
2220 3337 2394 3393 faciat
2426 3339 2691 3393 nostrum
2726 3337 2879 3394 Deus
2909 3337 3192 3395 Salutaris
3224 3344 3439 3396 noster.
3473 3342 3746 3400 Alleluia.

2150 3425 2213 3481 In
2245 3425 2344 3482 illo
2373 3430 2634 3498 tempore
2665 3425 2812 3481 dixit
2855 3430 3027 3484 Jesus
3071 3427 3378 3500 discipulis
3409 3429 3540 3485 suis
3569 3447 3752 3505 usque

2079 3513 2164 3569 illi
2195 3514 2432 3570 civitati.
2467 3513 2837 3586 Oﬂ'ertorium.
2865 3513 3123 3588 Angelus
3159 3513 3386 3572 Domini
3418 3517 3614 3574 bonus
3649 3536 3752 3576 co-

2081 3604 2320 3660 mitetur
2348 3603 2672 3668 vobiscum,
2722 3607 2779 3659 et
2835 3603 2982 3659 bene
3013 3603 3287 3676 disponat
3315 3604 3426 3660 iter
3453 3611 3745 3680 vestrum,

2078 3692 2332 3749 alleluia.
2354 3693 2614 3748 Comma”
2625 3694 2694 3748 io.
2711 3692 2873 3747 Sicut
2897 3693 3193 3764 praecessit
3213 3691 3460 3750 Tobiam
3483 3694 3748 3768 Raphael

2078 3781 2464 3854 archangelus
2495 3783 2564 3835 ad
2614 3782 3054 3854 prmparandam
3105 3781 3286 3850 viam,
3316 3781 3398 3838 ita
3429 3785 3750 3842 comitetur

2076 3870 2403 3936 vobiscum,
2435 3874 2492 3924 et
2525 3870 2668 3925 bene
2694 3870 2968 3942 disponat
2987 3869 3199 3926 itinera
3225 3875 3442 3927 vestra.
3464 3877 3748 3930 Pasicom-

2077 3960 2286 4014 munio.
2307 3957 2520 4029 Dirige,
2537 3974 2901 4030 quasumus,
2923 3958 3188 4028 Domine,
3205 3959 3358 4015 viam
3381 3959 3745 4020 famulorum

2076 4051 2312 4102 tuorum
2343 4047 2405 4101 in
2434 4045 2732 4102 voluntate
2763 4051 2886 4114 tua,
2936 4063 3158 4120 nosque
3206 4048 3499 4120 propitius
3529 4052 3744 4108 exaudi

2075 4135 2494 4208 supplicantes,
2519 4140 2582 4190 ut
2606 4135 2856 4192 habeant
2879 4136 2988 4192 iter
3008 4153 3375 4209 prosperum,
3401 4141 3458 4194 et
3478 4137 3537 4194 in
3563 4144 3622 4196 te
3644 4157 3745 4197 cor

2077 4225 2384 4280 directum.
2420 4225 2548 4280 Per.

2430 4329 2595 4369 MISSA
2625 4330 2738 4368 PRO
2765 4329 3118 4370 TENTATIONE
3147 4331 3374 4370 CARNIS.

2145 4401 2272 4468 Ure,
2305 4406 2439 4468 etc.,
2473 4409 2535 4456 ut
2567 4403 2624 4456 in
2655 4401 2821 4457 editis
2851 4418 3022 4472 usque
3051 4401 3122 4458 ad
3149 4407 3320 4458 totam
3347 4415 3634 4463 secretam.
3665 4407 3744 4462 Ad

2075 4489 2546 4546 Commanionem.
2575 4489 2818 4546 Domine
2849 4491 3082 4562 adjutor
3111 4494 3169 4547 et
3189 4496 3500 4564 protector,
3529 4496 3742 4566 adiuva

309 4586 477 4641 cibus
506 4587 562 4639 et
593 4583 944 4638 fermentum
977 4583 1321 4652 conceptum
1360 4579 1662 4651 pravitatis
1693 4581 1966 4667 abjicere,
2002 4603 2046 4668 D
2079 4597 2206 4649 nos,
2239 4585 2297 4636 et
2344 4580 2612 4636 refloreat
2659 4595 2792 4634 caro
2839 4584 3042 4636 nostra
3088 4579 3284 4654 vigore
3333 4582 3657 4653 pudicitiae,
3686 4589 3742 4640 et

307 4679 363 4731 et
393 4675 452 4729 in
485 4671 758 4728 novitatis
787 4685 1049 4742 azymam
1080 4669 1150 4724 de
1180 4673 1464 4724 vetustate
1495 4669 1767 4726 transire.

397 4765 400 4768 ί
709 4777 878 4816 MISSA
917 4775 1026 4814 PRO
1067 4774 1550 4814 CONGREGATIONE.

377 4853 580 4908 Oratio.
615 4851 998 4921 Omnipotens
1043 4846 1396 4918 sempiterne
1449 4847 1618 4914 Deus,
1673 4849 1770 4920 qui
1817 4849 1960 4904 facis

303 4939 598 4998 mirabilia
617 4939 798 5008 solus,
820 4937 1110 5010 praetende
1130 4951 1310 5008 super
1336 4934 1584 4992 famulos
1605 4940 1760 5004 tuos,
1782 4941 1840 4993 et
1860 4955 1960 4993 su-

305 5047 407 5104 per
426 5033 667 5084 cunctas
683 5026 1160 5100 congregationes
1180 5023 1299 5079 illis
1316 5025 1666 5080 commissas
1685 5025 1954 5097 spiritum

301 5116 503 5192 gratia:
534 5115 828 5183 salutaris,
861 5119 916 5170 et
947 5118 1011 5170 ut
1039 5115 1097 5169 in
1129 5111 1365 5168 veritate
1397 5112 1505 5166 tibi
1537 5113 1955 5184 complaceant,

303 5211 652 5280 perpetuum
675 5204 760 5258 eis
777 5220 964 5258 rorem
983 5208 1091 5258 tuae
1115 5199 1534 5256 benedictionis
1551 5200 1814 5256 infunde.
1831 5201 1954 5258 Per.

303 5296 518 5352 Secreta
543 5297 594 5350 et
628 5292 945 5355 Communia
966 5298 1128 5363 prout
1163 5291 1224 5345 in
1253 5288 1434 5345 editis.

578 5395 750 5434 MISSA
789 5396 1226 5434 PRO~PET1TIONE
1267 5390 1680 5432 LACRYMARUM.

329 5472 336 5484 '
375 5471 582 5527 Oratio.
615 5467 1015 5540 Omnipotens,
1047 5473 1182 5532 ctc.,
1209 5469 1269 5520 at
1298 5467 1356 5518 in
1385 5463 1562 5517 editis.

356 5559 826 5616 -Postcommunio.
859 5558 1106 5629 Corpore
1137 5560 1194 5610 et
1223 5549 1510 5624 sanguine
1532 5554 1654 5620 tuo,
1688 5551 1954 5629 Domine,

299 5645 516 5715 satiati,
547 5661 887 5724 quaesumus
915 5650 981 5704 ut
1011 5659 1112 5720 pro
1165 5639 1388 5702 nostris
1434 5641 1692 5714 peccatis
1723 5658 1956 5722 semper

2077 4668 2477 4725 sanctimoniae
2511 4669 2786 4736 novitate,
2822 4673 3202 4742 ereptamque
3234 4671 3304 4726 de
3327 4687 3514 4728 manu
3534 4673 3740 4729 tartari

2071 4759 2128 4814 in
2164 4757 2610 4814 resurrectionis
2661 4757 2878 4829 gaudio
2901 4759 3116 4829 jubeas
3143 4761 3576 4834 repraesentari.
3613 4762 3736 4818 Pcr.

2328 4863 2499 4904 MISSA
2530 4863 2640 4902 PRO
2670 4863 2952 4904 IMMUNDIS
2981 4863 3472 4905 COGITA‘I‘IONIBUS.

2140 4936 2542 5009 Omnipotens,
2597 4933 2731 5004 etc.,
2785 4940 2846 4992 ut
2894 4938 2956 4992 in
2983 4935 3164 4992 editis.
3199 4936 3434 4993 Secreta.
3469 4937 3582 4994 Per
3607 4937 3736 5007 hoc,

2069 5042 2434 5101 quaesumus,
2463 5023 2728 5093 Domine,
2761 5024 3142 5094 sacrificium,
3179 5027 3336 5098 quod
3371 5030 3486 5082 tuae
3520 5026 3738 5083 obtuli-

2069 5135 2202 5172 mus
2234 5112 2546 5186 majestati,
2589 5113 2663 5168 ab
2717 5113 2992 5171 omnibus
3038 5114 3216 5170 corda
3245 5118 3449 5172 nostra
3477 5117 3738 5174 emunda

2067 5203 2507 5262 tentationibus.
2540 5202 2668 5256 Per.

2582 5306 2747 5346 MISSA
2784 5307 2896 5347 PRO
2935 5307 3218 5348 PECCATIS.

2139 5382 2197 5439 Si
2218 5380 2558 5453 iniquitates
2580 5377 2997 5450 observaveris,
3015 5382 3276 5448 Domine,
3301 5381 3578 5451 Domine,
3599 5383 3734 5457 quis

2067 5469 2426 5528 sustinebit?
2470 5466 2616 5532 Quia
2655 5469 2810 5541 apud
2843 5473 2900 5525 te
2927 5468 3260 5542 propitiatio
3290 5475 3401 5540 est,
3435 5469 3599 5528 Deus
3629 5487 3732 5529 no-

2066 5564 2202 5615 ster.
2235 5558 2386 5614 Psal.
2409 5561 2488 5612 De
2514 5556 2818 5628 profundis
2839 5555 3083 5614 clamavi
3106 5559 3178 5615 ad
3201 5562 3278 5628 te,
3304 5560 3572 5617 Domine.
3597 5561 3732 5618 Ora-

2067 5651 2164 5709 tio.
2189 5646 2384 5723 Parce,
2412 5645 2678 5718 Domine,
2701 5661 2874 5725 parce
2891 5648 3144 5724 peccatis
3165 5647 3408 5724 nostris,
3436 5653 3499 5709 et
3524 5665 3738 5727 qum
