3920 6208
349 363 468 431 943

1539 359 1726 428 Μία.
1772 360 1850 426 ΧῙ
1895 352 2204 426 MONUM.
2253 352 2566 426 Ll'TURG.

3643 341 3798 428 941'

350 499 748 571 Sumpsimus,
789 498 1054 567 Domine,
1112 497 1266 556 Deus
1313 496 1520 556 salutis
1550 503 1762 554 nostrae
1793 511 1990 554 saera-
2021 499 2068 564 Α
2100 501 2286 562 tuam,
2320 499 2378 550 et
2407 495 2710 550 veritatem
2745 499 2905 551 tuam
2937 509 3042 568 per
3071 498 3324 552 noctem.
3377 491 3768 569 Evangeli‘uu‘z.

353 593 551 643 menta
580 587 852 652 cmlestia,
887 592 1116 660 priests,
1143 603 1506 660 qumsumus,
1542 591 1607 642 ut
1629 603 1830 643 eorum
1863 597 1998 658 par-

357 677 613 749 ticipatio
643 675 788 732 mihi
821 677 1041 732 famulo
1093 683 1192 733 tuo
1224 679 1294 732 ad
1355 681 1694 750 perpetuam
1731 673 1997 746 proficiat

357 763 630 821 salutem.
666 769 790 821 Per.

777 873 835 910 ΙΝ
867 869 1070 910 VlGlLIA
1102 871 1274 910 UNIUS
1305 870 1578 909 Αροςτῡιι.

428 943 547 1014 Ego
579 948 796 1013 autem,
827 948 936 998 etc.
965 943 1166 999 Oratio.
1205 943 1375 1010 Deus,
1404 942 1503 1014 qui
1535 957 1640 997 nos
1667 941 1821 997 beati
1837 957 2003 1013 apos-

359 1031 460 1088 toli
492 1033 578 1087 tui
607 1033 675 1088 N.
699 1029 965 1088 natalitia
995 1031 1248 1104 gloriosa
1275 1031 1478 1104 przeire
1500 1029 2001 1098 concedis,tribne

362 1121 549 1188 nobis,
582 1137 942 1194 quzesumus,
975 1123 1103 1192 ejus
1133 1135 1364 1193 semper
1394 1123 1450 1176 et
1506 1119 1806 1175 beneﬁciis
1854 1135 1997 1190 prm-

359 1211 561 1278 veniri,
621 1216 678 1266 et
730 1209 1092 1266 orationibus
1154 1209 1440 1281 adjuvari.
1476 1213 1602 1264 Per.
1645 1209 1838 1264 Lectio
1871 1208 2002 1263 libri

364 1299 689 1371 Sapientiae.
726 1299 937 1355 Beatus
968 1301 1074 1366 vir,
1107 1303 1238 1365 etc.,
1273 1315 1441 1369 usque
1487 1295 1742 1353 Ecclesia
1773 1302 2000 1352 sancto-

363 1405 514 1443 rum.
578 1387 850 1444 Gradualc
904 1393 955 1443 et
1009 1405 1189 1443 versus
1239 1395 1299 1442 ut
1356 1390 1415 1440 in
1471 1386 1650 1441 aditis.
1688 1385 2004 1456 Sequentia

366 1477 552 1532 sancti
586 1477 880 1548 Evangelii
913 1476 1238 1532 secundum
1265 1475 1570 1530 Joannem.
1605 1475 1666 1528 In
1720 1473 1819 1528 illo
1859 1480 2005 1528 tem-

364 1581 540 1638 pore:
578 1565 732 1621 Dixit
759 1567 935 1620 Jesus
989 1563 1291 1637 discipulis
1321 1563 1482 1619 suis:
1518 1565 1634 1636 Ego
1693 1579 1824 1617 sum
1870 1563 2004 1618 vitis

359 1670 515 1716 vera.
538 1659 670 1717 etc.,
701 1670 872 1726 usque
892 1653 1224 1726 impleatur.
1259 1654 1610 1725 Oﬂ‘ertorium
1641 1655 1702 1706 ut
1733 1653 1792 1706 in
1821 1651 2001 1707 editis.

361 1747 600 1798 Secreta.
659 1742 1000 1799 Muneribus
1051 1742 1287 1808 nostris,
1347 1757 1706 1814 quaesumus,
1744 1739 2002 1806 Domine,

366 1833 514 1887 beati
549 1831 796 1904 apostoli
815 1833 898 1886 tui
924 1837 989 1887 N.
1021 1833 1167 1887 festa
1186 1831 1594 1904 przevenimus,
1628 1831 1798 1899 cujus
1828 1829 2000 1884 meri-

362 1921 438 1976 tis
461 1938 564 1994 pro
587 1921 755 1978 nobis
779 1921 883 1976 tibi
905 1926 1069 1993 grata
1100 1921 1434 1975 reddantur.
1468 1924 1594 1974 Per.
1629 1919 1706 1974 Ad
1733 1922 2001 1988 postrem-

363 2014 698 2066 munionem.
723 2007 1010 2082 Sumptis,
1038 2009 1300 2076 Domine,
1319 2005 1651 2064 ctﬂastibus
1671 2023 2000 2062 sacramen-

363 2099 458 2167 tis,
496 2100 864 2170 majestatem
909 2103 1071 2154 tuam
1105 2098 1450 2170 suppliciter
1478 2098 1882 2168 deprecamur,
1917 2101 2000 2161 ut,

363 2187 751 2244 intercedente
771 2189 938 2242 beato
963 2186 1226 2260 apostolo
1249 2192 1352 2240 tuo
1375 2186 1636 2256 N.,quod
1666 2183 2002 2256 temporali-

361 2281 448 2332 ter
467 2277 823 2348 gerimus,ad
855 2276 1032 2332 vitam
1065 2275 1368 2348 capiamus
1399 2277 1693 2329 aeternam.
1723 2279 1849 2328 Per.

417 2367 424 2371 ’
506 2381 664 2421 MISSA
695 2381 753 2420 IN
778 2381 967 2420 NAT.\LI
1010 2379 1397 2419 PLURIMORUM
1435 2379 1859 2418 APOSTOLORUM.

420 2453 860 2510 'Intret.Ora'tio.
889 2453 1170 2520 Concede,
1213 2465 1577 2524 gumsumus,
1635 2451 2006 2522 omnipotens

361 2547 534 2614 Deus,
571 2548 634 2598 ut
661 2544 814 2598 sicut
843 2542 1242 2614 apostolorum
1276 2541 1394 2594 NN.
1447 2539 1704 2611 gloriosa
1740 2537 2006 2593 natalitia

359 2633 768 2703 praevenimus,
790 2632 876 2686 sic
900 2631 968 2684 ad
999 2634 1100 2685 tua
1121 2629 1404 2684 beneficia
1423 2627 1810 2700 promerenda
1829 2627 2005 2695 maje-

360 2725 570 2776 statem
589 2723 754 2775 tuam
779 2732 882 2791 pro
899 2719 1198 2788 nobisipsi
1235 2717 1602 2790 praeveniunt.
1645 2721 1774 2771 Per.
1812 2715 2004 2770 Lectio

360 2807 625 2880 Epistolas
649 2809 799 2863 beati
824 2807 990 2862 Pauli
1020 2805 1267 2879 apostoli
1308 2807 1380 2861 ad
1403 2805 1706 2877 Ephesios.
1753 2806 2000 2870 Fratres,

361 2895 679 2969 unicuique
709 2899 990 2962 vestrum,
1018 2899 1151 2964 etc.,
1173 2907 1342 2966 usque
1359 2893 1728 2968 plenitudine
1768 2892 2000 2948 Christi.

365 2986 656 3041 Grmlualr.
687 2985 956 3052 Vindice,
989 2983 1251 3052 Domine,
1285 2984 1634 3056 sanguinem
1667 2986 2002 3038 sanctorum

362 3075 728 3149 tuorum,qui
761 3076 982 3130 effusus
1012 3078 1118 3129 est.
1149 3078 1475 3128 Posuerunt
1506 3072 1774 3127 mortalia
1813 3087 2002 3127 servo-

365 3174 496 3220 ru'm
527 3170 763 3220 tuorum
796 3181 959 3220 escas
995 3161 1331 3218 volalilibus
1365 3161 1514 3228 cmli,
1542 3177 1747 3217 carnes
1776 3164 2003 3216 sancto-

2109 585 2222 656 Ego
2254 599 2386 640 sum
2439 583 2594 639 vitis.
2659 581 3011 657 Olferlorium
3058 588 3276 657 require
3304 589 3468 642 νέινο.
3520 575 3768 656 Secreta,

2107 677 2358 745 Accepta
2377 671 2484 728 tibi
2515 671 2610 739 sit,
2632 673 2899 742 Domine,
2917 678 3130 728 nostris
3162 673 3491 730 devotionis
3517 663 3768 746 oblatio,

2111 769 2166 816 ul
2204 763 2271 817 ad
2307 761 2492 816 sancti
2526 761 2592 818 Ν.
2627 761 2892 834 puriores
2920 778 3026 817 nos
3057 762 3232 820 faciat
3254 763 3458 820 venire
3477 763 3770 820 festivita—

2108 857 2246 907 tem.
2285 857 2406 906 Per.
2441 851 2782 906 Communio.
2813 847 3024 921 Magna
3069 856 3159 908 est
3189 849 3374 926 gloria
3399 852 3466 908 in
3509 847 3767 910 salutari

2111 947 2230 996 tuo.
2289 941 2365 996 Ad
2434 941 3012 1012 postcommunionem.
3078 945 3298 998 Prmsta
3355 943 3554 1012 nobis,
3607 937 3768 1000 Deus

2109 1037 2320 1086 aeterne
2347 1028 2607 1102 largitor,
2639 1031 2770 1100 ejus
2803 1028 3019 1102 ubique
3049 1030 3144 1104 pia
3173 1032 3397 1105 protegi
3431 1021 3763 1102 devotione,

2110 1118 2279 1189 cujus
2313 1117 2572 1173 natalitia
2599 1135 2702 1190 per
2745 1117 2866 1173 haec
2919 1124 3142 1188 sancta,
3175 1131 3306 1193 qum
3366 1121 3762 1194 sumpsimus,

2110 1209 2298 1262 votivo
2331 1206 2715 1278 prrevenimu's
2743 1207 3044 1280 obsequio.
3080 1211 3204 1264 Per.
3715 1222 3720 1228 '

2398 1313 2560 1352 MISSA
2605 1313 2662 1350 IN
2705 1313 2902 1352 NATALI
2947 1313 3126 1354 UNIL'S
3167 1309 3474 1355 MARTYRIS.

2185 1385 2516 1450 Lmtabitur,
2549 1392 2682 1451 etc.,
2714 1390 2774 1440 ut
2801 1386 2860 1440 in.
2885 1385 3066 1442 editis.
3102 1385 3305 1443 Oratio.
3361 1387 3602 1446 Votivbs
3631 1399 3760 1456 nos.

2113 1489 2472 1546 quaesumus,
2506 1473 2660 1529 beati
2693 1475 2760 1530 N.
2813 1477 3090 1548 martyris
3117 1477 3200 1532 tui
3261 1477 3476 1534 natalis
3530 1485 3766 1552 semper

2113 1564 2379 1635 excipiat,
2415 1562 2510 1634 qui
2543 1568 2598 1618 et
2617 1564 3051 1633 jucunditalem
3084 1565 3253 1622 nobis
3295 1583 3417 1622 sua:
3466 1567 3765 1640 gloriﬁca-

2113 1653 2287 1707 tionis
2321 1653 2610 1716 infundat,
2672 1657 2728 1707 ct
2756 1653 2862 1708 tibi
2908 1669 3013 1709 nos
3047 1654 3251 1710 reddat
3311 1659 3600 1728 acceptos.
3637 1661 3766 1712 Per.

2116 1741 2302 1797 Lectio
2360 1740 2492 1795 libri
2559 1741 2886 1812 Sapientiae.
2962 1742 3200 1798 Justum
3277 1743 3514 1800 deduxit
3565 1740 3770 1802 Domi-

2113 1845 2226 1885 nus
2255 1835 2388 1893 ete.,
2432 1847 2598 1900 usque
2655 1826 2808 1886 Deus
2867 1836 3082 1887 noster.
3145 1832 3426 1900 Graduale,
3478 1831 3770 1902 Posuisti,

2113 1919 2374 1985 Domine,
2434 1936 2610 1990 Super
2667 1926 2842 1992 caput
2897 1922 3025 1992 ejus
3101 1937 3374 1977 coronam
3437 1922 3509 1977 de
3563 1921 3770 1996 lapide

2113 2008 2386 2080 pretioso.
2421 2007 2786 2062 Desiderium
2846 2009 3052 2064 animae
3112 2011 3241 2080 ejus
3291 2009 3555 2066 tribuisti
3605 2011 3682 2077 ei,
3717 2015 3772 2067 et

2112 2097 2406 2152 voluntate
2426 2095 2648 2150 lubiox-u
2662 2111 2714 2150 m
2730 2098 2858 2167 ejus
2887 2114 3001 2153 non
3017 2098 3301 2154 fraudasti
3313 2110 3470 2155 eum.
3488 2096 3768 2156 Illeluia.

2115 2185 2428 2240 Laetabitur
2457 2187 2651 2255 justus
2685 2185 2743 2240 in
2794 2187 3058 2247 Domino,
3105 2192 3160 2242 et
3207 2187 3470 2260 Sperabit
3498 2188 3557 2243 in
3592 2204 3684 2254 eo,
3717 2194 3771 2244 et

2114 2274 2510 2329 laudabuntur
2539 2289 2742 2330 omnes
2776 2274 2914 2330 recti
2974 2275 3164 2331 corde.
3225 2275 3546 2348 Sequentia
3577 2283 3768 2348 Sancti

2112 2362 2407 2436 Evangelii
2429 2364 2753 2418 secundum
2788 2365 3023 2419 Lucem.
3058 2364 3121 2418 In
3154 2363 3251 2421 ille
3282 2367 3547 2438 tempore
3573 2384 3587 2421 :
3613 2365 3769 2422 Dixit

2111 2452 2281 2507 Jesus
2316 2450 2623 2523 discipulis
2655 2451 2779 2506 suis
2805 2452 2894 2508 :Si
2926 2452 3078 2525 quis,
3103 2457 3422 2526 etc.,usque
3447 2449 3768 2512 essedisci-

2115 2539 2309 2613 pulus.
2345 2540 2712 2612 Oﬂ‘crtorium,
2763 2544 2988 2607 secreta,
3047 2545 3356 2597 communio
3386 2547 3444 2598 et
3495 2551 3767 2615 ροδιεοτηο

2113 2631 2324 2694 munio,
2358 2637 2418 2683 ut
2447 2630 2507 2682 in
2537 2627 2716 2684 editis.

2320 2733 2490 2771 mssa
2530 2731 2709 2772 UNIUS
2750 2731 3036 2773 MARTYRIS
3076 2733 3190 2773 NON
3233 2726 3589 2776 rammers:

2182 2805 2388 2861 Justus
2419 2822 2533 2860 non
2569 2806 3036 2874 conturbabitur,
3068 2806 3206 2879 quia
3235 2807 3521 2865 Dominus
3569 2807 3770 2866 ﬁrmat

2115 2909 2328 2950 manus
2371 2895 2519 2965 ejus,
2579 2898 2700 2950 tota
2730 2895 2823 2950 die
2880 2895 3192 2952 miseretur
3211 2901 3278 2952 'et
3325 2898 3689 2966 commodat,
3721 2903 3776 2954 et

2115 2997 2312 3038 semen
2344 2985 2471 3054 ejus
2501 2983 2561 3038 in
2590 2983 2995 3039 benedictione
3041 2984 3170 3051 erit,
3205 2984 3262 3040 in
3313 2989 3598 3042 internum
3627 3003 3768 3044 'con-

2115 3071 2457 3128 servabitur.
2502 3071 2654 3128 Psal.
2715 3070 2841 3126 Noli
2896 3069 3176 3128 aemulari.
3212 3073 3418 3129 Oratio.
3449 3075 3632 3142 Deus,
3669 3077 3770 3148 Qui

2117 3177 2222 3216 nos
2249 3161 2315 3215 N.
2347 3159 2625 3233 martyris
2653 3165 2710 3216 et
2738 3161 3150 3244 intercessione
3181 3161 3464 3228 latificas‘,
3516 3165 3773 3220 concede

364 3265 496 3310 rum
528 3259 762 3309 tuorum
790 3251 990 3308 bestiis
1021 3256 1207 3306 terrea.
1241 3251 1560 3322 Sequentia
1589 3249 1778 3305 sancti
1818 3250 2000 3304 Evan-
2033 3234 2076 3300 C
2113 3249 2420 3322 propitius,
2453 3255 2518 3305 ut
2547 3248 2646 3320 qui
2678 3249 2806 3320 ejus
2836 3234 3464 3323 beneficia'poscimus,
3491 3253 3648 3308 dono
3663 3257 3805 3326 tua

363 3343 498 3417 gelii
520 3343 842 3400 secundum
869 3329 1227 3396 M'atthabum.
1252 3339 1314 3396 ln
1348 3338 1446 3394 illo
1467 3343 1730 3410 tempore
1755 3337 2006 3394 :Circui-

364 3434 464 3489 bat
499 3432 690 3498 Jesus,
749 3435 882 3496 etc.,
941 3446 1109 3502 usque
1161 3429 1347 3502 gratis
1405 3429 1557 3484 date.
1621 3428 2002 3499 Oﬂ'ertorium.

362 3521 750 3577 Eksultabimt
779 3519 964 3576 sancti
997 3518 1058 3574 in
1088 3515 1294 3590 gloria,
1321 3516 1678 3572 laetabuntur
1711 3515 1768 3570 in
1803 3513 2007 3571 cubili-

361 3613 474 3669 bus
533 3611 678 3677 suis,
733 3607 1110 3664 exultationes
1167 3606 1268 3661 Dei
1321 3605 1380 3660 in
1455 3605 1721 3660 faucibus
1776 3620 1998 3660 eorum.

360 3701 595 3756 Secreta.
629 3695 970 3754 Muneribus
1028 3693 1244 3750 nostris
1303 3693 1700 3765 apostolorum
1739 3697 1998 3758 tuorum,

359 3789 625 3853 Domine,
646 3787 797 3841 festa
819 3783 1114 3858 prazimus,
1149 3779 1448 3838 humiliter
1473 3781 1878 3855 implorantes,
1911 3785 1999 3848 ut,

357 3885 486 3950 quae
519 3874 885 3932 conscientiae
933 3877 1144 3928 nostra:
1183 3872 1622 3945 praepediuntur
1653 3869 1996 3937 obstaculis,

353 3965 590 4024 illorum
624 3963 844 4020 meritis
875 3962 980 4019 tibi
1013 3967 1177 4036 grata
1207 3962 1546 4017 reddantur.
1581 3963 1706 4014 Per.
1744 3960 1994 4014 Commu-

351 4058 466 4112 nio.
497 4053 798 4112 Justorum
830 4051 1036 4108 animae
1095 4053 1154 4106 in
1215 4065 1391 4106 manu
1455 4047 1554 4105 Dei
1603 4054 1760 4116 sunt,
1791 4052 1992 4104 etnon

352 4150 552 4218 tanget
584 4141 714 4199 illos
745 4143 1099 4198 tormentum
1133 4139 1386 4195 malitim.
1423 4137 1546 4193 Visi
1605 4142 1745 4193 sunt
1785 4136 1992 4206 oculis,

353 4240 464 4292 etc.
498 4233 574 4290 Ad
599 4231 1153 4306 postcommanionem
1183 4227 1470 4300 Sumptis,
1505 4227 1766 4294 Domine,
1794 4225 1992 4282 coeles-

352 4326 510 4380 tibus
568 4321 970 4387 sacramentls,
1021 4319 1390 4390 majestatem
1451 4321 1614 4372 tuam
1645 4315 1994 4388 suppliciter

351 4415 752 4488 deprecamur,
787 4414 870 4476 ut,
913 4405 1408 4464 intercedentibus
1461 4405 1650 4461 beatis
1710 4403 1992 4476 apostolis

350 4503 471 4558 tuis
492 4501 634 4570 NN.,
671 4500 824 4573 quod
859 4494 1257 4569 temporaliter
1281 4495 1562 4568 gerimus,
1597 4494 1668 4550 ad
1687 4493 1866 4549 vitam
1897 4511 1990 4549 ca-

350 4591 586 4665 piamus
617 4595 913 4645 aeternam.
939 4591 1066 4641 Per.

517 4696 683 4735 MISSA
714 4695 769 4732 IN
801 4689 1000 4732 VIGILIA
1032 4689 1499 4736 UNIUSCUJUSQUB
1525 4687 1821 4728 VOLUERIS.

419 4771 536 4844 Ego
594 4772 791 4824 autem
843 4767 996 4822 sicut
1024 4763 1175 4820 oliva
1207 4762 1546 4818 fructillcavi
1579 4762 1639 4816 in
1671 4762 1844 4817 domo
1877 4761 1988 4818 Do-

345 4859 511 4926 mini,
571 4857 796 4932 speravi
855 4856 913 4911 in
975 4853 1374 4910 misericordia
1433 4851 1527 4908 Dei
1561 4851 1696 4921 mei,
1729 4855 1787 4908 et
1816 4867 1986 4926 expe-

345 4945 512 5002 ctabo
541 4955 749 5003 nomen
775 4951 972 5012 tuum,
1003 4943 1281 5016 quoniam
1313 4943 1531 5000 bonum
1563 4945 1653 4998 est
1673 4947 1810 4998 ante
1826 4957 1988 4998 cons-

342 5039 576 5109 pectum
609 5041 946 5092 sancto‘rum
975 5039 1231 5090 tuorum.
1267 5033 1416 5087 ‘Psal.
1453 5030 1600 5098 Quid
1661 5030 1930 5103 gloriaris
1959 5032 1988 5087 ?

344 5125 550 5181 Oratio.
610 5123 871 5180 Concede
929 5125 1116 5188 nobis,
1179 5136 1540 5196 qumsumus,
1615 5120 1984 5193 omnipotens

342 5213 518 5280 Deus,
550 5218 854 5268 venturam
897 5213 1045 5266 beati
1105 5213 1171 5267 Ν.
1231 5209 1667 5267 solemnitatem
1729 5219 1984 5281 congruo

342 5302 657 5374 praevenire
737 5301 976 5366 honore,
1051 5301 1379 5357 venientem
1451 5299 1633 5371 digna
1689 5297 1984 5359 celebrare

339 5387 730 5445 veneratione.
756 5392 882 5446 Per.
907 5389 1096 5445 Lectio
1117 5388 1249 5445 libri
1282 5388 1606 5459 Sapientia.
1658 5385 1982 5443 Benedictio

341 5476 600 5544 Domini,
629 5481 763 5544 etc.,
795 5495 964 5550 usque
1019 5493 1232 5533 corona
1291 5475 1506 5550 gloriae.
1541 5475 1830 5532 Graduale.
1878 5471 1981 5532 Ju-

340 5570 470 5621 stus
501 5568 565 5618 ut
592 5564 784 5636 palma
814 5566 1044 5624 ﬂorebit
1100 5567 1254 5622 sicut
1283 5564 1492 5620 cedrus
1545 5563 1748 5620 Libani
1778 5563 1981 5620 multi-

340 5649 668 5734 plicabitur.
701 5658 782 5715 Ad
812 5654 1280 5714 annuutlandam
1311 5663 1485 5710 mane
1515 5653 1979 5714 misericordiam

2115 3338 2310 3412 gratiae
2342 3353 2791 3410 consequamur.
2845 3341 2971 3393 Per.
3019 3339 3209 3395 Lectio
3255 3338 3391 3396 libri
3436 3335 3777 3414 Sapientiae,

2115 3431 2328 3482 Beatus
2385 3427 2492 3494 vir,
2547 3432 2682 3494 etc.,
2733 3443 2902 3498 usque
2953 3425 3110 3483 Deus
3182 3433 3400 3484 noster.
3480 3427 3765 3498 Posuisti,

2113 3515 2376 3572 Domine.
2409 3515 2796 3572 Desiderinm.
2829 3516 3088 3572 Alleluia.
3123 3516 3397 3572 Posuisti.
3440 3517 3767 3590 Sequentia

2111 3604 2298 3660 sancti
2328 3603 2623 3676 Evangelii
2657 3603 2981 3660 secundum
3001 3605 3236 3662 Lucam.
3276 3604 3766 3682 lnillotempore:

2112 3693 2262 3749 Dixit
2290 3691 2573 3749 Dominus
2603 3693 2776 3748 Jesus
2807 3693 3113 3766 discipulis
3145 3694 3269 3750 suis
3291 3711 3305 3750 :
3327 3691 3390 3751 Si
3450 3695 3586 3769 quis
3619 3695 3763 3764 Vult,

2107 3799 2276 3854 usque
2331 3799 2577 3855 regnum
2637 3781 2760 3838 Dei.
2822 3781 3201 3854 Olfertorium.
3242 3785 3312 3839 lu
3371 3785 3584 3841 virtute
3639 3790 3764 3858 tea,

2109 3871 2374 3936 Domine,
2428 3871 2719 3926 laetabitur
2767 3872 2992 3942 justus,
3051 3875 3186 3940 etc.,
3262 3886 3434 3944 usque
3489 3872 3762 3942 Domine,

2107 3961 2334 4016 Secreta.
2371 3959 2636 4026 Munera,
2668 3959 2932 4026 Domine,
2985 3957 3181 4016 oblata
3213 3962 3534 4030 sanctiﬁca,
3579 3967 3646 4018 et
3676 3961 3766 4018 in-

2105 4049 2432 4104 tercedente
2485 4048 2654 4104 beato
2684 4047 2754 4102 N.
2816 4051 3068 4121 martyre
3123 4053 3248 4116 tuo,
3311 4065 3419 4106 nos
3450 4066 3552 4123 per
3578 4049 3702 4107 haec
3737 4069 3771 4108 ι

2103 4141 2472 4210 peccatorum
2507 4141 2838 4192 nostrorum
2871 4137 3117 4193 maculis
3141 4138 3418 4194 emenda.
3449 4143 3580 4194 Per.
3609 4139 3766 4196 Co’m-

2101 4228 2310 4282 munio.
2347 4225 2558 4298 Magna
2587 4230 2676 4282 est
2706 4225 2891 4298 gloria
2918 4226 3047 4297 ejus
3101 4225 3160 4282 in
3189 4225 3456 4282 salutari.
3507 4227 3590 4299 Ad
3617 4234 3764 4302 post-

2099 4317 2556 4372 communionem.
2587 4315 2983 4388 Sumpsimus,
3010 4313 3273 4384 Domine,
3303 4314 3362 4371 in
3395 4317 3586 4373 sancti
3611 4333 3766 4389 mar-

2099 4404 2246 4478 tyris
2275 4405 2362 4460 tui
2395 4403 2462 4459 Ν.
2497 4403 2866 4460 solemnitate
2896 4401 3153 4460 coelestia
3181 4407 3582 4474 sacramenta,
3606 4405 3760 4478 eius,

2101 4505 2444 4566 quaesumus
2473 4493 2890 4550 intercessione
2929 4491 3223 4565 largiaris,
3256 4497 3324 4550 ut
3351 4493 3514 4567 quod
3530 4497 3760 4569 tempo-

2022 4601 2070 4667 D
2099 4582 2300 4640 raliter
2327 4584 2610 4657 gerimus,
2643 4579 2874 4638 reternis
2895 4581 3128 4654 gaudiis
3143 4599 3601 4656 consequamur.
3631 4587 3763 4642 Per.

2271 4689 2444 4729 MISSA
2483 4690 2542 4729 IN
2580 4685 2780 4728 NA’I‘ALI
2820 4687 3208 4729 PLURIMORUM
3249 4683 3598 4730 MARTYRUM.

2171 4762 2533 4836 Sapientiam
2563 4765 2924 4828 sanctorum,
2957 4763 3068 4816 etc.
3096 4761 3246 4818 Psal.
3279 4759 3564 4832 Gaudete,
3583 4761 3762 4836 justi.

2099 4853 2310 4912 Oratio.
2340 4850 2648 4908 Bedtorum
2674 4852 3002 4924 martyrum
3026 4853 3264 4907 tuorum
3293 4851 3362 4906 N.
3397 4850 3468 4906 N.
3488 4851 3766 4909 natantia

2095 4941 2444 5005 veneranda,
2475 4955 2843 5014 quaesumus,
2872 4937 3528 5008 Domine,'Eccleslatua
3549 4939 3768 4998 devota

2096 5031 2398 5102 suscipiat.
2433 5035 2491 5085 et
2523 5029 2622 5084 ﬁat
2654 5045 2878 5102 magna
2901 5025 3344 5101 gloriﬁcationis
3375 5023 3580 5087 amere
3597 5031 3768 5088 devo-

2095 5121 2227 5176 tior.
2261 5125 2387 5175 Per.
2413 5119 2605 5175 Lectio
2621 5118 2754 5173 libri
2777 5117 3108 5190 Sapientiae.
3131 5117 3358 5191 Lingua
3373 5117 3763 5190 sapientium,

2093 5213 2226 5278 etc.,
2260 5224 2430 5280 usque
2459 5225 2492 5262 a
2523 5203 2788 5262 Domino.
2819 5204 3105 5262 Graduale.
3139 5203 3538 5264 Exsaltabunt
3567 5208 3758 5266 sancti

2092 5299 2152 5353 in
2181 5297 2388 5371 gloria,
2421 5295 2779 5352 laetabuntur
2807 5295 2866 5352 in
2899 5293 3353 5353 cubilibussui's.
3380 5291 3637 5354 Caritate
3653 5294 3764 5354 Do-

2091 5388 2252 5442 mino
2282 5385 2575 5442 canticum
2605 5399 2822 5441 novum
2862 5383 3130 5457 lausejus
3160 5385 3221 5440 in
3239 5379 3508 5442 Eucl'esia
3527 5387 3765 5444 saneto-

2092 5491 2242 5532 rum.
2276 5473 2536 5530 Alleluia.
2568 5474 2761 5530 Sancti
2811 5474 2919 5542 tui,
2965 5475 3230 5542 Domine,
3276 5471 3576 5532 ﬂorebunt
3605 5475 3763 5532 sicut

2089 5565 2304 5629 lilium,
2333 5567 2392 5619 et
2419 5561 2572 5619 sicut
2591 5563 2734 5618 odo’r
2760 5563 3008 5620 balsami
3027 5567 3202 5619 erunt
3231 5567 3365 5620 ante
3389 5565 3468 5620 te.
3491 5553 3764 5638 Sequeb-

2087 5654 2172 5715 tia
2199 5651 2388 5712 sancti
2437 5650 2732 5728 Evangelii
2761 5652 3090 5715 secundum
3141 5649 3510 5714 Matthwum'.
3555 5649 3759 5718 hinc
