3920 6208
140 308 259 387 Mil

918 301 1305 369 EXCERPT.
1352 302 1458 371 EX
1498 300 1727 387 GODB.
1772 302 2086 377 LITURG'.
2134 304 2733 381 PONTAVELLAN.

3417 304 3537 377 946

142 451 398 518 tempore
424 455 439 496 :
469 435 684 501 Viden:
711 435 905 507 Jesus,
937 442 1071 505 διο..
1102 455 1269 511 usque
1295 439 1352 499 in
1383 438 1566 499 caelis.
1600 437 1771 513 θίγεν·
1805 439 1861 508 Α
1890 443 1978 501 tes
2008 440 2236 499 meritis
2267 440 2453 514 ipsius
2484 448 2856 514 protegamur
2883 444 2939 507 et
2968 440 3534 517 precibus.Per.Epi-

386 525 670 593 Mirabilis
701 531 872 595 Deus,
922 532 1032 584 etc.
1083 528 1321 585 Secreta.
1355 530 1599 586 Munera
1645 528 1773 594 tibi,

141 620 393 686 Domine,
413 621 523 675 etc.
554 618 1009 681 Pastcammunio.
1046 617 1303 690 Protege,
1356 618 1619 687 Domine,
1654 617 1770 688 ple-

139 712 263 774 bem
291 712 473 777 tuam,
503 709 560 761 et
583 721 764 778 quam
796 706 855 761 in
888 710 1208 778 martyrum
1251 711 1488 761 tuorum
1537 707 1773 762 assidue

138 797 342 855 tribuis
386 793 694 861 festivitate
741 794 1032 861 devotam,
1077 794 1185 850 tibi
1237 811 1468 867 semper
1500 794 1771 867 placitam

139 886 253 959 ﬁeri
286 882 556 958 precibus
589 880 840 939 concede
861 884 1182 955 justorum.
1215 882 1342 939 Per.
1562 894 1567 899 '

280 989 439 1041 MISSA
477 989 601 1043 ALIA
641 987 702 1039 IN
740 990 934 1028 NATALI
975 989 1238 1039 PLURIUM
1279 990 1626 1029 MABTYRUM.

202 1064 397 1132 Intret,
428 1064 542 1125 etc.
586 1060 791 1117 Oratio.
839 1065 1014 1129 Deus,
1063 1061 1162 1134 qui
1214 1078 1341 1116 nos.
1400 1061 1590 1117 Lectio
1638 1061 1771 1117 libri

134 1149 450 1237 Sapientia.
484 1149 710 1217 Reddet
739 1149 893 1215 Deus
924 1149 1251 1206 mercedem
1279 1149 1569 1215 laborum,
1605 1168 1775 1222 usque

134 1240 365 1305 Domine
410 1240 566 1305 Deus
618 1242 837 1294 noster.
892 1240 1013 1303 Alia
1057 1237 1227 1294 lectio
1288 1237 1559 1311 Epistolas
1620 1239 1770 1295 beati

135 1327 285 1386 Pauli
307 1327 551 1401 apostoli
576 1327 648 1395 ad
670 1327 1215 1393 Hebraeosli‘ratres,
1245 1328 1426 1383 sancti
1451 1344 1551 1400 per
1572 1328 1771 1392 ﬁdem,

134 1433 291 1493 usque
319 1416 569 1473 Domino
605 1419 823 1483 nostro.
860 1415 1120 1483 Vindice,
1153 1416 1770 1488 Domine,sanguinem

133 1511 455 1563 sanctorum
483 1504 852 1577 tuorum,qui
882 1506 1105 1571 effusus
1135 1510 1241 1561 est.
1268 1505 1594 1561 Posuerunt
1624 1523 1773 1561 mor-

132 1581 261 1651 talia
287 1611 586 1651 servorum
619 1599 854 1650 tuorum
885 1611 1050 1650 escas
1078 1593 1432 1658 volatilibus,
1466 1594 1617 1660 coeli,
1651 1612 1772 1650 car-

133 1700 227 1740 nes
256 1687 590 1740 sanctorum
623 1686 857 1739 tuorum
889 1682 1092 1739 bestiis
1124 1688 1308 1739 terrae.
1342 1684 1600 1739 Alleluia.
1642 1683 1769 1739 Haec

131 1777 212 1843 est
256 1789 384 1843 vera
440 1772 797 1844 fraternitas,
847 1789 975 1844 quae
1019 1771 1201 1827 vincit
1247 1772 1451 1827 mundi
1502 1773 1767 1840 crimina,

133 1860 412 1917 Christum
444 1866 650 1917 secuta
679 1860 1019 1934 est,inclyta
1048 1864 1254 1916 tenens
1286 1878 1466 1933 regna
1496 1861 1767 1916 coelestia.

131 1947 434 2020 Sequentia
463 1950 653 2007 sancti
685 1949 980 2021 Evangelii
1012 1950 1336 2019 secundum
1372 1949 1610 2013 Lucam,
1633 1958 1691 2004 ut
1713 1952 1773 2005 in

129 2035 275 2093 editis
306 2039 365 2101 in
389 2040 580 2109 prima
607 2037 1178 2112 missa.0ﬂ'ertarium.
1196 2036 1763 2093 Laetamini.Sccreta.

131 2124 376 2187 Munera.
412 2127 755 2191 Communia.
787 2127 1094 2195 Justorum
1144 2125 1372 2183 animae.
1407 2128 1771 2183 Pastcammu-

130 2216 235 2270 nia.
268 2215 480 2285 Praesta
514 2214 704 2283 nobis,
737 2220 845 2271 etc.

472 2322 642 2368 MISSA
682 2323 741 2361 IN
784 2321 979 2375 Νᾼτᾼιι
1019 2322 1412 2361 CONFESSORIS.

193 2392 551 2463 Sacerdotes,
583 2398 693 2463 etc.
748 2395 953 2460 Oratio.
1007 2394 1109 2461 Da,
1164 2412 1524 2465 quaesumus.
1578 2394 1771 2450 Lectio

130 2480 378 2553 Epistolaa
407 2484 596 2541 eadem
624 2499 751 2555 quae
780 2485 839 2539 in
868 2486 1145 2540 communi
1173 2484 1465 2540 doctarum.
1483 2484 1769 2539 Graduale.

129 2568 263 2625 Ecce
294 2572 589 2628 sacerdos.
623 2573 881 2641 Alleluia,
917 2572 1136 2639 Inveni,
1173 2572 1370 2627 David.
1414 2574 1774 2644 Evangelium

127 2659 371 2718 secunda
395 2663 597 2718 misse.
634 2663 986 2733 Offertan'um
1010 2663 1213 2733 prima:
1241 2663 1429 2721 missa:
1476 2662 1768 2717 aditurum.

128 2743 351 2804 Secreta.
384 2749 578 2806 Sacris
629 2749 934 2818 altaribus,
985 2750 1248 2817 Domine,
1298 2751 1522 2809 hostias
1568 2768 1769 2823 super-

129 2835 357 2905 positas,
408 2854 771 2909 quesumus,
823 2844 890 2895 ut
947 2847 1189 2897 sanctus
1246 2846 1382 2899 tuus
1413 2840 1480 2895 N.
1515 2839 1773 2911 pontifex

126 2926 296 2994 atque
325 2927 625 2993 confessor
651 2926 716 2983 in
748 2927 999 2985 salutem
1032 2929 1199 2984 DOlJIS
1244 2928 1546 2999 provenire
1593 2929 1768 2999 depo-

124 3016 261 3067 scat.
334 3012 653 3077 Communia
717 3015 966 3072 secundae
1028 3017 1227 3075 missae.
1313 3018 1767 3073 Pastaammunia.

124 3097 277 3155 Beati
307 3102 661 3158 confessoris
691 3102 776 3159 tui
804 3103 1479 3175 N.,Domine,suil‘ragiis
1501 3109 1770 3161 exoratus

1881 530 2036 589 stola.
2091 531 2334 596 Fratres,
2388 530 2485 602 qui
2538 530 2842 603 gloriatur.
2900 530 3189 588 Graduale.
3251 532 3530 594 Dilexisti.

1882 619 2142 675 Alleluia.
2176 618 2413 675 Dill‘usa.
2464 620 2841 688 Evangelium.
2899 619 3120 685 Simile,
3165 620 3533 691 Offertorium.

1882 708 2209 764 Offerentur
2238 708 2768 781 regi.Sccrela.\-’ota
2798 707 3000 780 populi
3030 709 3135 776 tui,
3170 725 3531 780 quassamus,

1882 797 2145 863 Domine,
2175 798 2527 870 propitiatus
2558 797 2818 865 intende,
2849 802 2907 853 et
2956 798 3128 869 cujus
3170 814 3277 855 nos
3319 798 3532 855 tribuis

1882 884 2167 941 solemnia
2235 885 2546 952 celebrare,
2598 886 2684 941 fac
2731 886 2986 958 gaudere
3046 885 3362 958 sull‘ragiis.
3424 892 3535 943 Per

1883 974 2220 1030 Communia.
2257 974 2523 1046 Quinque
2556 974 3353 1047 prudentes.Poslcommunio.
3378 976 3532 1047 Sup-

1883 1059 2059 1134 plices
2088 1068 2143 1117 te
2174 1079 2471 1134 rogamus,
2532 1061 2901 1134 omnipotens
2952 1063 3127 1129 Deus,
3172 1068 3238 1119 ut
3276 1064 3525 1121 interve-

1882 1149 2076 1207 niente
2119 1151 2290 1221 beata
2316 1150 2382 1205 N.
2417 1156 2668 1224 martyre
2699 1156 2818 1219 tua,
2848 1156 2905 1207 et
2933 1156 3033 1209 tua
3064 1153 3122 1207 in
3156 1152 3322 1211 nobis
3367 1154 3521 1211 dona

1877 1236 2251 1310 multiplices,
2286 1243 2343 1293 et
2372 1241 2634 1311 tempora
2664 1243 2866 1296 nostra
2893 1240 3189 1313 disponas.
3226 1246 3351 1299 Per.

2286 1342 2409 1383 ΑΗΔ
2451 1345 2611 1384 MISSA
2652 1345 2722 1384 DE
2758 1346 3110 1385 VIRGINIBUS.

1951 1418 2229 1479 Introitus,
2258 1417 2503 1487 psalmus
2534 1421 2592 1471 et
2621 1419 2814 1487 oratio,
2848 1422 2908 1472 ut
2938 1420 2996 1472 in
3034 1418 3193 1474 editis
3240 1420 3301 1477 in
3346 1420 3534 1489 prima

1880 1507 2044 1561 unius
2075 1506 2323 1576 virginis.
2362 1506 2552 1561 Lectio
2580 1504 2713 1560 libri
2741 1506 3070 1577 Sapientiae.
3096 1506 3392 1578 Sapientia
3412 1508 3533 1567 viu-
3556 1564 3567 1577 κ

1880 1594 1959 1651 cit
1988 1593 2296 1661 malitiam,
2330 1611 2499 1667 usque
2530 1592 2842 1666 disciplina
2897 1595 3019 1650 Dei.
3072 1595 3359 1655 Gradmle.
3398 1596 3534 1666 Spe-

1880 1683 1966 1739 cie
1997 1688 2116 1738 tua.
2150 1683 2407 1739 Alleluia.
2437 1684 2480 1738 Ο
2512 1699 2689 1755 quam
2722 1682 2969 1754 pulchra
2989 1686 3077 1739 est
3109 1687 3270 1741 casta
3297 1700 3534 1756 genera-

1882 1772 1960 1831 tio
1991 1789 2125 1827 cum
2159 1772 2803 1842 claritate.Euangclium
2836 1776 2893 1826 ul
2926 1774 2983 1827 in
3012 1772 3172 1829 editis
3192 1775 3358 1827 unius
3383 1789 3530 1829 mar-

1884 1863 2021 1933 tyris
2051 1878 2157 1917 non
2189 1863 2447 1931 virginis.
2483 1862 2851 1933 Oﬂ'ertarium.
2886 1861 3039 1919 Filia:
3092 1877 3316 1933 regum.
3350 1862 3532 1921 Secre-

1882 1959 1958 2015 ta,
1980 1952 2288 2008 communio
2317 1959 2366 2005 cl
2382 1952 2832 2021 postcammunia,
2868 1954 2930 2005 ut
2962 1952 3021 2004 in
3052 1951 3216 2007 ccli/is
3251 1952 3311 2007 in
3339 1966 3529 2007 secun-

1881 2040 1948 2101 da
1985 2042 2151 2095 unius
2180 2041 2435 2109 virginis.

2288 2144 2457 2184 MISSA
2497 2144 2555 2184 IN
2596 2143 2691 2183 DIE
2730 2142 3138 2184 DEPOSITIONIS.

1955 2216 2251 2289 Rogamus
2277 2221 2354 2280 te,
2390 2216 2633 2272 Domine
2687 2217 2836 2273 Deus
2884 2220 3105 2285 noster,
3140 2219 3203 2271 ut
3243 2216 3531 2288 suscipias

1883 2305 2141 2361 animam
2174 2304 2353 2381 hujus
2383 2304 2662 2372 defuncti,
2698 2322 2800 2377 pro
2832 2322 2946 2377 quo
2976 2304 3324 2376 sanguinem
3363 2310 3530 2362 tuum

1883 2393 2106 2451 fudisti.
2143 2394 2485 2459 Recordare,
2518 2393 2782 2461 Domine,
2815 2394 2955 2465 quia
2982 2392 3174 2466 pulvis
3215 2409 3443 2459 sumus,
3475 2398 3533 2451 et

1882 2482 2058 2539 homo
2090 2482 2243 2538 sicut
2295 2484 2514 2549 fenum,
2549 2487 2607 2537 et
2655 2483 2764 2539 llos
2811 2483 2956 2555 agri.
2991 2484 3135 2545 Psal.
3171 2483 3242 2538 Et
3288 2482 3441 2539 sicut
3470 2482 3528 2539 in

1881 2573 2065 2628 Adam
2099 2589 2301 2627 omnes
2331 2572 2685 2642 moriuntur,
2738 2572 2817 2627 ita
2856 2576 2912 2627 et
2958 2570 3017 2627 in
3067 2570 3297 2629 Christo
3327 2588 3531 2627 omnes

1882 2660 2350 2718 vivificabuntur.
2386 2660 2872 2728 0rulio.Deus,cui
2905 2660 3206 2732 proprium
3239 2664 3327 2721 est
3356 2660 3530 2719 misc-

1884 2749 2018 2817 reri,
2052 2755 2159 2805 etc.
2196 2750 2385 2805 Lectio
2434 2750 2706 2822 Epistolis
2755 2750 2906 2807 beati
2958 2748 3123 2807 Pauli
3168 2747 3419 2820 apostoli
3458 2749 3531 2803 ad

1880 2838 2786 2903 Thessalonicenses.Fratres,de
2807 2838 3171 2911 temporibus
3193 2841 3249 2899 et
3269 2853 3532 2899 momen-

1882 2927 1979 2992 tis,
2013 2932 2123 2982 etc.
2158 2944 2325 2998 tisque
2355 2933 2624 3005 mortuus
2654 2931 2744 2983 cst
2771 2944 2876 2999 pro
2904 2926 3094 2993 nobis.
3130 2925 3531 2989 Graduale.Qui

1881 3018 2161 3072 Lazarum
2187 3016 2581 3071 rcssuscitasti
2618 3033 2650 3070 a
2680 3020 3063 3075 monumento
3094 3014 3429 3081 fetidum,tu
3455 3015 3529 3083 ei,

1883 3105 2143 3170 Domine,
2173 3105 2325 3163 dona
2354 3104 2613 3176 requiem
2663 3108 2719 3159 et
2739 3104 2930 3161 locum
2978 3102 3374 3176 indulgentias.
3422 3104 3529 3160 Re-

120 3193 393 3261 percepta
420 3191 770 3247 sacramenti
802 3190 886 3247 tui
919 3208 1024 3248 nos
1050 3190 1258 3248 virtute
1288 3192 1550 3249 delenda.
1585 3193 1709 3249 Per.
1797 3175 1839 3243 C
1880 3194 2078 3264 quiem
2109 3198 2383 3251 aeternam
2416 3175 2569 3249 dona
2599 3193 2672 3261 ei,
2706 3192 2973 3259 Domine,
3013 3196 3070 3248 et
3107 3175 3207 3247 lux
3254 3196 3534 3263 perpetua

126 3290 286 3333 ηειδελ
312 3294 429 3334 PRO
458 3296 804 3337 JUNIORIBUS
833 3296 1309 3347 CONFESSORlBUS,
1345 3296 1442 3343 QUI
1477 3297 1589 3337 NON
1630 3298 1777 3337 SUNT

778 3385 943 3425 PONTI
951 3384 1124 3427 ιρίοεδ.

195 3452 478 3523 Intraitus,
522 3463 574 3513 et
621 3460 796 3517 oratio
846 3457 913 3516 de
958 3459 1238 3515 communi
1266 3458 1548 3514 abbatum.
1586 3458 1776 3514 Lectio

131 3536 259 3596 libri
290 3542 618 3614 Sapientia.
653 3544 985 3602 Benedictio
1035 3545 1288 3615 Domini,
1338 3563 1509 3617 usque
1556 3546 1773 3617 gloriae.

132 3629 418 3688 Gmdualc.
470 3633 548 3689 Os
590 3634 760 3706 justi,
815 3651 979 3707 usque
1024 3651 1263 3707 gressus
1313 3637 1460 3706 ejus.
1519 3636 1774 3691 Alleluia.

132 3716 370 3777 Amavit.
402 3725 786 3793 Evangelium.
819 3723 1085 3795 Vigilate.
1121 3726 1491 3796 Offertorium.
1540 3726 1778 3781 Deside-

136 3805 302 3863 rium.
334 3810 564 3868 Secreta.
598 3812 833 3869 Hostias
863 3813 1262 3881 tibi,Domine,
1284 3830 1387 3886 pro
1419 3830 1777 3870 commemo-

134 3892 346 3953 ratione
375 3898 563 3959 sancti
587 3901 656 3956 N.
692 3900 1045 3958 confessoris
1074 3901 1160 3957 tui
1187 3901 1512 3967 otl‘erimus,
1538 3919 1710 3974 quem
1746 3920 1780 3956 a

128 3980 210 4037 tui
231 3986 490 4057 corporis
501 3988 725 4047 unitate
737 3988 901 4045 nulla
918 3990 1162 4046 tentatio
1183 4007 1244 4048 se
1248 3990 1782 4063 paravit.Per.Com-

132 4075 315 4129 munia
326 4078 769 4146 etpostcommun
778 4078 829 4134 ia
839 4093 909 4132 ex
917 4078 1025 4134 edit
1032 4080 1078 4133 is
1100 4082 1160 4133 in
1188 4081 1467 4141 communi
1476 4079 1777 4141 doctarum.

494 4181 656 4220 MISSA
697 4182 753 4221 IN
791 4181 988 4223 NATALI
1028 4182 1420 4225 CONFESSORIS.

201 4248 438 4315 Statuit.
472 4252 1057 4315 Psal.Misericordias
1085 4259 1217 4309 tuas
1246 4254 1307 4309 in
1336 4260 1645 4323 aeternum,
1670 4260 1779 4311 etc.

141 4334 341 4394 Oratio.
371 4338 609 4407 Adesto.
642 4341 880 4413 Epistula
912 4349 975 4397 ut
1004 4342 1063 4396 in
1092 4342 1251 4398 editis
1294 4344 1355 4397 in
1399 4344 1583 4414 prima
1612 4347 1783 4400 missa

140 4426 459 4495 confessoris
491 4430 789 4501 pontificis.
825 4428 1112 4486 Graduale.
1168 4430 1363 4489 Inveni
1410 4431 1613 4487 David.
1645 4434 1784 4489 Alle-

142 4512 549 4584 luia.Domine,
590 4517 855 4590 quinque
902 4517 1138 4587 talenta,
1188 4519 1568 4590 Evangelium.
1600 4520 1784 4577 Homo

144 4614 393 4675 peregre.
429 4606 798 4679 Oﬂertarium.
844 4606 1092 4662 Veritas.
1144 4607 1375 4671 Secreta.
1432 4607 1610 4663 Donis
1669 4626 1786 4664 cce-

142 4684 377 4749 lestibus
407 4694 505 4762 da,
528 4710 891 4766 quasumus,
925 4695 1190 4766 Domine,
1223 4695 1408 4753 libera
1438 4713 1544 4752 nos
1591 4703 1783 4753 mente

141 4772 431 4847 inservire,
463 4786 521 4840 et
549 4799 813 4848 munera,
846 4800 973 4855 quae
1004 4783 1344 4851 deferimus,
1365 4783 1784 4841 interveniente

141 4861 301 4932 beato
330 4869 397 4927 N.
429 4872 764 4933 eonfessore
795 4877 916 4939 tuo,
946 4872 1234 4938 medelam
1270 4873 1438 4931 nobis
1475 4879 1788 4946 operentur

143 4955 196 5007 ei
223 4953 485 5027 gloriam.
519 4960 641 5019 Per.
686 4963 1027 5020 Communia.
1074 4961 1340 5030 Domine,
1389 4961 1650 5035 quinque
1699 4968 1783 5019 ta-

147 5037 315 5099 lenta.
349 5049 1038 5121 Pastcommunioﬂepleti
1070 5049 1350 5106 alimonia
1381 5050 1785 5124 caelestique:-

149 5145 370 5203 sumus,
402 5137 665 5206 Domine,
700 5143 784 5205 ut,
818 5139 1206 5197 intercedente
1239 5140 1408 5195 beato
1455 5144 1522 5194 N.
1563 5142 1786 5197 confes-

136 5234 274 5279 λοι-ε
302 5227 421 5301 tuo,
450 5227 866 5295 misericordiae
916 5233 1028 5285 tuae
1076 5228 1330 5301 gratiam
1361 5230 1641 5302 consequi
1670 5248 1787 5287 me-

156 5322 398 5387 reamur.
433 5315 558 5381 Per.

196 5464 203 5465 ,
570 5422 729 5463 IISSA
768 5423 827 5463 IN
868 5422 1058 5465 NATALI
1097 5422 1368 5462 VIRGINlS.

220 5484 534 5562 Loquebar.
571 5494 1020 5562 0ratia.Prazsta,
1053 5496 1791 5569 quaesumus,omnipotens

155 5568 422 5649 Deum-ut
450 5582 628 5651 beatas
658 5581 1004 5655 N.mart'yris
1027 5585 1141 5639 tuae
1173 5582 1457 5651 solemnia
1488 5568 1790 5643 recensen-

1881 3282 2072 3343 luceat
2102 3282 2174 3337 ei.
2210 3284 2445 3338 Tractus.
2493 3281 2760 3348 Absolve,
2810 3280 3075 3346 Domine,
3120 3284 3227 3335 etc.
3271 3281 3529 3351 Sequen-

1884 3371 1964 3425 tia
1988 3369 2172 3426 sancti
2200 3369 2492 3441 Evangelii
2517 3370 2842 3424 secundum
2862 3369 3242 3433 Joannem.ln
3265 3366 3365 3427 illo
3387 3372 3531 3432 tem-

1885 3475 2023 3531 pore
2056 3476 2068 3513 :
2106 3458 2251 3512 Dixit
2285 3458 2457 3515 Jesus
2489 3457 2740 3529 dispulis
2794 3457 2939 3513 suis.
2982 3457 3162 3513 Nemo
3206 3461 3395 3529 potest
3442 3473 3535 3512 ve-

1885 3547 2033 3611 nire,
2065 3563 2233 3617 usque
2264 3563 2365 3617 pro
2394 3546 2598 3601 mundi
2637 3546 2755 3603 vita
2797 3546 3163 3618 Offertarium.
3196 3545 3532 3614 Subvenite,

1887 3636 2071 3690 sancti
2101 3634 2220 3690 Dei.
2256 3634 2490 3693 Secreta.
2539 3634 2878 3706 Propitiare,
2931 3632 3195 3699 Domine.
3247 3635 3534 3705 Prwfatia.

1885 3725 2115 3779 {Eterne
2145 3728 2313 3787 Deus,
2333 3724 2432 3795 qui
2467 3723 2823 3797 benignitate
2852 3722 3107 3795 gratuita
3137 3722 3540 3795 peccatoribus

1888 3811 2141 3884 largiens
2196 3811 2447 3880 veniam,
2510 3810 2848 3884 praeparasti
2902 3810 3152 3866 mortuis
3209 3810 3411 3876 vitam,
3474 3829 3547 3868 ne

1888 3901 2110 3957 diutius
2139 3900 2416 3956 severitas
2448 3906 2669 3957 teneret
2691 3902 2745 3955 in
2777 3916 3122 3973 pmna,quos
3145 3897 3546 3967 misericordia

1888 3990 2194 4046 liberasset
2215 4007 2283 4045 ex
2304 3988 2634 4063 culpa.Tibi
2657 4005 2793 4063 ergo
2825 3989 3121 4062 supplices
3146 4005 3347 4061 preces
3367 3988 3550 4044 ell‘un-

1890 4077 2435 4145 dimus,tibil'amuli
2466 4078 2547 4133 tui
2573 4095 2785 4150 corpus
2818 4082 2875 4134 et
2891 4077 3151 4135 animam
3174 4076 3546 4134 commenda-

1891 4186 2045 4236 mus,
2080 4173 2146 4223 ut
2184 4171 2452 4239 receptus
2484 4168 2635 4224 inter
2664 4167 2903 4240 agmina
2934 4167 3262 4231 beatorum,
3292 4164 3417 4225 loca
3451 4180 3546 4221 ne-

1891 4257 2040 4312 sciat
2069 4256 2617 4312 internorum.Nihil
2653 4256 2737 4310 illi
2758 4251 3540 4325 noceat,Domine,quidquid

1891 4345 2219 4401 attraliente
2278 4346 2471 4400 carnis
2521 4345 2836 4417 fragilitate
2882 4343 3198 4409 commisit,
3228 4345 3328 4398 aut
3385 4341 3541 4412 quod

1891 4434 2164 4490 humanae
2180 4433 2520 4505 cupiditatis
2539 4433 2965 4489 consuetudine
2981 4434 3374 4505 praegravatus
3388 4432 3541 4495 actu,

1821 4542 1864 4606 D
1895 4522 2070 4578 verbo
2101 4522 2185 4578 vel
2216 4522 2564 4595 cogitatione
2595 4523 2870 4593 peccavit,
2903 4522 3004 4593 sed
3035 4524 3272 4576 secutus
3304 4516 3547 4606 vestigia

1897 4610 2213 4666 Salvatoris
2246 4610 2503 4682 potiatur
2534 4609 2764 4666 infinita
2791 4609 3118 4674 dulcedine,
3151 4611 3208 4664 et
3239 4605 3548 4679 praesentia

1894 4699 2154 4775 veritatis
2174 4699 2633 4771 redemptionem
2654 4715 2890 4773 quoque
2906 4696 3164 4770 corporis
3186 4696 3277 4753 sui
3296 4711 3549 4751 commo-

1895 4786 2055 4842 nitus
2088 4787 2433 4843 tiducialiter
2465 4792 2816 4860 exspectare,
2849 4785 3135 4859 quidquid
3169 4782 3549 4856 habuitprius

1895 4876 1953 4930 in
1988 4877 2119 4942 tide,
2175 4880 2569 4948 consequatur
2616 4874 2674 4932 in
2708 4879 3085 4932 munerc.Per
3114 4873 3415 4931 Christum
3448 4877 3551 4929 Do-

1897 4964 2123 5019 minum
2158 4968 2448 5021 nostrum.
2485 4966 2823 5034 Communia,
2858 4970 2919 5020 ut
2952 4967 3013 5020 in
3063 4964 3242 5021 editis.
3275 4965 3549 5019 Pastcam-

1894 5056 2011 5120 nio,
2046 5057 2107 5107 ut
2139 5054 2195 5107 in
2227 5052 2316 5108 die
2344 5054 2540 5111 abitus.

2298 5158 2416 5198 ALIA
2459 5161 2628 5199 MISSA
2668 5160 2778 5200 PRO
2818 5159 3147 5201 DEFUNCTIS.

1970 5228 2400 5303 chuiem,etc.
2435 5231 3148 5299 0ralio.Adesto,Domine,
3181 5246 3548 5301 quaesumus,

1900 5318 2574 5376 animabusfamulorum
2590 5320 3060 5391 famularumque
3072 5316 3555 5385 tuarum,quibus

1902 5408 1959 5462 in
1993 5406 2382 5478 depositionis
2412 5426 2530 5463 suae
2560 5409 2653 5464 die
2684 5409 2941 5463 ofﬁcium
2982 5402 3555 5462 commemorationis

1901 5496 2397 5568 impendimus,ut
2428 5497 2476 5553 si
2499 5514 2614 5569 qua
2637 5496 2720 5551 eis
2738 5494 3033 5552 saecularis
3052 5492 3279 5549 macula
3300 5492 3555 5558 inhaesit,

1905 5582 2936 5651 autvitiummundialeinfecit,dono
2967 5586 3080 5638 tua:
3110 5581 3343 5654 pietatis
3366 5581 3557 5638 indul-
