3920 6208
174 384 179 389 ,
190 325 308 394 949

983 327 1367 392 EXCERPT.
1413 326 1517 390 EX
1558 327 1790 391 CODD.
1839 326 2151 392 LITURG.
2199 326 2802 394 FONTAVELLAN.

3460 318 3594 395 .950

189 460 536 530 tercedente,
570 457 629 516 in
660 463 938 534 perpetua
986 478 1121 518 cum
1152 459 1431 518 omnibus
1463 460 1681 517 sanctis
1708 458 1828 516 tuis
1856 460 1912 529 Α
1942 460 2346 518 remissionem
2376 465 2719 518 cunctorum
2751 462 2943 518 tribue
2974 466 3360 536 peccatorum.
3395 464 3518 523 Per.

190 550 316 608 luce
345 548 629 605 laetentur.
665 550 791 606 Per.

188 672 358 714 MISSA
396 672 506 712 PRO
543 673 614 711 EO
653 674 752 720 QUI
793 674 1138 713 PRJBVENTUS
1178 673 1371 712 MORTE
1422 674 1827 712 ΡΟΕΝῙΤΕΝΤΙΛΜ

476 744 747 784 ACCIPERE
783 745 1008 797 VOLUIT,
1050 746 1117 784 ET
1156 748 1269 784 NON
1312 745 1531 784 POTUI'I‘.

258 817 461 873 Oratio.
512 815 893 889 Omnipotens
941 818 1295 890 sempiterno
1348 822 1518 883 Deus,
1571 817 1629 871 in
1661 817 1830 887 cujus

186 905 446 962 humana
473 905 727 961 conditio
750 910 1034 978 potestate
1064 906 1351 970 consistit,
1386 906 1613 962 animas
1646 906 1831 960 famu-

186 994 373 1051 lorum
403 993 874 1067 famularumque
905 1001 1141 1051 tuarum
1173 997 1246 1051 ab
1275 995 1572 1063 omnibus,
1607 1011 1831 1066 quaesu-

186 1100 338 1150 mus,
396 1081 631 1139 absolve
688 1084 961 1155 peccatis,
1019 1087 1076 1139 et
1138 1084 1492 1155 poenitentiae
1554 1083 1829 1149 fructum,

185 1188 357 1245 quem
410 1170 683 1228 voluntas
713 1189 914 1228 eorum
963 1173 1200 1244 optavit,
1257 1173 1530 1244 przeventi
1567 1170 1832 1227 mortali-

182 1266 300 1317 tate
352 1277 470 1316 non
518 1261 783 1333 perdant.
836 1262 960 1317 Per.
1011 1264 1245 1319 Secreta.
1297 1261 1652 1317 Statisfaciat
1698 1260 1827 1327 tibi,

182 1349 445 1417 Domine,
480 1366 583 1422 pro
615 1351 929 1407 animabus
956 1350 1311 1406 famulorum
1359 1349 1831 1421 famularumque

180 1446 421 1495 tuarum
452 1439 719 1495 sacriﬁcii
750 1441 1052 1512 praesentis
1095 1439 1332 1507 oblatio,
1360 1443 1425 1493 ut
1462 1443 1830 1510 peccatorum

176 1526 435 1594 veniam,
495 1545 671 1600 quam
720 1529 1132 1600 quaesiverunt,
1184 1528 1501 1590 inveniant,
1561 1532 1617 1582 et
1675 1526 1829 1598 quod

182 1618 371 1675 ofﬁcio
404 1616 621 1690 linguae
673 1617 914 1689 implere
948 1634 1063 1673 non
1108 1621 1445 1690 potuerunt,
1494 1615 1830 1672 desideratas

183 1706 537 1781 poenitentia
557 1707 1037 1779 compensatione
1059 1705 1402 1779 percipiant.
1428 1706 1552 1761 Per.
1586 1704 1664 1759 Ad
1694 1720 1834 1759 com-

182 1798 518 1852 munionem.
555 1801 727 1863 Deus,
761 1812 795 1851 a
825 1812 942 1868 quo
974 1800 1244 1868 speratur
1263 1794 1506 1849 humani
1538 1793 1828 1849 commodi

184 1902 352 1941 omne
382 1886 543 1957 quod
571 1885 791 1940 bonum
822 1888 930 1950 est,
962 1884 1173 1951 tribue,
1204 1900 1306 1956 per
1334 1883 1455 1938 haec
1487 1885 1688 1937 sancta
1708 1898 1834 1953 quae

186 1975 575 2047 sumpsimus,
601 1978 683 2044 ut,
712 1974 864 2029 sicut
879 1973 1188 2029 animabus
1207 1971 1559 2028 famulorum
1592 1969 1836 2025 famula-

186 2080 433 2135 rumque
466 2067 703 2118 tuarum
736 2062 1088 2134 poenitentiae
1123 2064 1372 2117 fructum
1404 2059 1549 2116 velle
1580 2058 1835 2126 donasti,

187 2150 266 2208 sic
298 2150 732 2223 indulgentiam
764 2152 991 2207 tribuas
1021 2152 1334 2207 miseratus
1365 2153 1643 2222 optatam.
1676 2148 1801 2202 Per.

742 2256 914 2297 MISSA
954 2256 1283 2296 GENERALIS.

254 2331 462 2387 Oratio.
487 2330 835 2385 Sanctorum
855 2334 1091 2385 tuorum
1117 2327 1654 2393 intercessionibus,
1684 2343 1839 2399 quae-

193 2435 424 2481 sumus.
463 2416 729 2484 Domine,
761 2418 950 2491 gratia
969 2421 1071 2472 tua
1093 2433 1197 2473 nos
1228 2421 1485 2488 protegc,
1517 2421 1574 2471 et
1607 2414 1840 2471 famulis

190 2510 246 2562 et
275 2505 614 2563 famulabus
642 2507 782 2573 tuis,
815 2523 1065 2579 quorum
1087 2505 1700 2561 commemorationem
1725 2503 1840 2576 agi-

186 2600 415 2662 mus,et
439 2612 690 2668 quorum
720 2594 1122 2667 eleemosynas
1145 2594 1491 2666 recepimus,
1526 2610 1627 2649 seu
1661 2593 1837 2649 etiam

186 2682 256 2740 iis
276 2684 377 2755 qui
408 2683 584 2740 nobis
609 2682 1006 2740 familiaritate
1023 2682 1108 2740 vel
1129 2681 1839 2755 consanguinitatejuncti

188 2774 346 2836 sunt,
382 2768 848 2826 misericordiam
881 2775 1040 2826 tuam
1082 2771 1297 2842 ubique
1329 2770 1639 2842 praetende,
1674 2775 1739 2824 ut
1767 2770 1839 2825 ab

189 2857 737 2930 impugnationibus
760 2857 982 2914 defensi
1011 2859 1500 2931 tuaopitulatione
1521 2858 1838 2924 salventur,

189 2951 245 3002 et
277 2947 513 3003 animas
543 2947 898 3003 famulorum
929 2946 1400 3020 famularumque
1431 2953 1688 3015 tuarum,
1717 2964 1840 3002 om-

187 3035 356 3090 nium
371 3033 636 3096 videlicet
656 3035 915 3091 ﬁdelium
929 3035 1344 3092 catholicorum
1365 3036 1840 3102 orthodoxorum,

188 3139 446 3195 quorum
467 3124 1081 3179 commemorationem
1100 3124 1349 3196 agimus,
1370 3130 1426 3180 et
1447 3141 1693 3196 quorum
1716 3141 1840 3181 cor-

186 3228 332 3283 pora
362 3211 421 3267 in
452 3212 563 3268 hoc
592 3217 649 3268 et
678 3212 735 3267 in
787 3212 1014 3268 cunctis
1063 3213 1407 3268 coemeteriis
1456 3212 1717 3268 ﬁdelium
1750 3230 1836 3268 re-

183 3301 522 3372 quiescunt,
543 3306 601 3357 et
630 3318 881 3373 quorum
906 3301 1145 3356 nomina
1165 3318 1339 3373 super
1369 3306 1640 3357 sanctum
1659 3301 1839 3358 altare

182 3392 353 3445 tuum
385 3390 606 3463 scripta
652 3392 858 3446 adesse
897 3390 1189 3457 videntur,
1236 3390 1553 3447 electorum
1601 3396 1836 3446 tuorum

175 3477 428 3550 jungere
476 3478 738 3551 digneris
787 3480 1100 3535 consortio.
1154 3480 1279 3534 Per.
1338 3481 1578 3535 Secreta.
1636 3478 1835 3551 Pr0pi-

185 3567 348 3632 tiare,
407 3568 671 3633 Domine,
723 3567 1253 3641 supplicationibus
1320 3568 1559 3633 nostris,
1621 3572 1677 3623 et
1734 3567 1840 3623 has

188 3653 527 3723 oblationes,
547 3673 695 3729 quas
717 3673 820 3729 pro
841 3656 1245 3712 incolumitate
1270 3655 1625 3711 famulorum
1659 3658 1840 3711 famu-

186 3739 493 3816 larumque
519 3749 776 3811 tuarum,
820 3748 877 3801 et
917 3762 1020 3817 pro
1052 3744 1367 3801 animabus
1397 3745 1663 3799 omnium
1694 3744 1838 3798 ﬁde-

187 3828 331 3886 lium
346 3832 752 3888 defunctorum
772 3832 1575 3905 orthodoxorum,etquorum
1601 3832 1840 3889 nomina

186 3934 362 3992 super
391 3925 660 3978 sanctum
683 3921 865 3977 altare
887 3925 1055 3977 tuum
1080 3922 1299 3995 scripta
1324 3923 1526 3978 adesse
1547 3921 1836 3990 videntur,

187 4007 406 4063 nomini
440 4014 541 4065 tuo
564 4011 1015 4075 consecrandas,
1047 4011 1386 4077 deferimus,
1437 4010 1729 4082 benignus
1751 4027 1839 4065 as-

185 4109 373 4161 sume,
406 4101 474 4152 ut
498 4098 767 4157 sacriﬁcii
792 4099 1095 4169 praesentis
1119 4099 1336 4155 oblatio
1365 4099 1436 4154 ad
1472 4097 1837 4170 refrigerium

189 4182 525 4239 animarum
558 4200 760 4240 eorum
803 4190 860 4240 te
890 4186 1208 4242 miserante
1239 4187 1558 4260 proveniat.
1594 4187 1716 4243 Per.
1761 4187 1839 4243 Ad

183 4274 645 4328 communionem.
697 4271 969 4328 Puriﬁcst
1018 4291 1142 4340 nos,
1175 4293 1536 4346 quaesumus.
1569 4277 1835 4343 Domine,

178 4356 365 4415 divini
389 4361 744 4416 sacramenti
779 4361 1088 4433 perceptio.
1123 4368 1181 4416 et
1210 4362 1466 4434 gloriosa
1496 4370 1833 4421 sanctorum

187 4448 423 4502 tuorum
448 4448 654 4516 oratio,
679 4455 734 4505 et
754 4449 1066 4505 animabus
1086 4450 1440 4507 famulorum
1464 4453 1839 4508 famularum-

189 4548 301 4604 que
326 4539 587 4605 tuarum,
631 4555 882 4611 quorum
928 4540 1540 4595 commemorationem
1587 4542 1835 4612 agimus,

1660 4721 1790 4813 IN
1802 4642 2205 4812 CIPIT_

2096 567 2264 607 MISSA
2301 568 2603 607 COMMUNIS
2640 569 2899 608 VIVORUM
2938 570 3004 607 ET
3042 570 3425 611 MORTUORUM.

2012 639 2217 695 Oratio.
2233 640 2449 696 Pietate
2462 644 2950 711 tuaquaasumus,
2967 641 3228 707 Domine,
3244 648 3578 701 nostrorum

1939 727 2095 784 solve
2122 728 2356 784 vincula
2386 730 2651 784 omnium
2684 728 3054 799 delictorum,
3105 735 3162 785 et
3193 730 3583 800 intercedente

1938 816 2108 872 beata
2138 821 2193 871 et
2221 817 2476 890 gloriosa
2507 834 2738 890 semper
2758 818 2993 891 Virgine
3023 820 3123 874 Dei
3156 820 3436 892 genitrice
3464 822 3583 877 Ma-

1940 902 2045 967 ria,
2079 920 2214 958 cum
2246 904 2520 959 omnibus
2552 905 2773 961 sanctis
2822 907 2962 978 tuis,
2995 907 3277 962 domnum
3310 908 3582 980 apostoli-

1941 1008 2096 1058 cum,
2115 992 2436 1065 pontiﬁces,
2459 994 2679 1065 priores
2702 1000 2757 1049 et
2777 995 3016 1050 abbates
3036 1000 3286 1062 nostros,
3304 1001 3362 1052 et
3382 1013 3585 1053 omnes

1940 1082 2419 1154 congregationes
2452 1081 2568 1138 iliis
2599 1084 2967 1150 commissas,
3020 1090 3265 1157 reges‘et
3292 1086 3585 1159 principes

1940 1175 2193 1237 nostros,
2226 1175 2526 1227 etomnem
2557 1171 2839 1243 populum
2856 1172 3274 1240 Christianum,
3299 1178 3356 1230 et
3376 1192 3482 1231 nos
3502 1176 3584 1230 fa-

1942 1257 2134 1313 mulos
2163 1263 2297 1314 tuos
2349 1264 2525 1330 atque
2558 1260 2684 1316 loca
2715 1266 2912 1317 nostra
2960 1262 3017 1316 in
3066 1263 3225 1318 omni
3277 1264 3586 1320 sanctitate

1941 1348 2189 1413 custodi,
2226 1365 2543 1419 omnesque
2567 1351 3089 1421 consanguinitate,
3110 1352 3391 1408 afﬁnitate
3412 1358 3588 1425 atque

1941 1436 2335 1493 familiaritate
2360 1438 2527 1493 nobis
2545 1438 2888 1508 conjunctos
2909 1456 2942 1493 a
2962 1440 3118 1495 vitiis
3142 1458 3345 1514 purga,
3363 1442 3590 1496 virtuti-

1940 1526 2050 1580 bus
2084 1524 2336 1592 illustra,
2369 1542 2566 1597 pacem
2591 1530 2647 1581 et
2677 1526 2923 1582 salutem
2956 1528 3125 1583 nobis
3155 1530 3363 1593 tribue,
3389 1530 3589 1587 hostes

1940 1613 2200 1670 visibiles
2232 1618 2285 1669 et
2326 1614 2650 1670 invisibiles
2702 1632 2953 1683 remove,
3002 1617 3258 1672 carnalia
3297 1618 3592 1675 desideria

1941 1702 2173 1775 repelle,
2209 1721 2397 1759 aerem
2432 1703 2728 1761 salubrem
2760 1704 3022 1777 indulge,
3051 1722 3083 1760 a
3113 1706 3267 1760 mala
3295 1710 3351 1760 et
3379 1706 3593 1778 impro-

1942 1792 2065 1847 visa
2096 1796 2281 1847 morte
2315 1810 2420 1847 nos
2464 1793 2642 1865 eripe,
2686 1793 2943 1851 inimicis
2992 1794 3208 1850 nostris
3245 1794 3590 1851 cbaritatcm

1944 1879 2177 1953 largire,
2209 1886 2263 1936 et
2314 1882 2587 1937 omnibus
2636 1882 2907 1938 ﬁdelibus
2955 1882 3096 1938 vivis
3129 1886 3184 1939 et
3213 1884 3503 1942 defunctis
3534 1885 3593 1940 in

1944 1976 2100 2026 terra
2157 1970 2476 2026 viventium
2532 1971 2708 2026 vitam
2768 1974 3043 2027 aeternam
3125 1974 3395 2029 concede.
3464 1974 3591 2030 Per.

1946 2059 2179 2115 Secreta.
2215 2060 2386 2125 Deus,
2422 2060 2519 2131 qui
2565 2059 2882 2133 singularis
2909 2061 3166 2133 corporis
3195 2061 3386 2118 hostia
3418 2062 3596 2119 totius

1948 2148 2151 2203 mundi
2167 2147 2386 2203 solvisti
2409 2148 2638 2216 delicta,
2664 2149 2771 2204 hac
2798 2149 3087 2206 oblatione
3108 2150 3373 2222 placatus
3394 2169 3596 2208 macu-

1946 2236 2033 2291 las
2056 2236 2339 2292 scelerum
2371 2243 2705 2292 nostrorum
2736 2239 3024 2311 absterge,
3051 2243 3107 2293 et
3128 2239 3393 2295 omnium
3427 2240 3596 2295 Chri-

1947 2326 2272 2382 stianorum
2303 2325 2561 2380 ﬁdelium
2587 2326 2848 2381 vivorum
2885 2332 2940 2382 et
2964 2331 3327 2383 mortuorum
3359 2332 3598 2400 peccata

1949 2414 2197 2484 dimitte,
2228 2415 2429 2486 eisque
2479 2415 2719 2486 praemia
2767 2420 2983 2472 zeterna
3030 2417 3300 2482 concede,
3339 2416 3602 2473 Salvator

1949 2503 2173 2557 mundi.
2208 2503 2285 2558 Ad
2313 2505 2770 2559 communionem.
2803 2507 3071 2576 Sumpta,
3094 2521 3455 2575 quaesumus,
3485 2505 3596 2560 Do-

1950 2592 2126 2664 mine,
2159 2590 2415 2647 caelestia
2427 2596 2792 2648 sacramenta
2808 2593 3004 2648 omnia
3024 2593 3274 2653 crimina
3294 2596 3598 2653 nostrade—

1948 2686 2199 2754 tergunt,
2233 2697 2584 2753 omnemque
2604 2681 2942 2752 parvitatem
2965 2686 3022 2737 et
3052 2681 3473 2750 inﬁrmitatem,
3490 2699 3594 2738 seu

1948 2769 2124 2825 etiam
2157 2769 2441 2825 hosticam
2478 2770 2905 2841 rabiem,atque
2925 2770 3292 2826 subitaneam
3325 2774 3595 2837 mortem,

1952 2857 2177 2914 meritis
2209 2858 2386 2913 beata:
2419 2859 2607 2913 Marias
2653 2875 2886 2930 semper
2913 2859 3194 2931 Virginis,
3228 2864 3285 2914 et
3327 2859 3593 2915 omnium

1950 2952 2288 3003 sanctorum
2316 2953 2574 3012 tuorum,
2609 2966 2642 3003 a
2665 2948 2835 3003 nobis
2858 2947 3057 3019 procul
3084 2947 3387 3020 repellant,
3417 2953 3610 3004 etom-

1952 3038 2128 3092 nibus
2160 3035 2429 3092 ﬁdelibus
2454 3036 2597 3091 vivis
2618 3036 2979 3091 etdefunctis
3012 3037 3327 3108 prosintad
3349 3038 3603 3108 veniam,

1955 3143 2056 3198 pro
2088 3142 2361 3196 quorum,
2413 3142 2785 3197 quarumque
2834 3125 2938 3180 tibi
2980 3130 3119 3181 sunt
3162 3125 3357 3181 oblata
3387 3126 3597 3183 salute.

1868 3198 1910 3263 (ἶ
1950 3215 2074 3270 Per.

2342 3317 2505 3357 MISSA
2548 3320 2655 3357 PRO
2695 3317 3206 3357 BBNEFACTORIBUS.
3352 3374 3355 3379 ί
3436 3356 3440 3360 .

2023 3391 2229 3446 Ora/io.
2282 3395 2456 3453 Deus,
2507 3391 2603 3461 qui
2661 3390 2964 3446 charitatis
3009 3391 3163 3445 dona
3211 3407 3313 3461 per
3351 3391 3601 3463 gratiam

1951 3479 2137 3534 sancti
2167 3478 2420 3551 Spiritus
2441 3484 2677 3533 tuorum
2710 3478 2987 3534 cordibus
3018 3478 3278 3541 ﬁdelium
3310 3479 3598 3546 infudisti,

1952 3569 2025 3623 da
2046 3566 2282 3622 famulis
2300 3573 2353 3622 et
2382 3568 2714 3623 famulabus
2734 3568 2874 3637 tuis,
2896 3568 2968 3622 de
2981 3567 3198 3639 quibus
3221 3568 3604 3639 deprecamur

1949 3661 2111 3711 tuam
2144 3655 2539 3722 clementiam,
2563 3656 2811 3710 salutem
2836 3657 3049 3711 mentis
3070 3660 3128 3711 et
3157 3656 3438 3728 corporis,
3468 3660 3601 3711 ulte

1948 3750 2069 3800 tota
2096 3744 2306 3799 virtute
2346 3745 2611 3817 diligant,
2663 3749 2720 3800 et
2752 3762 2879 3816 quae
2914 3745 3191 3807 tibisunt
3214 3744 3447 3816 placita,
3481 3748 3604 3800 tota

1950 3833 2257 3889 dilectione
2287 3834 2610 3905 perﬁciant.
2646 3838 2772 3889 Per.
2795 3837 3032 3889 Secreta.
3058 3834 3352 3900 Miserere,
3377 3850 3603 3905 quassu-

1951 3940 2104 3987 mus,
2122 3922 2385 3990 Domine,
2408 3921 2646 3977 famulis
2664 3921 3070 3977 etfamulabus
3096 3921 3234 3988 tuis,
3264 3938 3366 3993 pro
3382 3921 3602 3994 quibus

1950 4010 2057 4065 huc
2090 4011 2442 4066 sacriﬁcium
2478 4008 2671 4064 laudis
2713 4015 2825 4064 tua;
2861 4009 3162 4065 offerimus
3188 4009 3505 4080 majestati,
3539 4013 3604 4064 ut

1950 4116 2053 4171 per
2106 4100 2225 4154 haec
2280 4104 2484 4155 sancta
2544 4115 2809 4171 supernae
2868 4099 3293 4166 benedictionis
3350 4099 3600 4172 gratiam

1948 4189 2272 4253 obtineant,
2287 4194 2345 4243 et
2365 4185 2609 4261 gloriam
2627 4192 2851 4242 aeternae
2870 4187 3256 4244 beatitudinis
3270 4189 3598 4259 acquirunt.

1954 4278 2073 4333 Per.
2123 4277 2200 4332 Avi
2247 4279 2703 4331 communionem.
2754 4276 2961 4331 Divina
3012 4276 3262 4331 libantes
3301 4276 3598 4348 mysteria,

1949 4383 2315 4436 quaesumus,
2366 4366 2630 4429 Domine,
2666 4370 2730 4419 ut
2776 4365 2899 4419 haec
2925 4364 3207 4420 salutaria
3236 4370 3604 4420 sacramenta

1950 4454 2070 4508 illis
2102 4454 2408 4525 proﬁciant
2430 4454 2496 4509 ad
2526 4454 2967 4526 prosperitatem
2999 4457 3055 4507 et
3077 4469 3296 4524 pacem,
3322 4468 3425 4524 pro
3457 4468 3600 4524 quo-

1952 4559 2081 4596 rum
2107 4541 2416 4597 dilectione
2447 4559 2513 4597 ea
2544 4547 2658 4596 tute
2689 4540 3011 4597 obtulimus
3038 4541 3349 4610 majestati.
3384 4540 3509 4595 Per.

2218 4642 2455 4649 -—___

193 4865 567 4933 OFFICIUM
596 4871 992 4931 BltEVlARll
1027 4870 1451 4933 SECUNDUM
1476 4871 1832 4933 ORDINEM
1865 4871 2108 4931 EREMI
2144 4873 2473 4933 SANC'NE
2504 4872 2785 4934 CRUCIS
2817 4871 3101 4932 FONTIS
3130 4872 3601 4935 AVELLANIE.

230 5034 233 5035 ν
260 5048 561 5112 Dominica
600 5055 793 5128 prima
837 5057 1156 5112 Adventus.
1208 5057 1286 5112 Ad
1319 5074 1570 5130 vesperas
1600 5058 1833 5115 Sabbato
1865 5061 1911 5125 D
1946 5057 2168 5113 Ditfusa
2197 5061 2286 5113 est
2316 5058 2553 5130 gratia..
2580 5058 2911 5129 Propterea.
2938 5058 3131 5113 Oratio
3153 5100 3165 5113 .
3212 5062 3368 5115 Deus
3403 5058 3507 5130 qui
3529 5060 3603 5115 de

197 5134 350 5194 lectio
372 5159 391 5196 :
422 5143 702 5200 Eecedies
723 5144 985 5213 veniunt,
1001 5150 1107 5200 etc.
1124 5191 1135 5209 ,
1151 5162 1319 5217 usque
1335 5146 1391 5201 in
1412 5152 1585 5202 terra.
1608 5149 1665 5215 ιῆ.
1693 5147 1834 5201 Mis-

197 5236 296 5279 sus
326 5234 415 5285 est
446 5232 694 5309 Gabriel.
721 5235 771 5293 ,t.
799 5233 964 5309 Dabit
992 5234 1061 5290 ei.
1090 5237 1353 5307 Hymnus,
1394 5241 1528 5302 etc.,
1561 5253 1733 5307 usque
1771 5236 1840 5291 ad

198 5312 364 5370 lotam
390 5306 712 5386 orationem,
743 5324 803 5375 ut
834 5306 1087 5376 in'editis.
1120 5306 1220 5377 Hic
1246 5322 1554 5378 dimittitur
1581 5306 1752 5394 usque
1770 5322 1839 5378 ad
1874 5342 1897 5365 ο

193 5401 433 5461 octavam
472 5411 804 5482 Epiphaniae
847 5411 1145 5481 antiphona
1192 5410 1258 5465 de
1304 5412 1493 5480 Cruce,
1546 5419 1597 5467 et
1632 5410 1841 5467 dicitur

196 5482 306 5543 haec
334 5499 637 5569 antiphona
667 5500 841 5555 beatae
870 5501 1103 5555 Maria:
1135 5498 1350 5555 Missus
1380 5505 1469 5557 est
1490 5501 1719 5556 Gabriel
1743 5518 1840 5556 an-

1949 5146 2148 5214 bcatze,
2184 5152 2291 5201 etc.
2344 5148 2745 5201 lnvitalorium.
2780 5147 2922 5201 Ecce
2951 5145 3140 5202 veniet
3175 5164 3296 5215 rex,
3331 5163 3599 5203 occurra-

1951 5251 2084 5290 mus
2114 5235 2346 5289 obviam
2379 5233 2659 5288 Salvatori
2691 5237 2911 5289 nostro.
2940 5234 3213 5289 Lectiones
3233 5249 3415 5290 omnes
3436 5233 3600 5298 huius

1949 5323 2211 5378 breviarii
2252 5324 2418 5379 mirae
2463 5332 2592 5377 sunt
2647 5323 2944 5377 brevitatis.
2993 5323 3237 5389 Quatuor
3282 5322 3457 5393 primi
3493 5337 3598 5375 no-

1945 5414 2131 5467 cturni
2185 5413 2347 5484 hujus
2396 5413 2698 5467 Dominicw
2745 5409 3210 5480 comprehendunt
3253 5410 3496 5480 primam
3550 5412 3600 5463 et

1945 5501 2236 5556 secundam
2265 5509 2481 5555 nostras
2525 5516 2696 5569 usque
2743 5498 2812 5552 ad
2860 5513 3200 5568 responsum.
3255 5494 3405 5564 Quod
3432 5512 3599 5564 argu-

190 5574 353 5643 gelus
386 5585 456 5640 ad
485 5588 727 5643 Mariam
759 5586 1044 5660 virginem
1076 5587 1496 5659 desponsatam
1528 5589 1768 5660 Joseph.
1802 5590 1836 5659 Ῡ
1944 5593 2126 5644 mento
2161 5593 2238 5644 est
2267 5589 2412 5643 hunc
2435 5587 2671 5643 codicem
2702 5588 2970 5656 scriptum
3011 5587 3249 5654 tempore
3276 5599 3380 5655 quo
3408 5598 3599 5637 mona-
