3920 6208
355 328 477 392 αἱ

361 463 500 520 stiva
526 461 827 535 disciplina
852 463 1138 520 exsulabat
1167 480 1203 519 a
1248 473 1428 521 nostro
1467 466 1792 521 monasterio
1829 479 2007 537 quon-
2035 463 2092 531 Α

361 550 492 610 dam
517 553 880 610 sanctissimo.

437 641 498 712 ἡ.
526 641 802 708 Primum,
848 642 1144 698 secundum
1188 647 1238 698 et
1287 645 1506 698 tertium
1548 644 1723 714 primi
1755 643 2012 697 nocturni

363 729 571 799 cadet»,
598 745 725 802 qua
767 731 830 786 in
875 731 1035 788 editis
1061 733 1281 787 nostris.
1328 734 1629 800 Quartum:
1661 731 1795 798 Ave,
1830 730 2012 786 Maria

365 819 557 892 gratia
584 817 777 892 plena,
808 835 977 892 usque
999 819 1146 876 dixit
1173 819 1245 875 ei.

437 910 499 979 ἢ.
530 909 788 964 Primum
828 909 1052 964 secundi
1095 911 1350 965 nocturni
1378 913 1451 964 est
1493 909 1790 965 secundum
1835 909 2011 965 edito-

353 1012 496 1052 rum
525 996 831 1054 Secundum
847 1013 972 1054 vero
992 1015 1011 1052 :
1040 998 1250 1052 Audite
1268 999 1512 1055 verbum
1535 999 1786 1068 Domini,
1805 1015 2010 1055 omnes

365 1089 590 1160 gentes,
619 1091 751 1156 etc.,
799 1103 968 1158 usque
1014 1085 1280 1142 clamate.
1332 1089 1584 1144 Tertium.
1617 1088 1762 1144 Ecce
1808 1087 2008 1160 Virgo,

363 1179 498 1241 etc.,
521 1191 691 1247 usque
718 1175 778 1230 in
809 1178 1108 1231 aaternum.
1144 1176 1448 1244 Quartum:
1475 1175 1661 1232 Alieni
1682 1193 1798 1232 non
1818 1180 2009 1232 trans-

359 1261 552 1332 ibunt,
584 1279 752 1338 usque
770 1267 828 1320 et
856 1263 1170 1320 condenso.
1363 1261 1374 1269 ’

430 1352 660 1425 Ησιήῃια
698 1355 1046 1424 responsoria
1073 1354 1188 1409 alia
1216 1355 1382 1410 etiam
1411 1361 1541 1409 sunt
1568 1371 1602 1409 a
1630 1356 1852 1422 nostris,
1888 1369 2010 1424 quae

357 1456 468 1498 non
497 1443 836 1514 referuntur,
867 1458 936 1498 ne
960 1444 1130 1498 nimis
1149 1445 1448 1498 concrescat
1476 1445 1748 1498 volumen.
1768 1445 1893 1499 Post
1915 1459 2012 1498 an-

359 1530 646 1602 tiphonam
671 1531 742 1587 ad
769 1531 1117 1587 Benedictus
1139 1531 1390 1598 habetur,
1421 1533 1720 1604 antiphona
1748 1533 2006 1601 Virginis.

361 1619 502 1688 Ave,
533 1619 736 1688 Maria,
750 1619 939 1693 gratia
955 1619 1446 1692 plena,Dominus
1463 1625 1677 1688 tecum,
1707 1620 2010 1677 benedicta

359 1711 428 1764 tu
455 1706 517 1764 in
546 1707 914 1776 mulieribus,
939 1707 1194 1764 alleluia.
1226 1711 1278 1778 ir.
1316 1709 1553 1766 Diﬁ‘usa.
1591 1710 1799 1777 Oratio,
1833 1714 2006 1778 Deus,

363 1796 465 1870 qui
486 1797 558 1853 de
587 1797 771 1854 beata
798 1797 1012 1853 Mariae.

435 1885 516 1941 Ad
541 1887 804 1958 primam,
835 1886 1159 1958 antiphona.
1186 1885 1452 1942 Alleluia.
1485 1889 1594 1944 Ista
1627 1889 1780 1944 lectio
1808 1888 2014 1944 dicitur

363 1973 616 2031 omnibus
643 1973 832 2031 diebus
884 1975 1180 2030 Dominicis
1225 1978 1278 2030 et
1303 1977 1516 2046 festiuis
1562 1993 1730 2048 usque
1751 1976 1822 2032 ad
1860 1979 2014 2034 Nati-

361 2062 607 2132 m'tatem,
631 2068 687 2120 et
704 2065 1162 2136 aSeptuagesima
1193 2079 1363 2135 usque
1387 2065 1455 2120 ad
1484 2066 1712 2122 Pascha.
1743 2066 2008 2136 Domine,

363 2152 642 2210 miserere
669 2153 874 2220 nostri,
907 2161 1018 2208 etc.

429 2241 526 2297 Ad
551 2248 800 2298 sextam:
833 2239 1228 2298 Conscientiae
1257 2245 1511 2313 nostras,
1544 2248 1652 2300 etc.
1678 2245 1756 2300 Ad
1787 2261 2009 2312 nonam,

360 2331 560 2388 oratio.
595 2330 887 2403 Propitius
916 2335 1061 2400 esto,
1094 2331 1358 2399 Domine,
1391 2333 1666 2389 omnibus
1705 2339 2011 2407 expectan-

363 2419 526 2478 tibus
555 2421 614 2476 te
643 2419 704 2476 in
720 2418 978 2488 veritate,
1025 2424 1090 2476 ut
1118 2419 1178 2475 in
1209 2420 1456 2476 adventu
1499 2419 1626 2476 Filii
1665 2421 1750 2477 tui
1785 2421 2012 2478 Domini

366 2508 556 2566 nostri
587 2507 822 2582 placitis
851 2508 959 2564 tibi
991 2507 1220 2565 actibus
1269 2514 1707 2582 praesentemur.
1742 2511 1864 2567 Per.
1897 2512 2013 2570 Cae-

369 2605 489 2655 tera
515 2599 672 2670 intra
717 2597 1110 2654 hebdomadam
1134 2607 1266 2654 sunt
1308 2599 1450 2654 ritus
1479 2617 1514 2655 τι
1569 2608 1751 2655 nostro
1791 2599 2013 2669 diversi,

369 2700 497 2759 quae
525 2687 749 2757 longum
776 2689 909 2742 esset
936 2687 1259 2744 exscribere.

444 2773 1388 2832 Dominicasecundainvitatorium.
1412 2775 1664 2849 Surgite,
1687 2777 2018 2851 vigilemus,

376 2862 590 2932 venite,
639 2863 973 2930 adoremus,
1005 2863 1146 2936 quia
1191 2864 1487 2921 nescimus
1526 2864 1751 2934 horam,
1785 2867 2019 2940 quando

371 2951 564 3009 veniet
593 2951 900 3010 Dominus.

439 3041 823 3099 Invitatorium
841 3043 1022 3100 tertiae
1047 3044 1368 3098 Dominicze.
1385 3044 1526 3100 Ecce
1541 3045 1734 3100 veniet
1747 3045 1888 3115 Rex,
1905 3049 2015 3102 etc.

439 3125 662 3200 Quartae
687 3135 873 3188 autem
917 3133 1320 3188 invitatoriam.
1372 3133 1517 3188 Ecce
1560 3133 1794 3190 advenit
1824 3133 2010 3206 pleni-

1547 328 1735 394 SJEC.
1779 330 1862 395 XI
1904 326 2218 394 MONUM.
2263 328 2580 394 LITURG.

2295 460 2518 518 Alacris
2545 463 2612 517 ut
2642 464 2839 518 currat
2865 459 3043 518 viam.

2369 552 2654 624 Egressus
2686 552 2814 622 ejus
2847 567 2883 607 a
2913 552 3100 619 Patre,

2299 641 2620 714 Regressus
2651 641 2779 712 ejus
2809 641 2878 696 ad
2913 645 3166 709 Patrem,

2300 729 2590 786 Excursus
2619 745 2808 801 usque
2837 729 2908 784 ad
2941 729 3194 798 inferos,

2299 819 2591 874 Recursus
2622 818 2694 873 ad
2725 818 2924 874 sedem
2955 818 3078 875 Dei.

2365 905 2628 979 Equalis
2657 909 2870 964 aeterno
2901 906 3056 964 Patri

2295 995 2498 1052 Carnis
2527 999 2742 1068 tropaeo
2771 995 3076 1069 attingere,

2299 1083 2536 1140 inﬁrma
2564 1084 2746 1141 nostri
2773 1083 3034 1157 corporis

2297 1171 2521 1228 Virtute
2551 1173 2795 1230 ﬁrmans
2824 1174 3067 1246 perpeti.

2367 1262 2624 1334 Praesepe
2645 1263 2773 1335 jam
2803 1260 2988 1336 fulget
3013 1266 3182 1319 tuum

2299 1351 2640 1424 Lumenque
2668 1369 2776 1409 nos
2804 1353 2990 1424 spirat
3017 1369 3254 1420 novum,

2297 1439 2456 1504 Quod
2491 1439 2655 1496 nulla
2679 1457 2786 1498 nos
2815 1441 3141 1514 interpolet,

2297 1527 2549 1602 Fideque
2571 1530 2702 1604 jugi
2731 1529 2942 1587 luceat.

2369 1619 2522 1674 Laus
2552 1619 2758 1688 honor,
2787 1625 2895 1676 etc.

2190 1707 2242 1775 in
2260 1705 2476 1762 Tecum
2489 1707 2844 1780 principium
2859 1708 2918 1764 in
2935 1708 3028 1765 die
3043 1709 3280 1767 virtutis
3299 1713 3430 1767 tuae.
3453 1713 3770 1786 Antiphone

2119 1795 2190 1850 ad
2218 1793 2554 1868 Magniﬁcat
2567 1801 2620 1852 et
2647 1798 2824 1852 oratio
2853 1801 2911 1852 ut
2939 1799 2998 1854 in
3029 1797 3209 1854 editis.
3236 1799 3317 1854 Ad
3347 1801 3605 1858 honorem
3632 1805 3779 1858 san;

2119 1887 2223 1940 σεῖε
2251 1883 2438 1939 Mariae
2463 1885 2782 1958 antiphona.
2807 1887 2949 1942 Ecce
2981 1887 3167 1944 Maria
3185 1889 3414 1960 Genuit,
3436 1894 3575 1957 etc.,
3591 1897 3774 1964 usque

2121 1972 2349 2039 mundi,
2380 1989 2506 2028 cum
2536 1972 2790 2030 alleluia.
2822 1976 2951 2030 Post
2975 1975 3163 2046 ﬁnitas
3203 1975 3390 2032 laudes
3416 1991 3648 2050 sequens
3673 1991 3768 2036 ru-

2123 2061 2272 2116 brica
2287 2079 2307 2116 :
2359 2063 2478 2116 "ac
2507 2063 2808 2134 antiphona
2837 2063 3049 2120 dicatur
3077 2064 3148 2120 ad
3177 2065 3364 2122 laudes
3391 2065 3488 2128 ad,
3509 2066 3768 2124 honorem

2120 2157 2326 2208 sanctae
2352 2151 2545 2208 Mariae
2589 2168 2758 2223 usque
2803 2152 2874 2208 ad
2920 2162 3166 2210 octavam
3211 2155 3560 2226 Epiphaniae.
3612 2155 3768 2214 Anti-

2117 2239 2321 2309 phone.
2379 2239 2555 2312 Virgo
2612 2241 2786 2297 verbo
2851 2243 3136 2314 concepit,
3201 2243 3364 2316 virgo
3421 2247 3767 2319 permansit,

2123 2327 2298 2400 Virgo
2325 2329 2546 2401 peperit
2575 2329 2791 2403 Regem
2821 2331 3084 2386 omnium
3116 2347 3342 2404 regum.
3369 2335 3495 2390 Post
3522 2349 3768 2408 vespera;

2120 2417 2233 2473 diei
2261 2418 2574 2474 Nativitatis
2593 2420 2814 2475 Domini
2851 2421 2963 2476 hac
2990 2419 3282 2476 habentur.
3311 2423 3438 2480 Haec
3461 2423 3772 2496 antiphana

2123 2505 2325 2562 dicitur
2351 2524 2522 2578 usque
2550 2509 2620 2563 ad
2648 2516 2890 2564 octavam
2919 2510 3261 2581 Epiphania.
3287 2510 3564 2568 Nesciens
3597 2513 3780 2570 Mater

2123 2595 2299 2668 Virgo
2319 2597 2510 2652 virum
2541 2598 2764 2670 peperit
2793 2597 2918 2654 sine
2947 2597 3166 2654 dolore.
3200 2598 3560 2657 Salvatorem
3594 2617 3776 2658 sacu-

2124 2682 2316 2739 lorum
2347 2684 2544 2756 ipsum
2576 2701 2773 2758 regem
2805 2685 3146 2759 angelorum
3179 2686 3305 2744 sola
3331 2687 3495 2761 virgo
3523 2687 3780 2747 iactabat

2128 2773 2305 2828 ubere
2331 2771 2402 2829 de
2431 2772 2574 2830 cmlo
2603 2773 2794 2846 pleno.

2611 2880 2670 2918 ΙΝ
2707 2877 2920 2919 νιαιιιΑ
2957 2879 3296 2923 ΕΡῙΡΗΑΝΙΕ.

2198 2954 2346 3008 Inter
2368 2953 2652 3023 praecipua
2678 2966 2805 3024 qua
2838 2960 3118 3024 ponuntur
3146 2955 3207 3009 in
3235 2955 3416 3026 o/ﬂeio
3447 2954 3616 3028 hujus
3651 2957 3776 3012 die:

2127 3041 2240 3096 hac
2281 3043 2426 3096 sunt.
2463 3040 2540 3095 Ad
2571 3039 2906 3113 Magniﬁcat
2941 3041 3265 3113 antiphona.
3325 3042 3556 3100 Christo
3601 3044 3777 3102 datus

2127 3133 2217 3186 est
2255 3127 2620 3202 principatus
2667 3132 2724 3183 et
2769 3127 2958 3185 honor
3004 3131 3201 3203 regni;
3253 3129 3446 3188 omnis
3493 3132 3774 3206 populus,

365 3199 506 3276 tudo
527 3219 805 3293 temporis
820 3219 879 3276 in
897 3237 1013 3293 quo
1035 3220 1196 3276 misit
1211 3225 1362 3277 Deus
1375 3220 1584 3277 Filium
1607 3239 1781 3278 suum
1806 3199 2008 3280 natum
2041 3199 2084 3267 (αἶ
2122 3199 2312 3274 tribus
2342 3222 2399 3273 et
2428 3199 2640 3290 lingua;
2671 3217 2926 3274 servient
2953 3217 3005 3274 ei
3055 3199 3116 3274 in
3147 3223 3452 3276 aeternum.
3493 3199 3771 3280 illeluia.

365 3309 438 3366 de
465 3307 724 3384 Virgine,
758 3309 976 3366 factum
1007 3310 1118 3366 sub
1151 3309 1295 3383 lege.

711 3415 769 3455 IN
803 3413 1015 3456 VlGlLlA
1053 3415 1398 3456 NATIVITATIS
1436 3417 1661 3456 DOMINI.

435 3487 783 3562 Antiphome,
829 3496 890 3544 ut
929 3491 992 3544 in
1019 3488 1230 3551 editis;
1276 3489 1485 3561 psalmi
1528 3505 1698 3557 vero;
1731 3491 2008 3559 Laudate,

363 3575 550 3650 pueri.
601 3577 712 3645 Qui
753 3577 1078 3634 conﬁdunt.
1125 3579 1188 3632 In
1237 3579 1644 3634 convertendo.
1697 3579 2006 3636 Memento.

363 3665 560 3724 Lectio.
628 3667 871 3740 Propter
915 3663 1026 3721 hoc
1083 3665 1229 3721 sciet
1273 3665 1528 3739 populus
1577 3683 1744 3723 meus
1799 3685 2008 3730 nomen

363 3755 644 3812 incumin
671 3755 764 3811 die
783 3753 905 3822 illa,
939 3754 1076 3826 quia
1105 3771 1240 3828 ergo
1261 3754 1409 3828 ipse,
1432 3755 1531 3827 qui
1562 3755 1860 3828 loquebar,
1878 3774 2010 3814 ecce

362 3844 596 3900 adsum.
627 3845 690 3913 ἢ.
719 3841 977 3897 Verbum
1008 3858 1142 3898 caro
1171 3843 1390 3899 factum
1420 3849 1528 3912 est,
1560 3847 1618 3900 et
1646 3843 2006 3902 habitavitin

361 3931 553 3988 nobis.
584 3931 656 3986 Et
682 3929 938 3987 vidimus
961 3929 1206 4004 gloriam
1232 3933 1380 4004 ejus,
1411 3931 1658 4005 gloriam
1679 3934 1846 4005 quasi
1869 3934 2005 3990 Uni-

357 4017 538 4092 geniti
569 4019 820 4088 aPatre,
868 4019 1108 4093 plenum
1159 4020 1357 4094 gratiae
1397 4024 1454 4077 et
1506 4021 1788 4078 veritatis.
1843 4025 1894 4092 ᾖ.
1942 4023 2003 4078 In

356 4107 799 4181 principio'erat
817 4107 1094 4175 Verbum,
1120 4113 1178 4166 et
1197 4109 1452 4166 Verbum
1479 4113 1603 4165 erat
1618 4111 1772 4182 apud
1797 4115 1999 4168 Deum.

357 4195 426 4255 Et
451 4197 607 4256 Deus
630 4201 756 4255 erat
781 4197 1058 4254 Verbum.
1095 4202 1162 4254 Et
1187 4197 1466 4254 vidimus.
1500 4198 1714 4255 Gloria.

1044 4279 1310 4350 Hymnus.

600 4373 752 4425 Deus
779 4368 1112 4440 redemptor
1139 4367 1426 4440 gentium,

527 4457 779 4516 Ostende
807 4460 1045 4530 partum
1076 4454 1334 4528 Virginis

525 4545 771 4604 Miretur
797 4561 969 4602 omne
995 4543 1298 4611 saeculum,

523 4635 685 4692 Talis
712 4635 880 4692 decet
907 4638 1110 4706 partus
1141 4633 1452 4690 Dominum

594 4724 722 4781 Non
751 4740 820 4780 ex
849 4721 1001 4779 virili
1027 4722 1251 4778 semine

522 4813 635 4871 Sed
666 4811 910 4886 mystico
939 4811 1280 4886 spiramine.

420 4929 426 4934 η
520 4902 778 4960 Verbum
810 4901 1161 4958 Dei‘factum
1192 4917 1325 4957 caro

521 4991 886 5064 Fractusque
916 4991 1134 5046 ventris
1164 4989 1380 5046 ﬂoruit.

589 5077 766 5136 Alvus
796 5079 1073 5136 tumescit
1100 5077 1381 5151 Virginis,

514 5167 847 5225 Claustrnm
877 5169 1118 5240 pudoris
1147 5170 1473 5240 permanet,

513 5253 740 5312 Vexilla
761 5256 1044 5312 virtutum
1075 5255 1316 5312 micant.

510 5345 792 5400 Versatur
818 5344 878 5400 in
906 5345 1124 5418 templo
1155 5344 1330 5400 Deus.

583 5431 900 5489 Procedens
930 5433 1001 5489 de
1028 5431 1288 5488 thalamo
1318 5447 1448 5498 suo,

512 5517 756 5576 Pudoris
785 5521 920 5578 aula
947 5521 1126 5594 regia,

514 5606 766 5666 Gemina:
796 5611 962 5684 gigas
993 5606 1334 5666 substantiae
1347 5645 1360 5661 .

2192 3308 2396 3363 Oratio.
2430 3305 2618 3362 Corda
2663 3309 2882 3373 nostra,
2925 3323 3286 3380 quaesumus,
3331 3309 3602 3378 Domine,
3632 3327 3772 3368 ven--

2118 3401 2261 3452 tura:
2280 3395 2606 3452 festivitatis
2623 3393 2898 3468 splendor
2917 3394 3352 3468 illuminet,quo
3369 3399 3576 3455 mundi
3589 3398 3773 3471 hujus

2117 3485 2376 3542 tenebris
2405 3499 2602 3542 carere
2629 3483 2949 3552 valeamus,
2989 3488 3048 3540 et
3075 3486 3372 3558 pervenire
3411 3489 3484 3544 ad
3519 3489 3772 3562 patriam

2118 3573 2397 3631 claritatis
2427 3577 2672 3629 aeternae.
2705 3573 2810 3628 Per
2829 3574 3124 3630 eumdem.

2187 3666 2250 3719 In
2297 3664 2386 3719 die
2431 3664 2548 3735 ipso
2608 3661 2940 3734 Epiphaniae
2991 3663 3062 3718 ad
3109 3668 3325 3720 sextam
3368 3669 3602 3738 ponitur
3655 3666 3770 3724 haec

2117 3754 2311 3808 oratio.
3731 3787 3740 3791 -

2186 3842 2339 3898 Deus
2351 3840 2716 3896 illuminator
2733 3839 2996 3896 omnium
3010 3842 3296 3914 gentium,
3309 3843 3385 3898 da
3396 3839 3633 3916 populis
3649 3845 3769 3902 tuis

2115 3933 2396 4003 perpetua
2424 3945 2564 4002 pace
2593 3929 2872 4002 gaudere,
2904 3933 2962 3984 et
2989 3929 3348 3987 illudlumen
3383 3929 3766 4004 splendidum

2113 4018 2356 4074 infunde
2367 4016 2644 4073 cordibus
2663 4016 3064 4090 nostris,quod
3079 4018 3258 4074 trium
3280 4033 3587 4092 magorum
3605 4028 3765 4078 men-

2111 4108 2271 4163 tibus
2301 4105 2596 4178 aspirasti.
2631 4103 2738 4160 Per
2765 4105 3081 4162 Dominum
3115 4112 3404 4164 nostrum.

2182 4197 2260 4252 Ad
2287 4211 2490 4253 nonam
2513 4197 2712 4251 oratio.
2746 4194 2920 4263 Deus,
2955 4195 3054 4267 qui
3087 4196 3244 4252 hunc
3272 4197 3428 4254 diem
3457 4197 3760 4256 electionis

2109 4285 2371 4358 gentium
2405 4283 2680 4356 primitus
2726 4281 3098 4351 consecrasti,
3139 4290 3194 4340 et
3243 4301 3348 4356 per
3393 4285 3644 4343 luminis
3675 4289 3758 4344 tui

2107 4373 2337 4431 stellam
2355 4372 2734 4429 manifestum
2762 4375 2820 4428 te
2837 4372 3004 4428 nobis
3026 4373 3356 4440 ostendisti,
3373 4375 3591 4444 tribue,
3607 4393 3762 4448 que-

2105 4479 2334 4531 sumus,
2355 4464 2422 4517 ut
2441 4453 2590 4518 nova
2600 4459 2877 4518 oculorum
2895 4459 3180 4518 mirabilis
3199 4461 3436 4520 claritas
3453 4463 3515 4518 in
3535 4467 3759 4522 nostris

2029 4565 2076 4630 D
2109 4568 2340 4625 semper
2369 4549 2608 4606 oriatur.

2175 4642 2281 4696 Pro
2327 4641 2572 4695 oratione
2613 4638 2840 4695 secundi
2881 4641 3140 4695 nocturni
3185 4641 3340 4712 infra
3365 4643 3754 4700 octavatn‘ha-

2104 4729 2258 4786 betur
2285 4744 2511 4800 sequens
2541 4729 2738 4784 oratio.

2173 4817 2777 4889 Praesta,quaesumus,
2791 4815 3162 4889 omnipotens
3179 4821 3424 4886 Deus,ut
3436 4818 3759 4878 Salvatoris

2101 4905 2306 4962 mundi
2339 4905 2510 4962 stella
2537 4905 2685 4962 duce
2715 4903 3092 4962 manifestata
3139 4906 3417 4964 nativita's
3449 4909 3758 4968 mentibus

2099 4995 2315 5051 nostris
2346 4993 2634 5050 reveletur
2661 5009 2894 5066 semper
2921 4999 2979 5050 et
3006 4999 3244 5052 crescat.
3275 4995 3384 5051 Per
3415 4997 3719 5054 eumdem.

2241 5100 2514 5138 HOMINICA
2555 5099 2736 5138 pars“
2775 5099 2916 5138 pos'r
2958 5097 3216 5141 oc'rsvau
3253 5087 3616 5142 spiramus.

2166 5173 2292 5227 Post
2320 5172 2622 5239 lectionem,
2649 5175 2774 5238 etc.,
2823 5187 2992 5244 usque
3021 5171 3092 5228 ad
3133 5172 3445 5245 symbolum
3473 5169 3757 5246 apestolo-

2092 5276 2216 5315 rum
2245 5260 2531 5328 inclusive,
2566 5267 2626 5316 ut
2655 5261 2718 5315 in
2759 5259 2922 5316 editis
2950 5263 3065 5317 haec
3112 5269 3417 5334 sequuntur
3438 5279 3460 5316 :
3498 5263 3756 5320 Conﬁte-

2091 5346 2792 5420 miniDomino,quoniam
2806 5348 3372 5419 bonus.E.Quoniam
3388 5350 3446 5406 in
3461 5350 3754 5409 saeculum

2090 5435 2487 5492 misericordia
2519 5436 2667 5507 eius.
3643 5457 3648 5461 ·

2161 5525 2458 5596 Confessio.
2497 5524 2786 5581 Conﬁteor
2833 5527 2950 5584 Deo
3007 5531 3065 5584 et
3114 5526 3389 5585 omnibus
3420 5529 3650 5586 sanctis
3695 5533 3767 5586 et‘

2085 5611 2271 5683 vobis,
2318 5611 2540 5680 Patres,
2574 5629 2705 5670 mea
2750 5615 2941 5688 culpa,
2994 5617 3134 5689 quia
3164 5617 3395 5690 peccavi
3427 5617 3764 5691 nimispec
