3920 6208
947 328 1358 392 EXCERPTA
1401 326 1503 389 EX
1541 325 1773 390 CODD.
1817 320 2137 386 LITURG.
2181 320 2776 385 FONTAVELLAN.

3446 319 3569 385 ου

182 459 507 535 superbiam
552 459 613 517 in
645 460 1013 535 cogitatione,
1064 462 1456 535 suggestione,
1502 475 1814 527 consensu,
1844 458 1900 525 Α
1928 454 2073 522 Fiat,
2119 455 2381 521 Domine,
2430 452 2829 511 misericordia
2874 458 2976 512 tua
3023 471 3200 528 super
3246 472 3375 514 nos.
3409 456 3573 517 Sicut

181 550 367 607 verbis
391 554 450 606 et
477 564 668 624 apere.
701 554 1007 624 Deprecor,
1051 567 1176 622 vos,
1223 555 1403 619 orate,
1450 567 1554 623 pro
1601 550 1817 607 misero

181 641 494 713 peccatore.

247 727 541 785 Absolutio.
573 727 919 785 Misereatur
937 730 1114 785 vestri
1144 730 1516 803 omnipotens
1558 733 1731 796 Deus,
1764 732 1821 783 et

182 815 433 873 dimittat
458 816 625 873 vobis
656 818 855 874 omnia
882 821 1121 891 peccata
1148 822 1339 873 vestra
1369 817 1819 890 praeterita,prai-

180 903 364 961 lentia
388 908 447 961 et
472 903 902 972 futura,liberet
919 922 1022 961 vos
1049 906 1121 962 ab
1150 906 1308 962 omni
1341 905 1823 974 malo,conservet

179 996 236 1050 et
262 993 567 1050 confirmet
594 998 653 1051 et
679 994 1017 1052 corroboret
1040 1012 1143 1051 vos
1174 996 1231 1049 in
1264 996 1423 1051 omni
1454 1012 1626 1067 opere
1645 995 1818 1063 bono,

178 1085 233 1139 et
259 1082 541 1155 perducat
559 1098 664 1140 vos
694 1084 766 1139 ad
796 1081 973 1139 vitam
1006 1088 1300 1140 aeternam.
1331 1087 1536 1140 Amen.

247 1170 582 1243 Capitulum.
614 1175 893 1229 Converte
921 1189 1050 1241 nos,
1084 1178 1238 1229 Deus
1277 1172 1556 1230 salutaris
1600 1178 1819 1229 noster.

178 1260 245 1316 Et
269 1262 466 1317 averte
495 1260 642 1317 iram
673 1265 837 1317 tuam
866 1278 900 1317 a
929 1262 1120 1318 nobis.
1152 1262 1422 1334 Dignare,
1454 1261 1824 1331 Domine,die

176 1348 305 1406 isto.
336 1348 480 1406 Sine
507 1353 743 1422 peccato
773 1366 882 1405 nos
914 1349 1385 1418 custodire.Fiat,
1414 1350 1678 1419 Domine,
1713 1352 1822 1407 mi-

174 1436 497 1495 sericordia
523 1440 631 1495 tua
657 1454 837 1511 super
888 1455 1016 1494 nos.
1048 1439 1214 1494 Sicut
1261 1441 1625 1511 speravimus
1656 1439 1715 1495 in
1746 1445 1821 1495 te.

175 1526 521 1585 Sacerdotes
550 1525 637 1583 tui
667 1527 991 1583 induantur
1011 1528 1374 1599 justititiam.
1408 1532 1477 1584 Et
1523 1529 1707 1585 sancti
1738 1530 1825 1584 tui

174 1611 659 1672 exsultentMitte
688 1615 793 1682 eis,
830 1615 1088 1687 Domine,
1123 1616 1405 1672 auxilium
1433 1617 1503 1673 de
1531 1618 1827 1673 sancteEt

162 1704 248 1761 .ds
307 1702 448 1760 Bion
515 1708 680 1761 tuere
736 1718 855 1761 eos.
919 1706 1180 1774 Domine,
1242 1706 1451 1761 exaudi
1504 1706 1824 1762 orationem

1927 544 2292 617 speravimus
2320 545 2379 600 in
2404 548 2478 601 te.
2509 544 2846 600 Sacerdotes
2894 544 2981 599 tui
3034 544 3358 601 induantur
3383 544 3568 617 justi-

1926 633 2163 689 tiam.Et
2192 633 2377 688 sancti
2408 632 2493 688 tui
2525 631 3004 688 exsultent.Mitte
3032 632 3137 702 eis,
3173 633 3435 701 Domine,
3468 651 3571 691 au-

1926 721 2130 777 xilium
2160 722 2230 777 de
2258 726 2482 778 sancto.
2518 722 2587 778 Et
2627 722 2698 777 de
2745 721 2883 777 Sion
2933 724 3098 776 tuere
3144 736 3264 776 eos.
3309 723 3572 791 Domine,

1928 811 2136 866 exaudi
2181 810 2497 866 orationem
2550 826 2762 866 meam.
2800 811 2870 865 Et
2917 810 3138 866 clamor
3186 825 3353 867 meus
3398 812 3469 867 ad
3520 816 3575 867 te

1928 900 2141 956 veniat.
2174 900 2971 971 Psat.Miserere.Capitulum.
3004 899 3248 956 Domine
3279 904 3431 956 Deus
3460 900 3574 955 vir-

1928 992 2145 1056 tutum,
2175 993 2441 1044 converte
2471 1004 2598 1043 nos.
2633 989 2882 1044 Ostende
2912 988 3116 1044 faciem
3148 992 3407 1057 tuam,et
3435 987 3577 1046 salvi

1933 1077 2174 1131 erimus.
2210 1078 2489 1133 Dominus
2520 1078 2843 1133 vobiscum.
2878 1077 2946 1132 Et
2975 1093 3130 1131 cum.

2004 1184 2207 1239 Oratio.
2243 1183 2526 1240 Matutine
2574 1182 2906 1257 supplicum
2955 1187 3107 1250 vota,
3144 1183 3403 1252 Domine,
3446 1201 3578 1258 pro-

1931 1272 2113 1343 pitius
2146 1272 2393 1340 intuere,
2416 1277 2473 1328 et
2502 1273 2728 1328 occulta
2757 1273 2948 1329 cordis
2980 1273 3162 1329 nostri
3195 1273 3450 1329 remedio
3466 1278 3578 1329 tua:

1932 1360 2186 1416 clariﬁca
2217 1361 2540 1433 pietatis,ut
2555 1361 2845 1417 desideria
2860 1361 3168 1417 tenebrosa
3188 1378 3302 1417 non
3322 1366 3577 1431 teneant,

1933 1466 2080 1522 quos
2111 1449 2208 1504 lux
2238 1450 2485 1505 caelestis
2525 1450 2721 1522 gratiae
2769 1450 3057 1523 reparavit
3097 1449 3270 1505 Jesus
3314 1451 3581 1509 Christus

1934 1537 2138 1605 Filius,
2170 1544 2280 1594 etc.

2007 1628 2280 1699 Suﬂ‘ragia
2309 1636 2642 1693 sanctorum,
2675 1644 2801 1699 qum
2843 1627 3106 1683 dicuntur
3153 1631 3303 1684 omni
3349 1632 3585 1702 tempore

1935 1720 2168 1789 exceptis
2233 1719 2386 1787 festis
2452 1718 2769 1772 Nulivilatis
2836 1718 3077 1783 Domini,
3140 1717 3585 1783 Resurrectionis,

177 1809 385 1851 meam.
418 1793 494 1849 Et
525 1792 746 1849 clamor
788 1810 955 1850 meus
1007 1798 1079 1850 ad
1130 1798 1185 1849 te
1229 1794 1444 1850 veniat.
1487 1795 1819 1866 Symbolum.

2001 1807 2297 1872 :censionis,
2344 1811 2395 1861 et
2446 1809 2781 1862 Pentecostes
2831 1814 2881 1861 et
2926 1804 3141 1861 octavis
3173 1822 3383 1861 earnm.
3428 1807 3585 1862 Anti-

175 1883 521 1955 Quicunque
547 1881 673 1938 νιιΙι
699 1882 899 1939 salvus
950 1898 1100 1939 esse.
1152 1882 1484 1955 Capitulum.
1520 1884 1831 1939 Benedicat
1860 1881 1904 1891 ν
1938 1894 2121 1966 ρΙιοηα
2152 1894 2215 1950 de
2242 1894 2539 1951 crucg,Nos
2570 1899 2767 1950 autem
2799 1894 3037 1967 gloriari
3080 1894 3389 1968 oportetin
3414 1911 3587 1952 cruce

179 1984 285 2027 nos
310 1974 490 2037 Deus,
519 1970 673 2028 Deus
702 1975 921 2036 noster,
950 1971 1259 2027 benedicat
1285 1988 1391 2027 nos
1424 1977 1594 2035 Deus.
1628 1976 1685 2027 et
1716 1989 1830 2030 me-

178 2061 346 2117 tuant
370 2072 513 2116 enm
542 2074 747 2117 omnes
778 2061 926 2116 ﬁnes
958 2065 1144 2116 terrai.
1180 2060 1465 2117 Dominus
1506 2062 1827 2117 vobiscum.

179 2149 247 2206 Et
272 2164 409 2205 cum.
444 2149 658 2221 spiritu
687 2150 809 2205 tuo.
843 2149 1031 2205 Oratio
1078 2148 1268 2204 eadem
1319 2165 1443 2221 qua?
1495 2150 1725 2205 habetur
1770 2152 1826 2205 in

177 2237 335 2295 aditis
360 2240 431 2295 in
456 2240 593 2311 festo
625 2238 929 2294 Trinitatis.

246 2330 372 2384 Post
403 2329 692 2384 lectionem
722 2343 737 2381 :
769 2329 981 2383 Sancta
1003 2328 1415 2397 Maria,legitur
1433 2329 1548 2384 haec
1577 2329 1829 2383 rubrica:

184 2414 422 2473 Privati:
446 2413 636 2472 diebus
664 2414 882 2471 dicatur
910 2416 999 2472 hic
1028 2425 1108 2473 ter
1140 2435 1152 2472 :
1186 2422 1337 2472 Deus
1369 2416 1425 2471 in
1471 2416 1829 2487 adjutorium

187 2516 381 2562 meum
413 2503 672 2573 intende,
704 2520 828 2560 cum
857 2504 1071 2561 Gloria.

251 2593 331 2650 Ad
370 2594 786 2666 mpletorium
830 2595 1039 2659 omnia,
1089 2602 1149 2649 ut
1197 2596 1257 2648 in
1302 2593 1462 2649 editis
1514 2609 1684 2665 usque
1729 2594 1829 2665 qui

180 2682 317 2739 {scit
344 2683 559 2739 omium
590 2686 647 2738 et
675 2687 911 2739 terram.
947 2682 1277 2754 Capitulum.
1309 2682 1677 2739 Conﬁtemini
1722 2687 1827 2739 Do-

181 2771 342 2828 mino
369 2771 650 2844 quoniam
682 2771 1187 2837 bonus.0uoniam
1216 2772 1274 2826 in
1297 2769 1574 2829 saeculum
1598 2772 1827 2828 miseri-

176 2858 379 2916 cordia
408 2858 843 2931 ejus.Confessio
872 2863 923 2915 et
951 2860 1222 2916 absolutio
1247 2864 1310 2915 ut
1337 2875 1528 2931 supra.
1552 2860 1830 2916 Converte

178 2962 287 3004 nos
325 2952 502 3013 Deus,
530 2951 664 3016 etc.,
695 2962 867 3019 usque
894 2947 964 3002 ad
991 2949 1319 3019 symbolum.
1360 2949 1690 3020 Capitulum.
1725 2950 1828 3005 Be-

164 3034 453 3092 nedictus
473 3048 557 3104 es,
589 3036 832 3091 Domine
859 3039 1093 3108 patrum
1128 3041 1482 3092 nostrorum.
1514 3038 1580 3093 Et
1622 3036 1825 3093 lauda-

160 3122 314 3180 .bilis
338 3126 399 3181 et
422 3122 720 3197 gloriosus
767 3123 828 3179 in
876 3123 1106 3180 saecula.
1141 3125 1567 3181 Benedicamus
1595 3130 1824 3182 Patrem

162 3218 237 3270 et
262 3211 480 3269 Filium
515 3228 653 3269 cum
688 3217 890 3269 sancto
933 3213 1514 3285 Spiritu.Laudemus
1539 3219 1598 3270 et
1625 3231 1828 3287 super-

168 3300 501 3358 exaltemus
530 3316 666 3357 eum
698 3301 759 3357 in
794 3300 1023 3357 smcula.
1060 3302 1406 3358 Benedictus
1436 3318 1498 3358 es
1540 3302 1598 3357 in
1639 3304 1831 3361 ﬁrma-

176 3394 375 3447 mento
403 3389 552 3447 cali.
586 3390 658 3446 Et
683 3389 999 3446 laudabilis
1050 3395 1106 3445 et
1151 3390 1442 3463 gloriosus
1488 3390 1545 3445 in
1596 3392 1827 3448 εωουῑδ.

176 3479 488 3536 Benedicat
529 3494 639 3536 nos
683 3480 1057 3551 omnipotens
1108 3484 1279 3535 Deus.
1311 3481 1514 3535 Amen.
1558 3481 1827 3554 Dignare,

173 3568 442 3635 Domine,
474 3572 643 3624 nocte
693 3568 829 3640 ista.
883 3568 1021 3624 Sine
1073 3573 1308 3641 peccato
1356 3585 1464 3624 nos
1510 3569 1826 3625 custodire.

176 3655 321 3725 Fiat,
371 3656 640 3723 Domine,
692 3656 1097 3713 misericordia
1148 3662 1251 3713 tua
1300 3672 1478 3730 super
1508 3674 1635 3713 nos.
1668 3660 1830 3715 Sicut

173 3746 542 3818 speravimus
570 3746 632 3801 in
661 3749 739 3802 te.
771 3747 1112 3802 Sacerdotes
1158 3746 1245 3802 tui
1296 3747 1615 3802 induantur
1644 3748 1830 3818 justi-

170 3832 415 3891 tiam.Et
464 3833 654 3895 sancti
700 3833 787 3890 tui
836 3835 1146 3891 exsultent.
1190 3835 1351 3891 Mitte
1400 3836 1506 3903 eis,
1561 3835 1824 3903 Domine,

173 3922 459 3979 auxilium
490 3924 562 3980 de
591 3927 814 3982 saneto.
849 3924 917 3979 Et
944 3924 1016 3979 de
1045 3924 1179 3980 Sion
1211 3928 1373 3980 tuere
1404 3940 1524 3980 eos.
1560 3924 1824 3994 Domine,

170 4010 383 4068 exaudi
411 4012 738 4069 orationem
770 4015 1059 4069 meam.Et
1088 4013 1312 4069 clamor
1341 4029 1510 4069 meus
1542 4013 1613 4069 ad
1644 4018 1703 4069 te
1730 4030 1826 4069 ve-

174 4100 316 4157 niat.
376 4101 625 4157 Domine
680 4105 833 4157 Deus
888 4101 1189 4169 virtutum,
1250 4106 1519 4158 converte
1575 4118 1703 4159 nos.
1759 4104 1829 4158 Et

164 4190 423 4246 ostende
450 4189 658 4244 faciem
687 4193 873 4255 tuam,
907 4194 964 4245 et
992 4189 1132 4246 salvi
1164 4190 1405 4247 erimus.

247 4277 461 4334 Oratio.
491 4275 698 4345 Visita,
727 4280 861 4343 etc.,
887 4281 1176 4349 postquam
1202 4288 1506 4350 sequuntur
1523 4281 1658 4337 aliae
1674 4280 1822 4338 duae.

194 4408 199 4411 ς
240 4364 1197 4436 lilamina,quazsumus,Domine,
1219 4368 1488 4423 tenebras
1509 4372 1828 4433 nostras.et

171 4455 353 4512 ottius
386 4452 580 4511 noctis
608 4452 856 4511 insidias
890 4459 993 4511 tuo
1024 4472 1058 4511 a
1091 4455 1260 4510 nobis
1290 4454 1501 4526 repelle
1530 4458 1819 4530 propitius

167 4542 409 4600 auxilio.

1943 1982 2168 2038 Domini
2218 1983 2399 2037 nostri
2432 1983 2571 2038 Jesu
2606 1982 2837 2038 Christi.
2872 1983 3075 2039 Omnis
3110 1988 3282 2051 terra,
3315 1986 3422 2039 etc.

2012 2088 2215 2145 Oratio.
2277 2090 2485 2144 Adesto
2544 2089 2737 2153 nobis.
2796 2105 3156 2163 quassamus,
3224 2087 3485 2157 Domine,
3530 2093 3589 2147 et

1940 2195 2087 2250 quos
2119 2183 2327 2233 sancite
2354 2178 2543 2233 crucis
2583 2176 2765 2233 laetari
2816 2178 2957 2233 facis
3000 2178 3237 2242 honore,
3270 2179 3399 2250 ejus
3449 2194 3577 2250 quo-

1941 2284 2054 2339 que
2086 2268 2377 2339 perpetuis
2408 2268 2654 2322 defende
2685 2267 2988 2323 subsidiis.
3025 2272 3151 2321 Per.

2013 2356 2319 2428 Antiphone
2348 2356 2413 2411 de
2442 2357 2593 2411 beata
2628 2358 2831 2411 Maria.
2866 2356 3052 2411 Mater
3098 2358 3156 2410 et
3204 2356 3451 2429 innupta
3479 2355 3589 2410 vir-

1941 2462 2012 2518 go
2044 2445 2316 2518 gloriosa,
2352 2444 2572 2517 Regina
2603 2444 2829 2512 mundi,
2865 2444 3155 2500 intercede
3185 2460 3290 2517 pro
3322 2443 3489 2499 nobis
3513 2444 3587 2501 ad

1942 2534 2253 2589 Dominum
2288 2539 2465 2590 Deum
2499 2538 2783 2589 nostrum.
2820 2533 3060 2599 Ditl‘usa,
3109 2536 3216 2588 etc.
3270 2533 3456 2589 Oratio
3486 2534 3588 2589 Fa-

1941 2622 2259 2679 mulorum.

2010 2713 2325 2784 Antipliona
2352 2711 2418 2767 de
2446 2716 2631 2767 sancto
2662 2709 3188 2767 MichaeliMichael
3221 2710 3586 2785 archangele,

1937 2802 2065 2857 veni
2100 2802 2158 2856 in
2192 2801 2552 2873 adjutorium
2585 2798 2785 2873 populi
2838 2797 2953 2855 Dei.
3014 2800 3075 2854 In
3121 2803 3434 2871 conspectu
3480 2817 3589 2856 an-

1938 2890 2221 2964 gelorum.
2257 2892 2462 2947 Oratio.
2498 2895 2650 2945 Deus
2682 2888 2780 2960 qui
2814 2888 2962 2944 miro
2993 2887 3216 2944 ordine.

2007 2980 2317 3052 Antiphona
2343 2979 2408 3036 de
2436 2988 2619 3036 sancto
2671 2978 2978 3035 Benedicto.
3034 2977 3165 3032 Fuit
3205 2976 3291 3032 vir
3336 2977 3465 3032 vitae
3495 2994 3588 3033 ve-

1939 3067 2217 3124 nerabilis
2246 3067 2435 3140 gratia
2456 3067 2804 3123 Benedictus
2824 3073 2881 3123 et
2898 3066 3154 3123 nomine.
3176 3064 3251 3121 Os
3271 3065 3587 3138 justi.0ra-

1861 3187 1903 3254 ϐ
1941 3158 2036 3212 tio.
2070 3156 2431 3212 Intercessio.

2010 3244 2321 3317 Antiphone
2351 3244 2418 3299 de
2445 3247 2631 3299 sancto
2678 3245 2886 3299 Joanne
2932 3244 3201 3313 Baptista.
3236 3242 3392 3297 Inter
3419 3246 3588 3298 natos

1939 3334 2252 3390 mulierum
2289 3350 2401 3388 non
2434 3333 2684 3388 surrexit
2709 3332 2898 3403 major
2918 3332 3141 3387 Joanne
3170 3330 3452 3403 Baptista.
3483 3331 3588 3386 Ju-

1940 3428 2067 3479 stus
2099 3427 2163 3477 ut
2193 3422 2407 3495 palma.
2442 3421 2809 3477 Oratio.Beati
2858 3420 3103 3475 Joannis
3154 3419 3424 3491 Baptistae
3457 3436 3587 3489 nos,

1940 3528 2298 3585 quiesumus,
2359 3508 2621 3578 Domine,
2690 3508 2965 3580 praeclara
3016 3507 3327 3563 comitetur
3378 3508 3589 3576 oratio,

1938 3618 2113 3674 quem
2142 3604 2454 3655 venturum
2488 3616 2615 3654 esse
2646 3597 2932 3671 praedixit,
2965 3600 3167 3669 poscat
3199 3595 3368 3652 nobis
3399 3596 3588 3652 favere

1938 3687 2235 3762 placatum
2267 3686 2563 3743 Christum
2597 3684 2907 3742 Dominum
2940 3689 3228 3741 nostrum.

2008 3795 2341 3867 Antiphone.
2392 3797 2619 3859 Petrus,
2665 3796 2770 3848 etc.
2827 3790 3031 3848 Oratio.
3074 3794 3311 3856 Praesta,
3356 3808 3586 3864 quaesu-

1938 3882 2479 3955 mus,omnipotens
2509 3885 2751 3945 Deus,ut
2783 3878 2963 3936 nullis
2991 3896 3098 3936 nos
3130 3879 3436 3952 permittas
3457 3896 3587 3952 per-

1936 3970 2373 4027 turbationibus
2404 3969 2657 4038 concuti,
2691 3985 2839 4040 quos
2890 3968 2949 4022 in
2999 3966 3327 4040 apostolicae
3361 3968 3585 4024 confes-

1937 4058 2118 4116 sionis
2152 4058 2317 4131 pe’tra
2344 4058 2627 4115 solidasti.
2663 4062 2791 4113 Per.

2005 4149 2317 4219 Antiphona
2345 4151 2397 4203 et
2427 4148 2600 4205 oratio
2624 4148 2691 4201 de
2715 4161 2873 4218 pace,
2898 4153 2957 4201 ut
2982 4147 3044 4201 in
3073 4145 3254 4201 editis.

2005 4254 2316 4327 Aniiphona
2362 4253 2427 4309 de
2473 4254 2729 4311 omnibus
2781 4255 3007 4309 sanctis.
3066 4251 3221 4307 Justi
3282 4250 3590 4323 fulgebunt

1935 4344 2089 4401 sicut
2119 4342 2204 4399 sol
2235 4342 2292 4398 in
2326 4359 2507 4414 regno
2541 4342 2728 4398 Patris
2760 4341 2896 4408 mei,
2930 4340 3075 4396 dicit
3104 4338 3586 4397 Dominus.Mira-

1932 4432 2072 4490 bilis
2101 4437 2273 4489 Deus.
2308 4432 2372 4488 In
2404 4431 2625 4488 sanctis
2673 4432 2822 4502 ejus.
2874 4430 3080 4487 Oratio.
3130 4432 3302 4498 Deus,
3336 4427 3437 4498 qui
3478 4443 3587 4487 nos

1852 4548 1901 4615 Β
1930 4521 2205 4579 concedis
2230 4521 2410 4578 beate:
2442 4520 2635 4576 Maria:
2667 4536 2900 4592 semper
2927 4516 3195 4615 virginis,
3224 4520 3282 4573 et
3317 4516 3586 4615 omnium

235 4632 469 4690 Veritas
497 4635 620 4703 tua,
654 4646 1018 4706 quaesumus,
1052 4632 1556 4704 Domine,semper
1594 4639 1829 4693 maneat
1852 4606 1893 4615 ά
1928 4614 2275 4706 βθξλίῗῖοῗυῖη
2321 4613 2561 4706 “om”?
2622 4607 3237 4706 ορῖηιξῖθωοξθίίοηθω
3278 4620 3484 4706 ειὲἔθθβν¹
3511 4606 3590 4706 (ξι

164 4719 229 4777 in
263 4720 542 4778 cordibus
590 4720 891 4791 nostris,et
938 4736 1041 4794 per
1076 4721 1353 4777 virtutem
1383 4726 1597 4777 sanctas
1628 4724 1823 4780 crucis

164 4810 362 4871 omnis
392 4809 621 4867 falsitas
647 4810 873 4867 inimici
900 4811 1259 4867 destruatur.
1292 4814 1420 4865 Per.

235 4903 368 4956 Post
396 4898 610 4956 Laudes
634 4902 800 4972 feriae
830 4900 1086 4958 secundae
1127 4907 1249 4971 post
1286 4901 1528 4971 primam
1574 4902 1821 4957 Domini-

168 5000 287 5041 cam
324 4986 701 5059 supradictam
752 4989 1007 5059 teguntur
1052 4990 1205 5059 infra
1250 4989 1474 5059 scripta.
1508 4989 1635 5045 Haec
1679 4991 1822 5061 capi-

168 5072 287 5130 tulo
309 5074 571 5132 dicantur
598 5078 753 5132 omni
778 5084 1021 5150 tempore
1048 5076 1238 5132 diebus
1265 5076 1559 5148 ferialibus
1598 5078 1671 5133 ad
1699 5079 1821 5134 lau-

168 5158 279 5229 des,
308 5161 380 5216 ad
409 5164 651 5232 tertiam,
683 5171 734 5218 et
762 5163 833 5218 ad
862 5181 1161 5235 vesperum,
1207 5180 1331 5219 eum
1380 5163 1651 5220 Miserere
1683 5166 1816 5235 mei,

169 5251 341 5305 Deus.
370 5250 453 5306 Ad
478 5251 706 5321 vigilias
747 5266 872 5309 vero
918 5251 991 5309 ad
1035 5258 1273 5319 sextam
1302 5257 1354 5308 et
1379 5266 1587 5309 nonam
1629 5254 1820 5311 dicun-

167 5343 259 5393 tur
277 5338 638 5396 sisic-Misere
666 5340 803 5409 mei,
840 5342 1008 5397 Deus.
1052 5341 1225 5413 Kyrie
1274 5340 1516 5411 eleison,
1566 5342 1815 5415 Christe,

165 5423 403 5495 elelson,
452 5427 628 5500 Kyrie
672 5429 910 5487 eleison.
965 5434 1136 5485 Pater
1182 5434 1398 5486 noster.
1454 5428 1522 5487 Et
1566 5448 1640 5488 ne
1686 5450 1815 5490 nos.

165 5515 627 5590 CapitulumEgo
657 5518 775 5573 dixi
809 5536 823 5573 :
859 5518 1121 5583 Domine,
1154 5520 1431 5575 miserere
1475 5521 1611 5576 mei.
1663 5524 1818 5579 Sana

169 5602 429 5660 animum
460 5619 679 5675 meam,
710 5606 849 5679 quia
877 5604 1108 5679 peccavi
1148 5605 1278 5667 tibi.
1310 5611 1677 5676 Convertere,
1705 5612 1815 5667 Do-

167 5690 884 5766 mine,diquantulumEt
912 5696 1221 5769 deprecare
1244 5711 1421 5769 super
1441 5713 1639 5755 servos
1657 5703 1812 5756 tuos.

1934 4700 2107 4757 nobis
2153 4700 2215 4756 in
2266 4703 2483 4755 aeterna
2535 4697 2898 4755 beatitudine
2942 4697 3013 4753 de
3061 4711 3264 4752 eorum
3310 4692 3588 4757 societate

1934 4789 2206 4862 gaudere.
2243 4792 2371 4844 Per.

2004 4877 2083 4934 Ad
2112 4878 2328 4933 tertiam
2354 4878 2581 4948 ponitur
2608 4892 2832 4947 sequens
2861 4877 3055 4932 oratio.
3110 4872 3348 4946 Porrigo
3390 4872 3588 4935 dexte-

1933 4982 2059 5022 ram
2090 4959 2279 5033 tuam,
2300 4980 2662 5037 quaesumus,
2695 4964 2960 5031 Domine,
2995 4962 3149 5036 plebi
3196 4966 3309 5018 tum
3351 4959 3583 5018 miseri-

1929 5054 2192 5110 cordiam
2223 5051 2541 5125 postulanti
2562 5069 2666 5125 per
2684 5069 2865 5125 quam
2886 5057 2943 5109 ct
2962 5068 3189 5108 errores
3206 5050 3459 5109 declinet
3472 5050 3584 5109 hu-

1932 5160 2160 5211 manos,
2194 5147 2251 5198 et
2281 5142 2490 5197 solatia
2518 5142 2647 5197 vitae
2681 5140 3031 5197 immortalis
3064 5141 3397 5213 accipiat,et
3424 5155 3580 5198 sem-

1929 5233 2163 5306 piterna
2185 5230 2404 5303 gaudia
2433 5229 2907 5303 comprehendat.
2942 5234 3067 5287 Per.

1998 5340 2078 5395 Ad
2105 5341 2317 5396 sentam
2345 5339 2542 5394 oratio.
2576 5337 2793 5394 Exaudi
2822 5342 3111 5405 nos,Deus
3143 5333 3419 5393 salutaris
3444 5349 3582 5391 nos-

1927 5433 2016 5486 ter
2044 5433 2102 5486 et
2128 5428 2254 5484 dies
2287 5416 2519 5495 nostros
2552 5427 2608 5481 in
2642 5431 2743 5481 tua
2772 5442 2912 5498 pace
2942 5425 3210 5495 dispone,
3239 5428 3305 5479 ut
3334 5439 3369 5477 a
3398 5438 3578 5479 cunc-

1925 5518 2001 5576 tis
2034 5514 2575 5591 perturbationibus
2616 5515 2843 5571 liberati
2889 5511 3209 5584 tranquilla
3250 5510 3358 5567 tibi
3406 5509 3583 5567 servi-

1927 5610 2052 5664 tute
2079 5604 2453 5662 famulemur.
2484 5606 2614 5659 Per.

1995 5696 2077 5752 Ad
2139 5709 2344 5751 nonam
2405 5693 2600 5748 oratio.
2688 5695 2801 5761 Da,
2871 5704 3232 5761 quaesumus,
3298 5688 3576 5754 Domine,
