3920 6208
335 320 464 388 .965

1531 319 1722 384 δέξο.
1767 319 1848 384 XI
1893 317 2206 385 MONUM.
2253 318 2570 386 LITURG.

3621 311 3763 391 .2156

347 451 562 529 populo
593 456 693 509 tuo
723 450 1007 526 Spiritum
1035 453 1296 511 veritatis
1325 457 1382 511 et
1410 454 1590 527 pacis,
1607 458 1672 510 ut
1702 457 1757 510 te
1787 458 1844 509 et
1873 457 1994 510 tota
2017 453 2075 522 Α
2103 453 2348 510 Domine
2377 451 2478 526 qui
2509 469 2794 526 passurus
2823 450 3110 512 advenisti
3139 454 3377 528 propter
3398 469 3529 512 nos.
3545 454 3619 512 Et
3642 467 3760 525 ee-

348 547 542 600 mente
573 547 904 615 cognoscat,
931 547 988 598 et
1017 559 1144 615 quis
1180 542 1286 598 tibi
1319 547 1460 600 sunt
1488 541 1846 616 placita,toto
1867 558 1991 596 cor-

344 633 416 690 de
447 633 722 689 sectetur.

417 721 495 776 Ad
521 736 770 792 vespesz
800 723 997 776 oratio.
1031 719 1284 787 Oriatur,
1318 719 1580 788 Domine,
1614 720 1994 775 nascentibus

345 809 842 876 tenebris,aurora
863 807 1107 880 justitize
1138 809 1197 863 in
1231 807 1505 862 cordibus
1532 807 1840 873 nostris,ut
1859 823 1994 878 per-

347 903 474 954 acto
533 897 625 953 die
656 895 1000 968 suppliciter
1047 895 1270 966 gratias
1328 899 1587 968 agentes,
1619 895 1792 951 etiam
1823 911 1993 950 mane

345 987 656 1060 dignanter
685 983 962 1056 respicias
992 988 1125 1038 vota
1159 981 1465 1038 solventes.
1500 983 1624 1040 Per.

417 1074 733 1148 Supradicta
761 1073 1025 1144 suffragia
1051 1071 1120 1126 ad
1151 1071 1337 1127 laudes
1387 1071 1663 1128 dicuntur.
1698 1073 1776 1127 Ad
1813 1088 1992 1143 vespe-

343 1181 467 1220 rum
509 1171 692 1218 autem
747 1161 1010 1216 dicuntur
1061 1162 1343 1232 sequentia
1393 1162 1546 1216 omni
1601 1169 1837 1232 tempore
1882 1168 1994 1216 tam

341 1253 530 1308 diebus
557 1251 852 1322 ferialibus
882 1266 1048 1320 quam
1075 1251 1303 1322 festiuis.

412 1339 740 1412 Antiphonti.
772 1338 944 1394 Salva
975 1355 1102 1404 nos,
1135 1338 1362 1394 Christe
1401 1336 1684 1404 Salvator,
1733 1355 1835 1410 per
1877 1338 1988 1392 vir-

340 1433 521 1484 tutem
551 1433 765 1484 sanctae
807 1429 1016 1484 crucis.
1052 1428 1158 1492 Qui
1194 1427 1430 1482 salvasti
1463 1427 1696 1482 Petrum
1728 1428 1788 1482 in
1823 1428 1990 1491 mari,

341 1517 617 1574 miserere
647 1517 836 1573 nobis.
861 1517 1065 1573 Omnis
1095 1521 1268 1572 terra.
1303 1517 1505 1572 Oratio.
1550 1517 1832 1588 Perpetua
1862 1533 1988 1585 nos,

339 1611 450 1662 etc.

410 1694 963 1767 AntiphonaSancta
991 1695 1177 1750 Maria
1205 1694 1304 1750 Dei
1339 1693 1535 1767 Virgo,
1559 1711 1789 1766 semper
1816 1693 1992 1750 inter-

2103 544 2207 598 teri
2243 543 2598 615 respondeant
2649 560 2662 597 :
2716 543 2884 616 Kyrie
2935 542 3175 612 eleison,
3225 543 3456 601 Christe
3510 542 3761 610 eleison,

2103 630 2364 687 Domine.
2399 633 2462 686 Et
2493 631 2711 696 illi.Qui
2742 631 3078 704 prophetice
3108 631 3560 704 promisistier
3591 647 3761 690 mors

2103 725 2223 786 tua,
2257 737 2289 776 ο
2321 723 2573 776 mors.Et
2599 721 2979 793 czeteri:Kyrie
3006 720 3485 786 eleison,Christe
3510 719 3758 787 eleison,

2103 807 2738 876 Domine,misererc.Et
2769 809 2880 865 illi:
2913 809 3037 866 Vita
3087 809 3146 864 in
3193 808 3356 882 ligno
3393 808 3663 878 moritur,
3699 812 3763 864 et

2103 913 2262 952 mors
2310 901 2496 953 morte
2541 901 2873 954 evacuatur.
2914 899 2980 954 Et
3019 899 3211 955 ceteri
3242 913 3256 953 :
3289 896 3460 970 Kyrie
3507 896 3762 966 eleison,

2102 985 2317 1042 Christi
2345 985 2584 1052 eleison,
2611 985 2876 1043 Domine.
2908 988 2974 1043 Et
3003 987 3094 1042 illi
3115 1005 3137 1042 :
3166 985 3434 1043 Christus
3463 986 3760 1043 Dominus

2101 1074 2290 1130 factus
2314 1079 2402 1130 est
2433 1074 2710 1131 obediens
2757 1092 2944 1148 usque
2992 1075 3064 1130 ad
3116 1080 3386 1132 mortem.
3416 1077 3482 1134 Et
3513 1077 3703 1131 caeteri
3741 1092 3755 1129 :

2101 1163 2346 1220 Mortem
2379 1166 2573 1220 autem
2605 1164 2816 1222 crucis.
2847 1169 3018 1221 Pater
3046 1163 3608 1236 noster.Capitulum.
3631 1163 3760 1237 Ego

2101 1252 2216 1307 dixi
2251 1268 2264 1306 :
2298 1253 2731 1320 Domine,sana.
2762 1253 3126 1320 Convertere,
3163 1251 3425 1310 Domine.
3449 1253 3522 1308 Et
3545 1252 3757 1325 depre-

2101 1357 2250 1397 care.
2289 1342 2430 1407 Fiat,
2462 1341 2725 1397 Domine.
2759 1341 2919 1397 Sicut
2949 1339 3315 1414 speravimus
3347 1341 3407 1396 in
3439 1345 3516 1396 te.
3548 1345 3756 1398 Sacer-

2101 1431 2286 1486 dotes.
2336 1431 2407 1486 Et
2449 1431 2659 1486 sancti.
2693 1431 2856 1488 Mitte
2901 1431 3006 1498 eis,
3041 1430 3305 1486 Domine.
3354 1429 3422 1485 Et
3468 1430 3542 1486 de
3587 1429 3755 1486 Sion.

2104 1519 2363 1587 Domine,
2393 1519 2621 1576 exaudi.
2657 1521 2724 1575 Et
2755 1519 2994 1575 clamor.
3025 1521 3175 1575 Psal.
3207 1517 3502 1576 Miserere.
3524 1518 3754 1590 Capitu-

2100 1608 2484 1664 lum.Domine
2517 1609 2668 1664 Deus
2695 1608 2998 1662 virtutum.
3033 1608 3102 1663 Et
3129 1605 3390 1675 ostende,
3403 1609 3526 1663 sine
3551 1606 3757 1664 Domi-

2100 1715 2212 1754 nus
2258 1696 2581 1752 vobiscum.
2629 1697 2734 1752 Sed
2779 1697 2880 1752 sub
2937 1697 3160 1753 silentio
3211 1696 3432 1752 dicitur.
3495 1697 3754 1754 Oremus.

341 1784 477 1840 cede
508 1799 613 1855 pro
645 1783 815 1839 nobis
840 1783 912 1838 ad
944 1782 1258 1840 Dominum
1289 1783 1471 1838 Deum
1507 1782 1958 1838 nostrum.DitI’u
2023 1819 2066 1886 Β
2103 1785 2362 1858 Respice,
2396 1802 2756 1858 quaesumus,
2791 1784 3052 1841 Domine.

340 1889 424 1928 sa.
459 1871 663 1928 Oratio.
695 1872 1317 1940 Concede,misericors
1348 1871 1522 1939 Deus,
1559 1871 1856 1943 fragilitati
1891 1887 1965 1926 no

345 1965 500 2028 strae,
534 1965 642 2018 etc.

411 2051 742 2122 Antiphona.
775 2049 1043 2118 Michael,
1094 2055 1201 2106 etc.
1249 2051 1451 2108 Oratio.
1485 2051 1835 2122 Pcrpctuum
1886 2066 1988 2106 no-

343 2139 454 2204 bis,
491 2139 754 2206 Domine,
787 2143 900 2195 tum
941 2138 1334 2195 miserationis
1378 2143 1586 2212 prmsta
1635 2139 1987 2208 subsidium,

347 2228 562 2300 quibus
592 2231 648 2284 et
679 2227 941 2300 angelica
973 2227 1296 2300 praestitisti
1326 2227 1606 2300 suffragia
1626 2244 1740 2283 non
1764 2228 1984 2284 deesse.

337 2321 466 2372 Per.

409 2405 683 2478 Suffragia
713 2405 772 2460 S.
804 2406 868 2459 P.
901 2405 1202 2472 Benedicti,
1233 2409 1295 2461 ut
1325 2407 1386 2460 in
1413 2405 1596 2460 editis.

408 2494 719 2566 Antiphona
748 2502 800 2550 et
827 2495 1122 2550 versiculus
1151 2511 1249 2567 pro
1273 2499 1459 2550 sancto
1487 2495 1696 2551 Joanne
1725 2495 1986 2565 Baptista,

339 2587 402 2639 ut
431 2584 492 2638 in
521 2583 800 2639 laudibus.

412 2673 614 2729 Oratio.
651 2671 1030 2744 Omnipotens
1063 2671 1416 2744 sempiterne
1467 2671 1642 2738 Deus,
1675 2672 1751 2728 da
1799 2671 1990 2728 cordi-

337 2761 450 2816 bus
480 2759 642 2815 illam
674 2763 908 2814 tuarum
959 2759 1366 2816 rectitudinem
1412 2759 1780 2828 semitarum,
1809 2777 1988 2832 quam

2167 1877 2267 1932 Ilee
2293 1891 2472 1946 preces
2503 1877 2803 1930 recitantur
2825 1877 2940 1946 post
2968 1875 3207 1942 tertiam,
3237 1889 3472 1946 vespera:
3517 1877 3569 1929 et
3618 1874 3756 1928 lau-

2097 1963 2188 2019 des
2217 1966 2389 2020 trium
2417 1964 2638 2019 dierum
2669 1962 3013 2018 hebdmnada’
3039 1963 3286 2034 majoris,
3319 1963 3563 2019 videlicet
3603 1963 3758 2033 feria

2099 2054 2377 2125 quinta,in
2421 2053 2714 2108 Parasceve
2743 2053 2880 2107 etin
2909 2051 3140 2108 Sabbato
3187 2055 3394 2117 sancto,
3440 2052 3569 2108 Post
3607 2051 3756 2106 anti-

2093 2141 2335 2214 phonam
2381 2141 2451 2196 ad
2500 2140 2849 2196 Benedictus
2899 2141 3126 2196 laudum
3163 2140 3390 2197 Sabbati
3415 2141 3597 2196 sancti
3633 2139 3756 2196 haec

2098 2232 2369 2287 habentur
2397 2248 2416 2284 :
2449 2230 2545 2284 llic
2572 2229 2790 2284 dicatur
2817 2246 2836 2284 :
2868 2229 3042 2302 Kyrie
3089 2227 3330 2296 eleison,
3362 2235 3416 2286 et
3461 2243 3667 2292 versus,
3699 2233 3754 2284 et

2096 2321 2399 2392 capitulum
2431 2323 2481 2374 et
2528 2320 2725 2386 oratio,
2775 2326 2836 2373 ut
2879 2320 2941 2373 in
2987 2317 3242 2373 laudibus
3283 2331 3455 2374 cernae
3499 2317 3750 2373 Domini.

2099 2411 2292 2465 Prima
2323 2423 2465 2475 vero,
2508 2409 2694 2475 tertia,
2721 2409 2878 2462 sexta
2905 2415 2956 2462 et
2984 2422 3132 2462 nona
3158 2407 3300 2462 sicut
3327 2405 3518 2462 eadem
3544 2405 3650 2462 die.
3683 2407 3750 2462 In

2100 2498 2202 2553 hac
2231 2497 2321 2553 die
2349 2500 2476 2552 ante
2501 2495 2694 2552 horam
2723 2497 2950 2550 tertiam
2996 2495 3468 2568 discooperiantur
3491 2509 3670 2551 cruces
3700 2497 3755 2551 et

2098 2586 2325 2656 tabula,
2356 2600 2480 2658 qua:
2503 2601 2604 2656 per
2633 2591 2802 2640 totam
2825 2585 3403 2655 Passionemfuerant
3427 2585 3638 2640 velatas.
3682 2589 3753 2642 Et

2097 2677 2244 2731 inter
2273 2675 2512 2738 tertiam,
2543 2677 2592 2728 et
2621 2680 2834 2729 sextam
2863 2673 3056 2729 horam
3102 2673 3286 2730 altare
3322 2672 3618 2744 honorifice
3651 2688 3750 2729 ea:-

2097 2772 2339 2822 ornetur.
2371 2763 2450 2830 4d
2475 2778 2756 2834 vesperum
2782 2762 3103 2834 antiphona,
3137 2770 3186 2816 et
3213 2761 3420 2820 dicitur
3454 2760 3572 2817 hac
3596 2763 3755 2817 anti-

339 2849 546 2905 beatus
571 2849 830 2904 Joannes
860 2847 1120 2920 Baptista
1167 2847 1226 2904 in
1270 2850 1498 2905 deserto
1543 2866 1650 2904 vox
1680 2848 1990 2911 clamantis
2092 2853 2278 2927 phona
2301 2853 2372 2908 ad
2399 2867 2678 2924 vesperum
2719 2866 2820 2922 per
2867 2857 3033 2906 totam
3061 2849 3451 2908 hebdomadam
3489 2865 3660 2922 usque
3689 2851 3755 2906 in

339 2935 590 2994 edocuit.
2095 2939 2730 2998 sabbatum.Crucitixus
2759 2939 3011 2996 surrexit
3036 2939 3208 2996 tertia
3230 2939 3326 2995 die
3355 2939 3428 2996 de
3457 2937 3750 3012 sepulcro,

410 3025 742 3100 Antiphona.
775 3024 1021 3082 Gloriosi
1053 3025 1366 3098 principes.
1402 3025 1610 3083 Oratio.
1643 3026 1990 3100 Apostolicis
2098 3029 2350 3102 alleluia,
2383 3028 2636 3086 alleluia.
2669 3029 2821 3084 Psal.
2857 3029 3134 3094 Laudate,
3169 3028 3352 3100 pueri.
3402 3027 3554 3084 Psal.
3601 3028 3751 3084 Lau-

342 3131 468 3178 nos,
515 3131 876 3187 quaesumus,
909 3114 1172 3184 Domine,
1206 3115 1508 3172 beatorum
1557 3115 1711 3172 Petri
1741 3120 1798 3172 et
1830 3115 1987 3173 Pauli
2031 3187 2058 3191 _
2099 3121 2250 3187 date,
2283 3135 2487 3176 omnes
2516 3118 2900 3191 gentes.Psal.
2933 3117 3075 3173 Ecce
3105 3133 3283 3189 quam
3313 3115 3562 3174 bonum!
3593 3118 3751 3173 Psal.

340 3202 536 3260 attolle
565 3203 874 3276 praesidiis,
909 3208 973 3259 ut
1002 3209 1219 3276 quanto
1246 3204 1572 3278 fragiliores
1603 3221 1833 3273 sumus,
1856 3209 1984 3261 tan-
2017 3187 2060 3255 C
2101 3209 2319 3278 Lauda,
2340 3187 2687 3264 Jerusalem.
2720 3207 2917 3262 Lectio.
2951 3205 3011 3263 Si
3041 3187 3510 3263 consurrexistis.
3539 3207 3600 3277 ιῖ.
3629 3207 3752 3262 An-

340 3297 397 3350 to
428 3292 812 3348 validioribus
837 3293 1072 3350 auxiliis
1104 3293 1422 3350 foveamur.
1455 3298 1580 3352 Per.

407 3383 716 3455 Antiphonti
743 3399 845 3454 pro
868 3399 1024 3454 pace,
1056 3390 1117 3438 ut
1145 3385 1206 3438 in
1234 3383 1508 3440 laudibus.

407 3471 736 3544 Antiphona.
768 3471 964 3528 Sancti
1013 3471 1114 3527 Dei
1166 3488 1392 3540 omnes,
1425 3489 1592 3528 orare
1637 3476 1696 3528 et
1741 3472 1984 3528 interce-

336 3560 473 3617 dere
501 3559 824 3634 dignemini
859 3577 962 3632 pro
996 3564 1199 3616 nostra
1228 3561 1610 3634 omniumque
1637 3561 1847 3618 salute.
1874 3562 1989 3617 La:-

335 3648 544 3705 tamini
577 3648 636 3703 in
667 3649 936 3704 Domino.
989 3647 1198 3705 Oratio.
1245 3649 1627 3722 Omnipotens
1670 3655 1846 3717 Deus,
1881 3667 1987 3706 nos

337 3736 591 3794 famulos
619 3741 754 3792 tuos
785 3737 1020 3792 dextera
1049 3737 1320 3809 potentiae
1352 3743 1462 3794 tute
1489 3755 1524 3794 a
1551 3738 1778 3795 cunctis
1795 3743 1984 3811 prote-

336 3842 407 3899 ge
435 3823 732 3898 periculis,
764 3829 842 3893 et,
875 3825 1042 3882 beata
1073 3825 1257 3881 Maria
1285 3843 1518 3900 semper
1543 3826 1781 3900 Virgine
1811 3826 1989 3884 inter-

337 3915 578 3970 cedente
607 3929 740 3968 cum
773 3913 1049 3970 omnibus
1080 3915 1298 3972 sanctis
1329 3916 1564 3984 tuis,t'ac
1595 3933 1702 3972 nos
1731 3933 1986 3989 praesen-

337 4001 380 4058 ti
413 4001 668 4076 gaudere
700 4003 1086 4076 prosperitate
1116 4009 1170 4060 et
1200 4009 1434 4060 aeterna.
1467 4009 1577 4062 Per
1605 4005 1938 4080 inninum.

649 4109 814 4148 FERIA
852 4109 1072 4156 QUARTA
1112 4109 1171 4150 IN
1211 4111 1403 4150 CAPITE
1437 4109 1672 4150 JEJUNII.

405 4182 514 4238 Pro
562 4181 929 4238 benedictione
973 4185 1223 4238 cinerum
1287 4183 1485 4254 legitur
1545 4191 1761 4240 tantum
1813 4187 1988 4241 oratio

334 4269 510 4340 Deus,
543 4269 640 4342 qui
671 4287 787 4326 non
821 4276 1091 4341 mortem,
1125 4275 1235 4328 etc.
1263 4278 1460 4328 Postea
1483 4274 1731 4344 sequitur
1757 4274 1877 4330 haec
1896 4290 1988 4329 ru-

335 4359 509 4416 brica.
542 4360 686 4414 Tunc
731 4365 1094 4434 aspergantur
1137 4378 1284 4432 aqua
1323 4363 1532 4428 sancta,
1567 4363 1850 4418 incensari
1871 4377 1986 4418 non

330 4447 539 4505 debent.
571 4453 710 4506 Mox
733 4450 977 4506 sacerdos
1008 4451 1240 4522 incipiat
1281 4465 1490 4522 ponere
1529 4452 1771 4506 cinerem
1815 4467 1986 4523 supra

2097 3297 2264 3370 gelus
2296 3295 2546 3352 Domini.
2581 3297 2635 3365 ᾖ.
2667 3295 2875 3350 Jesum
2905 3294 3189 3367 quaeritis.
3221 3296 3488 3366 Hymnus.
3521 3293 3608 3350 Ad
3641 3311 3754 3351 ca:-

2096 3403 2252 3442 nam.
2288 3387 2340 3454 it.
2373 3383 2598 3440 Pascha
2627 3387 2830 3440 nostra
2859 3381 3200 3454 immolatus
3228 3387 3318 3439 est
3347 3382 3636 3442 Christus.
3669 3382 3753 3440 Ad

2095 3473 2432 3548 Magniﬁcat
2458 3473 2784 3545 antiphona.
2817 3471 3068 3545 Vespere
3099 3475 3318 3528 autem.

2168 3563 2537 3622 0ratio.Deus
2569 3561 2668 3634 qui
2700 3561 2851 3617 hanc
2879 3561 3342 3618 sacratissimam
3365 3565 3598 3618 noctem
3621 3559 3752 3634 glo-

2096 3651 2184 3709 ria
2213 3650 2518 3708 dominiere
2550 3649 2993 3707 resurrectionis
3040 3647 3324 3718 illustras,
3355 3665 3637 3707 conserva
3689 3649 3752 3706 in

2095 3758 2243 3798 nova
2273 3738 2508 3797 familiai
2537 3744 2649 3794 tua:
2680 3737 2956 3812 progenie
2987 3737 3317 3810 adoptionis
3337 3737 3754 3810 spiritum,qui

2095 3830 2330 3897 dedisti,
2362 3833 2429 3885 ut
2457 3844 2696 3900 corpore
2737 3832 2795 3884 et
2842 3831 3035 3884 mente
3081 3826 3340 3884 renovati
3387 3841 3599 3900 puram
3640 3827 3754 3882 tibi

2095 3919 2410 3976 exhibeant
2438 3917 2798 3973 servitutem.
2833 3920 2943 3972 Per
2969 3915 3262 3972 eumdem.

2165 4006 2484 4078 Antiphona
2512 4003 2576 4062 de
2604 4021 2761 4061 cruce
2789 4019 2961 4076 usque
2990 4003 3060 4060 ad
3083 4012 3350 4060 octavam.
3391 4002 3754 4062 Cruoifixum

2092 4094 2153 4150 in
2185 4109 2356 4150 carne
2386 4093 2716 4161 laudemus,
2749 4098 2806 4150 et
2837 4092 3133 4165 sepultum
3165 4096 3402 4166 propter
3431 4109 3539 4150 nos
3567 4091 3752 4166 glori-

2093 4183 2356 4240 ﬁcemus.
2392 4183 2813 4255 Rcsurgentem
2845 4182 2916 4238 de
2945 4185 3152 4251 morte,
3167 4182 3376 4250 venite,
3410 4181 3748 4250 adoremus,

2094 4271 2350 4340 alleluia,
2384 4270 2638 4339 alleluia,
2673 4269 2925 4327 alleluia.

2163 4361 2477 4434 Antiphona
2503 4363 2704 4416 sancta:
2734 4361 2919 4416 Mariae
2945 4376 3114 4431 usque
3156 4361 3217 4414 in
3271 4366 3522 4436 octauum
3565 4359 3753 4416 Pente-

2093 4458 2282 4507 costes.
2313 4448 2537 4522 Regina
2564 4447 2712 4504 cceli.
2745 4447 2968 4504 Diﬂ‘usa
2999 4452 3107 4504 est.
3143 4451 3474 4521 Pmpterea.
3509 4477 3516 4486 τ

329 4539 676 4610 singulorum
702 4541 946 4610 fratrum
971 4540 1156 4611 capita
1185 4540 1242 4594 in
1271 4539 1492 4596 modum
1521 4542 1700 4596 crucis
1719 4539 1944 4597 dicendo
1965 4558 1983 4595 :
2015 4559 2062 4626 Ι)
2166 4539 2374 4595 Oratio.
2406 4543 2589 4626 Deus,
2624 4535 2733 4626 qui
2754 4536 2991 4626 violatae
3041 4539 3263 4592 natura:
3316 4551 3420 4626 per
3464 4535 3752 4626 virginale

333 4627 676 4697 Recordare,
731 4628 928 4697 homo,
979 4631 1092 4684 etc.
1127 4631 1194 4685 Et
1239 4629 1337 4685 ille
1383 4629 1479 4700 qui
1523 4631 1739 4702 accipit,
1772 4629 1920 4686 dicat
1963 4646 1984 4692 ;

332 4717 522 4790 Hujus
555 4716 770 4774 cineris
797 4717 1058 4791 aspersio
1089 4717 1166 4774 sit
1197 4717 1365 4790 mihi,
1395 4718 1659 4789 Domine,
1693 4718 1764 4775 ad
1798 4735 1983 4775 reme-

329 4807 495 4862 dium
526 4805 804 4863 salutare.

402 4899 531 4951 Post
587 4896 773 4952 laudes
836 4899 1001 4970 feria
1063 4901 1278 4969 quartae
1340 4899 1571 4970 majoris
1636 4897 1987 4956 hcbdomadae

329 4983 601 5040 habentur
629 4988 1046 5056 sequentia.Hic
1071 4987 1506 5058 exstinguuntur
1531 4988 1717 5042 omnia
1747 4987 1982 5042 lumina.

330 5073 414 5128 Ad
447 5073 794 5130 Benedictus
823 5074 1440 5147 antiphona.Traditor.
1471 5076 1568 5130 His
1595 5075 1757 5132 dictis
1785 5075 1986 5132 cadant

330 5160 436 5218 duo
467 5165 594 5217 ante
622 5161 870 5228 altare,et
899 5164 1084 5220 dicunt
1111 5181 1307 5220 sonora
1338 5180 1462 5220 voce
1489 5182 1507 5218 :
1539 5163 1708 5236 Kyrie
1741 5162 1981 5232 eleison,

329 5248 556 5306 Christe
583 5247 821 5317 eleison,
853 5250 1116 5320 Domine,
1146 5253 1446 5308 miserere.
1477 5253 1542 5308 Et
1588 5252 1853 5308 similiter
1899 5268 1984 5308 re-

329 5337 632 5410 spondeant
663 5339 853 5392 caeteri
879 5340 984 5396 alii
999 5357 1022 5402 ;
1051 5345 1104 5396 et
1131 5342 1230 5413 qui
1255 5343 1383 5396 sunt
1407 5344 1535 5396 ante
1562 5341 1738 5396 altare
1755 5339 1943 5397 dicant
1963 5359 1982 5398 :

330 5426 601 5482 Christus
621 5425 778 5480 Deus
801 5427 988 5485 factus
1003 5433 1093 5486 est
1106 5429 1389 5486 obediens
1409 5443 1598 5501 usque
1615 5428 1688 5484 ad
1710 5433 1982 5498 mortem,

332 5515 534 5571 Caeteri
561 5512 962 5582 respondeant:
997 5517 1162 5588 Kyrie
1201 5516 1444 5584 eleison,
1477 5515 1705 5572 Christe
1741 5516 1983 5587 eleison,

331 5599 594 5666 Domine,
633 5597 927 5660 miserere.
973 5606 1039 5660 Et
1069 5605 1159 5662 illi
1185 5608 1315 5662 ante
1357 5603 1535 5661 altare
1581 5605 1767 5663 dicant
1799 5624 1812 5662 :
1845 5607 1985 5665 Jesu

2093 4628 2274 4684 decus
2321 4625 2567 4683 adhibes
2611 4625 2986 4692 medicinam,
3030 4626 3120 4682 fac
3170 4641 3278 4682 nos
3325 4623 3507 4680 beatae
3553 4623 3751 4682 Maria:

2093 4732 2326 4790 semper
2353 4713 2598 4787 virginis
2644 4713 2917 4786 precibus
2965 4717 3022 4770 et
3069 4714 3430 4776 fermentum
3459 4718 3754 4786 conceptae

2093 4802 2400 4878 pravitatis
2430 4801 2666 4875 penitus
2695 4800 2966 4874 abjicerc,
3015 4805 3074 4858 et
3118 4801 3179 4858 in
3227 4799 3501 4858 novitatis
3550 4816 3756 4874 azyma

2093 4895 2166 4951 de
2193 4895 2481 4950 vetustate
2511 4883 2780 4947 transire.
2814 4890 2940 4946 Per.

2501 4995 2778 5036 DOMINICA
2816 4993 3326 5037 RESURBECTIONIB.

2164 5072 2440 5143 Incipiunt
2468 5070 2677 5139 vigiliz
2705 5085 2862 5124 more
2887 5068 3298 5136 canonicorum,
3346 5067 3558 5125 scilicet
3591 5082 3604 5124 :
3639 5067 3753 5126 Do-

2095 5160 2273 5226 mine,
2307 5157 2464 5214 labia
2493 5174 2626 5214 mea
2655 5156 2904 5229 aperies.

2163 5249 2242 5305 Ad
2270 5254 2482 5304 sextam
2508 5247 2674 5318 hujus
2703 5246 2816 5302 diei
2843 5246 3074 5305 habetur
3100 5261 3325 5320 sequens
3372 5247 3584 5302 oratio.
3605 5245 3753 5300 Pran-

2095 5344 2206 5408 sta,
2238 5351 2604 5410 quaesumus,
2637 5335 3012 5408 omnipotens
3039 5339 3218 5402 Deus,
3259 5337 3325 5392 ut
3369 5333 3751 5392 resurrectio-

2092 5428 2187 5486 nis
2219 5422 2532 5483 Dominicae
2565 5421 2850 5480 solemnia
2877 5423 3149 5491 colimus,
3182 5421 3499 5496 ereptionis
3538 5427 3751 5482 nostra

2094 5516 2391 5588 suscipere
2423 5509 2684 5568 laetitiam
2717 5528 3066 5570 mereamur.
3099 5515 3226 5568 Per.
3656 5559 3666 5566 .

2162 5604 2241 5660 Ad
2269 5599 2606 5674 Magnificat
2636 5601 2956 5676 antiphona.
2981 5605 3118 5658 Post
3146 5600 3484 5675 passionem
3517 5601 3754 5662 Domini
