3920 6208
182 338 343 428 ’ίδδτ

1011 363 1394 427 EXECRPT.
1440 362 1542 426 EX
1587 363 1815 426 CODD.
1864 363 2178 427 LITURG.
2226 363 2827 428 FONTAVELLAN.

3501 357 3623 424 958

200 496 414 556 ‘factus
442 500 529 554 est
558 495 1051 570 conventus,quia
1078 514 1195 553 non
1221 498 1623 554 estinventum
1648 513 1860 571 corpus
1895 498 1950 566 Α
1978 497 2273 570 pervenire
2303 498 2550 570 patriam
2575 514 2926 564 mereamur,
2952 514 3129 571 quam
3153 497 3277 571 ipse
3305 498 3443 555 totis
3477 495 3621 556 desi-

227 588 287 645 in
319 590 724 655 monumento,
757 586 941 659 lapsis
972 586 1256 643 sustinuit
1291 591 1634 660 perpetuam
1665 587 1867 654 vitam,

228 680 682 733 monumentum
713 675 969 732 reddidit
990 676 1285 733 caelestem
1317 677 1717 749 margaritam,
1737 676 1867 732 alle-

226 766 369 823 luia.

295 855 404 910 Per
443 860 614 909 totum
660 854 904 924 ofﬁcium
948 853 1013 909 de
1043 855 1291 925 Tempore
1329 853 1475 908 nihil
1505 854 1781 929 reperitur
1810 852 1869 905 in

223 943 405 999 codice
472 941 945 998 animadversione
997 942 1246 1013 dignum,
1301 949 1675 1014 praeterquam
1731 940 1872 1011 quod

224 1032 471 1104 ofﬁcium
516 1030 582 1087 de
629 1031 891 1086 Trinitale
933 1034 1161 1103 ponitur
1201 1033 1321 1102 post
1366 1031 1708 1086 Dominicam
1739 1045 1871 1084 xxw

224 1124 578 1178 Pentecostes.

473 1227 529 1267 IN
566 1227 766 1267 NATALI
806 1227 1002 1267 SANCTI
1040 1227 1283 1266 ANDREE
1319 1226 1608 1266 APOSTOLI.

284 1298 991 1355 InvitatoriumChristum
1008 1316 1199 1372 regem
1215 1300 1451 1355 adorem
1461 1298 1843 1355 usDominum
1855 1341 1867 1353 .

223 1388 324 1461 qui
357 1387 640 1461 martyrio
666 1388 857 1444 crucis
888 1388 1123 1444 beatum
1149 1387 1493 1460 gloriﬁcavit
1514 1387 1866 1460 apostolum.

684 1479 927 1550 Hymnus
955 1478 1025 1533 ad
1054 1480 1405 1533 matutinum.

507 1565 747 1622 Andreae
770 1566 982 1623 festum
1015 1566 1246 1633 colitur,

511 1656 634 1711 Lux
665 1655 841 1711 chara
872 1655 984 1728 piis
1015 1656 1220 1721 oritur,

505 1744 614 1800 Per
643 1761 817 1817 quem
847 1745 1118 1801 tenebras
1148 1746 1427 1801 deserunt

508 1833 592 1889 Ad
620 1850 823 1889 verum
856 1832 1055 1890 lumen
1089 1834 1357 1904 redeunt,

579 1923 775 1995 Egmas
807 1924 863 1978 in
897 1924 1230 1995 apostolum

512 2011 722 2068 Minaci
755 2013 983 2068 frendet
1013 2012 1247 2085 spiritu,

510 2102 618 2157 Per
637 2118 809 2174 quem
839 2101 1067 2158 Achaiae
1099 2102 1381 2175 populum

509 2190 706 2247 Cernit
735 2190 817 2247 ire
847 2195 979 2264 post
1008 2191 1343 2247 Dominum.

581 2278 777 2335 Nescit
805 2280 998 2336 minas
1030 2296 1357 2352 pavescere,

507 2368 725 2441 Nequit
754 2368 1061 2424 tormentis
1093 2370 1293 2426 cedere

512 2456 897 2513 Flammantis
929 2458 1101 2515 ardor
1134 2459 1265 2513 fidei

515 2545 643 2605 Non
675 2546 856 2601 sentit
884 2546 1000 2602 vim
1032 2546 1324 2620 supplicii.

582 2635 781 2691 Crucis
811 2634 1042 2692 vinctus
1073 2635 1331 2708 patibulo

514 2725 701 2780 Laatus
733 2725 1023 2796 pendebat
1053 2723 1248 2780 biduo.

513 2811 577 2868 In
608 2811 739 2884 ipsa
768 2818 953 2870 morte
982 2813 1209 2885 positus

517 2899 655 2955 Vitae
683 2906 884 2956 manat
913 2901 1234 2974 eloquium.

590 2989 741 3043 Luce
770 2988 1010 3061 delapsa
1036 2990 1263 3046 caelitus

523 3075 777 3147 Repente
806 3076 1318 3147 circumfunditur,

521 3164 629 3228 Qui
661 3164 744 3220 sic
775 3164 937 3220 obire
967 3167 1202 3233 meruit,

521 3253 695 3309 Lucis
722 3256 1031 3310 Auctorem
1058 3256 1243 3327 petiit.

478 3408 483 3411 _
588 3342 673 3398 Sit
692 3342 847 3398 Patri
878 3342 1010 3400 laus
1042 3344 1322 3416 ingenito,

516 3431 605 3487 Sit
635 3431 822 3487 Decus
855 3431 1186 3505 Unigenito,

515 3519 603 3575 Sit
631 3519 938 3593 utriusque
968 3521 1136 3594 parili

516 3607 791 3679 Majestas
817 3625 1054 3665 summa
1085 3610 1329 3668 ﬂamini.
1357 3614 1560 3668 Amen.

658 3699 907 3769 Hymnus
936 3699 1007 3753 ad
1028 3715 1295 3771 vesperas.

588 3785 860 3858 Captator
888 3786 1028 3843 olim
1060 3787 1333 3860 piscium.

516 3866 647 3930 Jam
669 3892 824 3931 nunc
854 3875 1108 3947 piscator
1139 3877 1449 3934 hominum

518 3961 659 4020 Tuis
685 3964 946 4019 Andreas
979 3965 1200 4021 retibus

516 4051 717 4107 Mundi
749 4069 856 4108 nos
889 4070 1028 4126 rape
1061 4055 1336 4113 ﬂuctibus

588 4141 911 4195 Germanus
938 4142 1087 4197 Petri
1114 4159 1351 4216 corpore

515 4227 631 4282 Nec
660 4226 867 4282 mortis
896 4229 1097 4302 dispar
1127 4232 1330 4288 ordine

518 4317 675 4381 Quos
703 4331 822 4370 una
851 4332 984 4371 caro
1016 4319 1218 4390 genuit

516 4403 670 4459 Crux
698 4401 839 4458 ccelo
870 4402 1079 4459 fratres
1110 4407 1313 4462 edidit.

587 4491 631 4548 Ο
662 4508 901 4565 germen
933 4509 1064 4549 vere
1095 4495 1289 4552 nobile

514 4582 559 4639 Ο
589 4599 697 4654 par
723 4597 938 4638 corona
966 4580 1167 4655 gloriae

512 4668 780 4727 Ecclesia:
812 4671 1011 4728 Patres
1042 4672 1123 4743 pii

511 4758 714 4816 Crucis
748 4761 891 4815 sunt
917 4776 1080 4832 aeque
1112 4759 1238 4815 filii.

581 4838 666 4894 Ad
694 4838 727 4895 J
732 4855 897 4894 esum
930 4839 1093 4895 fratri
1116 4841 1366 4912 praevius

510 4927 700 4983 Judex
727 4927 863 4984 vitze
893 4932 1172 4986 strenuus

509 5017 580 5072 Et
607 5017 776 5073 nobis
810 5022 933 5074 esto
967 5017 1204 5075 miseris

505 5105 665 5161 Beati
695 5106 813 5161 dux
843 5106 1092 5163 itineris.

579 5193 669 5249 Sit
698 5193 854 5250 Patri
884 5194 1017 5251 laus
1046 5196 1326 5270 ingenito,
1357 5204 1467 5254 etc.

402 5298 462 5336 IN
497 5299 691 5338 NATALI
721 5299 919 5339 SANCPI
946 5300 1213 5341 AMBROSII
1244 5302 1646 5344 CONFESSORIS.

300 5367 507 5426 Oratio.
531 5370 912 5445 Omnipotens
953 5373 1307 5445 sempiterno
1338 5378 1510 5442 Deus,
1533 5376 1633 5448 qui
1678 5394 1781 5450 per
1804 5397 1870 5437 os

229 5452 377 5513 beati
407 5458 702 5530 pontiﬁcis
724 5460 1018 5516 Ambrosii
1041 5459 1406 5534 eloquiorum
1427 5469 1665 5521 tuorum
1699 5467 1869 5523 nobis

228 5542 421 5600 abdita
446 5547 1005 5616 reserasti,concede
1028 5550 1196 5606 nobis
1226 5567 1427 5606 aurem
1462 5553 1710 5624 pectoris
1740 5556 1868 5626 ejus

163 5625 201 5661 ’ί
229 5636 664 5692 accommodare
685 5634 987 5703 doctrinis,
1015 5642 1078 5691 ut
1099 5638 1170 5693 ad
1195 5637 1354 5696 illam
1377 5640 1505 5710 ejus
1536 5625 1862 5698 interventu

1900 1869 1948 1934 B

1979 585 2158 643 deriis
2188 586 2499 643 anhelavit.
2534 587 2657 643 Per.

2394 692 2452 731 IN
2493 694 2681 732 NATALI
2724 693 2918 732 SANCTI
2957 693 3214 731 ZENONIS.

2052 764 2253 820 Oratio.
2276 769 2446 833 Deus,
2468 766 2564 837 qui
2589 765 2747 821 hunc
2774 765 2929 821 diem
2960 764 3349 821 venerabilem
3376 765 3435 821 in
3468 766 3617 822 beati

1979 853 2226 909 Zenonis
2257 855 2608 911 confessoris
2638 853 2723 909 tui
2757 858 2931 927 atque
2973 853 3265 927 pontiﬁcis
3321 854 3624 910 devotione

1979 941 2269 998 celebrare
2295 943 2585 1011 concedis,
2604 959 2883 999 conserva
2902 944 2961 998 in
2978 943 3144 999 nobis
3160 943 3623 999 misericordiam

1977 1034 2164 1098 tuam,
2187 1035 2244 1086 et
2266 1032 2537 1103 precibus
2562 1033 2776 1089 nostris
2801 1033 2934 1105 pius
2956 1037 3012 1089 et
3035 1032 3291 1088 clemens
3319 1032 3524 1088 adesse
3544 1032 3626 1087 di-

1978 1124 2259 1192 gnare,ut
2282 1120 2435 1176 sicut
2467 1122 2634 1177 beato
2656 1122 2870 1177 Zenoni
2901 1122 3187 1177 sacerdoti
3217 1121 3467 1196 gratiam
3520 1120 3625 1177 tri-

1980 1208 2178 1274 buisti,
2211 1209 2293 1263 ita
2318 1215 2372 1266 et
2395 1210 2564 1267 nobis
2596 1210 2793 1284 largiri
2823 1211 3083 1283 digneris
3115 1212 3238 1267 Per.

2444 1314 2513 1354 ΙΝ
2544 1318 2737 1356 NATALI
2776 1317 2971 1356 SANCTI
3012 1318 3159 1355 SYRI.

2051 1386 2257 1442 Oratio.
2291 1392 2463 1453 Deus,
2503 1389 2602 1460 qui
2656 1392 2891 1445 tuorum
2953 1390 3281 1445 antistitum
3343 1389 3625 1462 potentis-

1978 1475 2166 1530 simus
2196 1474 2540 1543 illustrator,
2570 1478 2783 1548 tribue,
2816 1483 3278 1550 quaesumusmt,
3301 1477 3626 1535 beatissimi

1979 1565 2296 1620 sacerdotis
2309 1569 2365 1620 et
2382 1565 2830 1621 confessoristui
2854 1566 2981 1638 Syri
2998 1568 3330 1639 magnificis
3342 1567 3626 1640 exemplis

1977 1651 2299 1721 informati,
2346 1653 2544 1709 saeculi
2598 1653 2776 1724 hujus
2824 1653 3133 1726 caliginem
3195 1655 3321 1710 sine
3370 1654 3627 1728 periculo

1978 1745 2368 1797 transeamus.
2405 1742 2530 1797 Per.

2158 1845 2217 1885 IN
2260 1847 2691 1886 PURIFICATIONE
2730 1847 2921 1886 BEAT/E
2961 1848 3158 1887 MARLE
3197 1849 3471 1889 VIRGINIS.

2050 1920 2128 1974 Ad
2209 1922 2513 1991 Vespermn.
2568 1920 2898 1991 Antiphona.
2957 1921 3174 1975 Tecum
3244 1921 3625 1994 principium.

1980 2010 2129 2064 Psal.
2183 2007 2335 2064 Dixit
2393 2008 2699 2064 Dominus.
2748 2009 3075 2081 Antiphone.
3124 2010 3626 2083 Redemptionem.

1979 2099 2128 2153 Psal.
2190 2097 2543 2153 Conﬁtebor.
2596 2099 2928 2170 Antiphone.
2983 2100 3260 2154 Exortum
3321 2104 3427 2156 est.
3476 2101 3625 2157 Psal.

1981 2188 2193 2242 Beatus
2224 2186 2328 2241 vir.
2361 2188 2688 2259 Antiphone.
2710 2187 2789 2243 De
2820 2188 3029 2244 fructu.
3065 2191 3215 2245 Psal.
3244 2189 3555 2246 Memento.

2055 2276 2256 2331 Oratio.
2309 2276 2521 2331 Perfice
2580 2278 2636 2331 in
2689 2276 2880 2343 nobis,
2941 2294 3301 2348 quaesumus,
3362 2278 3625 2347 Domine,

1982 2365 2229 2438 gratiam
2254 2367 2417 2419 tuam
2440 2381 2616 2436 quam
2635 2365 2779 2435 justi
2799 2365 3380 2440 Simeonisimplesti,
3396 2370 3461 2423 ut
3477 2366 3631 2423 sicut

1983 2453 2079 2509 ille
2110 2459 2356 2509 mortem
2390 2469 2503 2509 non
2534 2453 2696 2521 vidit,
2725 2453 3071 2526 priusquam
3102 2455 3398 2511 Christum
3432 2456 3629 2512 Domi-

1984 2560 2127 2598 num
2150 2542 2344 2597 videre
2375 2546 2715 2611 mereretur,
2741 2543 2823 2599 ita
2852 2546 2907 2598 et
2928 2560 3034 2598 nos
3055 2545 3232 2599 vitam
3256 2546 3628 2603 obtineamus

1984 2638 2279 2689 aeternam.
2312 2632 2438 2686 Per.

2055 2724 2178 2777 Post
2217 2722 2434 2776 tertiam
2477 2720 2641 2791 hujus
2681 2721 2795 2777 diei
2860 2722 3117 2793 leguntur
3178 2724 3462 2794 sequentia
3528 2740 3628 2795 pro

1986 2810 2356 2866 benedictione
2405 2810 2777 2866 candelamm.
2836 2812 2965 2866 Post
3047 2811 3164 2869 hmo
3247 2812 3632 2868 benedicantur

1984 2899 2248 2965 candelae,
2279 2906 2329 2954 et
2385 2898 2534 2955 dicat
2590 2900 2834 2955 sacerdos
2888 2916 3085 2956 sonora
3141 2917 3309 2957 voce:
3343 2900 3630 2958 Dominus

1984 2989 2306 3044 vobiscum.
2340 2988 2582 3059 Exaudi,
2612 2993 2722 3044 etc.

2059 3078 2264 3132 Oratio.
2299 3076 2682 3148 Omnipotens
2732 3077 3083 3149 sempiterno
3141 3079 3316 3152 Deus,
3374 3081 3475 3152 qui
3529 3083 3657 3152 per

1986 3165 2241 3220 Verbum
2290 3168 2479 3231 tuum,
2512 3164 2709 3220 lumen
2757 3164 3024 3222 videlicet
3068 3184 3294 3236 verum,
3327 3168 3630 3226 illuminas

1908 3237 1951 3303 C
1989 3270 2220 3309 omnem
2246 3253 2544 3308 hominem
2566 3254 2893 3309 venientem
2925 3253 2985 3308 in
3017 3253 3174 3311 hunc
3191 3258 3501 3325 mundum,
3518 3262 3629 3313 tuae

1980 3341 2334 3398 visitationis
2363 3341 2550 3414 gratia
2612 3342 3167 3412 inexstinguibiliter
3216 3345 3393 3401 corda
3432 3351 3631 3402 nostra

1985 3429 2368 3503 perlustra,et
2391 3430 2498 3486 has
2516 3429 2790 3486 candelas
2819 3429 2934 3485 luci
2966 3430 3181 3488 visibiii
3211 3438 3377 3505 aptas
3404 3434 3624 3492 caelesti

1984 3518 2431 3583 benedictionet
2458 3518 2777 3583 sanctiﬁca,
2800 3524 2863 3574 ut
2879 3521 2952 3574 ob
2977 3521 3357 3576 reverentiam
3382 3540 3633 3594 praesen-

1985 3607 2061 3663 tis
2093 3607 2481 3664 solemnitatis
2511 3612 2567 3663 et
2597 3607 2942 3663 memoriam
2976 3609 3157 3665 beata:
3175 3609 3368 3666 Mariae
3401 3627 3632 3683 semper

1984 3696 2228 3769 virginis
2257 3695 2469 3751 Filium
2501 3712 2566 3751 ac
2596 3696 2911 3751 Dominum
2943 3714 3116 3753 suum
3148 3704 3443 3755 auctorem
3462 3704 3519 3755 et
3536 3702 3633 3757 ob-

1986 3790 2335 3841 servatorem
2368 3784 2516 3857 legis
2546 3785 2604 3840 in
2636 3784 2854 3857 templo
2886 3786 3181 3842 offerentis
3200 3804 3233 3842 a
3255 3787 3490 3844 famulis
3509 3789 3629 3845 tuis

1986 3872 2189 3929 oblatae
2213 3871 2426 3928 fuerint
2453 3889 2518 3928 ac
2551 3872 2774 3928 nomini
2804 3876 2903 3928 tuo
2935 3874 3136 3929 devote
3166 3875 3464 3947 dedicatae,
3496 3877 3630 3933 oﬁ'e-

1984 3967 2178 4017 rentes
2199 3978 2297 4017 eas
2324 3966 2438 4017 ture
2459 3961 2880 4017 benedictionis
2906 3979 3138 4034 semper
3169 3958 3630 4036 posSideantcla—

1985 4051 2239 4106 ritatem.
2272 4050 2380 4105 Per
2407 4050 2705 4105 eumdem.

2054 4139 2179 4194 Alia
2218 4139 2413 4194 oratio.
2472 4138 2855 4210 Omnipotens
2912 4139 3262 4211 sempiterno
3318 4142 3492 4210 Deus,
3527 4151 3629 4216 qui

1984 4226 2266 4283 hodierna
2294 4226 2406 4294 die,
2438 4234 2500 4281 ut
2527 4228 2588 4281 in
2618 4225 2803 4281 editis.

2055 4316 2180 4370 Alia
2208 4316 2402 4371 oratio.
2426 4314 2676 4370 Benedic
2701 4320 2753 4381 τι,
2788 4317 3027 4372 Domine
3042 4318 3071 4372 J
3081 4334 3184 4372 esu
3207 4318 3453 4387 Christe,
3479 4319 3630 4376 hanc

1984 4407 2309 4458 creaturam
2332 4418 2475 4458 cera:
2496 4402 3026 4474 supplicationibus
3048 4406 3286 4471 nostris,
3316 4411 3372 4461 et
3387 4406 3630 4464 infunde

1983 4491 2032 4548 ei
2056 4508 2158 4563 per
2182 4491 2373 4547 crucis
2396 4496 2611 4547 sanctae
2640 4496 2753 4547 tua:
2786 4494 3060 4549 virtutem
3106 4494 3571 4553 benedictionem
3596 4503 3626 4564 τι

1903 4602 1951 4666 D
1982 4580 2296 4649 coelestem,
2318 4584 2382 4635 ut
2410 4581 2509 4652 qui
2543 4597 2668 4636 eam
2703 4582 2775 4636 ad
2826 4582 3188 4655 repellendas
3221 4584 3489 4641 tenebras
3517 4585 3627 4641 hu-

1982 4685 2156 4724 mano
2186 4669 2384 4741 generi
2412 4666 2694 4735 tribuisti,
2718 4669 2911 4725 taliter
2942 4670 3241 4743 signaculo
3273 4673 3464 4729 crucis
3514 4677 3629 4730 tua:

1985 4755 2386 4811 fortitudinem
2418 4760 2475 4812 et
2503 4756 2971 4812 benedictionem
3004 4757 3270 4830 accipiat,
3305 4763 3369 4813 ut
3410 4759 3470 4815 in
3501 4758 3629 4832 qui-

1984 4844 2488 4917 buscunquelocis
2511 4860 2754 4900 accensa
2784 4845 2904 4901 sive
2936 4847 3127 4918 posita
3158 4846 3348 4914 fuerit,
3368 4846 3633 4905 discedat

1982 4937 2039 4989 et
2063 4934 2471 4989 contremiscat
2526 4932 2817 4999 diabolus,
2850 4939 2906 4991 et
2958 4935 3145 5008 fugiat
3196 4936 3442 5008 pavidus
3494 4954 3631 4993 cum

1982 5021 2258 5077 omnibus
2289 5020 2575 5077 ministris
2608 5021 2733 5078 suis
2766 5024 2836 5079 de
2856 5023 3320 5082 habitationibus
3350 5023 3488 5093 illis,
3518 5042 3626 5083 nec

1980 5115 2299 5182 praesumat
2320 5108 2574 5182 amplius
2598 5111 2922 5182 inquietare
2939 5113 3027 5169 vel
3048 5113 3295 5170 illudere
3312 5113 3632 5172 servientes

1981 5198 2116 5254 Deo.
2142 5199 2389 5254 Proinde
2414 5199 2727 5271 supplices,
2762 5204 2837 5267 te,
2870 5218 3232 5272 quaesumus,
3268 5202 3533 5272 Domine,
3566 5206 3633 5259 ut

1977 5288 2214 5344 emittas
2272 5292 2544 5343 sanctum
2575 5288 2850 5361 angelum
2883 5294 3053 5346 tuum
3114 5288 3492 5363 Raphaelem,
3526 5289 3629 5362 qui

1979 5376 2189 5433 evulsit
2207 5380 2264 5432 et
2285 5375 2531 5449 repulsit
2560 5394 2594 5431 a
2620 5381 2763 5433 Sara
2792 5382 2849 5433 et
2871 5379 3052 5434 Tobia
3083 5379 3408 5433 daemonem
3431 5376 3632 5434 morti-

1978 5467 2164 5522 ferum
2196 5467 2594 5531 infestantem,
2629 5471 2693 5521 ut
2723 5471 2983 5522 conterat
3014 5468 3179 5522 illum
3224 5469 3281 5521 et
3323 5466 3529 5537 perdat
3557 5466 3628 5522 de

1978 5555 2204 5611 cunctis
2235 5553 2696 5609 habitationibus
2729 5555 3044 5611 colentium
3079 5555 3418 5624 Dominum,
3433 5554 3504 5610 de
3529 5555 3629 5610 ha-

1976 5642 2263 5711 silicis,de
2293 5641 2587 5710 domibus,
2615 5643 2684 5699 de
2715 5643 3050 5713 angulis,de
3077 5641 3263 5715 lectis,
3282 5642 3353 5699 de
3381 5642 3623 5700 retecto-
