3920 6208
276 318 398 383 οθο

276 550 366 601 tes
421 540 669 606 habitat,
704 536 1097 611 requiescunt,
1129 533 1447 601 dormiunt,
1483 528 1751 602 vigilant,
1796 544 1919 585 am-

279 632 484 690 bulant
507 634 566 686 et
595 626 941 684 consistunt.
976 624 1092 680 Nec
1145 621 1335 678 valeat
1378 618 1629 691 amplius
1688 616 1922 688 inquie-

277 718 530 789 tare,vol
564 733 804 791 pavores
836 714 1151 770 immittere
1180 728 1356 784 super
1385 707 1516 765 illos
1550 723 1698 779 quos
1733 704 1919 761 sancti

279 807 618 871 chrismatis
650 804 733 861 tui
766 802 1041 859 unctione
1073 799 1256 856 fecisti
1289 813 1417 853 esse
1449 794 1726 851 munitos.
1748 798 1926 848 Bene-

279 901 409 958 dico
442 902 471 970 τ
498 900 572 967 te,
593 910 744 957 cera,
764 893 822 948 in
855 890 1090 947 nomine
1112 884 1344 944 Domini
1369 884 1555 942 nostri
1584 885 1724 940 Jesu
1754 882 1921 941 Chri-

281 988 355 1047 sti
381 991 438 1045 et
457 987 670 1044 sanctis
712 979 1036 1046 Trinitatis,
1064 982 1129 1033 ut
1159 975 1241 1035 sis
1271 971 1675 1030 exterminatio
1706 970 1923 1035 diaboli

279 1082 335 1135 et
355 1075 619 1141 omnium
644 1065 1150 1127 contubernalium
1165 1061 1717 1137 ejus.Pereumdem
1731 1059 1926 1117 Domi-

281 1182 422 1221 num
453 1164 742 1226 nostrum,
773 1157 873 1230 qui
905 1155 1043 1211 vivit
1073 1157 1129 1210 et
1159 1157 1385 1227 regnat.

351 1256 492 1309 Tunc
546 1251 906 1323 aspergantur
959 1262 1104 1317 aqua
1164 1242 1443 1311 benedicta
1470 1248 1523 1297 et
1552 1242 1922 1305 incemmtur,

278 1348 333 1399 et
358 1343 674 1400 decantetur
728 1336 1030 1409 antiphona
1064 1352 1077 1389 :
1113 1334 1336 1392 Lumen
1395 1330 1466 1385 ad
1516 1327 1924 1386 revelationem

279 1431 560 1508 gentium,
595 1433 732 1495 etc.,
762 1434 979 1499 excepto
1011 1425 1222 1480 cantico
1243 1440 1261 1475 :
1290 1421 1455 1478 Nunc
1487 1416 1927 1488 dimittis,cujus

279 1523 390 1583 loco
421 1521 625 1579 dicitur
657 1536 670 1574 :
705 1517 858 1573 Deus
892 1512 1256 1569 misereatur.

351 1612 539 1671 Oratio
568 1608 637 1667 ad
688 1613 917 1662 sextam.
953 1604 1139 1658 Beatm
1169 1597 1367 1655 Mariae
1400 1612 1631 1669 semper
1657 1593 1923 1667 virginis,
2034 1578 2041 1585 “

283 1714 646 1772 quaesumus,
680 1694 946 1759 Domine,
980 1690 1134 1745 adsit
1190 1686 1358 1762 nobis
1389 1686 1607 1757 ubique
1646 1682 1850 1748 oratio,
1872 1686 1930 1739 et

281 1805 458 1863 quam
481 1787 685 1842 devoto
712 1781 876 1855 plebs
907 1786 1008 1837 tua
1043 1780 1372 1883 veneratur“
1379 1773 1680 1845 obsequio,
1714 1772 1925 1835 suifra-
1958 1807 2005 1883 Β

282 1878 407 1955 gari
439 1874 550 1933 sibi
581 1873 678 1948 pio
707 1869 1041 1944 experiatur
1064 1864 1299 1923 auxilio.
1331 1863 1455 1919 Per.

359 1967 546 2023 Oratio
587 1947 658 2021 ad
701 1977 928 2018 nonam.
960 1956 1210 2028 Adjuvet
1254 1969 1382 2019 nos,
1416 1965 1779 2022 quaesumus,
1817 1947 1926 2004 Do-

280 2056 461 2123 mine,
488 2054 704 2115 sanctze
728 2047 920 2106 Maria?
953 2060 1185 2117 semper
1213 2039 1457 2113 virginis
1488 2038 1826 2094 intercessio
1844 2053 1932 2092 ve-

282 2141 562 2209 neranda,
594 2142 652 2197 et
681 2155 714 2197 a
743 2138 1114 2210 peccatorum
1139 2127 1385 2186 vinculis
1417 2125 1718 2185 absolutos
1748 2124 1806 2180 in
1830 2129 1931 2181 tua

284 2230 457 2289 faciat
488 2243 629 2303 pace
656 2226 931 2301 gaudere.
965 2223 1091 2278 Per.

370 2338 440 2376 «ΙΝ
481 2333 671 2377 ΝΔΤΔῙᾸ
712 2331 905 2371 ΒΔΝΟΤΙ
945 2327 1126 2367 Βωειι
1166 2324 1412 2364 εριεοορι
1453 2323 1521 2361 ET
1558 2320 1856 2362 MARTYRIS.

353 2406 556 2471 Oratio.
580 2405 757 2471 Deus,
777 2400 876 2474 qui
898 2402 1134 2457 beatum
1151 2395 1407 2454 Blasium
1423 2398 1736 2467 martyrem
1759 2396 1926 2447 tuum

282 2502 458 2571 atque
482 2493 817 2569 pontiﬁcem
850 2489 1223 2563 pontificatus
1245 2482 1435 2540 ofﬁcio
1456 2487 1513 2540 et
1530 2482 1662 2538 ﬁdei
1688 2495 1929 2536 munere

289 2569 645 2651 sublimasti,
668 2582 863 2637 tribue
880 2576 1246 2650 supplicibus
1261 2574 1401 2640 tuis,
1418 2575 1481 2628 ut
1501 2569 1786 2644 quidquid
1807 2585 1930 2643 pec-

290 2675 400 2741 cati
434 2671 776 2746 contagione
805 2671 1170 2725 contractum
1200 2663 1367 2719 estin
1390 2659 1584 2727 nobis,
1605 2659 1731 2733 ipso
1758 2658 1930 2714 inter-

285 2765 524 2821 cedente
556 2760 834 2817 solvatur.
870 2757 992 2815 Per.

321 2868 380 2907 ΙΝ
420 2866 615 2917 ΙΑΤᾼῙᾸ
655 2863 845 2903 8ΑΝΟΤ1
885 2859 1154 2899 GREGORII
1195 2858 1352 2896 ΡΑΡᾸΞ
1391 2856 1457 2894 ET
1494 2853 1892 2896 CONFESSORIS.

359 2939 569 2995 Oratio.
602 2936 776 3002 Deus,
812 2932 913 3006 qui
944 2949 1047 3004 per
1073 2931 1309 2987 beatum
1336 2923 1678 3001 Gregorium
1712 2925 1933 2982 confes-

288 3044 477 3086 sorem
509 3031 678 3082 tuum
714 3027 887 3095 atque
905 3021 1240 3095 pontificem
1259 3016 1513 3075 cmlestis
1533 3014 1748 3090 eloquii
1762 3013 1932 3073 nobis

285 3116 654 3174 dulcedinem
686 3110 1031 3187 propinasti,
1049 3107 1284 3174 familiae
1331 3113 1446 3165 tua:
1470 3105 1720 3163 concede
1745 3103 1933 3177 propi-

1455 302 1647 370 SAEG.
1690 302 1774 373 XI
1815 297 2130 371 NONUM.
2173 299 2489 375 LITUBG.

277 455 401 523 riis,
432 455 491 514 et
517 449 589 511 de
643 444 931 506 universis
959 441 1104 502 locis
1134 442 1193 500 in
1227 441 1441 519 quibus
1479 439 1593 505 Deo
1625 437 1917 495 famulan-
1946 434 1999 507 Α

2313 436 2570 514 Spiritus
2601 436 2787 508 carni,

2314 525 2459 593 Caro
2490 526 2726 593 sanitati

2315 614 2602 679 Redditur
2628 632 2811 693 aeque.

2382 704 2524 762 Jure
2554 705 2664 762 sub
2686 704 2916 761 blandas

2316 794 2519 867 Specie
2551 794 2836 857 columbae

2230 900 2239 907 '
2315 883 2581 943 Nesciam
2613 883 2765 947 fellis

2315 973 2587 1033 Animam
2618 972 2834 1033 sororis

2316 1062 2560 1119 Summa
2588 1060 2803 1118 stellati

2317 1150 2624 1216 Penetrare
2653 1150 2781 1213 σεβιί

2317 1238 2592 1297 Culmina
2621 1238 2833 1295 cernis.

2386 1328 2515 1402 Ipse
2547 1331 2678 1402 post
2707 1327 2951 1387 clarum.

2318 1417 2592 1479 Referens
2623 1415 2991 1491 triumphum

2319 1504 2487 1563 Celsa
2516 1506 2740 1562 devicto

2321 1596 2474 1651 Petis
2503 1599 2660 1651 astra
2692 1593 2933 1663 mundo,

2322 1685 2472 1739 Luce
2508 1684 2910 1747 ﬂammantem

2320 1772 2602 1829 Radiante
2631 1770 2835 1833 callem

2324 1859 2507 1917 Pallia
2536 1863 2824 1917 sternunt.

2394 1951 2546 2007 Laus
2576 1950 2765 2006 honor
2792 1949 2967 2018 Patri,

2322 2038 2614 2112 Parilique
2646 2037 2794 2094 Proli

2323 2128 2448 2183 Una
2479 2129 2779 2200 majestas,

2321 2216 2537 2272 Eadem
2568 2219 2847 2295 potestas,

2300 2309 2465 2360 'Cum
2498 2303 2716 2376 quibus
2746 2305 2986 2359 sanctus

2323 2392 2512 2450 Simul
2542 2390 2744 2466 implet
2776 2408 3010 2448 omnem

2322 2480 2577 2555 Spiritus
2608 2481 2830 2538 orbem.
2856 2482 3060 2536 Amen.

2111 2573 2324 2644 Hymni
2372 2570 2441 2626 ad
2498 2571 2824 2626 nocturnum
2851 2577 2902 2637 el
2929 2569 2999 2626 ad
3054 2566 3241 2629 laudes
3298 2566 3469 2629 iidem
3496 2566 3597 2638 qui
3624 2566 3687 2620 in

2039 2663 2217 2735 ofﬁcio
2242 2676 2413 2733 parvo
2445 2659 2588 2715 beati
2617 2656 2911 2715 Benedicti.

2112 2751 2316 2808 Oratio.
2372 2748 2753 2819 Omnipotens
2810 2746 3166 2820 sempiterne
3220 2743 3393 2811 Deus,
3424 2742 3526 2815 qui
3584 2758 3692 2815 per

2040 2838 2294 2913 gloriosa
2312 2836 2465 2892 beati
2480 2833 2771 2891 Benedicti
2794 2832 3025 2893 abbatis
3044 2830 3309 2905 exempla
3327 2829 3689 2893 humilitatis

2040 2925 2396 2999 triumphale
2427 2922 2597 2980 nobis
2620 2923 2728 2979 iter
2757 2920 3082 2989 ostendisti,
3115 2920 3207 2992 da,
3240 2922 3688 3007 quasumusmt

2038 3017 2193 3073 viam
2212 3015 2320 3071 tibi
2353 3013 2575 3088 placita:
2604 3011 3086 3085 obedientiaz,per
3116 3006 3291 3085 quam.
3324 3006 3422 3069 ille
3450 3023 3689 3064 venera-

2040 3106 2176 3163 bilis
2209 3105 2379 3161 Pater
2405 3102 2625 3157 illaesus
2654 3099 3053 3166 antecedebat,
3090 3088 3199 3159 nes
3228 3095 3524 3173 prmelaris
3553 3095 3685 3167 ejus

286 3207 406 3264 tius
435 3173 493 3263 et
519 3173 750 3264 servare
795 3173 956 3275 quod
998 3173 1215 3266 docuit,
1247 3205 1304 3253 et
1333 3193 1614 3269 subsequi
1648 3173 1764 3265 quo
1796 3173 1927 3266 pro-
1959 3173 2002 3242 C
2044 3193 2270 3251 meritis
2294 3192 2477 3264 adjuti
2508 3190 2635 3245 sine
2665 3204 2859 3246 errore
2888 3188 3340 3267 subsequnmur-
3374 3185 3501 3241 P0P-

286 3295 477 3354 cessit.

648 3402 707 3440 lN
747 3398 949 3438 NATALI
988 3395 1184 3436 SANC’I‘I
1227 3390 1544 3433 BENEDIGTI.

887 3471 1154 3543 Hymnus.

639 3563 884 3618 Gemma
908 3557 1159 3615 cmlestis
1189 3553 1466 3628 pretiosa,

569 3651 743 3724 Regis
772 3663 980 3704 norma
1000 3647 1326 3719 justorum,

566 3738 677 3795 Via
706 3735 1127 3794 monachorum
1142 3774 1156 3801 ,

571 3828 689 3884 Nos
720 3826 793 3880 ab
824 3820 1117 3879 immundi

571 3912 897 3979 Benedicto,
931 3908 1137 3965 mundi

572 3999 861 4060 Subtrahe
889 4014 1073 4055 emno.

644 4090 732 4145 Tu
765 4087 955 4143 solum
987 4101 1293 4160 spernens,

575 4179 687 4236 Cor
715 4178 776 4233 in
809 4180 967 4233 astra
995 4176 1202 4250 figens,

576 4269 748 4343 Cogis
779 4266 1037 4323 heredes
1106 4259 1111 4265 ⁴

572 4357 722 4417 Fieri
754 4359 1047 4430 parentes,

574 4452 693 4505 Vas
720 4447 837 4504 Deo
869 4445 1108 4520 plenum

579 4537 868 4611 Reparare
897 4535 1155 4590 fructum

579 4622 982 4683 Promeruisti.

651 4715 901 4790 Magnus
930 4710 990 4767 in
1022 4707 1238 4785 parvis,

580 4804 835 4864 Eremita
863 4799 1149 4858 imberbis

579 4895 786 4953 Vincis
817 4893 1072 4956 aetatem,

585 4986 841 5056 Superas
870 4979 1134 5037 laborem

579 5074 756 5129 Areta
787 5068 1065 5126 districtis

584 5158 939 5217 Rudimenta
966 5155 1094 5211 vitae

584 5245 865 5306 Fervidus
894 5242 1126 5316 imples.

655 5336 857 5406 Strage
888 5347 1168 5388 saxorum

588 5424 839 5479 Puerum
872 5422 1244 5493 peremptum

588 5510 721 5566 Mox
746 5514 809 5567 ut
837 5506 1043 5575 orasti,

591 5597 792 5658 Preces
822 5593 1149 5663 suscitasti,

2109 3284 2297 3341 Oratio
2327 3280 2397 3337 ad
2423 3283 2657 3336 sextam.
2676 3275 2869 3333 Sancti
2897 3274 3195 3335 Benedicti
3216 3270 3570 3339 confessoris
3588 3270 3678 3327 tui

2039 3377 2216 3445 atque
2245 3369 2472 3426 abbatis
2503 3384 2629 3433 nos,
2663 3364 2927 3433 Domine,
2942 3361 3475 3437 supplicationibus
3490 3360 3686 3416 tribue

2040 3460 2238 3527 foveri,
2271 3463 2338 3515 ut
2365 3456 2538 3528 cujus
2574 3453 2963 3515 venerabilem
3022 3450 3458 3519 solemnitatem
3516 3448 3683 3505 obse-

2040 3548 2196 3623 quiis
2225 3546 2609 3613 celebramus,
2640 3544 2768 3614 ejus
2799 3539 3319 3606 intercessionibus
3340 3543 3405 3597 et
3459 3534 3688 3596 meritis

2041 3636 2542 3694 commendemur.
2574 3636 2704 3688 Per.

2115 3727 2301 3783 Oratio
2329 3724 2400 3780 ad
2416 3739 2640 3780 nonam.
2656 3721 2830 3787 Deus,
2845 3719 3069 3793 quinos
3083 3717 3235 3781 beati
3254 3714 3547 3783 Benedicti
3561 3731 3697 3771 con-

2042 3814 2283 3872 fessoris
2310 3812 2399 3869 tui
2420 3810 2657 3868 voluisti
2683 3808 3038 3884 magisteriis
3059 3805 3298 3883 eruditi,
3324 3806 3456 3880 ejus
3467 3803 3698 3861 meritis

2042 3903 2289 3977 dignare
2318 3917 2425 3958 nos
2456 3899 2530 3955 ab
2561 3896 2718 3954 omni
2751 3894 2975 3959 inimici
3005 3894 3211 3959 fraude
3253 3891 3506 3975 protegi.
3531 3892 3660 3950 Per.

2376 4006 2431 4044 m
2472 4002 2813 4047 mveunous
2850 4001 3078 4051 sacrm
3114 3998 3345 4049 caucis.

2467 4079 2713 4149 Hymnus
2743 4074 2814 4130 ad
2844 4089 3147 4147 vesperum.

2401 4166 2555 4223 Crux
2586 4163 2793 4220 mundi
2821 4162 2984 4219 salus
3012 4159 3222 4236 perditi

2333 4251 2625 4326 Perempti
2652 4251 2769 4309 vita
2797 4250 3015 4318 seculi,
3234 4250 3237 4253 ⁷

2332 4346 2519 4410 Quam
2548 4342 2706 4403 victa
2733 4345 2997 4405 tremunt
3025 4343 3266 4411 tartara,

2329 4431 2465 4489 Caeli
2493 4433 2768 4488 verentur
2798 4430 3054 4505 agmina.

2407 4522 2469 4578 In
2499 4525 2556 4576 te
2586 4520 2731 4576 dum
2757 4517 2877 4575 vita
2906 4516 3177 4588 moritur,

2334 4608 2544 4668 Mortis
2573 4612 2778 4666 catena
2807 4604 3071 4675 solvitur,

2334 4696 2566 4772 Egypti
2588 4698 2736 4771 jugo
2765 4693 2931 4761 liberi

2340 4787 2488 4844 Vere
2516 4789 2657 4848 sunt
2676 4782 2833 4848 lucis
2864 4782 2989 4845 ﬁlii.

2411 4875 2493 4930 Te
2524 4872 2690 4947 ponit
2715 4872 2906 4935 Judex
2933 4870 3222 4940 omnium,

2339 4964 2487 5020 Cum
2514 4961 2820 5035 judicatur
2848 4959 3063 5022 solium

2341 5052 2473 5108 Jam
2502 5053 2644 5107 tunc
2673 5050 2874 5107 haedos
2903 5048 2977 5113 ab
3002 5048 3206 5113 ovibus

2344 5143 2629 5214 Segregat
2651 5139 2711 5195 in
2733 5135 3081 5197 latronibus.

2416 5230 2506 5291 Tu
2538 5226 2744 5291 mundi
2770 5224 2927 5291 ludis
2954 5222 3281 5299 principem

2342 5320 2499 5387 Dum
2528 5312 2706 5395 punis
2733 5312 3182 5389 isipassibilem,

2346 5409 2526 5481 Reos,
2559 5403 2764 5466 oﬂ‘erre
2794 5402 2985 5477 solita,

2346 5497 2492 5567 Quae
2522 5508 2679 5557 nunc
2710 5491 2837 5561 das,
2870 5491 3062 5551 aufert
3090 5488 3296 5565 spolia.

2418 5583 2482 5645 In
2522 5584 2578 5645 te
2603 5583 2894 5645 mactatur
2921 5579 3160 5644 victima.
