3920 6208
190 347 319 450 9a"

976 376 1358 446 exesam.
1406 372 1509 443 EX
1556 372 1784 443 conn.
1829 371 2145 442 urnae.
2193 348 2791 443 FONTAVELLAN.

424 506 558 582 Quae;
587 515 795 572 mundi
823 518 1033 590 purgat
1062 506 1329 572 crimina.

433 591 566 660 Tibi
594 602 882 661 talentum
913 604 1189 670 creditur,

429 688 562 749 A’da‘e
596 694 749 767 quod
783 691 955 750 solvit
978 692 1263 750 debitum.

500 770 616 840 Nos
646 783 775 839 vitae
802 782 971 856 signo
1000 787 1257 855 'prOtege,

429 860 552 936 Ou‘o
583 880 682 927 rex
712 868 1041 945 triumphat
1075 870 1296 944 gloriae.

428 959 533 1017 Per
560 965 616 1017 te
643 961 714 1017 ad
746 966 993 1034 regnum
1018 958 1269 1033 perv‘eha

426 1042 587 1116 Quos
617 1048 896 1106 servitute
927 1049 1154 1105 liberat.

500 1132 589 1195 Sit
615 1132 774 1195 Patri
800 1129 938 1196 iaus
965 1138 1246 1212 ingenito,

426 1220 518 1285 Sit
538 1224 726 1285 decus
750 1222 1089 1302 ‘Unigenito,

421 1308 515 1372 Sit
538 1310 852 1390 utriusque
881 1314 1053 1391 parili

422 1397 700 1478 Majesta's
731 1418 966 1463 summa
997 1404 1269 1463 Flamini.
1299 1407 1504 1462 Amen.

717 1492 965 1568 Hymnus
993 1495 1062 1551 ad
1092 1493 1301 1551 laudes.

503 1587 651 1640 Crux
681 1585 885 1640 mundi
924 1585 1272 1649 benedictio,

342 1670 349 1677 ’
418 1664 573 1745 Spes
593 1677 660 1729 et
688 1678 850 1728 certa
881 1672 1226 1747 redemptio,

427 1758 581 1818 Olim
605 1758 886 1836 gehennae
918 1761 1136 1834 bajula,

426 1848 598 1906 Nunc
626 1849 784 1907 clara
813 1850 941 1907 cceli
965 1853 1171 1924 janua.

507 1940 569 1995 I'n
596 1944 654 1996 te
678 1938 908 1996 ‘leVatur
932 1939 1127 1997 hostia

430 2020 519 2085 Ad
546 2028 731 2102 seque
764 2028 937 2084 traxit
966 2031 1165 2084 omnia

426 2111 623 2183 Quam
656 2112 862 2174 mundi
889 2118 1166 2191 princeps
1199 2117 1445 2191 impetit,

426 2200 737 2281 Suumqne
769 2205 916 2262 nihil
950 2207 1189 2264 invenit.

502 2290 642 2361 ουω
662 2290 813 2368 'legis
847 2295 1148 2368 antiquius

440 2382 624 2440 Ve'tus
646 2386 846 2441 cassat
875 2380 1353 2459 chirographum,

425 2466 687 2546 Antiqua
712 2473 862 2547 perit
890 2472 1139 2531 servitus

428 2558 584 2619 'Vet‘a
605 2555 846 2618 libertas
876 2563 1160 2619 redditur.

504 2642 713 2708 Odoris
742 2652 827 2707 tui
868 2651 1033 2724 capia

440 2734 663 2796 Cuncta
695 2741 872 2796 vincit
901 2747 1167 2796 aromata

399 2823 402 2826 ’
436 2820 556 2909 Tui
587 2827 832 2909 dulcedo
866 2830 1114 2885 nectaris

446 2904 651 2991 Replet
680 2930 891 2974 arcana
922 2919 1192 2990 pectoris.

374 3068 377 3069 γ
512 2998 914 3073 Per’Crucem,
942 3006 1190 3073 Christe,
1222 3018 1560 3082 quaesumus

450 3096 536 3151 Ad
566 3095 695 3150 vitae
723 3096 977 3151 transfer
1004 3097 1308 3168 praemium

442 3182 600 3249 Quos
625 3181 773 3257 ligni
805 3180 954 3238 fixus
983 3183 1178 3256 stipite

436 3262 729 3345 Dignatus
759 3288 821 3328 es
852 3272 1158 3342 redimere,

506 3352 603 3417 Sit
626 3359 760 3416 laus
792 3360 946 3416 Patri
977 3361 1258 3434 ingenito,
1292 3362 1400 3420 etc.

346 3508 351 3513 λ
393 3466 454 3506 IN
486 3458 684 3507 mrsu
713 3456 1131 3527 n‘ros'mLo‘aUM
1162 3467 1324 3508 rs'rm
1358 3469 1425 3508 ET
1449 3460 1644 3509 PAULI.

886 3536 1158 3611 Hymnus.

411 3614 569 3684 Felix
590 3626 700 3700 ’per
727 3634 931 3683 omnes
964 3628 1176 3683 festum
1211 3628 1413 3683 mundi
1447 3629 1683 3687 cardine

334 3708 747 3788 ApostOIOrum
771 3714 1070 3789 prazpoilet
1098 3714 1385 3783 alacriter,

332 3794 491 3861 Petri
522 3804 697 3871 beati,
727 3803 889 3860 Pauli
927 3804 1333 3871 sacratissimi,

334 3894 495 3975 Quos
523 3875 790 3950 Christus
820 3893 975 3950 almo
1001 3895 1360 3951 consecravit
1383 3895 1671 3970 sanguine

330 3980 724 4039 Ecclesiarutn
756 3982 1055 4056 deputavit
1083 3983 1397 4058 principes.

407 4069 476 4125 Hi
507 4074 646 4126 sunt
676 4070 837 4127 oliva:
867 4072 994 4127 duae
1026 4086 1221 4129 coram
1252 4072 1501 4131 Domino

332 4159 406 4214 Et
436 4157 786 4215 candelabra
813 4159 942 4216 luce
975 4160 1280 4229 radiantia,

332 4245 620 4303 Praeclara
650 4245 777 4302 cmii
810 4248 925 4303 duo
958 4247 1291 4306 luminaria.

337 4333 538 4391 Fortia
568 4333 803 4390 solvunt
830 4341 1200 4406 peccatorum
1231 4338 1466 4399 vincula

332 4424 540 4480 Portas
569 4421 800 4497 Olympi
832 4429 1093 4480 reseraut
1123 4425 1413 4483 fidelibus.

411 4510 641 4568 Habent
669 4522 952 4584 supernas
980 4516 1331 4584 potestatem

334 4597 620 4656 Claudere
651 4612 921 4657 aermnae
953 4601 1144 4671 sedes,

334 4687 597 4745 Pandere
626 4688 995 4762 splendentia
1026 4687 1251 4746 lumina
1283 4691 1421 4764 poli,

330 4781 521 4849 Super
552 4776 669 4834 alta
696 4778 891 4834 sidera
926 4778 1139 4852 linguae

330 4865 549 4922 Eorum
580 4866 773 4924 claves
803 4866 931 4924 οωΙί
964 4868 1126 4924 factae
1157 4872 1297 4924 sunt

332 4958 549 5012 Larvas
578 4954 871 5029 repellunt
896 4955 1053 5014 ultra
1080 4957 1286 5013 mundi
1323 4957 1559 5015 limites.

406 5042 615 5101 Petrus
644 5045 851 5102 beatus
882 5050 1221 5102 catenarum
1256 5046 1495 5119 laqueos

335 5129 570 5189 Christo
592 5133 838 5204 jubenle
870 5152 934 5190 ru
943 5134 1030 5207 pit
1046 5134 1427 5205 mirabiliter,

333 5219 551 5277 Custos
582 5220 774 5291 ovilis,
794 5227 853 5279 et
881 5223 1081 5279 doctOr
1106 5218 1401 5293 Ecclesiae,

335 5307 658 5381 Pastorque
687 5309 902 5383 gregis,
933 5315 1303 5369 conservator
1330 5304 1523 5370 ovium

335 5400 514 5452 Arcet
540 5394 814 5468 luporum
840 5396 1239 5454 truculentam
1272 5400 1516 5456 rabiem.

410 5485 807 5558 Quodcunque
820 5482 1038 5543 'vinclis
1058 5496 1236 5559 Super
1256 5493 1472 5545 terram
1494 5489 1822 5562 strinxeris,

336 5572 461 5629 Erit
490 5572 549 5630 in
580 5574 755 5630 astris
788 5570 1094 5649 religatum
1128 5574 1381 5647 fortiter;

332 5661 409 5729 Et
437 5662 592 5744 quod
621 5660 862 5725 resolvis
888 5664 954 5723 in
978 5660 1157 5724 terris
1186 5664 1446 5740 arbitrio,

3470 378 3586 443 962

1858 522 1912 586 Α
2083 512 2206 568 Erit
2235 511 2495 569 solutum
2526 529 2705 587 super
2734 512 2861 570 cccli
2894 510 3105 569 radios.

2082 602 2145 657 In
2176 601 2291 658 ﬁne
2323 602 2527 658 mundi
2553 603 2738 674 judex
2765 602 2881 659 eris
2915 600 3129 659 smculi.

2151 690 2277 747 Non
2306 690 2501 765 impar
2527 690 2744 747 Paulus
2777 691 2913 746 huic
2944 692 3143 747 doctor
3169 692 3459 765 gentium,

2082 778 2393 836 Electionis
2423 780 2709 853 templum
2744 778 3236 844 sacratissimum.

2082 867 2145 924 In
2176 872 2363 925 morte
2392 885 2650 941 compar,
2674 868 2734 924 in
2767 886 2982 925 corona
3012 870 3322 943 particeps,

2081 958 2265 1013 Ambo
2296 956 2566 1027 lucernae,
2599 962 2658 1014 et
2685 958 2864 1015 decus
2894 958 3164 1015 Ecclesiae

2084 1044 2147 1100 In
2179 1045 2316 1101 orbe
2347 1045 2502 1102 claro
2536 1052 2846 1103 coruscant
2873 1048 3217 1104 vibramine.

2155 1133 2198 1189 Ο
2229 1134 2414 1191 Roma
2445 1135 2600 1204 felix,
2634 1153 2761 1208 quae
2792 1140 3090 1193 tantorum
3121 1136 3453 1212 principum

2083 1223 2151 1276 Et
2181 1228 2501 1295 purpurata
2531 1225 2785 1297 pretioso
2817 1225 3104 1299 sanguine

2083 1310 2327 1367 Exceilis
2356 1324 2589 1369 omnem
2625 1314 2830 1369 mundi
2861 1312 3357 1388 pulchritudinem

2083 1399 2207 1455 Non
2238 1398 2410 1456 laude
2434 1404 2557 1469 tua,
2584 1402 2685 1458 sed
2711 1405 3046 1460 sanctorum
3077 1404 3303 1463 meritis

2082 1488 2241 1552 Quos
2273 1491 2594 1547 cruentatis
2615 1490 2910 1565 jugulasti
2935 1491 3168 1567 gladiis.

2154 1578 2272 1637 Vos
2302 1589 2439 1652 ergo
2469 1579 2643 1637 modo
2675 1578 2919 1653 gloriosi
2953 1582 3268 1656 principes,

2085 1666 2250 1723 Petra
2280 1667 2466 1737 beate,
2496 1667 2672 1724 Paule
2703 1670 2909 1726 mundi
2935 1669 3146 1738 lilium,

2085 1754 2346 1812 leestis
2377 1756 2521 1812 aulae
2552 1756 2945 1832 triumphales
2977 1758 3213 1829 milites,

2088 1844 2365 1900 Precibus
2395 1844 2568 1901 almis
2596 1846 2809 1903 vestris
2838 1864 2945 1902 nos
2975 1849 3046 1903 ab
3079 1848 3354 1906 omnibus

2088 1933 2310 1990 Munite
2341 1933 2533 2001 malis,
2569 1934 2712 1991 ferte
2741 1950 2920 2010 super
2948 1936 3183 1994 aethera.

2158 2022 2354 2079 Gloria
2382 2021 2500 2079 Deo
2530 2040 2634 2097 per
2665 2025 2958 2081 immensa
2988 2026 3201 2084 saecula

2090 2111 2181 2167 Sit
2209 2111 2336 2182 tibi,
2368 2110 2534 2179 Nate,
2567 2113 2745 2170 decus
2776 2118 2836 2170 ‘et
2860 2114 3198 2186 imperium,
3232 2120 3342 2174 etc.

2438 2218 2497 2256 ΙΝ
2537 2219 2736 2259 ΝΑΤΑιι
2778 2219 3116 2259 EORUMDEM.

1867 1892 1914 1957 Β

2020 2291 2426 2359 Invitatorium,
2473 2294 2535 2345 ut
2580 2293 2643 2345 in
2684 2290 2864 2347 editis.
2919 2293 3251 2365 Antiphoni).
3284 2293 3605 2366 Inplateis

1951 2377 2321 2450 ponebantur
2362 2377 2584 2433 inﬁrmi
2613 2378 2673 2435 in
2719 2378 2971 2446 lectulis,
3006 2386 3071 2436 ut
3100 2381 3366 2439 veniente
3414 2382 3601 2440 Petro.

1950 2469 2016 2522 Et
2044 2470 2259 2525 caetera?
2296 2466 2610 2540 antz'phonae
2633 2468 2811 2541 primi
2838 2477 2891 2524 et
2930 2470 3153 2527 secundi
3196 2473 3456 2527 nocturni
3482 2484 3607 2544 quae

1948 2561 2234 2628 ponuntur
2259 2556 2326 2612 de
2352 2557 2591 2613 historia
2620 2561 2856 2613 Actuum
2885 2560 3270 2630 apostolorum.
3293 2558 3608 2634 Antiphona

1952 2646 2021 2701 ad
2057 2647 2298 2702 cantica.
2330 2644 2690 2719 Significavit
2737 2646 3025 2704 Dominus
3053 2648 3242 2716 Petro,
3273 2665 3391 2721 qua
3420 2656 3607 2706 morte

1954 2733 2377 2791 clarificaturus
2421 2739 2577 2792 esset
2621 2735 2827 2804 Deum,
2881 2735 3139 2793 alleluia.
3190 2739 3608 2810 Responsorium

1953 2823 2285 2882 duodecimae
2314 2825 2580 2881 lectionis.
2614 2823 2759 2881 Cum
2789 2830 2944 2883 esset
2971 2826 3180 2883 Petrus
3210 2826 3272 2883 in
3303 2843 3496 2896 cruce,
3518 2842 3608 2883 ve-

1954 2912 2042 2969 nit
2070 2913 2244 2969 turba
2287 2912 2491 2981 multa,
2515 2912 2903 2971 maledicebat
2928 2913 3239 2986 ‘Cmsarem,
3263 2919 3321 2972 et
3347 2916 3609 2972 fecerunt

1956 3000 2253 3074 planctum
2284 3018 2567 3076 magnum
2593 3007 2730 3060 ante
2755 3019 3010 3060 crucem.
3032 3004 3239 3061 Petrus
3269 3004 3609 3062 exhortaba-

1956 3097 2053 3146 tur
2080 3107 2177 3147 eos
2210 3092 2282 3146 de
2322 3107 2492 3148 cruce
2541 3092 2781 3148 dicens:
2809 3090 3001 3149 Nolite
3026 3086 3186 3163 ﬂere,
3212 3093 3314 3150 sed
3362 3094 3610 3167 gaudete

1956 3178 2363 3252 mecum,quia
2388 3180 2536 3237 vado
2567 3197 2771 3253 parare
2800 3181 2965 3236 vobis
3008 3180 3472 3241 locum.Gratias
3503 3182 3610 3239 tibi

1873 3260 1918 3326 C
1955 3284 2082 3341 ago,
2105 3268 2312 3324 Pastor
2355 3266 2527 3335 bone,
2551 3269 2691 3340 quia
2719 3285 2854 3325 oves
2904 3286 3050 3341 quas
3097 3268 3393 3325 tradidisti
3440 3270 3609 3340 mihi,

1955 3357 2393 3429 compatiuntur
2419 3373 2649 3413 meeum
2682 3356 2741 3412 in
2773 3359 3218 3430 sempiternum,
3249 3362 3307 3414 et
3336 3374 3471 3414 cum
3498 3358 3610 3416 hoc

1956 3445 2221 3515 dixisset,
2256 3445 2339 3501 ait
2372 3463 2385 3502 :
2419 3444 2629 3516 Nolite,
2663 3450 2774 3503 etc.

2179 3551 2236 3591 ΙΝ
2276 3552 2472 3591 NATALI
2511 3552 2743 3593 SANCTE
2780 3552 2978 3592 MABIE
3017 3553 3393 3593 MAGDALENE.

2463 3624 2542 3680 Ad
2570 3640 2816 3696 vesperas
2847 3625 3107 3699 hymnus.

2242 3712 2417 3768 Nardi
2448 3713 2635 3770 Maria
2668 3713 2861 3786 pistici

2170 3801 2433 3873 Sumpsit
2461 3800 2671 3857 libram
2705 3819 2839 3858 mox
2870 3802 3077 3876 optimi

2172 3889 2348 3946 Unxit
2376 3890 2575 3945 beatos
2607 3890 2839 3946 Domini

2170 3977 2348 4034 Sedes
2380 3978 2622 4049 rigando
2653 3977 2948 4052 lacrymis.

2244 4066 2457 4134 Honor,
2486 4066 2687 4134 decus,
2717 4071 2826 4124 etc.

2030 4157 2432 4212 Invitatorium.
2465 4154 2788 4224 Eternum,
2821 4155 3161 4229 trinumque
3186 4155 3377 4212 Deum
3409 4153 3610 4213 laude-

1960 4261 2095 4301 mus
2122 4250 2181 4301 et
2212 4261 2418 4311 unum,
2444 4244 2543 4317 qui
2568 4244 2677 4301 sibi
2705 4244 2949 4301 Mariam
2981 4244 3300 4301 transvexit
3319 4246 3378 4301 in
3399 4244 3613 4301 aethera

1959 4338 2183 4390 sancta.

2654 4424 2918 4495 Hymnus.

2172 4510 2457 4568 Consonis
2484 4511 2782 4568 Christum
2812 4526 3159 4568 veneremur
3190 4510 3318 4568 odis

1877 4624 1926 4690 D
2098 4600 2267 4690 'liunc
2297 4599 2451 4655 diem
2485 4600 2830 4690 celebrando
2860 4602 3100 4667 festum,

2102 4689 2266 4744 Nunc
2297 4688 2659 4760 Magdalenze
2686 4688 2883 4745 Mariae

2095 4779 2207 4834 ’i’er
2235 4778 2434 4833 orbem
2474 4777 2969 4852 congratulantes.

2158 4867 2306 4930 ‘Quaa
2338 4870 2512 4939 caput
2542 4868 2838 4940 quondam
2870 4867 3106 4924 Domini

2103 4954 2396 5023 Perunxit,
2432 4973 2498 5011 ac
2524 4956 2699 5028 pedes
2730 4954 2890 5025 lavit,

2104 5044 2397 5117 Lacrymis
2430 5045 2672 5117 rigando
2702 5045 2861 5101 crine
2891 5045 3133 5102 detersit

2088 5133 2342 5207 Capitis,
2373 5134 2737 5207 ‘supplexque
2767 5133 2940 5190 corde
2969 5134 3276 5207 gemendo.

2241 5224 2428 5297 deque
2452 5222 2768 5279 confestim
2803 5222 2983 5280 totius
3013 5226 3210 5279 reatus

2100 5309 2360 5368 Contulit
2391 5310 2662 5370 Christus
2691 5311 2921 5369 veniam

2092 5396 2363 5476 'Precanti
2378 5400 2609 5457 'Simoni
2640 5402 2885 5474 dignum

2100 5488 2448 5562 Paradigma
2478 5491 2744 5561 pandens
2774 5505 2872 5544 ore
2892 5489 3176 5562 ‘benigno.

2173 5576 2301 5633 Haec
2331 5576 2465 5634 tulit
2495 5578 2794 5650 myrrham
2825 5581 3025 5650 erepta
3055 5575 3164 5633 sub
3195 5574 3344 5644 luce,

2097 5665 2185 5726 Ad
2212 5666 2659 5747 perungendum
2684 5664 3007 5725 Dominum
3038 5664 3328 5743 sepulcro,
