3920 6208
295 341 410 403 963

436 476 616 540 Quem
650 473 1052 544 resurgentem
1087 469 1301 528 meruit

436 563 612 618 Beata
641 562 831 634 primo
860 561 1071 616 videre.

505 653 689 717 Quam
724 649 921 724 procul
957 654 1083 721 post
1112 647 1252 713 b:ec,
1289 647 1578 703 tribuente

435 739 686 809 Christo,
715 739 1010 794 credimus
1042 737 1165 792 coeli
1200 744 1534 810 penetrasse

433 829 674 886 Culmen
709 829 886 900 hujus
919 828 1180 883 obtentu.

433 919 706 976 Miserere
738 917 927 982 nobis,
959 916 1232 972 Conditor
1262 913 1440 970 orbis.

503 1009 761 1065 Gloriam
793 1005 947 1062 Patri
980 1005 1197 1078 pariter
1225 1020 1508 1060 canamus

437 1099 690 1157 Gloriam
725 1095 899 1164 Proli,
933 1093 1300 1166 Flaminique

434 1189 532 1244 Pio
563 1184 980 1259 semper’cmni

432 1280 795 1336 Resonemus
824 1291 1029 1330 omnes
1055 1278 1312 1344 tempore
1339 1271 1500 1327 secti.

359 1367 687 1440 Antiphone.
721 1365 866 1420 Cum
915 1362 1310 1418 discubuisset
1354 1360 1414 1414 in
1463 1360 1636 1414 domo
1683 1357 1939 1412 Simonis

287 1457 574 1513 Dominus
629 1455 822 1519 Jesus,
878 1451 1082 1507 mundi
1143 1449 1347 1521 gloria,
1382 1447 1591 1503 mulier
1648 1446 1935 1518 quaedam,

289 1564 415 1619 quae
464 1549 588 1601 erat
637 1543 944 1615 peccatrix,
987 1537 1154 1595 nardi
1204 1537 1475 1594 odoriferi
1520 1534 1782 1591 exhibuit
1830 1551 1937 1590 un-

287 1639 523 1704 guenta.
581 1630 912 1701 Antiphona.
970 1630 1148 1683 Secus
1207 1627 1385 1699 pedes
1452 1625 1681 1680 Domini
1741 1628 1939 1679 astans

289 1725 617 1779 incessantc
648 1737 746 1774 ore
793 1722 1021 1774 sacrato
1053 1718 1181 1788 ejus
1211 1715 1456 1787 vestigia
1501 1713 1820 1779 osculatur,
1855 1711 1940 1768 la-

288 1810 504 1885 crymis
557 1808 749 1882 plena.
783 1805 1110 1877 Antiphonti.
1147 1803 1429 1875 lrrigabat
1460 1802 1639 1875 igitur
1686 1799 1936 1900 domini-
1970 1846 2016 1910 Β

289 1917 388 1956 cos
417 1900 555 1956 Jesu
590 1897 789 1970 pedes,
821 1895 1002 1950 fracto
1032 1910 1265 1966 quoque
1295 1893 1586 1948 alabastro
1633 1889 1938 1963 praecipuis

288 1989 590 2053 odoribus,
642 1985 924 2058 ﬂagrabat
970 1983 1182 2039 domus
1231 1981 1443 2046 omnis,
1479 1985 1652 2052 atque
1699 1978 1936 2052 capillo-

287 2094 419 2133 rum
477 2075 666 2131 officio
722 2073 1074 2144 detergebat.
1118 2071 1447 2144 Anliphona.
1481 2069 1681 2126 Simon
1741 2072 1936 2123 autem

286 2167 439 2221 intra
470 2182 554 2230 se,
598 2163 824 2234 inquit:
853 2161 912 2217 Si
945 2166 1099 2216 esset
1142 2159 1443 2231 propheta,
1479 2158 1651 2213 sciret
1685 2157 1938 2229 profecto

289 2272 415 2326 quae
446 2259 502 2309 et
530 2251 720 2325 qualis
751 2255 904 2306 esset
934 2267 1060 2321 quae
1094 2247 1282 2321 tangit
1310 2247 1620 2319 eum,quia
1651 2245 1939 2318 peccatrix

287 2349 392 2399 est.
427 2341 754 2413 Antiphonti.
789 2340 858 2394 Et
889 2355 1205 2394 conversus
1236 2336 1515 2391 Dominus
1557 2335 1739 2392 dixit:
1775 2333 1936 2389 Post-

289 2449 464 2505 quam
498 2431 625 2486 veni
658 2425 979 2484 in'domum
1013 2431 1198 2491 tuam,
1224 2443 1334 2482 non
1361 2424 1608 2480 cessavit
1629 2424 1789 2478 crine
1809 2423 1936 2477 fuso

291 2522 406 2576 haec
460 2535 621 2574 meos
679 2515 928 2576 osculari
1003 2516 1200 2588 pedes.
1259 2514 1591 2586 Antiphona.
1648 2510 1934 2576 Quoniam

289 2609 540 2665 multum
574 2606 880 2672 dilexeras,
901 2603 1044 2659 scito
1077 2604 1322 2660 dimissa
1353 2603 1456 2657 tibi
1503 2599 1856 2673 peccamina,
1881 2603 1938 2654 et

290 2699 422 2765 ﬁde,
457 2712 573 2768 qua
616 2692 820 2766 polles,
852 2710 1018 2748 sacra
1048 2691 1105 2746 in
1137 2709 1279 2764 pace
1309 2691 1562 2747 remitto.
1597 2692 1654 2758 ft.
1693 2690 1940 2744 Laetetur

288 2803 459 2841 omne
482 2783 761 2842 saeculum
787 2781 846 2836 in
880 2779 1246 2837 solemnitate
1269 2785 1480 2836 sancta:
1513 2779 1726 2836 Maria}.
1752 2780 1936 2844 Quam

287 2875 458 2930 Jesus
483 2879 696 2928 aeterno
717 2887 912 2926 amore
933 2867 1134 2924 dilexit
1160 2867 1500 2941 plurimum.
1527 2869 1578 2936 it.
1605 2867 1733 2922 Haec
1757 2865 1940 2921 Maria

291 2962 400 3019 fuit
429 2959 551 3026 illa,
571 2955 816 3016 Domino
847 2957 1343 3031 gratissima,qua3
1366 2959 1663 3029 unguento
1685 2955 1936 3028 pretioso

289 3055 465 3124 pedes
489 3049 653 3106 unxit
685 3047 862 3104 illius.
883 3049 1088 3113 Quam.
1114 3048 1172 3116 πῖ.
1197 3047 1486 3119 Optimam
1518 3049 1740 3117 partem
1765 3044 1938 3117 elegit

290 3141 402 3196 sibi
434 3139 634 3196 Maria.
659 3139 793 3205 Qua:
842 3154 954 3192 non
1005 3137 1299 3192 auferetur
1327 3136 1400 3190 ab
1431 3152 1497 3190 ca
1542 3135 1597 3188 in
1631 3140 1931 3188 aeternum.

1479 333 1670 398 SEC.
1716 335 1796 399 Xl
1841 335 2149 398 MONUM.
2198 335 2513 398 LITURG.

1965 479 2018 543 Α
2049 486 2174 540 qua:
2231 468 2455 539 piarum
2517 467 2692 523 undis
2738 467 3130 540 lacrymarum
3185 466 3406 524 tersisti
3461 471 3707 523 tuorum

3587 333 3732 396 964.

2053 556 2313 612 maculas
2343 555 2678 612 criminum.
2701 555 2950 612 Assidue
2979 561 3035 611 te
3058 571 3295 613 exorare
3323 555 3708 628 deposcimus

2051 663 2155 718 pro
2185 646 2402 702 nostris
2431 646 2785 701 excessibus.
2812 647 2862 711 ὲ.
2888 647 3152 701 Summis
3175 644 3457 701 cmlorum
3479 643 3709 702 civibus

2049 733 2390 806 glomerata,
2415 735 2660 807 jamque
2717 738 2932 792 aeterna
2983 734 3425 791 immortalitate
3474 733 3706 791 induta.

2049 823 2317 879 Assidue.
2377 825 2434 892 πῖ.
2481 824 2651 880 Venit
2704 824 2888 881 Maria
2943 822 3286 897 Magdalene
3343 823 3708 880 annuntians

2051 911 2410 985 discipulis:
2461 913 2606 977 Quia
2663 913 2778 969 vidi
2836 913 3174 970 Dominum.
3207 913 3390 985 Cujus
3447 912 3708 986 petimus

2050 1011 2322 1082 precibus
2372 1011 2630 1083 adjuvari
2671 1011 2826 1084 apud
2859 1015 2934 1079 te,
2970 1011 3324 1084 Redemptor
3365 1009 3706 1068 clementis-

2051 1101 2218 1156 sime.
2255 1101 2304 1164 ἑ.
2337 1099 2482 1164 Quia
2511 1117 2646 1173 ergo
2694 1101 2751 1155 in
2803 1101 3075 1173 paradiso
3114 1099 3327 1156 mulier
3372 1100 3707 1174 propinavit

2047 1188 2170 1244 viro
2202 1194 2472 1255 mortem,
2505 1206 2537 1244 a
2568 1188 2835 1261 sepulcro
2869 1189 3080 1244 mulier
3107 1189 3248 1244 viris
3278 1175 3595 1245 annuntiat
3621 1189 3705 1244 vi-

2047 1282 2190 1332 tam.
2225 1277 2424 1348 Cujus.
2459 1279 2518 1346 ιῖ.
2555 1278 2670 1333 Rex
2702 1279 2990 1334 immense
3030 1277 3206 1344 Deus,
3239 1281 3534 1336 terrarum
3565 1295 3706 1334 con-

2047 1365 2204 1422 ditor
2232 1365 2410 1433 orbis,
2443 1365 2638 1438 accipe
2668 1367 2971 1438 praesentis
3001 1365 3141 1422 cleri
3170 1366 3267 1438 pia
3294 1370 3429 1423 vota
3459 1383 3702 1440 precan-

2047 1456 2143 1510 tis.
2170 1457 2222 1522 ἲ.
2249 1455 2320 1511 Ut
2347 1455 2533 1511 valeat
2556 1472 2787 1528 semper
2815 1455 3019 1512 laudes
3041 1455 3146 1511 tibi
3171 1471 3440 1528 promere
3468 1456 3700 1530 dignas.

2045 1545 2272 1616 Accipe.

2117 1633 2432 1704 ΑηιίρΙιοηα
2461 1634 2531 1688 ad
2561 1636 2792 1690 cantica.
2818 1634 2862 1689 Ο
2895 1634 3097 1690 mundi
3129 1633 3358 1708 lampas
3387 1638 3446 1690 et
3473 1649 3706 1706 marga-

2047 1720 2158 1776 rita
2187 1721 2547 1794 przefulgida,
2580 1739 2706 1793 quae
2755 1723 3242 1778 resurrectionem
3283 1711 3496 1779 Christi
3545 1740 3704 1778 nun-

2045 1809 2244 1865 tiando
2274 1810 2668 1882 apostolorum
2711 1811 2974 1882 apostola
3017 1812 3140 1866 ﬁeri
3194 1810 3478 1877 meruisti,
3510 1811 3704 1867 Maria

2047 1897 2409 1970 Magdalena,
2435 1915 2666 1972 semper
2696 1905 2817 1955 esto
2849 1900 2945 1971 pia
2975 1899 3263 1956 exoratrix
3291 1915 3392 1972 pro
3421 1898 3593 1955 nobis
3623 1899 3703 1954 ad

2047 1986 2250 2053 Deum,
2276 1987 2374 2060 qui
2417 1993 2470 2042 te
2511 1988 2702 2061 elegit.
2729 1991 2785 2046 ιῖ.
2817 1989 3090 2061 Flagrans
3119 1988 3323 2044 Jesum
3353 1988 3707 2044 muneribus

2047 2075 2272 2132 intimis
2306 2076 2488 2132 Maria
2519 2077 2854 2148 praecordiis
2883 2078 3124 2134 atfatum
3166 2076 3444 2148 perunxit
3471 2081 3706 2133 sacrata

2048 2170 2346 2237 unguento
2379 2165 2640 2237 vestigia.
2668 2166 2828 2222 Unde
2857 2164 3069 2221 meruit
3087 2181 3331 2222 suorum
3356 2165 3704 2224 delictorum

2044 2255 2295 2310 veniam.
2329 2255 2377 2323 ᾖ.
2405 2254 2809 2310 Peccaminum
2833 2259 3166 2310 nostrorum
3185 2254 3388 2311 sordes
3411 2255 3704 2328 piissimis

2046 2342 2233 2398 diluat
2261 2343 2787 2399 interventionibus
2833 2344 3028 2398 divino
3058 2343 3235 2400 fonte.
3269 2343 3455 2400 Unde.
3489 2345 3551 2414 ἢ.
3577 2343 3706 2400 Ma-

2046 2431 2134 2486 ria
2161 2436 2325 2487 stans
2357 2433 2428 2487 ad
2463 2437 2906 2488 monumentum
2931 2431 3173 2504 plorans
3193 2431 3339 2488 vidit
3357 2433 3508 2488 duos
3528 2448 3709 2506 ange-
3783 2427 3787 2430 ’

2045 2519 2135 2576 los
2165 2521 2223 2576 in
2273 2520 2421 2576 albis
2470 2521 2758 2577 sedentes.
2793 2521 2898 2576 Ubi
2947 2524 3204 2592 positum
3250 2521 3444 2577 fuerat
3487 2537 3707 2594 corpus

2044 2611 2206 2666 Jesu.
2241 2611 2292 2676 ὲ.
2317 2610 2460 2665 Cum
2497 2627 2634 2683 ergo
2676 2611 2858 2677 ﬂeret,
2882 2609 3184 2665 inclinavit
3213 2614 3374 2677 se,et
3403 2610 3706 2682 prospexit

2047 2699 2104 2753 in
2166 2702 2564 2754 monumento.
2616 2698 2743 2754 Ubi.
2799 2699 2856 2766 πῖ.
2908 2696 3222 2769 Discipulis
3277 2695 3518 2767 Christi,
3571 2714 3703 2770 qua

2045 2787 2260 2859 gaudia
2291 2786 2446 2842 celsa
2472 2786 2680 2856 tulisti,
2705 2803 2837 2842 cum
2872 2786 3120 2842 nimium
3141 2786 3342 2843 tristes
3366 2787 3610 2844 fuerunt
3631 2787 3704 2843 de

2047 2881 2231 2932 morte
2258 2875 2541 2948 Magistri.
2567 2875 2846 2930 Laetitiam
2870 2875 3038 2930 nobis
3061 2875 3188 2930 vitae
3211 2875 3464 2932 ccelestis
3485 2875 3701 2947 adjun-

2044 2981 2133 3037 ge.
2171 2966 2221 3032 it.
2257 2963 2328 3019 Ut
2377 2963 2487 3019 sibi
2519 2965 2868 3028 conformes,
2891 2965 3062 3035 cujus
3085 2963 3307 3036 pietate
3357 2969 3566 3020 sanata
3613 2981 3696 3032 es,

2045 3059 2198 3109 sorte
2229 3053 2530 3108 beatorum
2561 3053 2682 3108 fieri
2703 3071 3032 3109 mereamur
3063 3053 3120 3108 in
3151 3070 3358 3110 unum.
3381 3053 3693 3110 Laetitiam.

2048 3143 2106 3212 ἡ.
2131 3143 2175 3198 0
2207 3142 2421 3198 mirum
2447 3147 2504 3197 et
2531 3158 2809 3215 magnum
2841 3141 3214 3214 miraculum,
3236 3129 3378 3215 quia
3405 3143 3701 3216 peccatrix

290 3231 342 3298 ἲ.
377 3228 637 3302 Diligens
659 3226 968 3282 Dominum
1002 3243 1069 3280 ex
1109 3225 1279 3280 corde
1310 3224 1732 3296 perfectissimo
1763 3221 1930 3277 cmlo-
1963 3214 2006 3280 C
2045 3231 2258 3286 femina
2281 3230 2528 3286 audebat
2549 3214 3002 3303 Redemptopum
3022 3214 3706 3304 mundiiangémJaCI-y-

290 3336 421 3375 rum
447 3317 703 3376 obtinuit
731 3315 1098 3390 dignitatem.
1128 3315 1283 3380 Quas.
1310 3316 1368 3383 ιῖ.
1396 3314 1721 3381 Potissima,
1756 3311 1933 3368 inter-

288 3409 426 3464 cede
483 3425 518 3464 a
569 3407 837 3473 Domino,
883 3404 1092 3461 collata
1145 3403 1410 3477 gaudens
1463 3409 1727 3476 potenter
1783 3400 1934 3474 polo.

288 3497 498 3553 Obtine
529 3500 595 3551 ut
625 3512 730 3550 nos
755 3493 1083 3566 perenniter
1102 3492 1314 3548 divinis
1345 3497 1536 3548 tecum
1559 3490 1792 3563 gaudiis
1815 3507 1939 3563 per-

289 3587 572 3642 fruamur.
609 3585 660 3654 S'.
695 3583 842 3648 Quia
898 3589 998 3636 tua
1050 3580 1410 3653 reposcimus
1468 3581 1677 3636 merita
1733 3578 1939 3635 deletis

288 3673 664 3730 facinoribus.
700 3672 928 3727 Obtine.
955 3672 1014 3739 ii.
1039 3670 1181 3734 Quis
1222 3669 1565 3742 Magdalena
1607 3668 1941 3724 sceleratior

286 3779 414 3818 esse
447 3761 649 3825 Maria,
685 3777 812 3832 quae
845 3759 945 3813 ivit
975 3759 1045 3812 ad
1078 3775 1250 3814 omne
1276 3756 1518 3814 malum.
1539 3760 1673 3823 Quae
1705 3756 1940 3812 nomine

285 3852 459 3924 plena
490 3854 687 3904 reatus
731 3847 1022 3919 peccatrix
1052 3847 1320 3913 vocitata,
1345 3846 1454 3902 fuit
1483 3847 1653 3918 quasi
1705 3845 1942 3901 nomine

287 3938 490 4011 culpae.
520 3938 574 4006 it.
605 3937 752 3991 Dum
785 3941 981 3990 tamen
1015 3936 1142 4008 ipsa
1173 3935 1357 3990 Deum
1387 3934 1662 4006 lacrymis
1690 3950 1946 4000 commo_

283 4027 366 4084 vit
394 4025 616 4081 obortis
647 4024 840 4080 cordis
871 4024 944 4079 ab
968 4025 1199 4092 affectu,
1224 4023 1438 4079 meruit
1468 4023 1803 4094 peccamine
1832 4022 1943 4078 sol-

283 4116 358 4171 vi.
392 4117 526 4181 Cute
572 4113 828 4169 nomine.
861 4113 1194 4185 Antiphona.
1229 4111 1542 4183 Satagebat
1583 4110 1763 4183 igitur
1791 4112 1942 4167 Mar-

283 4203 404 4274 tha,
429 4219 594 4260 soror
613 4202 804 4257 Mariae
837 4201 1216 4274 Magdalenae,
1247 4201 1400 4255 circa
1433 4198 1782 4269 ministeria,
1815 4217 1944 4273 quae

283 4292 492 4348 sedens
510 4308 680 4348 secus
704 4291 879 4363 pedes
901 4290 1134 4346 Domini
1158 4287 1434 4344 audiebat
1453 4287 1628 4344 verba
1652 4289 1770 4346 oris
1791 4290 1940 4362 ejus.

281 4381 607 4454 Antiphona.
637 4381 760 4436 Non
794 4385 903 4448 est,
939 4377 1168 4434 Martha
1200 4377 1413 4450 inquit,
1447 4377 1552 4434 tibi
1583 4397 1755 4450 curae,
1785 4379 1944 4453 quod

281 4487 446 4526 soror
474 4487 604 4525 mea
632 4467 871 4540 reliquit
909 4484 1001 4522 me
1042 4465 1228 4523 solam
1263 4467 1594 4524 ministrare
1619 4487 1632 4537 ;
1656 4469 1802 4541 jube
1837 4467 1942 4559 illi,

280 4564 347 4614 ut
377 4576 469 4614 me
502 4559 757 4630 adjuvet.
792 4557 1122 4646 Antiphonti.
1156 4557 1222 4612 Et
1253 4557 1617 4629 respondens
1649 4559 1797 4614 dixit
1826 4557 1944 4616 sta;
1980 4581 2026 4646 Ι)

277 4648 384 4704 tim
418 4647 500 4703 illi
533 4647 855 4703 Dominus:
885 4645 1077 4701 Unum
1109 4651 1299 4702 exstat
1331 4652 1486 4703 certe
1518 4649 1942 4738 necessarium.

282 4738 410 4793 Ilaec
433 4737 714 4810 optimam
742 4734 854 4792 sibi
877 4740 1100 4808 partem
1125 4735 1461 4808 elegit,quaz
1487 4753 1602 4792 non
1627 4734 1942 4810 auferetur:

281 4826 892 4898 Antiphona.Cumque
938 4824 1263 4880 Pharisazus
1295 4823 1611 4881 Dominum
1655 4827 1942 4897 prandere
1985 4827 1990 4830 ’

283 4920 566 4987 rogasset,
582 4915 876 4986 corporeis
899 4915 1115 4970 fruitur
1135 4913 1386 4985 dapibus
1407 4913 1554 4969 dans
1579 4915 1936 4987 spirituales.

283 5001 610 5073 Antiphonti.
648 5004 787 5058 Ecce
835 5021 1000 5059 soror
1046 5003 1246 5058 Lazari
1301 5001 1396 5074 pia
1445 5020 1621 5070 nunc,
1655 5005 1753 5059 sed
1803 5011 1942 5061 tunc

286 5089 567 5146 scelerata
595 5091 790 5146 attulit
811 5097 1178 5164 unguentum
1203 5089 1438 5164 pretiosi
1471 5092 1700 5163 pondus
1722 5093 1938 5148 odoris.

284 5179 613 5250 Antiphone.
667 5178 921 5234 Maxima
970 5196 1104 5251 spes
1154 5180 1336 5235 venia:
1393 5179 1608 5252 populo
1666 5197 1942 5258 s.curre

288 5266 535 5339 roganti,
569 5269 632 5320 ut
661 5263 945 5321 scelerum
979 5268 1208 5323 veniam
1255 5272 1593 5324 mereantur
1623 5285 1726 5339 per
1752 5273 1809 5324 te
1838 5269 1940 5325 ba-

285 5355 443 5410 bere.
481 5355 537 5422 ιῑ).
573 5353 617 5408 Ο
649 5353 782 5408 felix
813 5370 1114 5410 sacrorum
1149 5355 1425 5426 lacrymis
1455 5355 1664 5427 rigatio
1699 5357 1936 5428 pedum,

287 5459 392 5514 per
412 5458 589 5512 quam
617 5443 941 5512 promeruit
961 5444 1142 5499 Maria
1161 5443 1296 5509 dici,
1321 5449 1378 5500 et
1403 5460 1531 5500 esse
1552 5443 1680 5513 ejus
1705 5444 1933 5501 dilecta.

288 5530 359 5583 Et
390 5545 505 5598 quo
539 5536 858 5600 pascuntur
886 5531 1098 5587 aethere
1141 5532 1348 5588 sancti.
1375 5532 1426 5601 in
1459 5530 1734 5604 Angelico
1765 5533 1944 5606 pollet

290 5616 494 5681 decore
523 5614 643 5678 haec
673 5623 730 5680 et
757 5619 816 5678 hi
852 5635 956 5693 per
982 5615 1300 5680 Christum.
1321 5621 1415 5684 Et.
1441 5621 1500 5695 ii).
1525 5618 1705 5682 Beata
1731 5621 1941 5701 Maria,

2044 3320 2258 3376 mando
2289 3323 2346 3374 et
2375 3318 2604 3391 capillis
2648 3319 2947 3391 tergendo,
2980 3318 3230 3376 crimina
3259 3336 3369 3377 sua
3399 3319 3702 3376 abluebat.

2045 3409 2178 3464 Ideo
2205 3407 2450 3464 dimissa
2476 3412 2614 3463 sunt
2644 3407 2694 3462 ei
2739 3412 2977 3480 peccata
3006 3407 3214 3476 multa,
3239 3405 3522 3480 quoniam
3553 3407 3703 3466 dile-

2045 3498 2129 3552 xit
2160 3496 2432 3552 multum.
2466 3498 2519 3566 ᾖ.
2551 3496 2709 3552 Vidit
2748 3497 2933 3553 Maria
2973 3489 3312 3566 Dominum,
3345 3502 3404 3554 et
3433 3497 3702 3566 credidit,

2046 3589 2104 3640 et
2131 3601 2266 3640 cum
2297 3585 2512 3657 gaudio
2537 3585 2793 3658 suscepit
2818 3584 2985 3640 illum
3008 3586 3274 3658 gaudens
3294 3589 3352 3641 et
3371 3585 3542 3654 ﬂens,
3563 3587 3708 3659 quia

2048 3674 2317 3746 cognovit
2339 3691 2398 3728 se
2423 3674 2820 3745 peccatricem.
2846 3674 2998 3730 Ideo.
3019 3677 3078 3730 In
3105 3673 3361 3730 laudibus
3381 3674 3703 3748 autiphona.

2050 3764 2112 3819 In
2147 3762 2354 3818 diebus
2386 3761 2502 3818 illis
2536 3781 2548 3818 :
2584 3763 2809 3832 Mulier,
2838 3779 2966 3835 quae
2993 3767 3117 3819 erat
3149 3764 3205 3820 in
3239 3763 3473 3821 civitate
3503 3780 3706 3838 pecca-

2049 3850 2182 3919 trix,
2221 3857 2282 3905 ut
2319 3851 2588 3922 cognovit
2617 3851 2771 3922 quod
2801 3851 2972 3908 Jesus
3003 3851 3378 3908 accubuisset
3421 3853 3484 3908 in
3529 3853 3705 3908 domo

2051 3939 2307 3997 Simonis
2337 3938 2576 4012 leprosi,
2607 3939 2800 3996 attulit
2843 3939 3203 3996 alabastrum
3244 3942 3557 4014 unguenti.
3586 3943 3710 3998 Hac

2049 4034 2234 4086 autem
2259 4029 2560 4101 antiphona
2589 4037 2800 4085 tantum
2831 4030 3030 4100 legitur
3056 4029 3126 4086 ad
3157 4030 3367 4088 laudes.

2743 4120 3008 4190 Hymnus.

2406 4206 2689 4263 Fidelium
2721 4207 2951 4263 devotio
2982 4208 3290 4280 depromat

2340 4299 2629 4370 llymnum
2662 4297 2929 4365 Domino,
2962 4297 3062 4369 qui

2337 4386 2528 4442 Mariae
2560 4385 2911 4459 Magdalena:

2337 4475 2543 4532 Sedem
2575 4475 2732 4530 dedit
2762 4475 2821 4531 in
2852 4476 3083 4532 aethere.

2412 4565 2474 4618 In
2507 4581 2623 4635 qua
2653 4563 2793 4635 quid
2825 4571 2980 4620 esset
3007 4565 3214 4638 pietas,

2342 4654 2480 4724 Ejus
2509 4652 2766 4708 ostendit
2795 4641 3046 4721 bonitas,

2341 4741 2487 4808 Quid
2520 4741 2695 4796 donet
2724 4741 3066 4812 poenitentia

2340 4829 2613 4886 Patefecit
2639 4829 2966 4888 clementia.

2402 4919 2535 4984 Quae
2568 4919 2732 4992 prius
2761 4919 2917 4975 enim
2948 4920 3166 4977 scelera
3259 4910 3270 4919 ’

2333 5007 2639 5063 Commisit
2671 5007 3000 5077 innumera,

2334 5101 2587 5169 Accepta
2617 5112 2758 5168 pace
2787 5096 2964 5152 veniae

2338 5185 2537 5258 Regna
2569 5184 2791 5257 potitur
2818 5183 3036 5258 gloriae.

2407 5271 2591 5328 Maria
2618 5272 2792 5330 tersis
2815 5274 3078 5331 crinibus

2333 5360 2730 5416 Procumbens
2760 5361 2976 5419 Christi
3007 5363 3258 5436 pedibus

2335 5449 2485 5504 Dum
2519 5448 2669 5521 rigat
2697 5466 2830 5505 cum
2861 5450 3156 5525 lacrymis,

2335 5539 2408 5593 Se
2438 5536 2592 5594 lavat
2623 5538 2792 5595 sorde
2823 5540 3109 5596 criminis.

2406 5625 2551 5714 Hinc
2581 5633 2894 5710 consecuta
2923 5628 3248 5710 plurimum
