3920 6208
149 308 262 372 965

487 435 719 494 Amoris
748 452 881 510 erga
911 436 1247 504 Dominum,

494 527 557 583 In
591 525 868 583 caelorum
900 525 1117 598 palatio

497 615 739 672 Perenni
772 615 987 689 gaudet
1016 614 1274 687 praemio.

567 705 865 777 Rogamus
897 719 1055 775 ergo,
1079 703 1347 769 Domina,

496 793 707 850 Nostra
738 791 929 850 deleto
961 791 1230 854 crimina.

494 882 753 955 Tuisque
777 882 997 937 sanctis
1026 880 1297 953 precibus

498 972 614 1027 Nos
636 971 820 1043 junge
851 969 974 1025 εωιὶ
1008 969 1250 1025 civibus.

568 1058 745 1125 Patri,
772 1058 917 1115 Nato
946 1075 1080 1113 cum
1112 1056 1373 1114 Flumine

502 1148 589 1205 Sit
616 1147 746 1204 laus
774 1151 987 1203 aeterno
1017 1151 1277 1218 tempore
1302 1165 1314 1215 ;

500 1237 609 1302 Qui
639 1240 730 1293 est
759 1253 995 1293 summa
1023 1236 1218 1292 Deitas

499 1326 563 1382 In
597 1325 826 1382 Unitate
855 1324 1132 1381 Trinitas.
1166 1327 1370 1381 Amen.

213 1416 289 1471 Ad
320 1414 671 1471 Benedictus
701 1413 1023 1485 antiphona.
1059 1414 1268 1469 Sancta
1302 1413 1501 1480 Maria,
1538 1412 1632 1485 pio
1662 1428 1799 1467 con-

138 1508 338 1577 juncta
366 1504 537 1567 Jesu,
568 1502 884 1577 osculando
918 1505 1092 1574 pedes
1124 1503 1310 1574 ipsius
1334 1507 1390 1558 et
1418 1501 1511 1574 pie
1534 1501 1798 1574 rigando,

144 1601 294 1667 terge
324 1592 580 1648 crimina
601 1572 961 1662 nostra,eum
991 1593 1213 1664 jugiter
1243 1591 1461 1646 orando
1484 1608 1586 1663 pro
1608 1590 1797 1645 nobis.

286 1718 343 1758 IN
396 1717 595 1757 NATALI
637 1715 835 1755 SANCTI
876 1715 1253 1754 APPOLIXARIS
1292 1714 1546 1753 EPISCOPI
1586 1715 1653 1753 ET

816 1785 1122 1826 MARTYRIS.

212 1862 289 1919 Ad
312 1863 368 1918 M
386 1860 661 1936 agnificat
689 1860 1010 1932 antiprna.
1057 1863 1262 1931 Surge,
1293 1859 1491 1930 accipe
1519 1856 1800 1930 Spiritum

148 1948 746 2021 sanctum,simulque
777 1949 1268 2021 pontiﬁcatum,et
1285 1962 1457 2019 perge
1480 1948 1550 2002 ad
1574 1947 1799 2012 urbem,

150 2058 272 2114 qum
313 2042 559 2095 vocatur
613 2038 906 2093 Ravenna.
969 2036 1415 2092 Commenwmtio
1472 2035 1804 2104 Magdclcnze

155 2129 473 2201 antiphona.
489 2127 534 2183 Ο
549 2127 881 2183 veneranda
902 2126 997 2182 Dei
1020 2124 1575 2198 sedcs,spesinclyta
1598 2124 1800 2179 nostri.

150 2218 192 2274 Ο
212 2217 385 2274 validi
432 2216 659 2272 fructus
683 2214 1062 2271 celeberrima
1092 2214 1260 2269 vinea
1284 2212 1362 2269 Ch
1374 2213 1807 2277 risti,drachma

150 2311 395 2380 reperta,
426 2305 528 2362 sed
584 2304 707 2360 ovis
734 2304 807 2359 de
838 2307 1024 2359 morte
1070 2303 1324 2359 reducta.
1358 2300 1539 2358 Valde
1569 2319 1805 2374 precare

150 2401 327 2452 Deum
358 2412 468 2469 pro
500 2394 693 2450 nobis.
724 2392 888 2448 valde
920 2408 1245 2465 precamur.
1278 2391 1609 2462 Antiphone.
1646 2392 1806 2446 Dice-

154 2485 250 2541 bat
278 2486 491 2541 beatus
516 2487 723 2538 Petrus
753 2480 1055 2553 apostolus
1097 2479 1355 2537 Judaeis:
1389 2480 1535 2535 Nam
1593 2485 1649 2535 et
1701 2495 1806 2552 ego

154 2574 432 2630 Hebraeus
464 2588 618 2639 sum,
651 2571 751 2627 sed
786 2576 1024 2642 propter
1054 2569 1402 2625 charitatem
1436 2569 1683 2623 fratrum
1713 2569 1808 2623 ad-

150 2658 966 2734 veni.Antiphona.Multitudo
997 2664 1190 2714 autem
1225 2658 1614 2713 Hzebraeorum
1631 2673 1806 2729 agen-

151 2756 238 2807 tes
268 2748 674 2824 paenitentiam
732 2746 1197 2817 baptizabantur,
1257 2746 1556 2801 credentes
1602 2746 1806 2801 Jesum

152 2840 453 2896 Christum
480 2853 612 2893 vere
642 2852 770 2893 esse
804 2835 1010 2891 Filium
1046 2836 1161 2889 Dei.
1212 2836 1536 2907 Antiphone.
1596 2834 1807 2891 Beatus

152 2928 364 2984 Petrus
396 2923 697 2998 apostolus
728 2923 1178 2980 administrandi
1205 2924 1315 2979 sibi
1373 2924 1597 2979 aiebat:
1658 2923 1806 2987 Quid

150 3016 324 3073 sedes
356 3013 713 3069 nobiscum?
766 3013 910 3067 Ecce
968 3012 1233 3067 eruditus
1291 3027 1352 3066 es
1383 3012 1453 3067 de
1509 3013 1806 3079 omnibus,

153 3119 281 3176 quae
311 3100 449 3157 fecit
475 3099 508 3156 J
514 3116 670 3156 esus.
702 3099 1030 3172 Antiphone.
1055 3100 1147 3155 Ait
1176 3100 1382 3155 beatus
1405 3101 1609 3156 Petrus
1638 3101 1809 3174 Apol-

938 302 1317 368 EXCERPT.
1364 294 1467 367 EX
1510 304 1735 367 CODD.
1786 297 2100 366 Ll'l‘UllG.
2152 293 2736 365 FUNEAVELLAN.

3421 296 3540 364 966

1817 438 1870 501 Α
1899 438 2020 490 stro
2046 451 2196 501 meo,
2232 449 2470 506 operare
2501 438 2558 488 et
2587 449 2816 488 mecum
2850 436 2912 488 ut
2944 429 3289 489 clarificetur
3326 451 3538 490 nomen

1833 1806 1879 1871 B

1902 527 2091 579 tuum.
2153 522 2483 594 Antiphone.
2543 522 2851 595 Ingressus
2910 522 3115 578 beatus
3188 522 3542 594 Apollinaris

1902 613 2144 668 domum
2176 611 2395 668 tribuni
2426 610 2571 667 dixit
2597 629 2609 667 :
2646 610 2991 683 Requiescat
3023 611 3081 665 in
3114 610 3275 666 vobis
3307 628 3419 682 pax
3439 612 3545 668 Do-

1905 700 2070 768 mini,
2102 703 2158 756 et
2186 700 2287 756 Dei
2321 699 2505 756 nostri
2527 700 2668 757 Jesu
2718 699 2952 755 Christi.
2992 699 3299 771 Antiphone
3330 699 3541 771 Requi-

1904 788 2141 845 escatin
2188 788 2351 845 vobis
2390 807 2502 862 pax
2531 788 2761 845 Domini
2788 789 2971 845 nostri
3002 789 3139 845 Jesu
3172 787 3408 857 Christi,
3444 804 3547 860 per

1907 895 2082 950 quam
2132 877 2427 933 inﬁrmam
2460 877 2679 934 tribuni
2733 878 3042 951 conjugem
3082 878 3290 933 beatus
3320 877 3549 933 sanavit

1903 966 2274 1039 Apollinaris.
2335 967 2662 1039 Antiphone.
2691 966 2889 1021 Virtus
2936 966 3048 1022 alia
3081 984 3195 1021 non
3227 968 3336 1034 est,
3368 981 3547 1039 quam

1907 1054 2136 1131 Domini
2167 1056 2350 1111 nostri
2376 1056 2512 1113 Jesu
2547 1055 2778 1125 Christi,
2804 1073 2906 1128 per
2937 1072 3109 1128 quem
3140 1056 3346 1111 beatus
3374 1054 3546 1127 Apol-

1907 1143 2112 1199 linaris
2137 1145 2313 1200 Tauri
2338 1144 2526 1200 ﬁlium
2551 1161 2762 1201 czecum
2788 1144 3159 1201 illuminavit.
3199 1144 3544 1216 Antiphone.

1908 1233 2249 1288 Nuntiatum
2265 1239 2351 1288 est
2372 1232 2481 1288 hoc
2499 1233 2707 1289 Caesari
2731 1252 2764 1289 a
2784 1235 3027 1307 paganis
3040 1234 3196 1305 quod
3220 1233 3460 1306 quidam
3476 1233 3549 1289 ab

1910 1321 2219 1378 Antiochia
2249 1321 2675 1379 introduxisset
2705 1340 2917 1379 nomen
2946 1322 3087 1379 Jesu
3115 1323 3173 1379 in
3204 1322 3409 1379 urbem
3438 1324 3548 1379 Ra-

1908 1414 2243 1477 vennam,et
2272 1410 2585 1467 multitudo
2617 1428 2833 1485 magna
2852 1412 3114 1468 obediret
3131 1410 3239 1481 illi,
3258 1415 3317 1468 et
3338 1412 3549 1468 domus

1911 1500 2043 1555 Rufi
2080 1499 2329 1572 patricii.
2364 1501 2423 1566 ἰὴ.
2461 1500 2555 1555 Ait
2585 1501 2655 1556 ad
2687 1517 2821 1556 eum
2852 1501 3166 1557 tribunus:
3199 1501 3353 1556 Bene
3381 1502 3550 1556 adve-

1910 1589 2071 1656 nisti,
2105 1589 2347 1645 medice.
2408 1590 2509 1644 Cui
2567 1590 2777 1665 beatus
2817 1587 3173 1662 Apollinaris
3201 1588 3502 1661 respondit
3535 1605 3549 1644 :

1911 1678 2256 1750 Requiescat
2290 1679 2349 1733 in
2366 1678 2531 1735 vobis
2552 1695 2661 1751 pax
2697 1677 2923 1734 Domini
2941 1679 3125 1734 nostri
3154 1678 3294 1734 Jesu
3314 1676 3550 1734 Christi.

1912 1770 1966 1837 3’.
1999 1767 2262 1840 Cumque
2291 1767 2594 1841 ingressus
2625 1768 2832 1824 fuisset
2861 1767 3105 1823 domum
3150 1766 3393 1835 tribuni,
3425 1767 3553 1823 offi-

1912 1856 2237 1913 ciosissime
2269 1859 2578 1929 susceptus
2608 1862 2720 1924 est,
2752 1861 2807 1912 et
2836 1856 2983 1912 dixit
3021 1874 3035 1912 :
3089 1856 3457 1929 Requiescat.
3491 1858 3550 1923 ἃ.

1911 1945 2103 2018 Aperi,
2122 1945 2673 2012 Domine,continuo
2696 1963 2759 2000 os
2784 1945 2929 2001 muti
2954 1950 3018 2001 ut
3038 1949 3208 2001 tuum
3231 1945 3554 2002 conﬁtean-

1913 2040 2009 2090 tur
2029 2051 2262 2090 nomen.
2287 2035 2474 2100 Quies
2497 2034 2691 2091 vivens
2708 2034 2762 2089 in
2788 2035 3021 2091 saecula.
3042 2037 3094 2105 ᾖ.
3116 2034 3273 2091 Illico
3296 2035 3553 2092 solutum

1913 2127 2001 2179 est
2020 2122 2317 2179 vinculum
2338 2122 2551 2196 linguae
2584 2125 2733 2193 eius,
2766 2127 2823 2179 et
2853 2123 3162 2180 clamabat.
3196 2125 3323 2189 Qui.
3358 2127 3418 2194 ιῆ.
3453 2126 3559 2182 Do-

1916 2213 2072 2267 mine
2099 2212 2241 2267 Jesu
2270 2211 2518 2282 Christe,
2560 2212 2713 2266 Deus
2765 2229 2953 2282 meus,
2978 2212 3077 2283 qui
3110 2212 3391 2285 magistro
3423 2229 3551 2270 meo

1915 2300 2178 2372 apostolo
2190 2303 2289 2355 tuo
2313 2304 2480 2355 Petro
2494 2299 2703 2355 dedisti
2729 2297 2855 2354 locu
2867 2317 2921 2354 m
2942 2299 3293 2372 impetrandi
3311 2302 3465 2374 apud
3480 2306 3555 2370 te,

1915 2406 2041 2459 qua:
2073 2387 2384 2444 desiderat.
2416 2388 2501 2442 Tu
2534 2388 2753 2443 suscita
2800 2386 2952 2443 hanc
2988 2387 3265 2460 puellam,
3299 2406 3428 2461 qua:
3458 2394 3558 2446 tua

1914 2482 2005 2532 est
2034 2480 2318 2544 creatura,
2351 2481 2407 2533 et
2438 2492 2552 2532 non
2613 2480 2701 2532 est
2737 2475 2889 2533 alius
2942 2476 3097 2533 Deus
3146 2482 3354 2550 praeter
3392 2483 3468 2534 te.
3504 2481 3556 2549 in

1916 2568 2082 2620 Tunc
2103 2565 2548 2638 apprehendens
2592 2582 2834 2621 manum
2860 2565 3130 2622 mulieris
3160 2567 3277 2623 ait:
3310 2568 3558 2625 Domine

1916 2655 2070 2711 Deus
2093 2671 2277 2711 meus.
2312 2655 2422 2710 Tu.
2448 2656 2507 2723 ii}.
2531 2654 2663 2710 Jam
2694 2670 2788 2711 me
2815 2654 3095 2727 perducto
3126 2654 3186 2710 in
3219 2655 3559 2729 capitolium

1916 2743 2112 2799 vicarii
2145 2760 2388 2800 securus
2422 2747 2568 2811 esto,
2602 2742 2741 2816 quia
2770 2742 3045 2800 manibus
3068 2743 3215 2800 meis
3235 2743 3411 2799 thura
3442 2762 3559 2801 non

1918 2850 2132 2906 ponam
2161 2832 2486 2902 daemoniis,
2548 2833 2651 2890 sed
2708 2833 2957 2889 Domino
2989 2850 3118 2890 meo
3149 2833 3289 2890 Jesu
3332 2833 3562 2890 Christo

1916 2925 2220 2979 incensum
2275 2922 2472 2979 offero.
2533 2924 2588 2993 it.
2648 2922 2961 2979 Dominum
3020 2922 3224 2979 Jesum
3265 2922 3562 2979 Christum

1920 3016 2100 3067 Deum
2131 3011 2326 3066 vivum
2357 3027 2487 3067 esse
2536 3012 2836 3078 conﬁteor,
2867 3016 2926 3067 et
2969 3008 3151 3067 alium
3183 3016 3388 3084 praeter
3426 3030 3561 3069 eum

1917 3116 2045 3157 esse
2076 3116 2191 3155 non
2224 3098 2374 3155 dico.
2401 3099 2532 3155 Sed.

152 3189 325 3247 linari
353 3187 645 3260 discipulo
677 3204 782 3243 suo
808 3205 821 3243 :
852 3187 1127 3243 Eruditus
1156 3204 1219 3244 es
1258 3189 1316 3242 in
1360 3187 1635 3245 omnibus
1664 3204 1806 3261 prae-
1834 3176 1880 3242 C
1989 3187 2069 3243 Ad
2118 3190 2335 3243 cantica
2391 3187 2711 3259 antiphona.
2770 3187 3150 3244 Sanctissime
3207 3188 3565 3260 Apollinaris

156 3279 352 3335 dicare
386 3278 672 3333 Ravenna!
702 3276 906 3331 Jesum
940 3275 1150 3331 Filium
1184 3275 1302 3332 Dei.
1336 3277 1645 3348 Antiphone
1673 3277 1809 3333 Mit-

156 3371 241 3423 tat
270 3365 544 3423 Christus
580 3363 859 3421 Dominus
897 3364 1172 3437 angelum
1227 3381 1425 3432 suum,
1459 3370 1559 3437 qui
1591 3381 1811 3438 praepa-

159 3459 245 3512 ret
270 3454 383 3511 iter
414 3470 611 3521 suum,
646 3457 703 3509 et
731 3470 859 3525 quis
890 3451 1294 3524 postulaveris,
1327 3457 1550 3508 annuat
1577 3453 1815 3509 tibi.An-

161 3543 409 3616 tiphona.
445 3543 622 3599 Ortus
654 3543 724 3598 ab
755 3542 1063 3597 Antiochia
1085 3541 1290 3598 beatus
1320 3541 1675 3615 Apollinaris
1707 3544 1812 3600 Ra-

158 3648 409 3688 vennam
441 3631 663 3687 missus
685 3635 773 3685 est
804 3630 1120 3701 praedicare
1145 3631 1502 3702 baptismum
1527 3632 1812 3702 paeniten-

153 3720 247 3775 tiaa
278 3721 339 3775 in
375 3718 779 3775 remissionem
814 3725 1205 3791 peccatorum.
1241 3720 1299 3788 ιῖ.
1334 3719 1430 3774 Ait
1466 3720 1672 3776 beatus
1718 3720 1815 3776 Pe.

154 3814 281 3864 trus
301 3807 623 3881 Apollinari
645 3807 933 3879 discipulo
954 3824 1062 3863 suo
1078 3824 1100 3863 »ε
1120 3807 1264 3871 Quid
1290 3809 1458 3865 sedes
1476 3809 1815 3865 nobiscum?

160 3897 301 3953 Ecce
344 3897 614 3953 eruditus
671 3913 732 3951 es
787 3898 856 3951 de
912 3897 1187 3952 omnibus
1239 3915 1368 3970 quae
1429 3898 1565 3953 fecit
1617 3898 1810 3954 Jesus.

158 3987 211 4055 ᾖ.
273 3987 484 4057 Surge,
553 3984 752 4056 accipe
806 3985 1084 4057 Spiritum
1165 3991 1436 4042 sanctum
1518 3986 1814 4059 simulque

156 4074 593 4148 pontificatum,
651 4077 709 4129 et
760 4091 931 4145 perge
989 4076 1060 4129 ad
1131 4077 1336 4132 urbem
1393 4093 1522 4148 qua:
1578 4080 1816 4131 vocatur

158 4164 462 4220 Ravenna.
495 4162 658 4216 Ecce.
693 4161 956 4230 itBeatus
976 4162 1177 4219 Petrus
1206 4164 1510 4236 apostolus
1538 4164 1681 4219 dixit
1701 4164 1817 4219 dis-

154 4250 358 4325 cipulo
413 4266 520 4305 suo
544 4248 900 4321 Apollinari:
960 4251 1166 4322 Surge,
1225 4268 1399 4324 perge
1454 4254 1814 4319 Ravennam,

160 4338 487 4397 multitudo
518 4337 716 4411 populi
752 4338 831 4393 ibi
862 4343 1141 4405 moratur,
1200 4340 1448 4411 praedica
1477 4341 1562 4397 eis
1592 4342 1814 4414 baptis-

1922 3276 2260 3349 colloquens
2318 3275 2682 3349 angelorum,
2702 3293 2849 3347 quas
2879 3276 3179 3331 oﬁ‘erimus
3211 3277 3317 3331 tibi
3348 3279 3564 3334 oratio-

1922 3383 2047 3434 nes,
2079 3370 2137 3422 et
2166 3380 2365 3438 preces
2397 3363 2629 3436 suscipe
2655 3358 2941 3434 omnium,
2976 3369 3032 3421 et
3060 3365 3235 3420 redde
3257 3365 3565 3423 Salvatorii

1923 3472 2027 3528 pro
2047 3452 2217 3510 nobis
2247 3454 2557 3526 hymnum,
2594 3457 2657 3508 ut
2682 3451 2872 3509 salvos
2920 3469 3027 3509 nos
3059 3453 3250 3508 faciat.
3278 3456 3329 3523 ᾗ.
3362 3455 3566 3512 Exuite

1924 3562 2078 3609 eum,
2114 3547 2170 3599 et
2218 3543 2500 3599 caedentes
2526 3541 2737 3597 dicite:
2792 3542 3033 3613 Respice
3055 3541 3372 3598 etimmola
3402 3544 3515 3600 diis
3549 3563 3562 3613 ;

1924 3634 2021 3689 ille
2052 3638 2247 3689 autem
2277 3633 2638 3704 respondens
2669 3631 2814 3685 dixit
2848 3649 2860 3686 :
2894 3629 3263 3687 Christianus
3295 3649 3450 3698 sum,
3478 3633 3566 3689 fac

1925 3723 2080 3795 quod
2104 3723 2210 3777 vis.
2233 3723 2284 3791 ᾗ.
2311 3721 2472 3776 Unus
2498 3724 2587 3776 est
2603 3720 2887 3775 Dominus
2910 3720 3063 3774 Deus
3098 3718 3430 3787 invisibilis,
3465 3739 3568 3794 per

1925 3828 2100 3884 quem
2132 3810 2417 3866 daemonia
2447 3809 2781 3880 ejiciuntur.
2814 3807 3205 3864 Christianus.
3239 3810 3295 3878 Ii).
3332 3810 3448 3866 Iste
3479 3816 3568 3866 est

1924 3900 2195 3956 sacerdos
2215 3898 2443 3953 Domini
2467 3897 2565 3970 qui
2601 3897 2656 3951 in
2675 3896 2967 3953 mandatis
2982 3897 3110 3967 ejus
3128 3898 3445 3954 meditatur
3473 3899 3566 3954 die

1923 4006 1989 4044 ac
2010 3991 2318 4043 nocte.lstc
2339 3986 2592 4041 directus
2617 3989 2705 4041 est
2744 3986 2816 4040 ab
2858 3983 3120 4057 apostolo
3154 3989 3321 4042 Petro
3342 3986 3563 4042 Raven-

1926 4094 2060 4133 nam
2096 4075 2406 4148 przsdicare
2453 4074 2813 4147 baptismum
2859 4073 3232 4146 pmnitentim.
3267 4076 3321 4144 ᾖ.
3356 4076 3566 4132 Beatus

1924 4168 2033 4232 vir,
2064 4166 2164 4238 qui
2210 4181 2323 4220 non
2371 4164 2511 4220 abiit
2569 4162 2625 4219 in
2659 4162 2899 4219 consilio
2962 4162 3299 4235 impiorum.
3337 4164 3467 4220 Iste.
3504 4166 3562 4233 ἐς.

1924 4254 2142 4311 Servivi
2195 4254 2346 4309 sicut
2390 4253 2578 4308 bonus
2615 4252 2783 4307 miles
2814 4250 3061 4319 Christo,
3105 4250 3317 4307 certavi
3348 4251 3566 4308 bonum

1926 4348 2242 4400 certamen.
2293 4341 2490 4397 Placui
2551 4341 2688 4406 Deo,
2746 4340 2845 4413 qui
2879 4356 2970 4395 me
3002 4340 3290 4412 probavit,
3321 4344 3379 4395 et
3408 4341 3569 4397 dedit

158 4446 325 4486 mum
357 4427 732 4501 poenitentizc,
770 4428 824 4482 in
855 4426 1258 4483 nomineJesu.
1295 4430 1345 4495 ᾖ.
1381 4430 1520 4484 Ecce
1550 4431 1816 4486 eruditus
1929 4431 2072 4487 mihi
2103 4430 2389 4486 Dominus
2434 4446 2707 4485 coronam
2750 4429 2895 4483 vitm.
2929 4432 2983 4489 ἓ.
3019 4433 3241 4485 Bonum
3273 4432 3568 4486 certamen

160 4534 222 4574 es
254 4519 326 4583 de
353 4515 633 4573 omnibus
683 4532 811 4588 qua:
862 4516 996 4571 fecit
1042 4516 1234 4572 Jesus.
1282 4517 1485 4589 Surge.
1523 4519 1578 4585 [ἢ.
1640 4524 1815 4587 Deus,
1850 4540 1896 4604 Ι)
1928 4519 2403 4586 certavi,cursum
2431 4518 2855 4586 consummavi,
2883 4519 3057 4573 fidem
3080 4518 3321 4573 servavi.
3346 4517 3566 4601 Placui:

162 4604 262 4677 qui
286 4622 404 4661 non
441 4603 827 4672 localiter,sed
863 4603 1080 4677 ubique
1109 4609 1263 4672 es,tu
1294 4606 1823 4680 intromittecogni—

163 4693 386 4751 tionem
422 4693 553 4749 Filii
584 4693 670 4750 tui
707 4693 932 4750 Domini
965 4691 1220 4749 nostriin
1244 4694 1419 4749 istam
1444 4694 1816 4763 civitatemj.

163 4782 235 4838 Ut
262 4772 686 4856 cognoscentes
713 4783 918 4840 Jesum
968 4782 1180 4838 Filium
1211 4786 1402 4851 tuum,
1435 4798 1568 4838 cum
1608 4800 1819 4857 magno

163 4871 375 4928 affectu
408 4869 575 4927 locus
606 4871 749 4926 mihi
782 4871 1209 4944 predicationis
1266 4871 1581 4928 tribuatur.
1637 4874 1722 4929 Tu
1759 4876 1817 4943 ii).

161 4963 335 5029 Deus,
392 4958 499 5032 qui
554 4961 883 5034 cooperaris
939 4977 1070 5016 cum
1128 4962 1296 5017 Petro
1356 4960 1637 5033 magistro
1669 4980 1817 5032 meo,

164 5064 407 5121 operare
434 5051 495 5105 et
524 5065 780 5106 mecum.
815 5050 885 5105 Ut
917 5056 1273 5124 cognoscant
1303 5067 1512 5107 omnes
1540 5054 1596 5106 te
1627 5050 1821 5108 solum

164 5142 348 5194 Deum
373 5138 433 5193 in
467 5142 773 5194 aeternum.
802 5141 1015 5209 i.Deus
1036 5141 1137 5212 qui
1164 5156 1278 5196 non
1294 5138 1681 5207 localiter,sed
1700 5142 1823 5197 ubi-

166 5243 299 5300 que.
336 5225 410 5283 Ut
430 5233 805 5300 cognoscant.

233 5318 297 5372 In
324 5316 564 5373 secundo
594 5320 859 5373 nocturno
879 5319 1197 5390 antiphona.
1257 5318 1404 5375 Cum
1464 5319 1826 5391 pervenisset

166 5405 375 5460 beatus
436 5403 791 5477 Apollinaris
823 5407 894 5462 ad
925 5407 1127 5463 urbem
1183 5410 1545 5474 Ravennam,
1607 5408 1825 5465 faciens

169 5493 407 5566 signum
439 5494 653 5565 crucis,
677 5499 988 5567 susceptus
1011 5499 1100 5551 est
1130 5496 1186 5551 in
1218 5496 1462 5551 domum
1486 5495 1690 5552 militis
1716 5497 1825 5553 lre-

169 5582 299 5643 imi.
331 5582 647 5660 Antiphone
669 5589 819 5643 Deus
850 5582 949 5661 qui
983 5584 1241 5660 operaris
1272 5601 1406 5644 cum
1441 5584 1609 5644 Petro
1639 5586 1824 5663 magi-

1932 4611 1991 4679 ιῖ.
2028 4608 2276 4664 Pulchra
2301 4608 2463 4676 facie,
2496 4612 2553 4663 et
2575 4607 2750 4663 alacri
2782 4605 2966 4677 vultu,
2995 4608 3160 4663 beate
3192 4596 3568 4679 Apollinaris,

1928 4714 2059 4753 ecce
2080 4714 2212 4752 oves
2238 4701 2347 4751 tua:
2372 4697 2443 4751 ad
2472 4701 2526 4751 te
2559 4697 2764 4751 devota
2792 4700 2983 4751 mente
3014 4699 3388 4763 concurrunt,
3422 4712 3571 4767 quas

1930 4787 2176 4843 Domino
2204 4782 2526 4857 acquisisti.
2562 4784 2901 4857 Deprecare,
2936 4801 3140 4857 precor
3169 4788 3370 4857 pastor
3400 4785 3568 4854 boue,

1930 4893 2034 4948 pro
2066 4875 2149 4929 eis
2169 4850 2372 4930 Jesum
2396 4850 2714 4929 Christum.
2744 4876 2794 4943 ᾗ.
2831 4850 2902 4930 Ut
2921 4850 3080 4947 digni
3097 4850 3425 4930 dfficiamur
3445 4850 3575 4948 pro;

1932 4963 2317 5020 missionibus
2339 4964 2486 5033 ejus.
2528 4968 2861 5034 Deprecare.
2886 4963 3217 5019 Inlaudz’bus
3247 4964 3572 5036 anliphona.

1930 5053 2099 5118 Audi,
2130 5052 2343 5119 Judex,
2377 5053 2525 5124 quod
2559 5051 2687 5107 dico
2733 5052 3011 5109 viriliter:
3044 5052 3215 5109 Jesus
3245 5057 3367 5108 erat
3401 5054 3571 5119 Deus,

1931 5146 1988 5196 et
2016 5146 2104 5198 est
2137 5141 2195 5195 in
2226 5145 2509 5195 teternum
2543 5156 2789 5196 manens
2821 5141 2879 5195 in
2912 5158 3151 5214 corpore
3178 5140 3419 5208 mundo,
3452 5138 3573 5211 pati

1933 5234 2128 5286 autem
2160 5246 2334 5285 carne
2362 5246 2465 5301 pro
2498 5228 2772 5285 omnibus
2800 5228 3004 5285 voluit.

2004 5320 2129 5375 Haec
2157 5323 2375 5374 tantum
2398 5316 2699 5389 antiphona
2747 5317 2817 5372 ad
2868 5317 3055 5374 laudes
3089 5317 3247 5389 hujus
3273 5315 3446 5386 ofﬁcii
3475 5315 3572 5369 ha-

1934 5407 2102 5463 betur.

2004 5496 2081 5550 Ad
2121 5495 2439 5551 Benedictus
2488 5493 2813 5564 antiphona.
2872 5496 3269 5564 Praegravatus
3316 5490 3572 5561 pondere

1935 5583 2095 5656 ferri,
2151 5583 2283 5644 exul
2340 5582 2412 5639 ab
2471 5580 2612 5641 urbe
2667 5579 2939 5652 mittitur,
2972 5585 3029 5640 et
3087 5584 3219 5659 post
3249 5576 3572 5642 triennium
