3920 6208
297 361 422 423 964
1482 345 1669 410 SIEC.
1715 342 1795 407 XI
1839 340 2152 407 MONUM.
2197 338 2510 404 LITURG.
3587 335 3738 402 968-

297 493 368 547 ad
402 504 573 548 suam
604 489 868 543 sanctam
927 487 1131 540 urbem
1196 481 1530 538 Ravennam
1589 475 1934 550 regreditur,
1967 478 2020 541 Α
2195 460 2375 538 Quem
2403 471 2606 544 nequit
2636 474 2794 528 totus
2825 467 3100 528 cohibens
3131 466 3410 540 mandas,

294 597 470 654 quem
491 578 754 635 videntes
775 574 1091 632 Christiani
1123 590 1260 630 cum
1290 569 1502 646 gaudio
1533 569 1938 638 susceperunt.
2333 560 2567 617 Claudis
2596 561 2654 616 in
2686 559 2835 616 alvo.

297 648 376 727 [id
393 669 636 743 primam
655 661 1242 736 antiphonaAngelus
1267 657 1498 715 Domini
1521 657 1755 711 beatum
1777 651 1942 743 spol-
2261 653 2446 716 Quem
2475 653 2740 706 tremunt
2765 649 2915 714 caeli,
2949 653 3223 706 metuunt
3251 648 3474 722 abyssi.

295 739 544 814 linarem
583 755 642 810 in
667 768 896 811 carcere
926 751 1202 816 visitavit,
1231 746 1566 803 videntibus
1595 741 1940 799 custodibus
2195 739 2421 794 Laudat
2448 755 2712 804 occasus,
2743 742 3053 794 veneratur
3080 742 3247 794 ortus

293 845 530 917 cibavit,
560 847 618 901 et
663 839 1028 898 confortavit.
1081 838 1158 893 Ad
1187 837 1411 892 tertiam
1439 833 1758 905 antiphona.
1795 832 1940 886 Sus-
2333 825 2584 900 Stringis
2616 827 2675 882 in
2709 825 2884 882 ulnis.

295 910 524 1008 pensus
547 933 610 989 in
637 929 884 1004 equuleo
933 927 1228 983 clamabat
1287 925 1496 980 beatus
1542 919 1896 994 Apollinaris
1923 934 1938 974 :
2266 919 2432 970 Lacte
2464 913 2724 969 nutritus
2751 913 2882 969 cibo
2913 910 3278 986 angelorum,

293 1000 607 1080 Dominum
640 1000 845 1076 Jesum
873 1016 1168 1073 Christum
1201 1019 1383 1070 Deum
1412 1027 1620 1068 verum
1651 1025 1778 1065 esse
1809 1024 1942 1064 con~
2191 1004 2394 1060 Fertur
2419 1004 2677 1076 innuptae
2704 1000 2925 1074 gremio
2957 1000 3186 1074 puellas,

293 1114 480 1170 ﬁteor.
527 1111 609 1166 Ad
635 1117 846 1165 sextam
896 1104 1219 1178 antiphona.
1278 1103 1488 1158 Custos
1547 1104 1603 1155 et
1649 1101 1942 1170 protector
2189 1091 2295 1156 Qui
2327 1110 2436 1148 sua
2463 1091 2581 1148 late
2612 1091 2834 1151 ditione
2861 1095 3028 1148 terra

296 1206 513 1268 noster,
535 1199 777 1254 Domine
801 1195 940 1252 Jesu
969 1193 1397 1265 Christe,qucm
1419 1191 1626 1246 beatus
1644 1185 1938 1260 Apollina-
2333 1183 2592 1238 Pondera
2615 1180 2812 1237 librat.

293 1293 373 1348 ris
422 1287 708 1364 praedixit.
745 1283 1164 1348 benedicimus,
1212 1281 1500 1354 hymnum
1548 1275 1801 1364 dicimus
1832 1272 1939 1329 tibi
2261 1271 2349 1328 Sit
2371 1271 2549 1327 decus
2579 1287 2881 1326 summum
2911 1269 3038 1326 sine
3059 1269 3174 1327 fine
3201 1267 3456 1335 Christo,

292 1357 640 1437 Deonostro.
668 1374 872 1430 Oratio.
906 1371 1233 1430 Salutarem
1279 1368 1450 1425 nobis
1471 1365 1633 1424 dedit
1657 1363 1941 1420 hodierna
2191 1361 2366 1433 Virgo
2400 1377 2574 1432 quem
2605 1363 2810 1415 sancta
2837 1359 3042 1432 genuit
3071 1357 3277 1428 Maria,

293 1471 384 1526 die
409 1467 564 1524 beati
611 1462 970 1538 Apollinaris
1019 1459 1337 1517 sacerdotis
1369 1461 1426 1512 et
1456 1453 1728 1526 martyris
1761 1452 1846 1507 tui
1877 1451 1937 1505 in
2189 1449 2295 1514 Qui
2326 1449 2482 1504 Patri
2505 1465 2764 1521 compar,
2799 1447 3170 1520 Flaminique
3204 1450 3410 1504 sancto

290 1537 680 1626 tua,Domine,
697 1553 906 1608 virtute
929 1549 1216 1607 confessio
1238 1546 1522 1614 laetitiam,
1547 1546 1759 1618 praesta
1779 1557 1937 1612 quaa-
2190 1538 2414 1610 Regnat
2441 1537 2501 1592 in
2533 1555 2738 1593 arvum.
2773 1539 2975 1593 Amen.

292 1662 520 1714 sumus,
551 1638 1086 1700 utconversationis
1122 1638 1251 1709 ejus
1275 1633 1604 1691 imitatione
1621 1629 1939 1703 praedican-
2223 1645 2281 1681 ΙΝ
2319 1643 2716 1683 ASSUMPTIONE
2756 1642 2985 1680 suarm
3015 1641 3214 1680 manu:
3243 1639 3528 1683 vmsmls.

292 1738 388 1802 da,
421 1739 478 1790 et
509 1712 937 1788 intercessione
965 1727 1071 1782 tibi
1109 1725 1324 1799 placita
1344 1723 1566 1796 jugiter
1596 1718 1936 1791 gloriemur.
2113 1717 2514 1772 Inm’tatorium.
2557 1715 2712 1771 Odor
2767 1719 2926 1780 tuus,
2981 1717 3186 1770 sancta
3243 1713 3342 1768 Dei
3413 1712 3720 1781 Genitrix,

293 1801 382 1880 Λιί
424 1840 623 1880 nonam
653 1819 976 1892 antiphona.
1008 1818 1217 1874 Sancte
1245 1811 1620 1886 Apollinaris,
1663 1805 1936 1866 sacerdos
1966 1841 2014 1906 Β
2049 1803 2202 1902 sicut
2227 1805 2371 1859 odor
2399 1804 2665 1860 balsami.
2699 1804 2874 1872 Quasi
2904 1802 3116 1872 lilium,
3141 1802 3225 1857 ita
3249 1801 3434 1870 ﬂores,
3469 1802 3571 1859 Dei
3603 1819 3722 1876 ga-

292 1920 348 1972 et
379 1917 598 1986 martyr
627 1907 862 1974 Christi,
897 1908 1208 1978 deprecare
1269 1919 1371 1976 pro
1402 1900 1572 1974 plebe
1602 1901 1726 1962 tua,
1759 1911 1935 1968 quam
1966 1893 2014 1906 ⁵’
2047 1893 2222 1948 nitrix
2251 1894 2445 1967 Virgo.

291 2021 359 2061 ex
389 1983 663 2077 gentibus
693 1995 1017 2072 acquisisti,
1052 2011 1158 2050 nos
1189 1996 1387 2048 autem
1425 1986 1678 2077 populus
1711 1989 1850 2041 tuus
1881 1987 1938 2039 et
2739 1983 2999 2053 Hymnus.

291 2070 427 2150 oves
445 2088 639 2164 gregis
657 2087 768 2154 tui,
789 2070 1086 2141 intercede
1105 2097 1212 2154 pro
1235 2079 1406 2136 nobis
1423 2076 1564 2133 Filio
1584 2073 1702 2164 Dei.
1731 2073 1937 2130 Oratio.
2330 2073 2586 2128 Terrena
2614 2076 2824 2127 cuncta
2843 2070 3120 2142 jubilent,

291 2161 590 2238 Terribilis
625 2181 794 2240 Deus,
817 2178 873 2230 et
896 2171 1108 2227 invicta
1141 2167 1418 2224 fortitudo
1443 2181 1508 2222 ac
1531 2162 1708 2219 nimis
1725 2177 1936 2234 paven-
2257 2164 2427 2216 Astra
2449 2161 2727 2217 laudibus
2759 2161 3048 2228 intonent,

293 2270 368 2325 da
393 2269 670 2342 potestas,
689 2261 900 2334 largire
927 2257 1097 2315 nobis
1113 2256 1262 2314 beati
1296 2249 1936 2342 Apollinarismartyris
2187 2249 2449 2322 Virginis
2479 2255 2612 2307 ante
2640 2249 2969 2307 thalamum

293 2363 348 2414 et
379 2337 698 2412 sacerdotis
727 2350 810 2406 tui
846 2347 1115 2421 precibus
1139 2344 1432 2417 stipendia
1454 2341 1662 2398 salutis
1685 2343 1935 2401 aeternzn,
2187 2337 2430 2394 Carmen
2464 2337 2752 2394 allernent
2771 2337 3127 2393 dramatum.

296 2452 358 2503 ut
389 2449 551 2502 casta
580 2446 812 2516 pectora
861 2436 1192 2510 bajulantes
1239 2433 1442 2490 laudes
1474 2435 1584 2486 tua;
1615 2425 1934 2484 clementiae
2192 2515 2197 2516 γ
2260 2427 2388 2482 Haec
2419 2426 2615 2499 Virgo,
2639 2426 2828 2484 Verbo
2852 2426 3110 2499 gravida,

294 2515 770 2601 reteramus,ejus
793 2527 1077 2584 solemnia
1099 2524 1476 2580 celebrantes.
1501 2519 1581 2576 Ad
1600 2516 1936 2590 Magnificat
2188 2515 2280 2570 Fit
2309 2515 2568 2588 paradisi
2591 2517 2797 2587 janua.

294 2625 594 2698 antiphona
643 2619 850 2690 Accipe
872 2615 1156 2688 Spiritum
1175 2616 1462 2677 sanctum,
1489 2607 1664 2698 simul
1699 2603 1932 2698 pontifi:
2185 2605 2319 2668 Qua:
2352 2609 2533 2660 Deum
2567 2605 2788 2662 mundo
2821 2603 3092 2670 reddidit,

295 2691 513 2771 catum.
545 2711 750 2781 Surge,
788 2722 960 2780 perge
991 2705 1350 2767 Ravennam,
1384 2697 1701 2757 multitudo
1732 2691 1933 2781 populi
2185 2693 2402 2748 Caelum
2434 2693 2602 2749 nobis
2631 2693 2876 2766 aperuit.

295 2803 375 2858 ibi
409 2779 690 2856 moratur:
755 2779 1006 2849 Praediea
1059 2791 1143 2846 cis
1196 2789 1426 2854 Jesum,
1485 2783 1640 2858 quod
1697 2798 1828 2837 vere
1860 2779 1936 2836 sit
2258 2781 2416 2837 Felix
2447 2782 2558 2837 ista
2588 2798 2872 2854 puerpera

299 2889 482 2946 Filius
509 2886 635 2941 Dei.
2185 2871 2308 2926 Eva:
2341 2869 2463 2944 lege
2493 2871 2792 2926 liberrima

368 2995 426 3033 IN
465 2991 656 3032 manu
689 2985 881 3029 saxcrl
937 2985 1188 3026 .smrenu
1229 2981 1479 3023 spissam
1517 2980 1584 3018 ET
1628 2975 1932 3017 MARTYRIS.
2183 2959 2456 3032 Concepit
2483 2959 2610 3015 sine
2638 2959 2814 3024 coitu,

374 3065 459 3122 Ad
485 3061 817 3136 Magnificat
845 3060 1163 3131 antiphona.
1198 3056 1241 3112 0
1263 3053 1528 3127 rEmygdi
1562 3054 1782 3124 martyr
1805 3047 1930 3122 glo-
2184 3047 2392 3106 Emisit
2418 3049 2640 3121 absque
2667 3047 2910 3120 gemitu.

298 3156 468 3222 riose,
493 3167 639 3226 quos
659 3151 716 3204 in
739 3148 965 3204 Christo
981 3145 1237 3220 genuisti
1257 3143 1408 3198 filios
1429 3145 1560 3197 tuos
1581 3137 1929 3211 sanguinem
1972 3208 2010 3226 Π
2257 3137 2422 3192 Dives
2451 3136 2642 3192 Mariis
2655 3137 2982 3209 gremium,

300 3208 620 3306 tun—dendo.
649 3245 769 3302 tua,
803 3208 1164 3309 quaesumus,
1198 3231 1382 3289 oratio
1419 3208 1794 3286 commendet
1833 3241 1938 3280 nos
1969 3208 2010 3274 C
2193 3225 2396 3281 Mundi
2418 3224 2662 3298 gestavit
2679 3208 2965 3298 pretium,

297 3330 700 3388 indesinenter
722 3331 853 3381 Deo.
887 3322 1201 3394 Antiphone
1236 3319 1306 3376 ad
1331 3319 1697 3378 Benedictus.
1729 3316 1936 3370 Sancte
2187 3314 2312 3378 Quo
2341 3313 2662 3386 gloriemur
2693 3313 2901 3369 redimi

297 3421 396 3477 Dei
428 3416 636 3493 praesul
688 3419 744 3470 et
804 3417 1025 3486 martyr
1074 3409 1361 3483 IEmygdi,
1397 3407 1516 3480 qui.
1565 3400 1939 3462 occidentalis
2189 3402 2388 3493 Soluto
2410 3402 2559 3476 jugo
2581 3401 2780 3458 debiti.

304 3489 550 3564 Francia
581 3503 870 3562 oriundus
901 3502 1148 3558 Romam
1169 3495 1779 3567 veniens,disponente
1801 3495 1936 3558 Deo,
2261 3491 2446 3556 Quam
2476 3491 2666 3548 Patris
2697 3490 2901 3564 implet
2929 3489 3130 3560 Filius,

299 3615 333 3653 a
363 3597 624 3653 Romano
657 3591 928 3666 pontifice
987 3588 1319 3644 destinatus
1369 3600 1430 3640 es
1481 3581 1830 3657 praedicator
1867 3577 1940 3634 ad
2190 3584 2440 3638 Sanctus
2468 3580 2783 3636 obumbrat
2810 3580 3082 3653 Spiritus,

302 3683 648 3742 Esculanam
671 3680 899 3748 urbem,
923 3693 1026 3749 pro
1056 3675 1225 3732 nobis
1247 3673 1401 3746 apud
1425 3673 1609 3728 Deum
1625 3667 1938 3734 intercede,
2193 3669 2413 3724 Ccnlum
2445 3669 2594 3723 fiunt
2623 3667 2964 3724 castissima

300 3790 448 3846 quos
466 3771 659 3828 verbis
690 3772 748 3824 et
796 3763 1096 3822 miraculis
1136 3763 1208 3819 ad
1239 3761 1596 3836 agnitionem
1627 3753 1944 3814 Christiani
2193 3761 2380 3812 Sacrae
2406 3755 2613 3829 puellae
2641 3755 2884 3813 viscera.

305 3845 560 3918 nominis
588 3855 772 3912 fecisti
794 3853 1008 3910 venire.
2269 3850 2417 3902 Laus
2448 3845 2577 3914 tibi,
2609 3845 2730 3902 Rex
2759 3845 3044 3903 altissime

373 3967 429 4005 m
466 3962 668 4004 VIGILIA
705 3956 1110 4000 ASSUMPTIONIS
1165 3955 1392 3997 SANCTIE
1430 3951 1626 3994 ΜΑηυε
1673 3947 1944 3990 Viaemls.
2198 3934 2304 3999 Qui
2337 3937 2511 3990 natus
2533 3940 2622 3990 est
2641 3934 2713 3990 de
2740 3933 2977 4007 Virgine

371 4037 451 4092 Ad
472 4049 718 4106 vespera:
739 4030 1060 4103 antiphona.
1085 4029 1266 4088 Maria
1294 4027 1492 4099 Virgo,
1525 4039 1758 4096 semper
1785 4021 1944 4078 laeta-
2198 4021 2284 4079 Sit
2311 4021 2442 4078 laus
2473 4027 2532 4078 et
2569 4021 2848 4079 ineﬂ‘abili

305 4139 524 4196 re,qua3
554 4119 820 4177 meruisti
852 4118 1150 4176 Christum
1209 4119 1438 4190 portare
1494 4111 1624 4170 cceli
1685 4115 1752 4182 et
1778 4113 1945 4166 terra;
2198 4111 2376 4176 Patri,
2407 4113 2726 4182 sanctoque
2755 4109 3031 4169 Flamini.

302 4209 684 4275 conditorem,
708 4207 846 4280 quia
867 4208 936 4263 de
955 4210 1056 4264 tuo
1079 4211 1242 4264 utero
1266 4201 1560 4277 protulisti
1591 4197 1795 4256 mundi
1819 4197 1944 4254 Sal-
2587 4201 2834 4270 Hymnus
2861 4199 2930 4255 ad
2959 4199 3168 4256 laudes.

301 4299 809 4360 ναῖοι-δωρεαὶΜὶ
835 4297 900 4353 de
918 4298 1097 4353 Feria.
2196 4289 2419 4344 Aurora
2445 4287 2605 4344 velut
2635 4286 2858 4360 fulgida

1003 4387 1267 4457 Hymnus.
2197 4377 2284 4432 Ad
2319 4376 2443 4434 εωΙί
2477 4379 2633 4433 meat
2662 4375 2942 4434 culmina.

409 4479 702 4536 Gaudium
733 4475 940 4532 mundi
973 4491 1122 4530 nova
1153 4471 1324 4530 stella
1353 4469 1504 4538 caeli,
2198 4465 2261 4520 Et
2289 4465 2374 4522 sol
2407 4464 2590 4522 Maria
2619 4464 2944 4538 splendida.

407 4565 724 4628 Procreans
754 4565 962 4632 solem,
995 4562 1229 4637 pariens
1262 4564 1584 4638 parentem,
1977 4575 2024 4640 D
2199 4555 2506 4627 Tanquam
2537 4553 2679 4610 luna
2708 4553 3122 4626 pulcherrima.

409 4661 491 4714 Da
522 4671 764 4714 manum
797 4651 1006 4726 lapsis,
1029 4651 1122 4708 fer
1151 4666 1321 4724 Opem
1373 4646 1632 4715 caducis,
2273 4643 2490 4716 Regina
2513 4643 2721 4699 mundi
2753 4642 2926 4700 hodie

667 4739 843 4818 Virgo
875 4739 1078 4798 Maria.
2201 4730 2503 4788 Thronum
2537 4731 2876 4788 conscendit
2904 4731 3126 4806 gloriae.

483 4834 562 4891 Te
593 4839 707 4890 Deo
735 4833 944 4889 factam
974 4829 1163 4903 liquet
1192 4844 1321 4884 esse
1353 4825 1595 4883 scalam.
2205 4819 2375 4875 Illum
2399 4819 2568 4876 enixa
2589 4819 2822 4889 Filium,

409 4925 710 4990 Quatenus
741 4931 978 4978 summa
1010 4917 1154 4992 petit
1185 4915 1341 4974 altus
1363 4916 1502 4984 ima,
2205 4907 2310 4973 Qui
2337 4912 2430 4964 est
2458 4913 2594 4965 ante
2624 4907 2954 4966 luciferum.

409 5011 530 5068 Nos
555 5011 626 5068 ad
661 5009 887 5066 excelsa
904 5007 1152 5066 remeari
1185 5005 1310 5062 cceli
2275 4998 2597 5070 Assumpta
2625 5013 2803 5070 super
2823 4997 3083 5072 angelos,

661 5097 934 5154 culmina
963 5097 1134 5154 dona,
2207 5085 2448 5142 Excedis
2475 5084 2880 5159 archangelos,

489 5186 568 5244 Te
593 5186 898 5242 beatorum
924 5184 1139 5241 chorus
1170 5182 1536 5256 angelorum,
2207 5173 2428 5230 Cuncta
2447 5178 2782 5232 sanctorum
2815 5175 3023 5232 merita

417 5277 494 5334 Te
525 5273 946 5350 prophetarum
975 5277 1032 5330 et
1061 5273 1458 5346 apostolorum
2207 5261 2595 5318 Transcendit
2618 5279 2739 5319 una
2767 5263 3005 5320 femina.

415 5363 573 5420 Ordo
599 5356 896 5434 praelatam
927 5359 1042 5416 sibi
1074 5359 1260 5416 cernit
1282 5374 1459 5414 unam
2281 5351 2462 5416 Quem
2495 5351 2716 5408 foverat
2737 5352 2795 5408 in
2817 5352 3040 5426 gremio

667 5446 808 5500 post
834 5448 1138 5505 υθίιαιεω,
2209 5439 2451 5494 Locarat
2481 5438 2542 5494 in
2571 5441 2872 5514 przssepio,
2927 5471 2932 5474 ·

493 5535 643 5602 Aula
675 5529 925 5590 celestis
956 5536 1222 5608 speciosa
1253 5533 1429 5606 regis,
2210 5527 2376 5584 Nunc
2406 5544 2603 5602 regem
2637 5546 2814 5602 super
2842 5530 3043 5590 omnia

421 5623 588 5686 Fulta
621 5621 880 5700 septenis
908 5622 1141 5698 Sophia
1161 5619 1476 5694 columnis,
2213 5617 2403 5678 Patris
2431 5618 2590 5678 videt
2617 5619 2676 5676 in
2695 5619 2911 5696 gloria,
