3920 6208
110 291 239 355 969.

1762 417 1816 485 Α

375 419 482 474 Pro
511 417 682 474 nobis
715 417 886 489 Virgo
917 417 1210 490 virginum

271 510 453 563 Tuum
485 507 733 579 deposce
768 505 1000 574 Filium,

271 602 372 652 Per
401 612 578 667 quam
612 599 814 650 nostra
845 599 1184 667 susceperat

271 686 336 740 Et
364 700 472 740 sua
503 683 672 739 nobis
704 683 1045 754 praebuerat.

335 773 485 827 Laus
517 771 645 839 tibi,
682 771 798 826 Rex
830 770 1138 842 altissime,
1163 775 1269 827 etc.

359 878 416 914 IN
447 877 662 915 OCTAVA
693 877 912 915 SANCT:E
943 876 1138 914 MAle
1186 876 1456 915 VIRGINIS.

171 949 470 1020 Antiphoni:
504 948 573 1002 ad
621 948 951 1017 Magni/icui.
1003 946 1123 1001 Sub
1176 950 1342 1001 tuum
1396 945 1734 1018 praesidium

105 1038 482 1111 confugimus,
516 1035 618 1091 Dei
649 1036 943 1101 Genitrix;
973 1041 1237 1090 nostram
1268 1033 1733 1107 deprecationem

104 1144 169 1182 ne
185 1125 466 1198 despicias
490 1125 545 1179 in
576 1123 1042 1190 necessitatibus,
1068 1124 1166 1178 sed
1195 1141 1228 1178 a
1254 1123 1528 1196 periculis
1551 1123 1736 1179 libera

103 1231 200 1271 nos
231 1231 479 1286 semper,
510 1213 685 1285 Virgo
717 1212 988 1285 gloriosa.
1022 1213 1224 1269 Ultima
1246 1213 1546 1285 antiphona
1562 1213 1736 1285 primi

97 1304 364 1358 Nocturni.
399 1302 464 1356 In
500 1301 657 1374 prole
691 1307 892 1366 mater,
928 1301 985 1355 in
1021 1305 1190 1372 partu
1220 1302 1402 1374 virgo,
1442 1302 1633 1373 gaude
1679 1305 1736 1358 et

97 1392 278 1447 laetare
307 1391 506 1464 Virgo,
542 1393 727 1446 mater
756 1390 989 1444 Domini

504 1497 558 1533 ιχ
593 1496 787 1534 NATALI
821 1495 1002 1534 SANCTI
1039 1495 1298 1534 MARTINI.

580 1568 657 1622 Ad
689 1584 933 1641 vcsperas
978 1567 1231 1640 hymnus.

358 1658 482 1713 Rex
511 1656 757 1721 Christe,
793 1655 1025 1711 Martini
1055 1656 1234 1711 decus

262 1746 362 1801 Iiic
389 1745 524 1801 laus
554 1751 675 1811 tua,
709 1750 769 1800 tu
805 1744 985 1813 illius,

261 1836 343 1890 Tu
376 1851 488 1890 nos
521 1837 579 1889 in
611 1833 719 1889 hoc
749 1839 804 1887 te
834 1833 1023 1888 colere

261 1923 508 1990 Quando
541 1923 734 1994 ipsum
768 1923 822 1976 in
859 1928 913 1977 te
945 1922 1155 1977 tribue.

328 2012 442 2077 Qui
474 2013 578 2067 das
612 2028 712 2083 per
741 2011 900 2066 orbis
933 2010 1202 2066 cardines

259 2102 424 2167 Quod
459 2116 693 2172 gemma
729 2099 910 2171 fulget
941 2098 1278 2170 praesulum,

262 2189 366 2260 Da,
399 2206 552 2261 quos
581 2192 856 2261 premunt
887 2187 1069 2259 culpa:
1101 2203 1324 2261 graves,

262 2277 464 2333 Solvat
495 2295 596 2350 per
626 2278 833 2349 ingens
864 2277 1159 2332 meritum.

359 2367 447 2422 En
480 2383 702 2438 pauper
730 2365 825 2420 hic
856 2369 912 2420 et
935 2365 1200 2421 modicus

258 2454 466 2512 Polum
498 2455 656 2509 dives
687 2453 1030 2526 ingreditur.

258 2542 398 2599 ϐωΙί
432 2542 697 2598 cohortes
729 2541 981 2610 obviant,

262 2632 526 2703 Linguae,
557 2629 768 2696 tribus,
803 2637 1006 2702 gentes
1036 2635 1226 2686 ovant.

360 2720 434 2776 Ut
463 2720 580 2774 vita
609 2720 790 2793 fulget
821 2720 1102 2776 transitus

257 2808 396 2864 lei
431 2813 486 2863 et
517 2825 651 2863 arvo
682 2806 1048 2879 Splendidus,

257 2897 528 2952 Gaudere
561 2896 783 2950 cunctis
816 2895 979 2966 pium
1011 2899 1119 2961 est,

255 2983 502 3040 Cunctis
532 2982 692 3038 salus
722 2983 798 3037 sit
823 2983 942 3039 haec
974 2982 1121 3039 dies.

361 3072 611 3127 Martine
641 3088 747 3143 par
778 3071 1081 3143 apostolis,

259 3163 504 3218 Festum
536 3159 791 3216 colentes
820 3163 882 3214 tu
917 3160 1061 3226 fove,

259 3248 372 3314 Qui
405 3249 593 3304 vivere
625 3247 928 3319 discipulis
963 3248 1070 3316 vis,

262 3338 331 3393 Et
362 3336 511 3393 mori
546 3353 660 3391 non
692 3337 940 3408 respuis.

363 3427 476 3482 Fac
503 3441 676 3492 nunc,
711 3426 864 3496 quod
898 3423 1035 3479 olim
1067 3440 1353 3496 gesseras,

254 3517 426 3571 Nunc
457 3512 732 3586 praesules
765 3513 1040 3581 clarifica,

256 3606 422 3676 Auge
453 3601 631 3657 decus
664 3600 931 3657 Ecclesiae

260 3693 524 3747 Fraudes
555 3689 737 3747 relide
766 3691 1012 3747 Satanae.

353 3779 464 3844 Qui
497 3784 584 3834 ter
613 3778 789 3834 chaos
821 3781 1132 3843 evisceras,

255 3869 488 3923 Mersos
514 3871 674 3921 reatu
703 3868 940 3932 suscita,

251 3957 554 4012 Diviseras
587 3961 649 4010 ut
679 3955 1051 4025 chlamidem,

251 4045 373 4100 Nos
405 4043 584 4098 indue
606 4043 921 4112 justitiam.

360 4130 437 4185 Ut
467 4128 734 4200 specialis
765 4130 959 4201 gloria:

253 4217 567 4282 Quondam
597 4217 913 4272 recorderis
943 4223 1076 4285 tuae,

252 4305 584 4363 Monastico
617 4322 769 4360 nunc
793 4306 1002 4360 ordini.

250 4397 392 4452 Jam
431 4411 577 4467 pene
611 4393 774 4465 lapso
807 4395 1068 4450 subveni.

332 4483 426 4540 Sit
455 4481 725 4537 'l‘rinitati
759 4482 965 4555 gloria,

255 4571 553 4628 Martinus
587 4577 651 4626 ut
680 4573 985 4628 confessus
1015 4577 1140 4639 est;

255 4663 444 4733 Cujus
478 4660 651 4714 ﬁdem
685 4677 788 4732 per
817 4677 1013 4731 opera,

251 4751 323 4807 .ln
360 4765 472 4805 nos
503 4753 557 4804 et
585 4747 711 4820 ipse
743 4749 991 4805 roboret.
1024 4751 1231 4806 Amen.

515 4854 570 4891 1x
603 4844 972 4894 DEDICXTIONE
1010 4855 1305 4895 ECCLESLE.

587 4925 664 4980 Ad
693 4941 938 4997 vesperas
979 4927 1237 4998 hymnus.

181 5013 445 5079 Christe,
477 5018 820 5070 cunctorum
855 5016 1187 5072 dominator
1213 5016 1386 5086 alme,

181 5102 377 5158 Patris
410 5102 607 5156 aeterni
638 5103 871 5174 genitus
903 5105 975 5159 ab
1006 5121 1103 5159 ore

183 5190 539 5263 Supplicum
568 5195 722 5258 vota,
751 5191 1082 5265 pariterque
1114 5193 1400 5266 hymnum

646 5279 825 5335 Cerne
856 5281 1170 5354 benignus.

255 5370 446 5424 Cerne
477 5367 633 5438 quod
665 5385 834 5439 puro,
869 5369 1043 5436 Deus,
1073 5370 1130 5424 in
1162 5371 1380 5427 honore

181 5456 360 5514 Plebs
394 5459 496 5512 tua
528 5455 771 5528 supplex
803 5463 1038 5513 resonat
1070 5458 1126 5512 in
1159 5457 1313 5514 aula.

180 5549 400 5609 Annua
433 5545 604 5616 cujus
636 5545 883 5602 redeunt
911 5544 1155 5604 colenda

408 5669 674 5740 Ρηιιοι.
719 5671 862 5736 GLI.

884 280 1271 348 EXCERPT.
1315 283 1420 347 EX
1461 280 1691 348 CODD.
1733 277 2048 348 LITURG.
2097 281 2694 346 FONTAVELLAN.

3371 285 3492 352 97:0
3503 313 3506 320 ·

2430 415 2712 486 Tempore
2740 415 2908 472 festa.

2022 504 2151 560 Haec
2183 504 2395 560 domus
2427 503 2534 560 rite
2563 502 2670 559 tibi
2701 503 2967 559 dedicata

1949 591 2238 659 Noscitur,
2275 593 2331 648 in
2366 609 2483 665 qua
2511 591 2764 665 populus
2803 595 3098 648 sacratum

1951 683 2171 752 Corpus
2203 681 2469 750 assumit,
2506 681 2673 748 bibit,
2707 685 2764 737 et
2795 680 2947 738 beati

2339 770 2655 842 Sanguinis
2685 771 2988 826 haustum.

2026 857 2167 914 Hinc
2201 860 2556 915 sacrosancti
2588 859 2788 916 latices
2819 863 3086 916 veternas

1951 944 2199 1002 Diluunt
2229 946 2452 1019 culpas,
2485 948 2900 1019 perimuntque
2931 964 3131 1018 noxas,

1952 1034 2276 1091 Cbrismate
2306 1053 2439 1091 vero
2469 1052 2656 1108 genus
2685 1041 2751 1092 ut
2781 1040 3009 1093 creetur

2423 1125 2918 1182 Christicolarum.

2019 1213 2123 1268 Hic
2154 1212 2314 1269 salus
2345 1213 2537 1286 aegris,
2572 1214 2863 1270 medicina
2892 1214 3087 1281 fessis,

1951 1301 2169 1356 Lumen
2203 1301 2444 1368 orbatis,
2477 1302 2761 1376 veniaque
2791 1303 3009 1360 nostris

1949 1390 2154 1444 Fertur
2183 1390 2440 1455 oifensis,
2469 1390 2645 1444 timor
2674 1395 2848 1463 atque
2881 1409 3095 1448 maeror

2421 1476 2665 1533 Pellitur
2695 1479 2906 1536 omnis.

2019 1566 2312 1622 Daemonis
2345 1583 2497 1621 saeva
2525 1567 2675 1639 perit
2703 1567 2799 1623 hic
2831 1569 3054 1642 rapina,

1950 1655 2220 1710 Pervicax
2251 1659 2581 1710 monstrum
2614 1659 2807 1728 pavet,
2838 1659 2896 1712 et
2923 1660 3149 1712 retenta
3182 1681 3184 1683 ’

1945 1748 2196 1816 Corpora
2225 1744 2498 1816 linquens
2528 1745 2678 1818 fugit
2706 1744 2767 1800 in
2798 1750 3052 1804 remotas

2426 1833 2600 1889 Ocius
2631 1835 2894 1891 umbras.

2020 1920 2121 1975 Hic
2150 1920 2312 1976 locus
2345 1938 2554 1994 nempe
2583 1923 2872 1979 vocitatur

1946 2008 2093 2063 Aula
2126 2009 2298 2082 Regis
2332 2010 2549 2077 aeterni,
2583 2011 2851 2083 niveique
2880 2010 3032 2078 omli,

1950 2097 2240 2170 Portaque
2272 2099 2400 2153 vitae
2431 2099 2682 2170 patriam
2713 2103 2976 2171 petentes

2429 2187 2652 2258 Accipit
2681 2204 2905 2244 omnes.

2022 2275 2214 2329 Turbo
2243 2292 2420 2347 quam
2445 2274 2643 2332 nullus
2673 2276 2882 2346 quatit,
2916 2280 3018 2335 aut
3046 2281 3327 2350 vagantes

1948 2363 2199 2418 Diruunt
2229 2365 2405 2431 venti,
2434 2368 2860 2436 penetrantque
2891 2365 3099 2433 nimbi,

1951 2451 2075 2507 Non
2106 2452 2238 2506 tetri
2272 2451 2428 2507 laedit
2459 2454 2658 2524 piceus
2689 2453 2944 2509 tenebris

2377 2543 2658 2597 Tartarus
2689 2541 2956 2598 horrens.

2022 2630 2367 2694 Quaesumus
2398 2645 2554 2702 ergo,
2589 2630 2764 2698 Deus,
2796 2634 2862 2685 ut
2893 2647 3097 2687 sereno

1948 2718 2190 2773 Annuas
2218 2718 2381 2773 vultu
2413 2717 2667 2774 famulos
2695 2719 2910 2788 videre,

1951 2806 2058 2871 Qui
2089 2807 2171 2860 tui
2196 2823 2460 2863 summos
2491 2806 2790 2863 celebrant
2818 2824 3016 2864 amore

2423 2895 2645 2951 Gaudia
2674 2895 2900 2968 templi.

2022 2983 2194 3039 Nulla
2223 3001 2328 3039 nos
2357 2983 2486 3039 vita;
2518 2984 2783 3040 cruciant
2811 2983 3077 3052 molesta,

1950 3072 2076 3126 Sint
2105 3072 2229 3128 dies
2260 3071 2392 3139 laeti,
2428 3071 2786 3144 placidaeque
2816 3077 3039 3138 noctes,

1950 3160 2159 3216 Nullus
2185 3177 2252 3216 ex
2279 3159 2445 3216 nobis
2475 3165 2752 3233 pereunte
2782 3162 3001 3217 mundo

2449 3249 2675 3304 Sentiat
2700 3249 2887 3321 ignes.

2021 3337 2122 3392 Hic
2154 3338 2299 3404 dies,
2334 3337 2393 3392 in
2426 3353 2542 3408 quo
2574 3335 2678 3391 tibi
2708 3340 3105 3392 consecratam

1949 3425 2246 3498 Conspicis
2277 3441 2438 3482 aram
2468 3424 2690 3481 tribuat
2719 3441 2970 3496 perenne

1950 3515 2240 3569 Gaudium
2273 3513 2462 3584 nobis,
2493 3514 2800 3586 vigeatque
2824 3513 2996 3585 longo

2427 3601 2732 3674 Temporis
2761 3619 2892 3658 usu.

2020 3691 2274 3746 Gloriam
2308 3707 2540 3746 summo
2570 3707 2914 3746 resonemus
2937 3691 3092 3746 Patri

1947 3779 2203 3835 Gloriam
2235 3780 2400 3847 Nato,
2435 3779 2766 3851 pariterque
2799 3783 3000 3835 sancto

1947 3869 2188 3941 Spiritui
2220 3867 2373 3923 dulci
2407 3867 2779 3924 modulemur
2808 3867 3025 3940 hymno

2292 3957 2431 4012 Esse
2460 3973 2564 4028 per
2593 3972 2800 4012 aevum.
2831 3962 3042 4012 Amen.

1841 4074 1900 4127 In
1930 4072 2078 4128 calce
2125 4071 2431 4142 supradicti
2481 4071 2742 4200 ὒνεῗίἱαιτίἱ
2788 4072 2989 4142 legitur
3039 4072 3284 4144 ofﬁcium
3331 4073 3495 4130 beata

2613 4157 2773 4200 arzaz.

2613 4157 2773 4200 072$.

1842 4249 2053 4288 INCIPIT
2078 4247 2348 4286 OFFICIUM
2400 4245 2594 4288 ΒΕΔΤᾸΞ
2644 4248 2838 4287 MAle
2883 4247 3138 4287 VIRGINIS
3182 4247 3494 4288 SECUNDUM
3545 4231 3549 4234 ”

1912 4319 2390 4358 CONSUETUDINEM
2433 4319 2830 4358 MONACHORUM
2875 4319 3218 4359 MONAS’I’ERII
3269 4318 3496 4359 ΒΔΝΟΤΕ

1912 4390 2114 4429 CRUCIS
2143 4390 2339 4428 FONTIS
2369 4390 2694 4428 AVELLANE.

1916 4489 1994 4543 Ad
2023 4491 2376 4544 matutinum.
2413 4487 2675 4557 Domine,
2709 4489 2868 4545 labia
2899 4505 3030 4545 mea
3079 4488 3328 4561 aperias,
3383 4491 3494 4544 etc.

1845 4594 2014 4648 usque
2042 4577 2110 4631 ad
2141 4578 2413 4632 lectiones.
2439 4578 2617 4632 Lectio
2628 4579 2834 4648 prima.
2862 4578 3076 4634 Sancta
3101 4576 3304 4644 Maria,
3322 4575 3498 4648 Virgo

1783 4659 1790 4665 ’
1845 4665 2158 4739 virginum,
2211 4670 2398 4720 mater
2445 4669 2501 4719 et
2551 4664 2673 4719 filia
2724 4665 2899 4737 Regis
2943 4682 3170 4738 regum,
3229 4665 3498 4720 omnium

1847 4759 2016 4809 tuum
2050 4754 2220 4809 nobis
2252 4753 2524 4824 impende
2573 4752 2874 4823 solatium,
2923 4759 2988 4808 ut
3038 4753 3289 4810 ccelestis
3337 4751 3502 4826 regni

1849 4841 2402 4898 mereamurhabere
2416 4841 2746 4912 praemium,
2762 4859 2894 4897 cum
2922 4841 3122 4898 electis
3143 4841 3246 4900 Dei
3258 4857 3517 4915 regnare.

1848 4932 1905 4985 in
1930 4933 2298 5004 perpetuum.
2318 4931 2375 4996 it.
2393 4931 2461 4985 Ut
2481 4931 2635 5001 apud
2661 4947 2788 4986 nos.
2807 4932 2988 4987 Lectio
3008 4931 3266 4990 secunda.
3290 4931 3502 4990 Sancta

1846 5020 2047 5086 Maria,
2083 5019 2311 5090 piarum
2344 5017 2634 5089 piissime,
2668 5017 2961 5076 intercede
2989 5037 3091 5092 pro
3123 5020 3315 5089 nobis,
3361 5036 3498 5076 san-

1846 5113 2071 5164 ctarum
2106 5105 2500 5173 sanctissima,
2536 5109 2600 5160 ut
2630 5121 2735 5177 per
2763 5111 2820 5161 te
2849 5111 3048 5162 sumat
3077 5111 3278 5169 nostra
3305 5122 3500 5180 preca-

1847 5197 2026 5265 mina,
2055 5194 2155 5267 qui
2182 5210 2286 5264 pro
2319 5193 2488 5248 nobis
2520 5195 2696 5247 natus
2728 5199 2935 5265 regnat
2959 5211 3136 5266 super
3165 5195 3400 5260 ethera,
3434 5197 3501 5248 ut

1845 5290 1948 5340 tua
1978 5285 2190 5357 pietate
2220 5281 2414 5337 deleat
2444 5285 2647 5336 nostra
2677 5282 3036 5353 peccamina.
3058 5285 3116 5352 ii).
3135 5282 3292 5340 Felix
3331 5296 3503 5336 nam-

1846 5391 1979 5445 que,
2012 5377 2120 5429 etc.
2166 5372 2344 5426 Lectio
2390 5371 2571 5425 tertia.
2625 5371 2839 5426 Sancta
2887 5371 2989 5426 Dei
3039 5370 3326 5438 Genitrix,
3376 5383 3505 5440 qua)

1845 5462 2018 5534 digne
2049 5458 2312 5515 meruisti
2346 5456 2648 5528 concipere
2679 5475 2854 5529 quem
2887 5461 3049 5513 totus
3091 5457 3250 5514 orbis
3296 5454 3507 5527 nequit

1845 5547 2358 5626 comprehendere,
2376 5561 2721 5620 quaesumus
2740 5539 2804 5603 ut
2823 5549 2925 5602 tuo
2948 5544 3278 5603 interventu
3302 5541 3508 5618 culpas

3105 5671 3188 5759 ai.
