3920 6208
355 351 468 429 971

1723 364 2035 435 MONUM.
2080 358 2395 430 LITURG.

3642 367 3783 433 972

356 505 586 557 nostras
615 501 842 573 abluas,
875 521 990 577 quo
1021 519 1334 578 perennem
1367 505 1565 562 sedem
1597 503 1790 578 glorias
1817 520 1920 576 per
1947 507 2002 559 te
2031 503 2084 570 Α
2115 501 2278 556 drus.
2299 502 2356 570 it.
2383 500 2713 572 Adjuvabit.
2741 503 2792 571 ῑ.
2815 498 2978 558 Sicut
3028 499 3284 574 myrrha.
3341 502 3549 561 Oratio.
3605 505 3777 564 Deus

354 590 638 662 redempti
701 608 1034 649 mereamur
1087 595 1387 662 scandere,
1451 594 1550 649 ubi
1605 609 1808 648 manes
1863 609 1997 647 cum

353 678 558 734 eodem
594 679 737 736 Filio
795 685 894 738 tuo
953 682 1101 739 sime
1157 683 1707 756 tempore.i§.Beata
1753 699 1838 748 es,
1887 685 1996 736 etc.

354 767 621 838 Hymnus.
655 770 732 826 Te
763 775 942 826 Deum
975 771 1307 828 laudamus.
1346 772 1670 828 Versiculus.
1713 769 1999 825 Dominus

349 855 674 912 vobiscum.
725 859 1040 931 Sequentia
1085 859 1268 916 sancti
1320 858 1613 932 Evangelii
1671 857 1996 914 secundum

352 943 584 1001 Lucam.
632 947 694 1002 In
728 947 828 1004 illo
877 953 1166 1021 tempore:
1217 949 1514 1021 Loquente
1562 949 1700 1004 Jesu
1753 948 1824 1004 ad
1873 951 1996 1002 tur-

353 1033 478 1100 bas,
511 1039 920 1103 etc.ii).Amen.
951 1037 1028 1092 Te
1067 1038 1230 1093 decet
1277 1037 1428 1103 laus,
1479 1041 1587 1094 etc.
1639 1037 1718 1092 Ad
1769 1036 1996 1092 Benedi-

352 1131 466 1178 ctus
495 1125 819 1197 antiphona.
855 1125 988 1189 Quae
1019 1131 1108 1182 est
1136 1127 1270 1197 ista,
1315 1144 1444 1199 quae
1494 1126 1796 1182 descendit
1845 1125 1999 1186 sicut

352 1227 562 1268 aurora
593 1229 973 1286 consurgens,
1007 1213 1254 1288 pulchra
1283 1220 1349 1271 ut
1377 1215 1541 1281 luna,
1573 1214 1754 1270 electa
1793 1217 1857 1268 ut
1887 1214 1992 1282 sol,

349 1301 628 1358 terribilis
651 1307 716 1357 ut
741 1307 1069 1358 castrorum
1100 1302 1254 1360 acies
1284 1303 1594 1359 ordinata?
1641 1303 1812 1375 Kyrie
1859 1302 1994 1357 elei-

350 1407 479 1458 son,
511 1395 621 1448 etc.
663 1391 835 1448 Pater
888 1392 1610 1460 noster.i.Benedicamus
1660 1392 1886 1448 Patrem
1939 1397 1996 1447 et

350 1477 559 1534 Filium
591 1495 725 1533 cum
759 1484 961 1535 sancto
991 1479 1660 1551 Spiritu.i't.Laudemus
1690 1483 1747 1533 et
1789 1495 1990 1552 super-

346 1566 669 1622 exaltemus
700 1583 834 1622 eum
853 1567 912 1622 in
931 1566 1159 1623 saecula.
1185 1569 1236 1636 it.
1256 1569 1388 1624 Post
1409 1573 1663 1639 partum,
1685 1567 1882 1640 Virgo,
1910 1568 1993 1623 in-

344 1653 557 1710 violata
586 1656 1177 1726 permansistin’iﬂei
1227 1655 1505 1720 Gcnitrix,
1551 1655 1840 1711 intercede
1887 1672 1991 1727 pro

345 1743 916 1813 nobis.i‘.Mirabilis
972 1745 1304 1815 Deus.i't.ln
1367 1744 1586 1800 sanctis
1639 1745 1986 1812 suis.9’.Do-

342 1831 538 1886 minus
567 1831 890 1888 vobiscum.
914 1834 1032 1900 ﬁEt
1059 1850 1218 1889 cum.

411 1921 616 1976 Oratio.
652 1921 806 1976 Deus
838 1922 1007 1992 cujus
1035 1938 1276 1978 munere
1307 1921 1648 1978 Trinitatem
1681 1922 1740 1976 in
1789 1938 1989 1994 perso-

342 2007 456 2074 nis,
485 2012 541 2063 et
572 2007 861 2064 Unitatem
895 2008 952 2064 in
1000 2009 1200 2066 divina
1246 2011 1576 2066 substantia
1621 2011 1988 2077 confitemur,

345 2095 594 2150 concede
624 2095 934 2168 propitius,
961 2102 1027 2152 ut
1048 2098 1156 2154 hac
1177 2097 1334 2152 fideli
1357 2097 1534 2153 lorica
1566 2097 1775 2152 muniti
1799 2114 1988 2153 acun-

339 2184 450 2239 ctis
480 2185 658 2238 etiam
689 2201 1022 2240 mereamur
1049 2186 1502 2242 adversitatibus
1535 2184 1786 2241 liberari.

411 2272 535 2326 Alia
565 2273 757 2328 oratio.
790 2271 966 2341 Deus,
1000 2275 1098 2346 qui
1134 2273 1348 2329 Filium
1396 2279 1566 2329 tuum
1614 2275 1686 2330 ad
1737 2291 1845 2330 nos
1889 2291 1992 2347 per

339 2359 638 2432 Virginem
663 2359 942 2433 dignatus
959 2377 1020 2416 es
1045 2361 1296 2428 mittere,
1319 2362 1393 2416 da
1415 2363 1581 2418 nobis
1605 2364 1675 2418 ad
1707 2367 1760 2418 te
1782 2364 1987 2419 sull‘ra-

339 2449 614 2520 gantibus
644 2449 908 2518 ejusdem
937 2450 1116 2505 beata:
1148 2451 1644 2524 Mariaa‘precibus
1666 2452 1888 2524 jugiter
1909 2452 1984 2508 fe-

343 2535 580 2592 stinare.

409 2625 536 2680 Alia
566 2627 760 2682 oratio.
794 2626 1092 2681 Auxilium
1125 2632 1292 2683 tuum
1326 2628 1516 2696 nobis,
1551 2629 1814 2700 Domine,
1864 2628 1983 2700 pla-

339 2716 506 2768 catus
536 2713 832 2784 impende,
861 2719 919 2768 et
943 2714 1338 2770 intercedente
1368 2715 1535 2771 beata
1567 2716 1666 2772 Dci
1707 2717 1987 2790 genitrice

340 2801 526 2856 Maria
553 2819 686 2856 cum
719 2801 994 2857 omnibus
1025 2804 1245 2858 sanctis
1275 2803 1415 2869 tuis,
1451 2805 1537 2858 fac
1568 2821 1675 2860 nos
1705 2806 1777 2860 ab
1825 2805 1985 2861 omni

339 2890 687 2945 adversitate
720 2889 974 2958 liberari,
1007 2894 1062 2945 et
1092 2895 1306 2946 acterna
1333 2891 1531 2947 laetitia
1561 2893 1834 2966 gaudere.
1878 2897 1987 2948 Per

339 2977 678 3045 Dominum,
709 2980 819 3032 etc.

408 3065 692 3136 Suﬂ'ragia
718 3065 788 3120 ad
823 3067 1174 3120 matutinum.
1228 3069 1557 3138 Antiphone.
1611 3069 1768 3124 Inter
1815 3074 1982 3126 natos

338 3152 674 3210 mulierum.
708 3156 759 3219 it.
795 3154 1002 3210 Justus
1058 3159 1123 3210 ut
1179 3155 1393 3228 palma.
1428 3159 1486 3226 ἢ.
1524 3157 1687 3212 Sicut
1748 3159 1978 3216 cedrus.

2022 1867 2070 1932 B

2113 589 2214 659 qui
2249 587 2416 644 nobis
2463 595 2677 645 sanctae
2720 589 3027 646 Trinitatis
3074 591 3418 664 mysterium
3467 591 3774 660 revelasti,

2109 676 2318 745 tribue,
2353 693 2717 749 quaesumus,
2753 678 3137 751 utquijamte
3153 679 3778 754 exfidecognovimus,

2111 783 2211 836 per
2240 763 2375 820 boni
2407 765 2601 838 operis
2630 771 2948 838 augmenta
2976 783 3331 824 crescamus.

2177 854 2302 908 Atia
2328 855 2522 910 oratio.
2553 853 2813 910 Concede
2842 872 2969 922 nos,
3005 871 3366 927 quaesumus,
3389 857 3776 932 omnipotens

2111 942 2280 1011 Deus,
2315 943 2494 998 beatae
2527 943 2722 998 Mariae
2753 959 2986 1016 semper
3012 943 3258 1018 virginis
3278 946 3553 1018 precibus
3571 948 3776 1004 suble-

2104 1030 2248 1094 vari,
2279 1046 2382 1102 per
2411 1032 2582 1102 cujus
2614 1032 2965 1089 ineffabilem
2996 1037 3232 1104 partum
3254 1033 3583 1107 procurasti
3605 1035 3771 1094 salu-

2105 1118 2180 1173 tis
2211 1118 2482 1175 humanie
2513 1119 2860 1176 remedium.

2175 1207 2299 1262 Alia
2329 1209 2524 1265 oratio.
2545 1207 2823 1285 Omnium
2842 1214 3182 1266 sanctorum
3203 1214 3466 1278 tuorum,
3494 1214 3765 1282 Domine,

2105 1294 2528 1366 supplicatione
2560 1295 2848 1368 placatus,
2880 1295 3110 1352 veniam
3143 1297 3314 1355 nobis
3334 1298 3547 1371 tribue,
3578 1307 3636 1358 et
3669 1319 3764 1358 re-

2105 1383 2298 1438 media
2328 1384 2686 1456 sempiterna
2715 1385 2986 1440 concede.

2177 1471 2252 1526 Αιι
2282 1488 2483 1526 nonum
2513 1473 2768 1544 hymnus.
2804 1472 2848 1527 Ο
2879 1472 3196 1546 singularis
3219 1475 3487 1541 Domina,
3510 1481 3621 1534 etc.
3643 1481 3759 1534 An-

2099 1560 2343 1630 tiphone,
2371 1563 2594 1632 psalmi,
2620 1564 2670 1616 et
2701 1561 2858 1616 lectio
2889 1569 2948 1616 ut
2994 1562 3141 1633 apud
3187 1563 3584 1637 nos.l§.Elegit
3619 1582 3759 1622 eam

2100 1653 2274 1715 Deus,
2325 1649 2797 1722 etc.i’.Speciosa
2849 1650 3002 1705 facta
3047 1667 3130 1706 es.
3179 1651 3386 1707 Oratio.
3440 1657 3594 1710 Deus
3647 1654 3760 1726 qui

2098 1737 2462 1808 virginalem.

2167 1827 2294 1880 Atia
2323 1827 2517 1882 oratio.
2553 1824 2787 1898 Porrige
2819 1825 3008 1894 nobis,
3037 1831 3212 1894 Deus,
3238 1829 3528 1886 dexteram
3555 1835 3757 1899 tuam,

2097 1917 2156 1969 et
2183 1930 2287 1985 per
2317 1915 2794 1970 intercessionem
2821 1915 3002 1970 beata:
3035 1914 3229 1970 Mariae
3255 1931 3481 1988 semper
3497 1917 3759 1991 virginis

2099 2006 2156 2056 et
2185 2003 2448 2057 omnium
2482 2007 2819 2058 sanctorum
2851 2008 3086 2058 tuorum
3113 2003 3397 2061 auxilium
3426 2005 3598 2062 nobis
3645 2023 3754 2063 su-

2099 2106 2287 2162 pernae
2318 2090 2551 2146 virtutis
2583 2091 2873 2162 impende.

2192 2179 2273 2234 Ad
2343 2195 2591 2251 vesperas
2665 2179 2999 2250 antiphona.
3077 2182 3224 2236 Ante
3291 2185 3515 2241 torum.
3581 2185 3752 2240 Psat.

2099 2267 2274 2323 Dixit.
2315 2270 2625 2340 Antiphona
2664 2269 2840 2340 Aquis
2897 2267 3114 2324 multis.
3164 2269 3442 2327 Psalmus.
3495 2271 3755 2330 Laetatus

2099 2372 2253 2412 sum.
2293 2359 2620 2428 Antiphona.
2653 2361 2859 2429 Surge,
2884 2357 3102 2430 aquilo,
3131 2363 3189 2414 et
3201 2359 3354 2426 veni,
3380 2363 3598 2430 auster,
3622 2378 3756 2434 per-

2099 2443 2174 2499 ﬂa
2203 2444 2436 2500 hortum
2470 2462 2687 2512 meum,
2717 2450 2772 2501 et
2820 2447 3003 2502 ﬂuent
3049 2451 3314 2502 aromata
3363 2445 3544 2504 illius.
3593 2451 3753 2507 Psal.

2095 2532 2220 2588 Nisi
2279 2533 2582 2591 Dominus.
2652 2535 2986 2606 Autiphona.
3060 2534 3386 2601 Revertere,
3441 2542 3750 2596 revertere.

2094 2621 2243 2676 Psal.
2277 2621 2588 2691 Memento,
2625 2622 2884 2678 Domine.
2916 2622 3244 2694 Antiphona.
3269 2623 3332 2679 In
3354 2623 3517 2696 prole
3539 2625 3752 2697 Mater,

2096 2709 2153 2762 in
2185 2715 2354 2780 partu
2385 2710 2582 2782 Virgo,
2615 2711 2804 2783 gaude
2834 2715 2894 2766 et
2921 2711 3136 2779 laetare,
3168 2712 3366 2786 Virgo,
3400 2718 3588 2770 mater
3632 2719 3752 2772 Do-

2095 2798 2261 2853 mini.
2293 2800 2423 2854 Psal
2473 2799 2671 2855 Lauda
2723 2799 3072 2856 Jerusalem.
3131 2795 3336 2856 Lectio:
3399 2802 3516 2876 Ego
3572 2805 3751 2875 quasi

2091 2886 2246 2952 vitis,
2278 2891 2388 2942 etc.
2410 2886 2746 2956 &.Exaltata
2773 2903 2836 2943 es
2867 2891 3072 2944 sancta
3100 2887 3198 2944 Dei
3245 2887 3524 2950 Genitrix.
3572 2893 3747 2963 Hym-

2089 2992 2212 3030 nus.
2245 2975 2422 3032 Sidus
2455 2976 2650 3032 Marias
2676 2975 3071 3048 splendidum,
3123 2980 3232 3032 etc.
3281 2977 3362 3032 Ad
3407 2979 3745 3051 Magniﬁcat.

2091 3063 2270 3120 Maria
2298 3063 2479 3138 virgo,
2513 3081 2629 3120 non
2661 3068 2753 3120 est
2779 3065 2886 3119 tibi
2919 3064 3134 3122 similis
3167 3069 3304 3121 nata
3332 3065 3390 3120 in
3426 3069 3648 3124 mundo
3683 3071 3744 3126 in

2046 3183 2051 3188 ς
2089 3151 2459 3222 mulieribus,
2493 3152 2708 3208 ﬂorens
2740 3157 2805 3208 ut
2835 3169 2988 3220 rosa,
3017 3151 3182 3208 olens
3211 3152 3364 3210 sicut
3391 3154 3605 3222 lilium,
3635 3173 3750 3214 ora

339 3241 543 3298 Oratio.
575 3243 731 3298 Beati
751 3242 997 3299 Joannis
1019 3244 1313 3316 Baptista,
1338 3262 1464 3312 nos,
1489 3263 1852 3317 quaesumus.
1876 3249 1981 3304 Do-
2007 3229 2052 3296 (ἶ
2090 3257 2193 3312 PFO
2220 3241 2387 3297 DObiS
2419 3242 2572 3314 αι)υά
2604 3245 2773 3296 tuum
2797 3239 3028 3296 Filium-
3054 3241 3242 3313 Kyrie.
3267 3245 3456 3299 Pater.
3478 3245 3537 3312 ιῗ.
3557 3245 3747 3302 Bene-

337 3330 514 3402 mine,
547 3335 656 3386 etc.
703 3331 1032 3404 Antiphone.
1085 3331 1289 3389 Petrus
1340 3333 1723 3404 apostolus}.
1743 3335 1806 3390 In
1855 3353 1978 3392 om-

335 3435 491 3475 nem.
517 3420 664 3489 likEt
718 3419 777 3475 in
836 3421 1001 3476 fines.
1063 3421 1262 3477 Oratio.
1323 3421 1556 3490 Prmsta,
1618 3439 1978 3494 quaesumus,

336 3506 706 3580 omnipotens
735 3509 910 3578 Deus,
944 3513 1008 3564 ut
1037 3497 1223 3565 nullis.
1245 3526 1372 3578 nos,
1395 3514 1502 3567 etc.
1539 3511 1866 3582 Antiphona.
1901 3516 1982 3568 Da

334 3598 627 3668 pacemi.
647 3597 774 3652 Fiat
805 3615 934 3670 pax.
954 3599 1012 3664 ii).
1033 3597 1100 3652 Et
1130 3597 1510 3654 abundantia.
1545 3600 1751 3656 Oratio.
1803 3601 1977 3671 Deus,

333 3703 368 3740 a
391 3702 506 3758 quo
533 3690 737 3741 sancta
767 3684 1074 3754 desideria,
1108 3691 1215 3741 etc.
1250 3687 1580 3759 Antiphona.
1605 3688 1762 3744 Justi
1797 3689 1978 3762 fulge-

331 3774 499 3830 bunt.
517 3775 566 3842 ᾖ.
587 3772 873 3828 Mirabilis
921 3773 1169 3842 Deusﬁ.
1190 3775 1250 3830 In
1300 3776 1522 3830 sanctis
1571 3777 1717 3832 suis.
1770 3778 1976 3834 Oratio.

329 3866 484 3918 Deus
515 3860 615 3932 qui
645 3877 752 3916 nos
783 3862 1076 3930 concedis,
1105 3867 1214 3918 etc.

398 3949 478 4021 Ait
499 3949 743 4020 primam
770 3949 1024 4021 hymnus.
1058 3950 1233 4006 Beata
1262 3951 1360 4008 Dei
1410 3951 1690 4022 Genitrix,
1743 3957 1876 4022 etc.,
1909 3970 1980 4010 ex

329 4037 594 4109 Operibus
621 4037 678 4093 S.
709 4038 861 4092 Petri
887 4040 1164 4095 Damiani.
1199 4039 1528 4111 Autiphona.
1562 4041 1643 4096 Ex
1673 4045 1748 4107 te,
1795 4042 1976 4098 Maria

325 4125 508 4198 virgo.
540 4125 688 4179 Psai.
723 4125 933 4181 Beatus
957 4126 1045 4180 vir
1073 4126 1174 4198 qui
1206 4143 1320 4182 non
1371 4127 1531 4182 abiit.
1582 4129 1732 4183 Psal.
1789 4131 1977 4195 Quare

328 4214 708 4269 fremuerunt.
741 4215 886 4269 Psal.
922 4213 1185 4279 Domine,
1219 4213 1369 4269 nein
1391 4213 1478 4269 ira
1499 4218 1621 4271 tua.
1644 4217 1970 4289 Antiphona.

329 4302 514 4367 Exte,
545 4301 726 4356 Maria
754 4301 934 4374 virgo,
972 4301 1254 4372 processit
1278 4305 1428 4358 Deus
1478 4306 1535 4358 et
1582 4303 1776 4372 homo,
1824 4305 1975 4378 lapis

331 4390 630 4446 abscissus
659 4395 748 4447 est
779 4391 849 4446 de
879 4395 934 4446 te
967 4389 1232 4444 Christus
1261 4389 1483 4462 virgine
1513 4396 1774 4460 sanctus,
1797 4409 1974 4466 quem

328 4478 610 4552 prOpbeta
638 4477 841 4533 Daniel
875 4476 1238 4549 praedixerat.
1273 4480 1468 4536 Lectio.
1504 4481 1570 4536 Et
1601 4481 1683 4536 sic
1709 4481 1768 4536 in
1811 4481 1971 4552 Sion,

332 4574 442 4624 etc.
465 4570 522 4637 Ii}.
539 4565 851 4622 Benedicta
880 4571 947 4656 tu
964 4565 1023 4620 in
1045 4566 1410 4656 mulieribus,
1435 4573 1544 4624 etc.
1561 4571 1612 4638 in
1629 4575 1746 4626 Ave
1769 4569 1974 4639 Maria,
2003 4589 2052 4656 ι)

330 4659 519 4730 gratia
552 4656 742 4728 plena,
773 4659 882 4710 etc.
919 4655 1123 4710 Oratio.
1158 4655 1341 4712 Beataa
1373 4662 1432 4712 et
1469 4658 1752 4730 gloriosae,
1787 4665 1897 4715 etc.

399 4747 526 4801 Atia
541 4745 737 4800 oratio.
761 4743 995 4809 Tribus,
1021 4759 1380 4816 quaesumus,
1405 4744 1774 4818 omnipotens
1794 4746 1968 4815 Deus,

329 4839 565 4891 sanctos
593 4837 651 4888 et
679 4837 913 4888 sanctas
939 4838 1072 4888 tuas
1090 4832 1313 4906 jugiter
1340 4850 1504 4890 orare
1529 4851 1634 4907 pro
1675 4835 1866 4902 nobis,
1916 4840 1974 4892 et

327 4941 426 4980 eos
453 4921 768 4978 clementer
797 4921 1009 4977 audiri.
1043 4921 1148 4976 Per
1176 4921 1513 4988 Dominum,
1542 4927 1652 4978 etc.

398 5011 480 5067 Ad
508 5011 724 5066 tertiam
751 5011 1007 5083 hymnus.
1041 5011 1242 5070 Maria.
1293 5011 1470 5066 decus
1523 5013 1809 5079 omnium,
1863 5018 1970 5068 etc.

326 5099 656 5172 Antiphone.
687 5101 796 5155 Per
827 5105 902 5167 te,
937 5100 1118 5155 Maria
1153 5101 1331 5172 virgo.
1365 5101 1585 5157 Psalmi
1603 5110 1663 5156 ut
1685 5101 1830 5174 apud
1848 5119 1971 5158 nos.

326 5190 658 5259 Antiphona.
693 5188 801 5242 Per
829 5192 902 5256 te,
937 5189 1118 5244 Maria
1149 5189 1332 5261 virgo,
1367 5187 1608 5260 impleta
1655 5194 1795 5244 sunt
1840 5207 1971 5262 pro-

327 5277 636 5350 pbetarum
671 5275 929 5330 omnium
964 5277 1272 5347 prmconia,
1302 5293 1427 5347 qua:
1454 5276 1612 5332 dicta
1631 5281 1790 5343 sunt,
1811 5278 1971 5351 virgo

329 5361 663 5434 concepisti,
696 5361 856 5434 virgo
885 5365 1161 5435 genuisti.
1194 5366 1392 5420 Lectio.
1425 5363 1764 5420 Haereditavi
1789 5364 1850 5420 in
1869 5382 1970 5438 po-

327 5451 487 5526 pulo,
519 5455 628 5505 etc.
647 5452 914 5524 ivi-.Specie
943 5459 1064 5508 tua.
1085 5455 1138 5521 ᾗ.
1157 5452 1466 5508 Benedicta
1495 5458 1576 5507 tu.

401 5539 479 5594 Ad
501 5542 710 5595 sextam
739 5541 997 5614 hymnus.
1033 5540 1231 5617 Maria,
1263 5539 1549 5611 templum
1581 5540 1834 5614 Domini,
1855 5547 1966 5600 etc.

325 5625 636 5700 Antiphona
663 5634 714 5688 et
739 5629 948 5706 psalmi
969 5630 1031 5686 ut
1059 5628 1206 5705 apud
1233 5643 1352 5686 nos.
1401 5627 1600 5690 Lectio.
1649 5629 1828 5698 Quasi
1875 5646 1968 5691 ce-

2088 3329 2358 3386 dicamus
2387 3335 2616 3386 Patrem
2647 3333 2705 3386 et
2736 3329 2968 3399 Filium,
2999 3331 3180 3400 etei.
3200 3335 3338 3386 Post
3351 3338 3606 3404 partum,
3629 3339 3747 3391 etc.

2090 3418 2143 3486 Ῡ.
2173 3415 2477 3473 Mirabilis.

2161 3507 2365 3562 Oratio.
2397 3505 2778 3579 Omnipotens
2809 3505 3164 3578 sempiterna
3193 3510 3370 3578 Deus,
3395 3507 3497 3580 qui
3529 3509 3590 3564 in
3620 3511 3752 3566 Tri-

2088 3594 2269 3650 nitate
2299 3593 2598 3664 colendus,
2627 3599 2684 3650 ct
2713 3593 2772 3648 in
2803 3593 3038 3650 Unitate
3061 3610 3128 3651 es
3146 3595 3502 3662 adorandus,
3525 3601 3584 3653 te
3605 3614 3751 3672 sup-

2088 3681 2270 3754 plices
2302 3698 2612 3738 exoramus
2641 3688 2705 3738 ut
2723 3683 2972 3739 mundes
2989 3682 3278 3755 propitius
3300 3699 3400 3740 cor
3421 3689 3696 3742 nostrum
3713 3704 3750 3744 a

2085 3771 2243 3826 vitiis
2271 3777 2329 3826 et
2352 3771 2580 3844 replens
2611 3788 2716 3827 nos
2737 3773 2964 3844 jugiter
2993 3771 3400 3844 spiritualibus
3436 3773 3632 3830 donis.

2158 3861 2284 3915 Alia
2309 3861 2505 3916 oratio.
2535 3865 2712 3931 Deus,
2735 3861 2835 3932 qui
2861 3859 3076 3915 vitiatae
3103 3861 3305 3933 stirpis
3325 3861 3615 3934 originem
3637 3881 3750 3935 per

2084 3947 2388 4022 virginalis
2420 3947 2567 4004 uteri
2599 3965 2837 4020 reparas
2867 3948 3238 4021 dignitatem,
3271 3950 3523 4006 concede
3542 3954 3752 4024 propi-

2084 4037 2225 4102 tius,
2243 4042 2308 4092 ut
2325 4053 2470 4108 quos
2491 4035 2708 4108 proprii
2732 4039 2928 4092 reatus
2950 4035 3135 4092 moles
3153 4042 3377 4109 gravat,
3393 4038 3752 4098 intercessio

2083 4126 2265 4181 beata;
2297 4125 2392 4180 Dei
2425 4125 2725 4198 genitricis
2756 4125 3002 4181 attollat.

2155 4215 2278 4269 Atia
2307 4215 2500 4269 oratio.
2536 4213 2611 4268 Ut
2649 4213 2778 4280 tibi,
2832 4213 3098 4282 Domine,
3146 4213 3373 4287 placere
3416 4214 3747 4288 possimus,

2084 4302 2264 4358 beatis
2296 4301 2488 4358 Mariae
2510 4318 2744 4375 semper
2763 4301 3004 4374 virginis
3027 4305 3085 4358 et
3103 4302 3369 4358 omnium
3393 4308 3743 4361 sanctorum

2084 4390 2354 4462 precibus
2383 4395 2442 4447 et
2471 4391 2698 4447 meritis
2729 4391 3094 4462 adjuvemur.

2153 4478 2435 4551 Suffragia
2465 4479 2536 4533 ad
2557 4495 2829 4550 vesperas.
2859 4482 3016 4534 Inter
3033 4481 3222 4548 natos,
3246 4483 3355 4534 etc.
3383 4478 3619 4549 Justus,
3661 4483 3748 4538 si-

2083 4572 2182 4624 cut
2210 4567 2439 4624 cedrus.
2469 4566 3064 4638 Oratio.0mnipotens
3083 4565 3434 4638 sempiterna
3461 4571 3636 4637 Deus,
3661 4568 3744 4624 da

2083 4656 2354 4712 cordibus
2387 4655 2602 4712 nostris
2632 4653 2796 4710 illam
2828 4658 3067 4710 tuarum
3095 4654 3507 4710 rectitudincm
3556 4657 3747 4712 semi-

2082 4750 2299 4811 tarum,
2331 4760 2479 4815 quas
2509 4745 2714 4811 beatus
2733 4743 2994 4798 Joannes
3015 4741 3278 4815 Baptista
3299 4744 3357 4798 in
3378 4744 3612 4800 deserto
3631 4761 3746 4802 vox

2082 4831 2393 4890 clamantis
2432 4831 2683 4889 edocuit.
2735 4830 3066 4903 Antiphone.
3118 4829 3366 4888 Gloriosi
3418 4831 3742 4906 principes.

2084 4923 2288 4978 Oratio.
2319 4919 2668 4994 Apostolicis
2701 4937 2829 4986 nos,
2859 4935 3220 4992 quaesumus,
3253 4919 3495 4976 Domine
3538 4920 3745 4978 beato-

2081 5029 2214 5066 rum
2241 5011 2392 5066 Petri
2425 5015 2482 5066 et
2512 5009 2674 5065 Pauli
2704 5007 2903 5065 attolle
2929 5007 3240 5080 prasidiis,
3275 5012 3343 5063 ut
3370 5012 3596 5080 quanto
3630 5008 3747 5066 fra-

2081 5097 2316 5170 giliores
2332 5114 2560 5164 sumus,
2581 5099 2742 5152 tanto
2761 5095 3146 5152 validioribus
3163 5093 3399 5151 auxiliis
3411 5094 3742 5154 foveamur.

2081 5185 2408 5258 Antiphona.
2443 5191 2520 5242 De
2550 5199 2714 5258 pace,
2744 5193 2803 5241 ut
2827 5201 3015 5257 supra.

2149 5275 2230 5330 Αίι
2248 5274 2684 5346 completorium.
2722 5274 2872 5329 Deus
2899 5271 2958 5328 in
2989 5271 3370 5344 adjutorium.
3424 5273 3577 5330 Psat.
3629 5271 3741 5330 Us-

2080 5379 2332 5434 quequo,
2364 5362 2626 5418 Domine.
2657 5361 2807 5416 Psal.
2837 5361 2998 5432 Sazpe
3027 5365 3532 5434 expugnaverunt.
3585 5363 3742 5420 Psat.

2079 5451 2324 5508 Domine
2353 5467 2469 5507 non
2498 5455 2588 5506 est
2617 5449 2955 5506 exaltatum.

2781 5539 3026 5611 Hymnus

2253 5627 2436 5688 Enixa
2466 5631 2556 5689 est
2586 5642 2893 5708 puerpera.
