3920 6208
361 342 480 413 0⁸19

745 477 874 538 CAP.
901 478 941 538 Ι.
965 512 1034 521 -
1054 480 1126 536 De
1157 482 1387 537 introitu
1415 481 1616 538 missae.

423 569 749 642 Presbyter,
781 586 916 626 cum
945 586 1010 625 se
1052 575 1220 642 parat
1258 570 1328 624 ad
1381 570 1644 631 missam,
1681 567 1851 637 juxta
1890 568 2006 622 Ro-

351 674 591 718 manam
608 658 1094 715 consuetudinem
1112 659 1383 714 decantat
1400 658 1506 713 hos
1525 656 1810 730 psalmos:
1837 657 2011 724 Quam

347 748 566 816 dilecta,
599 747 958 816 Benedixisti,
999 748 1234 811 lnclina,
1281 747 1524 814 Domine,
1573 745 1791 800 Credidi
1836 745 2006 815 (Psal.

351 852 581 904 uxxm,
637 852 860 903 Lxxxlv,
923 852 1124 904 Lxxxv,
1173 836 1300 904 cxv)
1326 853 1339 901 ;
1369 833 1577 890 deinde
1610 843 1750 906 Κύριε
1783 842 2009 902 ἐλέησον,

350 927 520 982 Pater
543 931 744 993 noster,
776 939 912 979 cum
941 923 1212 995 precibus
1237 927 1295 978 et
1325 925 1584 979 oratione
1610 941 1713 996 pro
1737 925 2009 996 peccatis,

354 1013 626 1071 videlicet
653 1016 720 1068 ut
746 1011 905 1068 intus
936 1015 992 1067 et
1021 1012 1274 1068 exterius
1305 1029 1539 1068 summo
1570 1013 1855 1069 sacerdoti
1887 1013 2010 1085 pla-

359 1118 489 1159 cere
539 1099 748 1169 valeat,
779 1117 953 1173 quem
984 1116 1118 1156 cum
1147 1100 1549 1157 sacratissima
1577 1101 1871 1158 oblatione
1902 1101 2013 1157 sibi

358 1189 755 1260 omnibusque
783 1187 1130 1244 Christianis
1163 1188 1390 1262 placare
1419 1190 1732 1246 desiderat.
1769 1191 2014 1246 Paratus

359 1282 555 1334 autem
586 1277 766 1333 intrat
795 1277 867 1333 ad
899 1276 1100 1346 altare,
1131 1282 1188 1333 et
1230 1277 1367 1334 facit
1395 1279 1844 1345 confessionem,
1878 1279 2018 1352 quia

358 1366 645 1439 scriptum
693 1369 813 1422 est:
846 1366 1074 1438 Sapiens
1102 1370 1385 1422 accusator
1431 1371 1510 1423 est
1537 1371 1627 1423 sui
1657 1370 1712 1423 in
1742 1370 2016 1440 principio

357 1456 540 1528 (Prov.
569 1455 710 1526 xu);
744 1457 802 1510 et
830 1454 1080 1527 antiquae
1108 1454 1254 1527 legis
1283 1457 1612 1512 sacerdotes
1635 1456 1888 1530 primum
1913 1475 2016 1530 pro

357 1561 442 1610 se,
475 1543 685 1600 deinde
716 1559 819 1616 pro
850 1543 1064 1614 populo
1095 1543 1301 1600 otl‘erre
1331 1544 1483 1600 soliti
1517 1550 1682 1600 erant
1714 1547 1894 1616 (Hebr.
1914 1564 2014 1614 vn,

357 1634 482 1690 Lov.
512 1631 648 1703 xvr).
681 1629 922 1686 Interim
949 1635 1219 1687 cantatur
1243 1633 1562 1705 antiphona
1586 1635 1656 1689 ad
1685 1635 2016 1701 lntroitum,

359 1736 487 1793 qua
517 1720 590 1776 ab
621 1719 863 1776 introitu
885 1721 1205 1778 sacerdotis
1226 1722 1298 1777 ad
1321 1721 1500 1778 altare
1530 1722 1638 1778 hoc
1663 1741 1873 1780 nomen
1898 1742 2018 1780 me-

1737 342 2052 410 MONUM.
2097 341 2413 406 LlTURG.

2040 477 2097 544 Α
2121 491 2331 541 sumus,
2366 474 2521 548 apud
2554 474 2827 532 Sanctam
2855 469 3230 530 Anastasiam
3270 487 3452 545 supra
3478 469 3806 531 collectam

3655 337 3812 410 ,ξω

2117 563 2315 638 populi
2339 563 2570 632 dicitur,
2591 565 2692 636 qui
2709 563 3019 619 stationem
3038 563 3193 635 apud
3211 561 3486 618 Sanctam
3502 561 3806 618 Sabinam

2117 654 2522 711 celebraturus
2555 659 2665 709 est.

2259 745 2392 800 CAP.
2431 743 2520 798 IV.
2557 773 2623 784 --
2649 745 2722 798 De
2755 759 2980 798 numero
3010 743 3325 799 orationum
3363 742 3424 797 in
3454 743 3650 798 missa.

2191 833 2365 888 Juxta
2387 833 2719 888 Romanum
2765 832 3040 887 Ordinem
3076 831 3312 888 nonnisi
3345 847 3526 887 unam
3573 829 3813 887 oratio-

2121 939 2255 977 nem
2279 927 2411 976 ante
2433 921 2737 977 lcctionem
2757 920 2948 977 dicere
2967 920 3269 986 debemus,
3294 923 3359 974 ut
3374 918 3718 975 Amalarius
3745 920 3809 974 in

2123 1010 2362 1083 prologo
2393 1010 2525 1065 libri
2556 1011 2648 1066 sui
2697 1010 2776 1065 De
2824 1009 3054 1078 officiis,
3110 1025 3172 1064 se
3221 1009 3292 1064 ab
3335 1007 3484 1081 ipsis
3509 1009 3812 1064 Romanis

2123 1099 2399 1156 didicisse
2429 1100 2662 1154 fatetur.
2697 1099 2812 1154 Hoc
2837 1098 3036 1170 utique
3057 1102 3115 1154 et
3137 1097 3432 1153 institutio
3458 1096 3810 1153 ofﬁciorum

2124 1188 2350 1261 exigere
2381 1187 2611 1243 videtur
2639 1191 2704 1242 ut
2749 1187 2904 1242 sicut
2947 1187 3021 1242 ad
3075 1203 3255 1241 unam
3305 1185 3578 1251 missam,
3614 1202 3810 1242 unam

2125 1282 2356 1333 tantum
2374 1277 2680 1333 lectionem
2700 1281 2757 1333 et
2774 1275 3137 1348 evangelium
3156 1275 3432 1348 legimus,
3449 1274 3592 1331 item
3608 1291 3807 1331 unum

2125 1366 2575 1433 introitum,imo
2593 1383 2778 1422 unum
2791 1365 3049 1422 ofﬁcium
3066 1363 3808 1435 cantamus,nihilominus

2125 1459 2182 1511 et
2211 1472 2390 1510 unam
2443 1455 2770 1512 orationem
2823 1455 3108 1510 dicamus.
3162 1454 3274 1510 Sed
3329 1453 3440 1510 hoc
3463 1454 3592 1526 jam
3627 1462 3810 1525 pauci

2125 1546 2474 1612 observant;
2497 1545 2615 1600 imo
2637 1544 2835 1616 plures
2857 1544 2916 1599 in
2941 1547 3172 1599 tantum
3197 1543 3490 1599 orationes
3508 1540 3810 1614 multipli-

2127 1636 2282 1698 cant,
2314 1637 2380 1687 ut
2424 1631 2720 1688 auditores
2765 1648 2905 1686 suos
2956 1630 3067 1686 sibi
3118 1631 3383 1704 ingratos
3427 1630 3715 1698 efﬁciant,
3750 1633 3813 1684 et

2128 1721 2410 1793 p0pulum
2430 1720 2528 1776 Dei
2553 1719 2748 1792 potius
2764 1723 3031 1776 avertant
3047 1736 3227 1793 quam
3243 1719 3314 1775 ad
3340 1718 3808 1776 sacriﬁcandum

361 1807 480 1866 ruit
507 1808 721 1908 habere
882 1809 1042 1865 Hanc
1070 1810 1142 1865 ad
1192 1810 1498 1867 Introitum
1532 1813 1641 1867 dici
1673 1813 2019 1871 leestinus
2051 1843 2098 1908 Β
2128 1810 2519 1868 illiciant.Hoc
2537 1814 2734 1864 autem
2758 1807 3215 1882 sapientioribus
3229 1807 3476 1864 multum
3495 1807 3806 1880 displicet,

361 1913 535 1972 papa,
571 1897 630 1952 in
661 1896 866 1954 ordine
909 1898 1397 1972 quadragesimus
1444 1901 1708 1972 quintus,
1743 1901 2018 1969 instituit,

361 2001 499 2042 cum
523 1985 794 2058 usquead
811 1987 941 2058 ejus
957 1990 1222 2060 tempora
1237 1991 1371 2043 ante
1388 1987 1740 2044 sacriﬁcium
1763 1991 2022 2063 Epistola

362 2077 597 2130 tantum
627 2073 790 2131 Pauli
823 2079 881 2131 et
909 2073 1273 2148 evangelium
1296 2075 1602 2149 legeretur.
1633 2079 1870 2134 Litaniaa
1893 2096 2020 2151 quae

361 2168 692 2236 sequuntur
717 2169 954 2236 propter
984 2162 1113 2236 ipsa
1166 2164 1362 2220 Graeca
1410 2167 1584 2222 verba
1615 2184 1649 2222 a
1679 2167 1894 2224 Graecis
1927 2186 2018 2224 as-

359 2254 612 2325 sumptis
640 2252 980 2310 creduntur.

359 2357 496 2416 Car.
530 2358 599 2416 II.
623 2390 690 2402 —
713 2359 786 2414 De
813 2357 1012 2416 Gloria
1041 2359 1101 2416 in
1133 2359 1399 2429 excelsis,
1431 2369 1483 2418 et
1512 2362 1796 2420 Dominus
1828 2365 2021 2422 vobis-

1115 2448 1272 2488 cum.

429 2521 496 2576 In
518 2517 677 2575 omni
698 2517 845 2575 festo
862 2519 1015 2592 quod
1033 2518 1273 2592 plenum
1293 2521 1470 2578 habet
1485 2523 1765 2588 ofﬁcium,
1785 2529 2021 2598 excepto

359 2607 519 2664 intra
544 2608 870 2664 Adventum
901 2607 1156 2677 Domini,
1189 2613 1248 2666 et
1278 2609 1802 2683 Septuagesimam,
1835 2617 1891 2668 et
1924 2632 2022 2670 na-

359 2696 464 2754 tali
503 2697 930 2767 Innocentium,
968 2701 1088 2752 tam
1135 2699 1437 2770 presbyter
1489 2717 1667 2772 quam
1711 2701 2022 2774 episcopus

365 2785 553 2842 Gloria
580 2787 642 2840 in
667 2785 892 2842 excelsis
913 2785 1135 2841 dicunt.
1159 2788 1320 2853 Quod
1343 2787 1520 2843 etiam
1546 2806 1848 2862 nunquam
1892 2798 2024 2864 post

363 2871 670 2930 meridiem
726 2873 942 2946 legitur
995 2873 1332 2944 dicendum,
1387 2875 1500 2932 nisi
1561 2878 1618 2932 in
1679 2879 1852 2934 Coena
1909 2881 2022 2936 Do-

367 2953 514 3019 mini
563 2961 664 3034 (2),
715 2961 817 3018 ubi
863 2961 1120 3018 chrisma
1166 2963 1492 3035 conficitur,
1547 2966 1714 3028 et_,in
1753 2969 2023 3027 Sabbatis

363 3050 600 3108 Pascha
629 3054 687 3107 et
715 3050 1102 3108 Pentecostes.
1135 3052 1354 3110 Deinde
1383 3071 1589 3112 versus
1609 3057 1680 3112 ad
1714 3057 2018 3130 populum,

363 3139 548 3197 dicit:
605 3140 868 3197 Dominus
921 3141 1214 3198 vobiscum.
1277 3143 1719 3216 Respondetur:
1778 3148 1844 3202 Et
1895 3164 2022 3204 cum

359 3229 561 3302 spiritu
617 3232 730 3286 tuo.
775 3229 1108 3286 Notandum
1159 3247 1230 3286 ex
1285 3209 1624 3290 his-verbis
1663 3234 1860 3308 plures
1891 3254 2019 3294 esse
2051 3209 2094 3276 C

359 3317 571 3374 debere
587 3319 1007 3392 respondentes
1024 3323 1082 3376 et
1096 3337 1283 3376 unum
1297 3321 1674 3379 salutantem.
1693 3325 1855 3381 Sicut
1867 3325 2022 3382 enim

356 3404 553 3480 inepte
598 3408 1068 3480 responderetur,
1118 3409 1187 3466 Et
1222 3426 1348 3466 eum
1396 3413 1600 3484 spiritu
1647 3418 1845 3482 vestro,
1890 3433 2024 3471 cum

356 3511 514 3552 unus
541 3499 700 3552 esset
727 3495 1034 3564 salutator,
1087 3499 1173 3554 sic
1221 3499 1543 3573 incongrue
1575 3501 1868 3558 salutatur
1897 3521 2022 3585 per,

355 3585 619 3642 Dominus
645 3585 938 3658 vobiscum,
971 3603 1108 3642 cum
1138 3603 1295 3645 unus
1325 3592 1557 3645 tantum
1588 3591 1744 3648 adsit
1773 3592 1861 3648 vel
1894 3595 2024 3650 nul-

356 3671 473 3730 lus.
504 3673 624 3730 Hoc
653 3673 859 3746 utique
906 3675 1232 3732 beatissimi
1280 3677 1481 3735 Patres
1511 3680 1836 3751 apostolici,
1867 3685 2019 3739 Ana-

359 3759 566 3830 cletus,
598 3762 702 3835 qui
732 3779 768 3818 a
793 3763 961 3819 beato
991 3763 1158 3820 Petro
1209 3765 1478 3840 quintus,
1531 3774 1588 3824 et
1617 3769 1806 3838 Soter,
1839 3771 1897 3826 in
1925 3789 2017 3828 or-

359 3849 496 3906 dine
525 3849 789 3907 decimus
809 3850 1040 3919 tertius,
1068 3853 1317 3910 decretis
1339 3855 1462 3911 suis
1485 3856 1805 3928 ﬁrmavere,
1832 3864 1897 3914 ut
1925 3878 2016 3916 sa-

360 3938 566 3995 cerdos
596 3953 828 4011 semper
853 3939 942 3996 vel
983 3941 1194 3998 tertius
1240 3947 1414 4015 esset,
1446 3945 1588 4000 dum
1621 3946 1835 4003 missas
1866 3949 2014 4005 cele-

360 4026 577 4082 braret.
609 4026 918 4085 Zacharias
945 4033 1162 4099 autem,
1193 4030 1283 4086 vir
1312 4031 1688 4103 apostolicus,
1722 4035 1781 4091 in
1813 4037 2016 4095 ordine

359 4115 780 4189 nonagesimus
808 4118 1042 4188 tertius,
1095 4119 1400 4176 constituit
1455 4137 1527 4177 ne
1578 4125 1910 4181 sacerdotes
1939 4127 2011 4182 ad

358 4202 707 4261 celebranda
743 4205 1060 4264 missarum
1105 4205 1392 4264 solemnia
1423 4225 1558 4265 cum
1588 4211 1795 4268 baculo
1825 4213 2012 4270 intra-

357 4297 506 4362 rent,
540 4308 647 4350 nec
674 4292 860 4352 velato
891 4295 1078 4367 capite
1109 4294 1277 4352 altari
1325 4301 1602 4354 astarent.
1637 4300 1831 4356 Sancti
1864 4319 2009 4374 quo-

353 4398 470 4456 que
499 4381 698 4440 Patres
721 4381 781 4438 in
810 4382 1214 4440 Aurelianensi
1244 4385 1508 4454 concilio,
1541 4388 1794 4460 capitulo
1818 4391 2005 4460 tertio,

353 4469 786 4528 constituerunt
810 4475 876 4526 ut
903 4471 975 4528 ad
1003 4471 1386 4532 salutationes
1417 4477 1736 4534 sacerdotis
1765 4497 1880 4552 non
1912 4498 2007 4536 so-

2131 1901 2231 1973 qui
2276 1900 2381 1956 etsi
2406 1897 2722 1970 aliquando
2753 1897 3061 1970 antiquam
3094 1895 3486 1966 traditionem,
3518 1895 3657 1952 aliis
3682 1912 3810 1952 mo-

2130 1990 2461 2063 rigerando,
2493 1987 2804 2055 excedunt,
2837 1986 2897 2042 in
2928 1985 3058 2059 ipsa
3086 1989 3284 2042 tamen
3323 2002 3432 2041 sua
3457 1973 3807 2040 exceesione

2132 2079 2371 2136 modum
2392 2083 2590 2134 tenere
2611 2080 2666 2133 et
2682 2075 2942 2148 aliquam
2963 2074 3250 2131 rationem
3268 2073 3567 2130 attendere
3585 2072 3803 2130 solent.

2132 2167 2296 2224 Unde
2325 2170 2383 2222 et
2409 2165 2466 2220 in
2499 2165 2703 2231 missa,
2735 2164 2843 2220 etsi
2876 2180 2992 2219 non
3023 2179 3254 2235 semper
3276 2179 3394 2218 una
3419 2165 3653 2217 tantum
3675 2177 3807 2219 ora-

2059 2320 2086 2343 .
2129 2256 2287 2312 tione
2309 2255 2428 2311 sint
2450 2254 2730 2319 contenti,
2754 2253 3154 2326 septenarium
3177 2255 3374 2308 tamen
3399 2266 3716 2310 numerum
3743 2250 3802 2304 in

2131 2343 2494 2400 orationibus
2525 2358 2653 2398 raro
2684 2341 3003 2397 excedunt:
3039 2355 3215 2412 quem
3249 2339 3455 2412 utique
3484 2355 3804 2395 numerum

2131 2449 2235 2489 nec
2266 2431 2571 2488 Dominica
2601 2431 2786 2486 oratio
2816 2428 3061 2496 excedit,
3087 2446 3212 2502 quae
3237 2445 3372 2484 cum
3397 2427 3540 2484 solis
3573 2431 3801 2500 septem

2131 2520 2511 2594 petitionibus
2531 2517 2730 2573 omnia
2745 2517 2970 2588 corpori
2989 2520 3046 2572 et
3067 2514 3275 2571 anime
3294 2513 3629 2571 necessaria
3648 2529 3808 2569 com-

2133 2607 2460 2683 prehendit.
2485 2607 2602 2663 Hoc
2623 2610 2819 2662 autem
2851 2619 3221 2676 summopere
3246 2601 3440 2660 solent
3463 2603 3798 2670 observare,

2132 2703 2198 2754 ut
2231 2699 2286 2754 in
2321 2697 2502 2752 missa
2533 2699 2630 2752 aut
2661 2711 2863 2761 unam,
2913 2697 3014 2749 aut
3061 2697 3200 2763 tres,
3247 2696 3348 2748 aut
3377 2690 3663 2764 quinque,
3697 2695 3803 2746 aut

2132 2793 2354 2859 septem
2385 2786 2678 2843 orationes
2707 2783 2924 2839 dicant.
2979 2781 3167 2838 Unam
3201 2785 3437 2855 propter
3465 2780 3796 2836 Romanam

2132 2875 2545 2942 traditionem;
2575 2878 2714 2940 tres,
2759 2872 2900 2945 quia
2951 2870 3236 2928 Dominus
3277 2873 3410 2926 ante
3455 2867 3796 2942 passionem

2132 2981 2300 3021 suam
2332 2967 2418 3019 ter
2447 2979 2645 3020 orasse
2669 2962 2918 3035 legitur;
2941 2959 3220 3034 quinque,
3249 2962 3487 3035 propter
3510 2957 3798 3031 quinque-

2132 3053 2407 3128 partitam
2429 3054 2558 3126 ejus
2580 3050 2935 3126 passionem,
2961 3050 3020 3106 in
3044 3050 3216 3121 cujus
3239 3027 3796 3105 comm‘emoratione

2131 3143 2254 3199 haec
2301 3143 2504 3199 eadem
2565 3140 2927 3198 celebramus
2986 3137 3217 3205 ofﬁcia;
3278 3141 3526 3210 septem,
3569 3135 3716 3208 quia
3744 3139 3798 3191 et

2132 3230 2381 3305 apostoli
2393 3234 2614 3302 septem
2629 3228 2939 3302 petitiones
2954 3225 3264 3283 Dominicis
3277 3223 3560 3282 orationis
3575 3224 3648 3279 ad
3663 3239 3802 3280 con-

2134 3321 2516 3377 secrationem
2572 3317 2911 3374 eorumdem
2943 3315 3356 3388 mysteriorum
3389 3315 3798 3386 frequentasse

2134 3409 2428 3483 leguntur.
2462 3409 2525 3464 In
2545 3407 2853 3464 Nativitate
2879 3409 3076 3461 tamen
3115 3402 3344 3460 Domini
3371 3403 3444 3459 ad
3467 3403 3724 3464 missam.
3739 3402 3794 3457 in

2133 3515 2326 3563 mane,
2361 3497 2608 3554 Romani
2638 3495 2960 3553 orationem
2983 3495 3053 3550 de
3071 3496 3276 3550 sancta
3303 3490 3618 3548 Anastasis
3640 3491 3796 3562 adji-

2131 3587 2315 3654 ciunt,
2349 3585 2487 3658 quia
2513 3584 2823 3641 stationem
2855 3582 2914 3638 in
2945 3580 3193 3639 ecclesia
3219 3581 3484 3652 ejusdem
3517 3577 3793 3652 martyris

2130 3675 2202 3731 ad
2234 3675 2499 3731 eamdem
2534 3673 2776 3729 missam
2809 3675 3012 3746 agunt.
3043 3671 3114 3726 Et
3162 3686 3268 3726 nos
3297 3685 3531 3742 quoque
3568 3667 3706 3724 illos
3734 3667 3792 3723 in

2127 3763 2228 3820 illa
2256 3764 2578 3835 adiectione
2615 3761 2938 3829 imitamur,
2989 3758 3123 3816 licet
3165 3775 3282 3815 non
3332 3758 3600 3814 eamdem
3631 3758 3793 3830 adje-

2127 3852 2340 3908 ctionis
2390 3850 2754 3907 occasionem
2807 3849 3024 3905 habere
3079 3847 3405 3903 videamur.
3470 3845 3792 3904 Rarissime

2125 3941 2365 4012 quidem
2397 3937 2795 4012 diligentiores
2826 3937 3154 3994 ofﬁciorum
3186 3934 3612 4005 observatores,
3644 3933 3789 3991 alios

2123 4029 2182 4084 in
2214 4027 2576 4085 orationibus
2607 4043 2884 4082 numeros
2913 4025 3256 4087 admittunt,
3279 4022 3390 4078 nisi
3421 4026 3477 4078 et
3499 4039 3652 4094 quos
3682 4040 3787 4079 nos

2121 4135 2302 4190 supra
2332 4115 2680 4188 competenti
2712 4115 2988 4188 mysterio
3016 4113 3332 4186 insignitos
3361 4110 3714 4167 notavimus.

2351 4205 2486 4261 CAP.
2517 4204 2585 4259 V.
2617 4235 2688 4245 —
2716 4205 2793 4260 De
2819 4203 3156 4260 authenticis
3185 4201 3548 4265 orationibus.

2190 4293 2352 4350 Alias
2382 4309 2616 4366 quoque
2645 4292 2962 4359 orationes,
3004 4291 3118 4346 nisi
3175 4288 3451 4360 antiquas
3481 4293 3541 4344 et
3569 4287 3784 4360 Grego-

2118 4383 2336 4450 rianas,
2369 4381 2715 4437 difﬁcillime
2747 4381 3088 4446 admittunt,
3121 4383 3322 4450 utpote
3366 4394 3514 4450 quas
3547 4377 3606 4431 in
3635 4377 3782 4433 anti-

2116 4472 2424 4546 quioribus
2442 4476 2499 4526 et
2514 4468 3013 4527 emendatioribus
3026 4465 3512 4525 Sacramentariis
3531 4465 3781 4522 maxime

349 4558 476 4616 lum
497 4557 692 4616 clerici
711 4562 769 4616 et
789 4563 903 4616 Deo
926 4559 1126 4628 dicati,
1143 4563 1244 4620 sed
1267 4568 1324 4620 et
1343 4565 1536 4622 omnis
1567 4566 1733 4638 plebs
1757 4585 2012 4626 consona
2045 4573 2089 4638 D
2119 4561 2442 4618 inveniunt.
2477 4559 2623 4615 Nam
2656 4563 2924 4615 octavum
2955 4557 3237 4613 Africanae
3259 4553 3567 4628 provinciae
3590 4554 3777 4611 conci-

348 4662 488 4706 voce
517 4647 885 4720 respondeat.

547 4736 684 4794 CAP.
717 4737 812 4793 lII.
846 4769 915 4779 —
944 4739 1019 4796 De
1041 4741 1230 4812 prima
1260 4743 1317 4797 in
1348 4745 1513 4800 missa
1539 4747 1802 4802 oratione.

2119 4650 2286 4719 lium,
2321 4648 2414 4706 cui
2441 4652 2682 4706 sanctus
2711 4646 3098 4719 Augustinus,
3129 4645 3248 4701 imo
3281 4642 3517 4700 ducenti
3550 4647 3607 4698 et
3636 4659 3778 4715 qua-

2115 4738 2439 4796 tuordecim
2471 4735 2657 4794 sancti
2685 4736 2882 4792 Patres
2913 4735 3324 4801 interfuerunt,
3357 4730 3614 4805 capitulo
3635 4732 3777 4788 duo-

417 4825 698 4898 Sequitur
723 4827 908 4886 oratio
939 4845 1116 4902 quam
1147 4829 1463 4888 Collectam
1493 4833 1716 4902 dicunt,
1749 4852 1817 4892 eo
1848 4839 2003 4908 quod
2115 4828 2342 4884 decimo
2369 4827 2451 4882 ita
2480 4825 2785 4882 constituit
2814 4825 3046 4896 (Concil.
3078 4824 3612 4889 Milevitanum,can.
3650 4823 3738 4894 t2)
3759 4840 3777 4876 :

349 4915 643 4983 sacerdos,
673 4915 775 4988 qui
805 4915 1095 4990 legatione
1123 4919 1390 4994 fungitur
1417 4939 1519 4994 pro
1544 4923 1760 4996 populo
1789 4925 1861 4980 ad
1898 4927 2002 4986 Do.-

2112 4917 2297 4973 Nullw
2319 4931 2522 4988 preces,
2555 4915 2640 4970 vel
2667 4915 2963 4981 orationes,
3005 4913 3088 4968 vel
3140 4913 3348 4978 missae,
3379 4910 3465 4978 vel
3488 4911 3775 4981 praefatio-

348 5001 578 5058 minum
609 5001 681 5073 (II
708 5003 834 5060 Cor.
865 5005 944 5076 v),
986 5005 1254 5063 omnium
1304 5007 1612 5080 petitiones
1643 5027 1711 5067 ea
1739 5013 2002 5069 oratione
2109 5022 2226 5069 nos,
2251 5005 2332 5060 vel
2345 5003 2855 5068 commendationes,
2874 5003 2959 5058 vel
2977 5017 3176 5058 manus
3197 5000 3578 5072 impositiones
3595 4998 3778 5070 dican_

347 5085 587 5162 colligat
615 5092 789 5162 atque
819 5091 1145 5150 concludat.
1179 5094 1292 5150 Illa:
1325 5098 1518 5153 tamen
1549 5099 1839 5156 orationes
1870 5117 1998 5172 spe-

2108 5100 2220 5160 tur,
2245 5094 2358 5150 nisi
2379 5094 2440 5148 in
2458 5093 2689 5148 concilio
2708 5093 2920 5164 fuerint
2931 5091 3198 5162 probatae.
3222 5089 3368 5144 Item
3383 5085 3627 5146 tertium
3649 5089 3772 5146 Car.

346 5173 554 5234 cianus
571 5175 834 5234 ϐοηθείας
851 5182 1041 5236 vocari
1066 5182 1356 5252 videntur,
1379 5202 1507 5258 quae
1529 5187 1680 5258 apud
1706 5187 2000 5245 Romanos
2111 5183 2457 5255 tlinginense
2489 5179 2824 5250 concilium,
2857 5178 2948 5236 cui
2983 5180 3121 5235 item
3145 5179 3386 5234 sanctus
3409 5174 3773 5250 Augustinus

344 5281 524 5338 super
550 5263 850 5321 collectam
884 5269 1078 5340 pepuli
1110 5271 1276 5338 ﬁunt,
1302 5273 1445 5328 dum
1468 5273 1854 5346 colligitur,ut
1875 5293 2000 5348 pro-

343 5353 510 5409 cedat
537 5352 610 5408 de
639 5369 759 5409 una
785 5355 1030 5414 ecclesia
1052 5359 1108 5414 in
1131 5359 1328 5428 aliam,
1353 5359 1425 5416 ad
1449 5360 1761 5416 stationem
1785 5362 1996 5420 facien-

341 5439 511 5507 dam;
547 5442 613 5494 ut
639 5438 698 5494 in
729 5440 927 5516 Capite
955 5445 1172 5518 Jejunii
1205 5447 1306 5504 illa
1333 5447 1552 5504 oratio:
1587 5447 1822 5506 Concede
1847 5467 1996 5523 que-

343 5591 350 5596 .
412 5545 492 5687 Et;
525 5545 621 5628 Sic
649 5548 824 5607 etiam
856 5551 1190 5611 Amalarius
1215 5572 1267 5611 c.
1298 5555 1336 5609 5
1363 5553 1466 5608 lib.
1496 5571 1580 5610 ιιι.

433 5619 470 5670 2
523 5615 667 5676 Vide
699 5619 807 5679 hac
835 5623 906 5679 de
939 5640 999 5679 re
1031 5623 1198 5687 plura
1228 5640 1408 5687 supra
1437 5627 1580 5687 apud

2109 5269 2391 5327 interfuit.
2425 5269 2679 5340 capitulo
2710 5268 2982 5325 vicesimo
3013 5268 3183 5326 tertio
3208 5283 3221 5322 :
3253 5266 3449 5323 Nullus
3492 5261 3567 5321 ad
3596 5264 3775 5333 altare

2107 5365 2328 5416 Patrem
2352 5372 2457 5428 pro
2486 5356 2646 5426 Filio,
2677 5359 2760 5413 vel
2802 5359 3010 5414 Filiam
3044 5372 3149 5430 pro
3191 5358 3358 5412 Patre
3385 5355 3655 5424 nominet,
3683 5353 3773 5410 sed

2103 5462 2316 5514 semper
2333 5445 2636 5500 orationem
2665 5447 2736 5502 ad
2763 5447 2982 5503 Patrem
3000 5445 3231 5518 dirigat,
3263 5459 3364 5502 nec
3382 5443 3635 5516 qualibet
3658 5458 3754 5499 ora

523 5615 667 5676 Vide
699 5619 807 5679 hac
835 5623 906 5679 de
939 5640 999 5679 re
1031 5623 1198 5696 plura
1228 5640 1408 5696 supra
1437 5627 1588 5696 apud
1621 5627 1974 5687 Damianum
2006 5630 2067 5687 in
2098 5627 2349 5684 tractatu
2371 5621 2676 5696 inscripto,
2701 5625 2963 5682 Dominus
2995 5625 3286 5682 vobiscum.
