3920 6208
126 355 263 424 9⁸1
1526 442 1532 448 _
1608 371 2131 443 MicaOLoous.
3450 366 3571 447 983

126 501 307 558 tione
329 504 535 558 utatur
555 501 667 559 nisi
676 499 923 575 probata.
940 501 1134 561 Oratio
1148 502 1385 576 quidem
1403 504 1475 562 ad
1493 505 1723 564 Patrem
1735 508 1817 565 di-
1845 510 1899 579 Α
1927 511 2256 570 saeculorum
2275 508 2456 570 altius
2485 510 2718 583 dicit,ut
2745 509 3048 587 prmmissa
3069 508 3252 568 oratio
3275 526 3378 585 per
3397 509 3569 567 Amen

124 589 531 662 rigendaest,
555 592 965 663 juxtaDomini
985 595 1810 669 preceptum,quidiscipulos
1921 617 1957 656 a
1985 602 2201 675 populo
2228 603 2417 675 possit
2445 602 2799 659 conﬁrmari.
3326 612 3329 615 '

121 695 288 736 suos
308 679 404 736 ita
434 680 733 750 instruxit,
765 699 899 738 cum
920 699 1055 739 eum
1085 684 1527 755 interrogarent,
1563 685 1812 757 qualiter
2027 691 2165 747 CAP.
2200 692 2347 748 VIII.
2373 725 2441 732 —
2482 687 2554 748 De
2584 691 2811 763 epistola
2858 692 2927 747 ad
2955 692 3179 746 missam
3209 690 3454 761 legenda.

121 784 316 825 orare
350 768 673 826 deberent:
730 771 866 826 Cum
893 771 1125 839 :tabitis,
1178 773 1390 844 inquit,
1444 775 1512 829 ad
1542 776 1813 830 orandum

118 855 315 913 dicite
335 876 359 912 :
398 862 563 915 Pater
586 862 785 927 noster,
817 861 914 933 qui
942 877 997 916 es
1027 864 1088 916 in
1115 862 1263 917 cwlis
1293 862 1500 933 (Matth.
1541 865 1643 935 x1),
1696 869 1806 920 etc.

411 948 520 1004 CAP
543 948 633 1004 VI.
657 981 726 991 —
754 951 824 1005 De
851 952 1195 1007 conclusione
1223 953 1557 1007 orationum.

198 1038 652 1096 Concludimus
681 1042 874 1096 autem
902 1039 1222 1111 orationes,
1253 1042 1361 1095 Per
1390 1042 1684 1097 Dominum
1708 1059 1807 1098 no-

118 1134 351 1195 strum,
388 1128 659 1185 videlicet
689 1129 916 1186 Patrem
948 1130 1167 1185 orando
1230 1146 1332 1200 per
1362 1129 1593 1197 Filium,
1634 1130 1808 1200 juxta

118 1218 423 1289 ejusdem
459 1217 586 1274 Filii
620 1222 993 1291 preceptum,
1018 1218 1119 1289 qui
1151 1219 1211 1273 in
1232 1218 1540 1290 Evangelio
1572 1219 1807 1291 itaprte-

118 1311 295 1384 cepit
321 1326 335 1364 :
382 1312 557 1381 Usque
586 1308 742 1365 modo
787 1325 897 1364 non
933 1310 1146 1379 petistis
1167 1308 1463 1379 quidquam
1492 1310 1715 1365 Patrem
1746 1310 1805 1364 in

118 1402 377 1456 nomine
410 1415 572 1460 meo;
613 1400 801 1470 petite,
834 1405 884 1453 et
913 1398 1193 1468 accipietis
1215 1398 1400 1467 (Joan.
1438 1398 1575 1467 xvx).
1608 1398 1715 1462 Qui
1748 1401 1805 1453 et

119 1491 427 1547 effectum
455 1488 673 1544 nostris
699 1485 1100 1560 petitionibus,
1134 1486 1181 1541 si
1218 1487 1529 1558 peripsum
1566 1502 1801 1557 rogave-

118 1579 361 1645 rimus,
426 1575 732 1651 promittit,
783 1574 984 1631 dicens
1034 1591 1047 1629 :
1109 1575 1475 1647 Quodcunque
1529 1576 1801 1647 petieritis

118 1671 371 1725 Patrem
406 1669 469 1722 in
491 1667 713 1721 nomine
747 1680 884 1728 meo,
916 1663 1066 1719 dabit
1085 1664 1233 1719 vobis
1256 1665 1438 1731 (Joan.
1465 1664 1603 1734 XVI).
1638 1663 1801 1719 Unde

114 1763 180 1814 ‘et
208 1756 527 1814 orationes
572 1752 877 1825 plurimas,
908 1752 995 1808 vel
1045 1768 1191 1824 pene
1220 1769 1446 1817 omnes,
1480 1752 1622 1808 satis
1655 1769 1798 1807 con-

1991 779 2143 836 Solis
2173 781 2636 838 subdiaconibus
2684 781 2837 837 inter
2866 780 3171 836 inferiores
3201 779 3417 851 gradus
3451 778 3563 833 Ro.

1918 884 2096 924 mana
2114 871 2430 926 auctoritas
2452 870 2719 925 concedit
2735 873 2818 938 ut,
2852 869 3033 925 sacris
3062 868 3322 925 vestibus
3348 866 3559 931 induti,

1918 957 2237 1030 Epistolam
2269 958 2466 1032 legant
2524 960 2596 1015 ad
2629 959 2895 1015 missam.
2929 958 3091 1024 Quod
3118 961 3313 1012 tamen
3341 972 3455 1011 non
3487 972 3558 1010 ex

1917 1063 2119 1103 eorum
2154 1048 2605 1116 consecratione,
2640 1049 2739 1104 sed
2801 1048 2997 1120 potius
3041 1064 3109 1102 ex
3165 1044 3563 1102 ecclesiastica

1916 1136 2293 1193 concessione
2334 1141 2677 1193 meruerunt
2706 1137 2985 1192 obtinere.
3014 1135 3186 1191 Unde
3217 1137 3273 1189 et
3303 1133 3559 1189 ratione;

1916 1219 2094 1280 bilius
2124 1241 2252 1281 esse
2281 1226 2513 1281 videtur
2542 1230 2605 1280 ut
2634 1226 2758 1298 ipse
2790 1225 3060 1281 sacerdos
3091 1223 3203 1279 sibi
3233 1222 3555 1295 Epistolam

1913 1313 2088 1386 legat,
2119 1330 2298 1385 quam
2342 1319 2406 1369 ut
2451 1314 2709 1386 aliquem
2751 1315 3012 1371 nondum
3045 1313 3400 1377 ordinatum,
3435 1311 3549 1367 sibi

1912 1402 2162 1459 asciscat
2192 1404 2262 1458 ad
2293 1402 2627 1475 legendum.
2686 1404 2832 1458 Nam
2891 1404 3099 1457 beatus
3155 1401 3489 1465 Hormisda,
3523 1416 3558 1455 a

1912 1495 2114 1547 sancto
2142 1491 2307 1548 Petro
2331 1492 2858 1563 quinquagesimus
2881 1490 3088 1546 tertius
3110 1508 3282 1562 papa,
3300 1488 3555 1561 capitulo

1910 1578 2102 1646 tertio,
2138 1578 2306 1635 illum
2363 1580 2620 1651 deponit,
2681 1579 3018 1651 quicunque
3076 1596 3189 1634 non
3222 1578 3552 1647 ordinatus,

1909 1667 2168 1723 officium
2205 1667 2459 1724 ordinati
2493 1668 2885 1739 usurpaverit,
2918 1668 3076 1738 quod
3103 1665 3304 1737 utique
3338 1682 3453 1720 non
3486 1682 3555 1720 ex

1909 1757 2365 1822 consecratione,
2425 1774 2531 1812 nec
2587 1774 2655 1812 ex
2685 1755 3080 1812 ecclesiastica
3126 1752 3553 1810 consuetudine

119 1863 277 1921 grue
298 1845 392 1901 ita
410 1842 824 1900 concludimus
848 1860 860 1899 :
886 1844 992 1898 Per
1019 1843 1313 1898 Dominum
1340 1845 1610 1897 nostrum.
1646 1845 1794 1896 Pau-

119 1935 402 1992 oissimte
418 1931 575 1990 enim
601 1932 845 2003 [autem]
876 1930 1257 1987 inveniuntur
1286 1947 1412 2003 qua:
1445 1948 1548 2002 pro
1574 1945 1799 2001 compe-

115 2024 321 2081 tentia
363 2039 583 2079 sensus
613 2019 728 2077 alia
777 2019 1148 2076 conclusione
1201 2019 1500 2076 liniantur.
1556 2019 1629 2074 Ut
1658 2018 1794 2073 illa:

118 2117 379 2182 Praesta,
433 2126 760 2183 quaesumus,
810 2111 1148 2180 omnipotens
1185 2110 1343 2175 Deus,
1377 2116 1438 2164 ut
1478 2112 1640 2163 natus
1668 2107 1794 2162 Sal-

117 2208 307 2271 vator,
343 2206 467 2258 etc.
496 2202 602 2270 Qui
628 2208 804 2256 tecum
850 2201 985 2255 vivit
1042 2207 1094 2254 et
1122 2202 1335 2267 regnat.
1386 2198 1529 2253 Item
1561 2202 1617 2252 et
1646 2195 1747 2251 illa
1779 2214 1792 2252 :

1908 1860 2171 1916 unquam
2204 1844 2546 1917 promeruit.
2607 1845 2873 1900 Canones
2924 1843 3102 1899 etiam
3134 1842 3303 1910 alios,
3336 1842 3451 1897 nisi
3478 1841 3551 1897 ad

1910 1932 2017 1988 hoc
2046 1935 2366 2000 ordinatos,
2424 1934 2483 1989 in
2543 1933 2786 1989 ecclesia
2845 1933 3055 2005 legere,
3089 1931 3176 1987 vel
3207 1931 3265 1986 in
3316 1930 3550 2003 publico

1909 2020 2177 2094 [pulpito]
2205 2021 2472 2094 psallere,
2530 2022 2619 2077 vel
2649 2022 2889 2077 Alleluia
2940 2021 3153 2086 dicere,
3210 2019 3299 2075 vel
3331 2017 3550 2083 alicubi

1906 2111 2249 2177 exorcizare,
2284 2112 2342 2165 in
2403 2111 2649 2167 diversis
2680 2110 2941 2166 conciliis
2986 2110 3358 2182 prohibuere.
3391 2106 3549 2164 Nihil

1907 2203 2105 2256 autem
2136 2201 2332 2256 obstat
2369 2200 2511 2271 quin
2571 2200 2846 2255 sacerdos
2898 2200 2959 2254 in
2991 2199 3177 2255 missa
3208 2198 3550 2254 inferiorum

121 2295 293 2362 Deus,
320 2293 487 2363 cujus
515 2290 696 2347 Filius
752 2291 811 2344 in
840 2288 956 2344 alta
1009 2287 1288 2353 caelorum,
1340 2291 1447 2342 etc.
1503 2287 1797 2342 Dominum
1903 2288 2176 2344 ordinum
2209 2288 2419 2355 ofﬁcia,
2453 2289 2501 2343 si
2532 2304 2764 2345 necesse
2796 2286 3261 2359 fuerit,expleat;
3294 2301 3469 2358 quem
3491 2288 3549 2340 et

114 2387 387 2439 nostrum
420 2382 602 2437 Iesum
630 2378 929 2447 Christum,
983 2379 1080 2448 qui
1136 2385 1312 2432 tecum
1376 2377 1533 2439 vivit,
1584 2378 1691 2431 etc.
1730 2375 1793 2430 In

118 2469 407 2545 qualibet
467 2472 664 2523 autem
719 2465 1093 2523 conclusione
1166 2464 1790 2521 commemorationem

114 2563 357 2616 sanctae
372 2556 682 2614 Trinitatis
706 2556 1014 2612 observare
1035 2553 1318 2619 solemus,
1344 2554 1517 2624 juxta
1539 2553 1694 2624 quod
1729 2552 1788 2607 in

117 2645 641 2706 emendatioribus
670 2643 1151 2701 Sacramentariis
1182 2659 1524 2715 expressum
1568 2642 1791 2697 inveni-

118 2736 485 2810 mus.[Adeo
506 2734 665 2791 enim
686 2732 874 2790 sancti
893 2736 1093 2788 Patres
1131 2732 1554 2788 invocationem
1576 2734 1789 2786 sanctae

116 2825 453 2883 Trinitatis
474 2823 533 2879 in
552 2822 913 2879 orationibus
934 2820 1053 2877 sive
1075 2820 1582 2876 benedictionibus
1596 2819 1792 2875 obser-

119 2915 378 2981 vabant,
413 2917 481 2967 ut
509 2928 614 2967 nec
664 2911 721 2966 in
752 2910 898 2982 ipsis
937 2909 1318 2965 sacramentis
1349 2908 1568 2980 aliquid
1599 2912 1787 2963 ratum

115 3004 725 3071 censerent,quorum
757 2998 1099 3054 confectioni
1128 2997 1412 3053 invocatio
1425 3002 1636 3052 sanctas
1657 2995 1787 3051 Tri-

120 3091 343 3148 nitatis
367 3088 673 3154 defuisset,
699 3092 763 3143 ut
792 3087 851 3141 in
886 3086 1066 3142 sacris
1096 3085 1612 3151 Paulianistarum,
1644 3101 1787 3155 quo-

1904 2393 2109 2433 omnes
2137 2376 2441 2433 inferiores
2472 2377 2733 2432 obtinere
2764 2378 3012 2445 constat,
3046 2374 3145 2446 qui
3178 2377 3235 2429 et
3274 2374 3332 2429 in
3364 2372 3548 2428 missa

1902 2466 2086 2521 sacris
2111 2465 2370 2523 vestibus
2413 2470 2503 2521 est
2526 2466 2790 2531 indutus,
2841 2463 2969 2520 sine
2997 2462 3214 2535 quibus
3259 2462 3329 2518 ad
3363 2461 3547 2517 altare

1891 2555 2063 2626 juxta
2106 2556 2433 2611 Romanum
2486 2553 2820 2610 ministrare
2857 2569 2971 2608 non
2994 2550 3467 2608 debemus.Unde
3489 2554 3546 2605 et

1902 2643 2317 2715 congruentius
2333 2643 2457 2715 ipse
2471 2643 2579 2699 sibi
2599 2642 2857 2711 officium
2872 2638 3217 2698 subdiaconi
3232 2655 3545 2711 repraesen-

1897 2734 2185 2804 tat,quam
2212 2732 2529 2805 quemlibet
2560 2732 2984 2796 inordinatum,
3017 2746 3120 2786 nec
3152 2729 3336 2786 sacris
3365 2729 3540 2785 vesti-

1899 2822 2009 2876 bus
2039 2822 2450 2888 indutum,hoc
2477 2820 2708 2893 explere
2739 2819 3056 2893 permittat.

1897 2909 2031 2965 CAP.
2058 2911 2154 2965 IX.
2204 2943 2273 2949 —
2312 2912 2385 2966 De
2413 2910 2693 2980 evangelio
2723 2911 2784 2964 in
2831 2926 2941 2981 qua
2957 2912 3114 2980 parte
3129 2910 3203 2964 sit
3230 2906 3537 2977 legendum.

1971 2998 2204 3054 Diaconi
2238 3014 2470 3069 quoque
2490 2998 2749 3054 ofﬁcium
2782 2997 2841 3052 in
2874 2996 3057 3052 missa
3085 2994 3544 3051 nihilominuset

1898 3085 2021 3157 ipse
2053 3086 2492 3142 convcnientius
2522 3086 2792 3157 explebit,
2825 3101 3005 3156 quam
3036 3084 3190 3140 alius
3226 3084 3325 3155 qui
3355 3083 3539 3139 sacris

119 3197 261 3236 rum
299 3184 365 3234 et
397 3176 761 3251 baptismum
792 3175 911 3232 sive
940 3173 1336 3231 ordinationes
1393 3174 1451 3229 in
1494 3172 1788 3228 conversis
1825 3246 1855 3251 ᾧ
1895 3174 2155 3230 vestibus
2188 3192 2303 3229 non
2335 3174 2509 3230 fuerit
2536 3174 2800 3229 indutus.
2833 3174 2981 3229 Nam
3037 3172 3214 3228 etiam
3254 3172 3545 3227 diaconus

118 3268 405 3325 iteranda
448 3246 802 3321 censuerunt
832 3264 1060 3335 (Concil.
1094 3264 1320 3327 Nicazn.,
1352 3278 1481 3317 can.
1519 3262 1603 3326 19,
1637 3266 1694 3317 et
1722 3277 1778 3317 νι
1814 3246 1856 3311 C
1896 3266 2155 3333 tempore
2185 3262 2496 3318 oblationis
2526 3266 2582 3317 et
2613 3261 2963 3318 lectionibus
2994 3260 3384 3317 albaindutus
3406 3276 3536 3315 esse

113 3357 407 3429 Synodus,
435 3371 563 3409 can.
594 3352 711 3426 97.]
742 3352 1058 3408 Sciendum
1089 3355 1284 3406 autem
1343 3350 1400 3404 in
1433 3348 1533 3403 illa
1563 3348 1779 3404 usitata

119 3442 533 3509 conclusione,
550 3444 658 3498 Per
686 3442 979 3497 Dominum
1006 3443 1275 3505 nostrum,
1297 3438 1453 3509 quod
1484 3438 1783 3493 Romanus

119 3534 280 3591 Ordo
303 3537 365 3590 et
397 3529 814 3604 antiquissima
853 3527 1210 3600 exemplaria
1233 3542 1443 3582 nomen
1476 3525 1573 3581 Dei
1611 3525 1781 3580 inter—

126 3626 385 3696 ponunt,
400 3620 501 3677 ubi
531 3619 781 3675 dicitur:
813 3619 921 3687 Qui
936 3622 1112 3672 tecum
1140 3615 1275 3671 vivit
1301 3623 1353 3671 et
1377 3623 1573 3684 regnat
1600 3616 1741 3669 Deus
1763 3631 1782 3675 ,-

127 3711 291 3782 quod
323 3714 527 3766 tamen
558 3706 823 3764 moderni
878 3708 1010 3778 post
1040 3719 1254 3759 nomen
1303 3702 1558 3775 Spiritus
1595 3700 1784 3757 sancti

128 3800 497 3871 subjungere
526 3795 813 3853 solent.Et
842 3795 963 3849 haec
994 3794 1197 3864 utique
1219 3791 1582 3848 consuetudo
1605 3789 1781 3846 etiam

128 3887 287 3960 apud
322 3887 621 3942 Romanos
643 3897 1067 3956 usquequaque
1089 3879 1512 3944 adeoinvaluit,
1543 3883 1608 3934 ut
1636 3879 1787 3934 anti-

128 3989 259 4045 quas
284 3973 627 4030 traditionis
680 3971 973 4027 exsecutio
1024 3971 1149 4040 jam
1182 3985 1298 4024 non
1349 3968 1477 4023 sine
1508 3965 1785 4022 seandalo

122 4062 325 4119 locum
358 4062 577 4117 habere
596 4060 803 4132 possit,
838 4059 993 4130 quod
1020 4059 1191 4128 juxta
1226 4055 1569 4128 Apostolum
1601 4056 1783 4126 (Rom.

126 4153 241 4223 xiv)
254 4155 318 4206 et
348 4148 727 4219 Evangelium
752 4147 968 4219 (Matth.
983 4148 1102 4217 VIII)
1124 4146 1182 4200 in
1204 4150 1321 4201 tam
1344 4144 1569 4201 levibus
1590 4144 1787 4201 causis

127 4254 376 4295 summo
409 4235 604 4291 studio
637 4234 890 4290 devitare
921 4234 1221 4289 debemus.

129 4343 265 4399 CAP.
303 4340 430 4398 VII.
472 4372 541 4382 -—-
560 4341 762 4396 Iterum
793 4339 860 4394 de
887 4340 1229 4394 conclusione
1256 4356 1352 4395 seu
1371 4340 1789 4409 conﬁrmatione

803 4411 1134 4466 orationum.

201 4502 545 4559 Secundum
564 4500 888 4556 Romanam
910 4496 1314 4553 auctoritatem
1332 4496 1555 4552 nullam
1580 4496 1789 4552 oratio-

1893 3350 2081 3415 debet,
2102 3353 2270 3422 juxta
2287 3350 2808 3422 quadragesimum
2831 3349 3089 3421 primum
3111 3347 3533 3421 Carthaginem-

1890 3440 1974 3495 sis
2005 3439 2230 3495 concilii
2264 3440 2456 3511 quarti
2485 3438 2831 3511 capitulum,
2856 3438 2950 3495 cui
2977 3442 3218 3493 sanctus
3248 3437 3531 3509 Augusti—

1892 3546 2023 3595 nus,
2056 3528 2176 3584 imo
2234 3529 2467 3583 ducenti
2530 3532 2753 3599 septem
2784 3531 2841 3583 et
2881 3527 3082 3582 decem
3111 3526 3297 3582 sancti
3332 3528 3531 3581 Patres

1891 3616 2301 3672 interfuerunt.
2332 3617 2507 3672 Juxta
2547 3617 2846 3672 decretum
2888 3614 3184 3672 Anastasii
3222 3630 3384 3686 papa:
3417 3630 3533 3669 non

1892 3706 2127 3761 sedetur
2154 3706 2335 3761 donec
2369 3707 2489 3777 [pro
2517 3706 2682 3775 dum]
2713 3703 3079 3777 evangelium
3114 3702 3366 3775 legitur;
3407 3719 3537 3775 quis

1892 3794 2234 3860 reverentia,
2291 3799 2355 3848 ut
2410 3794 2594 3858 aiunt,
2654 3797 2713 3848 et
2751 3792 3082 3865 apostolicae
3112 3790 3346 3846 lectioni
3378 3790 3535 3861 apud

1893 3882 2121 3937 Grmcos
2145 3882 2470 3937 exhibetur.
2503 3882 2793 3938 Diaconus
2826 3896 2959 3936 cum
2981 3879 3120 3952 legit
3147 3876 3537 3951 evangelium,-

1889 3970 2056 4041 juxta
2086 3971 2415 4026 Romanum
2446 3968 2747 4036 Ordinem,
2810 3970 2868 4023 in
2900 3969 3149 4024 amboue
3186 3967 3264 4039 (3)
3297 3966 3540 4022 vertitur

1893 4059 1964 4114 ad
1993 4057 2321 4122 meridiem,
2348 4058 2446 4113 ubi
2509 4064 2567 4114 et
2596 4057 2845 4113 masculi
2878 4056 3234 4112 conveniunt
3265 4073 3278 4123 ;
3314 4070 3430 4111 non
3464 4053 3537 4108 ad

1893 4147 2249 4219 aquilonem,
2283 4147 2382 4201 ubi
2432 4147 2660 4202 feminae
2698 4145 3047 4202 consistunt.
3082 4145 3162 4199 Ad
3196 4142 3539 4216 pricipalem

1894 4237 2050 4292 enim
2098 4253 2301 4291 sexum
2360 4236 2566 4291 merito
2626 4235 2894 4300 vertitur,
2955 4233 3072 4299 cui,
3105 4236 3172 4287 ut
3228 4230 3540 4303 Apostolus

1891 4323 2462 4389 instituit,intirmior
2475 4340 2649 4379 sexus
2663 4322 2824 4378 domi
2849 4321 3252 4378 instituendus
3275 4317 3543 4374 commit-

1893 4412 2060 4467 titur.
2084 4414 2246 4476 Quod
2286 4416 2482 4467 autem
2514 4411 2835 4483 presbyteri
2858 4410 2929 4464 ad
2952 4408 3264 4480 legendum
3295 4421 3538 4477 evange-

1896 4500 2039 4555 lium
2064 4518 2175 4557 non
2205 4517 2264 4556 se
2285 4501 2355 4554 ad
2378 4499 2682 4555 meridiem
2696 4496 3211 4566 vertunt,hocideo
3235 4493 3542 4549 inolevisse

138 4606 271 4646 nem
295 4596 408 4646 Per
452 4606 575 4645 eum
617 4590 714 4660 qui
737 4595 992 4645 venturus
1014 4589 1092 4643 est
1109 4584 1538 4653 concludimus,
1572 4586 1683 4640 nisi
1708 4585 1784 4640 sit
1820 4606 1865 4668 η
1895 4588 2207 4656 credimus,
2242 4588 2381 4660 quia
2404 4604 2508 4643 nec
2530 4587 2683 4643 Ordo
2700 4586 2819 4641 illis
2840 4584 3115 4657 injunxit,
3153 4587 3218 4638 ut
3248 4582 3304 4636 in
3339 4582 3540 4637 ambo-

134 4679 520 4746 exorcismus,
542 4679 599 4733 in
625 4694 740 4750 quo
757 4676 1027 4733 diabolus
1044 4691 1147 4748 per
1176 4674 1441 4729 divinum
1467 4672 1787 4744 judicium,

136 4770 200 4820 ut
229 4783 263 4821 a
300 4772 569 4823 creatura
594 4766 693 4822 Dei
742 4765 1024 4830 discedat,
1056 4762 1419 4819 exorcizatur
1468 4761 1587 4817 sive
1618 4760 1785 4828 adju-

134 4858 317 4910 ratur.
351 4856 498 4911 Nam
523 4854 582 4910 in
630 4855 761 4910 aliis
775 4852 1161 4915 orationibus,
1196 4868 1343 4923 quas
1368 4866 1469 4922 per
1488 4849 1782 4905 Dominum

134 4946 383 4999 nostrum
403 4943 831 5010 concludimus,
847 4946 1099 5007 Patrem,
1120 4946 1186 4996 ut
1217 4940 1386 4997 nobis
1408 4956 1511 5012 per
1523 4953 1783 4993 amorem

135 5028 261 5085 Filii
284 5032 378 5087 sui
424 5032 749 5100 subveniat,
783 5030 1192 5103 imploramus.
1229 5029 1290 5085 In
1324 5026 1650 5084 exorcismo
1680 5042 1783 5081 au-

137 5119 253 5173 tem
266 5119 565 5176 diabolum
587 5136 685 5193 per
709 5120 808 5176 Dei
822 5118 1212 5191 judicium,ut
1231 5115 1789 5189 aufugiat,increpa-

142 5207 519 5264 mus.0mnes
542 5215 737 5264 autem
760 5208 1211 5277 astantes,juxta
1234 5205 1537 5277 antiquam
1562 5208 1788 5260 sancto-

143 5308 271 5349 rum
294 5295 533 5352 Patrum
556 5296 954 5364 traditionem,
984 5295 1045 5350 in
1067 5295 1302 5367 signum
1321 5292 1785 5350 conﬁrmationis

145 5378 307 5438 Amen
327 5385 684 5458 subjungere
707 5386 939 5449 debent,
960 5388 1025 5439 ut
1043 5398 1417 5439 communem
1436 5382 1784 5447 orationem,

144 5484 316 5539 quam
347 5473 619 5530 sacerdos
651 5490 754 5546 pro
784 5472 1062 5528 omnibus
1094 5471 1340 5527 Domino
1389 5469 1610 5535 libavit,
1647 5486 1786 5525 con-

142 5554 390 5616 firment.
424 5562 587 5618 Unds
641 5567 699 5616 et
725 5561 786 5616 in
815 5560 944 5632 ipsa
976 5563 1199 5615 secreta
1229 5561 1335 5614 Per
1370 5560 1557 5615 omnia
1580 5559 1788 5613 smeula

205 5644 279 5716 (3)
317 5649 557 5706 Ambone
584 5652 750 5706 vocat
779 5648 933 5721 quod
962 5648 1241 5719 pulpitum
1272 5647 1440 5719 prius
1468 5646 1637 5702 dixit.

1898 4693 2031 4731 nem
2063 4677 2131 4731 ad
2166 4676 2480 4748 legendum
2511 4676 2663 4731 sicut
2692 4675 2966 4730 diacones
3006 4671 3411 4736 ascenderant,
3440 4670 3541 4725 ubi

1898 4764 2223 4819 necessario
2244 4765 2317 4820 ad
2342 4763 2639 4819 masculos
2666 4762 2861 4833 potius
2883 4776 3061 4832 quam
3084 4760 3155 4814 ad
3191 4758 3439 4815 feminas
3479 4773 3542 4813 se

1892 4858 2113 4908 vertere
2131 4853 2427 4908 deberent.
2464 4852 2605 4905 Nam
2622 4852 2794 4920 juxta
2813 4846 3273 4904 ecclesiasticam
3291 4861 3543 4902 consue-

1894 4940 2157 4995 tudinem
2192 4939 2258 4993 ad
2292 4938 2712 5009 altarclegunt,
2738 4936 2838 4993 ubi
2863 4935 3026 4991 nulla
3042 4934 3354 4991 diversitas
3377 4933 3542 4989 audi-

1894 5034 2090 5084 torum
2121 5028 2507 5099 approximat,
2568 5044 2695 5098 quae
2753 5025 3012 5099 legentes
3068 5023 3254 5095 magis
3288 5022 3344 5077 in
3388 5021 3543 5078 hanc

1895 5122 2116 5189 partem
2150 5132 2326 5187 quam
2352 5116 2410 5170 in
2439 5115 2608 5170 aliam
2634 5114 2891 5171 converti
2914 5112 3435 5186 exigat.Nusquam
3458 5111 3540 5167 ibi

1896 5205 2143 5273 feminae,
2179 5205 2277 5260 sed
2320 5203 2428 5259 soli
2488 5202 2744 5275 religiosi
2776 5203 2848 5259 ad
2881 5202 3177 5257 dexteram
3209 5204 3267 5256 et
3296 5200 3369 5255 ad
3401 5199 3553 5254 sini;

1896 5298 2078 5349 stram
2112 5292 2535 5365 permittuntur
2565 5292 2826 5346 stare.Ad
2861 5289 3169 5347 sinistrum
3199 5304 3334 5344 vero
3356 5303 3542 5341 cornu

1895 5382 2097 5438 altaris
2112 5382 2331 5437 habent
2358 5379 2598 5447 librum,
2634 5396 2768 5434 cum
2800 5377 3004 5451 legunt
3032 5374 3418 5448 evangelium,
3453 5372 3543 5427 vel
3584 5426 3591 5437 κ

1896 5487 2030 5525 cum
2058 5469 2480 5530 saerilicant,ut
2512 5467 2569 5522 in
2584 5468 2787 5521 dextra
2816 5470 2979 5537 parte
3010 5465 3128 5520 sint
3156 5458 3544 5532 expeditiores

1896 5559 1969 5613 ad
2026 5557 2431 5628 suscipiendas
2488 5555 2831 5619 oblationes,
2893 5552 3013 5608 sive
3075 5552 3148 5607 ad
3178 5547 3546 5605 conficienda
