3920 6208
361 355 483 428 003

1737 365 2048 431 MONUM.
2091 363 2409 431 LITURG.

3658 357 3785 426 984

367 497 570 555 altaris
602 499 1157 556 sacramenta.Unde
1177 501 1248 556 ad
1264 500 1597 572 aquilonem
1625 501 1810 572 magis
1828 517 2004 572 quam
2035 502 2092 568 Α
2119 501 2262 557 dum
2283 499 2620 573 legitur,ubi
2639 498 2888 556 dicitur:
2913 498 3260 571 Accipienset
3277 495 3783 568 huncpraeclarum

367 587 440 643 ad
467 587 770 644 meridiem
792 589 940 644 versi
957 589 1385 654 videntur,cum
1404 591 2008 661 annuntiantevange-

365 675 535 732 lium.
569 675 1187 750 Hincitaque[utique]
1221 679 1320 733 illa
1364 680 1666 750 usurpatio
1696 679 2008 734 emersisse

366 761 617 834 videtur,
650 769 715 821 ut
769 766 946 821 etiam
980 767 1252 822 diacones
1279 767 1338 822 in
1370 768 1637 831 ambone,
1670 772 1874 822 contra
1905 767 2010 822 Ro-

371 867 617 910 manum
649 853 1013 920 0rdinem,se
1043 860 1272 910 vertant
1302 857 1370 910 ad
1405 855 1759 926 aquilonem,
1786 856 2009 927 potius-

371 954 486 1016 que
516 955 579 999 se
608 944 681 999 ad
712 947 936 1016 partem
971 943 1320 998 feminarum
1370 961 1544 1016 quam
1608 945 2007 1000 masculorum

370 1035 590 1088 vertere
619 1046 736 1088 non
765 1036 1090 1088 vereantur.
1147 1035 1280 1097 Qua:
1339 1034 1644 1105 usurpatio
1696 1037 1821 1105 jam
1866 1037 2009 1090 adeo

373 1120 630 1185 inolevit,
664 1125 728 1176 ut
751 1120 914 1192 apud
944 1121 1251 1192 plerosque
1273 1121 1440 1192 quasi
1463 1139 1564 1194 pro
1588 1124 1791 1179 ordine
1815 1128 2010 1178 tenea-

371 1213 488 1264 tur.
544 1210 653 1265 Sed
703 1209 840 1281 quia
894 1209 1218 1265 certissime
1275 1215 1476 1266 contra
1519 1211 1782 1267 ordinem
1813 1217 1901 1268 est
1958 1216 2014 1267 et

370 1297 744 1366 inhonesta,a
759 1297 1227 1370 diligentioribus
1253 1299 1474 1354 ordinis
1494 1301 1887 1355 servatoribus
1901 1318 2014 1355 me-

373 1387 482 1442 rito
512 1388 818 1442 refutatur.
852 1388 1004 1443 Ordo
1027 1405 1258 1460 quoque
1285 1389 1554 1460 priecopit
1586 1394 1667 1455 ut,
1704 1389 1799 1460 qui
1834 1389 2015 1443 lectu-

371 1490 474 1533 rus
503 1479 594 1532 est
621 1476 1011 1549 evangelium,
1043 1493 1276 1532 crucem
1309 1477 1420 1533 sibi
1462 1479 1638 1532 faciat
1690 1479 1747 1532 in
1806 1479 2012 1545 fronte,

372 1563 662 1632 videlicet,
687 1565 860 1636 juxta
890 1567 1306 1637 Augustinum,
1369 1567 1425 1620 in
1460 1569 1595 1621 sede
1643 1567 1828 1638 ipsius
1855 1583 2018 1622 vere-

375 1653 623 1720 cundiae,
648 1658 732 1720 ut,
750 1653 1050 1709 eliminata
1097 1655 1254 1709 omni
1288 1655 1657 1722 verecundia,
1703 1673 1834 1711 cum
1867 1659 2016 1727 Apo-

377 1740 718 1812 stolo(Rom.
751 1743 910 1813 1)non
925 1743 1313 1798 erubescatde
1336 1744 1640 1815 Evangelio
1674 1745 2016 1816 Christi,qui

2115 589 2360 644 calicem.
2393 589 2461 644 Et
2518 588 2645 643 ibi:
2680 590 2787 643 Per
2825 595 3023 658 ipsum,
3084 591 3132 643 et
3189 603 3314 641 cum
3348 588 3484 656 ipso,
3546 591 3606 642 et
3663 586 3780 644 hoc

2117 678 2363 733 fortasse
2391 677 2519 732 ideo
2552 677 2690 750 quia
2717 679 2948 732 cautius
2997 676 3222 732 levatur
3243 676 3387 746 sine:
3405 674 3781 747 operimento

2119 783 2294 838 quam
2322 772 2652 838 coopertus.

2225 859 2354 910 CAP.
2383 855 2473 911 XI.
2499 886 2567 896 —
2597 855 2736 923 Quid
2765 871 2928 926 super
2953 855 3226 909 oblatione
3249 856 3322 908 sit
3341 853 3654 909 dicendum.

2191 943 2523 1016 Composita
2544 948 2738 999 autem
2754 943 3043 998 oblatione
3063 943 3121 996 in
3145 942 3309 998 altari
3324 942 3480 1009 ,dicit
3498 943 3783 998 sacerdos

2122 1033 2271 1088 hanc
2301 1033 2622 1088 orationem
2656 1031 3208 1104 juxtaGallicanum
3259 1030 3581 1087 Ordinem:
3622 1029 3784 1098 Veni,

2120 1124 2488 1192 sanctiﬁcator
2528 1124 2887 1193 omnipotens,
2940 1125 3140 1175 aeterne
3185 1124 3349 1188 Deus,
3400 1121 3629 1176 benedic
3677 1120 3783 1175 hoc

2120 1213 2453 1281 sacriﬁcium
2511 1215 2603 1265 tuo
2659 1212 2878 1265 nomini
2903 1214 3300 1281 praeparatum.
3357 1211 3463 1265 Per
3494 1209 3781 1264 Christum

2123 1302 2412 1354 Dominum
2444 1309 2709 1354 nostrum.
2746 1297 2965 1353 Deinde
3023 1303 3155 1353 ante
3186 1295 3372 1353 altare
3421 1297 3775 1363 inclinatus,

2124 1389 2279 1444 dicat
2299 1388 2448 1444 hanc
2473 1389 2816 1455 orationem,
2853 1404 2964 1442 non
2998 1404 3065 1442 cx
3093 1386 3291 1457 aliquo
3316 1385 3541 1451 ordine,
3578 1387 3682 1441 sed
3710 1403 3780 1440 ex

2125 1477 2522 1532 ecclesiastica
2542 1474 2966 1531 consuetudine
2993 1491 3005 1529 :
3031 1477 3278 1546 Suscipe,
3305 1480 3498 1530 sancta
3512 1475 3779 1537 Trinitas,

2125 1567 2265 1621 hanc
2293 1567 2642 1630 oblationem,
2676 1581 2842 1634 quam
2872 1566 2974 1619 tibi
3021 1566 3301 1635 oﬂerimus
3358 1566 3416 1617 in
3445 1566 3781 1619 memoriam

2124 1657 2420 1718 Passionis,
2438 1656 2884 1721 Iiesurrectionis,
2903 1654 3261 1718 Ascensionis,
3285 1657 3394 1707 etc.
3419 1655 3553 1717 Quae
3569 1652 3782 1724 utique

2127 1744 2309 1799 oratio
2331 1760 2363 1797 a
2383 1741 2850 1813 diligentioribus
2877 1741 3098 1796 ordinis
3137 1747 3195 1796 et
3213 1757 3338 1796 com
3350 1741 3603 1812 probata:
3627 1757 3781 1796 con-

377 1845 442 1886 se
471 1830 530 1885 in
564 1831 680 1886 ﬁne
701 1831 772 1886 de
825 1830 926 1886 illo
957 1831 1325 1887 erubiturum
1357 1833 1642 1904 prmdixit,
1676 1833 2014 1905 quicunque
2051 1869 2096 1934 Β
2129 1831 2457 1888 suetudinis
2479 1829 2971 1896 observator-ibus,
3007 1834 3125 1884 tam
3151 1846 3255 1901 pro
3286 1829 3779 1934 defunctisqpam

375 1930 510 1975 eum
530 1919 646 1985 hic,
671 1917 762 1974 vel
783 1920 957 1976 verba
979 1921 1106 1991 ejus
1119 1937 1313 1976 coram
1337 1921 1672 1976 hominibus
1693 1922 2012 1978 erubuerit.

376 2000 570 2064 Faciat
590 2008 766 2064 etiam
811 2007 922 2064 sibi
954 2008 1012 2062 in
1036 2013 1263 2080 pectore
1285 2027 1615 2072 crucem,ne
1648 2010 1847 2082 aliqua
1877 2027 2014 2083 sug-

376 2095 563 2170 gestio
584 2097 800 2152 diaboli
826 2113 960 2153 eum
995 2097 1296 2170 impediat,
1331 2099 1426 2170 qui
1463 2116 1605 2170 puro
1637 2100 1808 2154 corde
1842 2102 2020 2154 Evan-

374 2184 592 2257 gelium
613 2183 714 2240 Dei
734 2187 1085 2241 annuntiare
1113 2187 1320 2241 valeat.
1357 2188 1664 2258 Presbyter
1703 2205 1834 2243 cum
1877 2188 2017 2259 legit

377 2273 766 2346 evangelium,
799 2267 1059 2330 Romano
1092 2291 1251 2331 more
1298 2275 1591 2348 planetam
1622 2277 1677 2331 in
1711 2278 2015 2332 dexterum

377 2361 530 2419 levat
553 2362 886 2428 humerum,
921 2368 985 2417 ut
1003 2363 1336 2436 expeditum
1361 2382 1421 2420 se
1444 2365 1688 2420 terrenis
1711 2366 2017 2422 all‘ectibus

375 2465 504 2508 esse
519 2453 879 2509 demonstret
903 2453 974 2508 ad
997 2453 1755 2525 evangelizandum.Eadem
1781 2471 2017 2526 quoque

376 2540 601 2597 ratione
616 2545 674 2597 et
702 2541 1094 2610 diaconi,cum
1125 2542 1346 2615 legunt,
1382 2542 1675 2615 planetam
1707 2548 1934 2598 tantum
1961 2544 2016 2598 in

377 2629 622 2687 sinistro
651 2630 897 2686 humero
927 2647 1141 2702 ponere
1179 2632 1466 2686 videntur.
1516 2632 1655 2686 Item
1719 2633 2018 2686 Romanus

377 2717 534 2773 Ordo
555 2718 820 2789 praecipit
839 2722 906 2772 ut
941 2718 1248 2774 incensum
1271 2736 1502 2790 semper
1529 2721 1816 2791 praecedat
1845 2737 2017 2776 evan-

379 2805 620 2877 gelium,
653 2823 786 2861 cum
832 2806 903 2860 ad
935 2806 1114 2862 altare
1134 2808 1253 2862 sive
1278 2808 1336 2861 in
1369 2808 1676 2862 ambonem
1711 2814 2016 2882 portatur;

381 2909 498 2949 non
519 2897 716 2950 autem
738 2895 1002 2950 concedit
1020 2899 1084 2950 ut
1100 2894 1315 2951 oblatio
1338 2895 1396 2950 in
1420 2896 1586 2950 altari
1618 2897 2016 2966 thurificetur;

382 2982 539 3054 quod
559 2987 617 3038 et
653 2982 986 3040 Amalarius
1033 2984 1093 3038 in
1117 2983 1357 3057 prologo
1379 2983 1514 3040 libri
1549 2987 1639 3041 sui
1675 2987 1753 3041 De
1785 2986 2017 3053 officiis,

383 3071 677 3128 Romanos
705 3070 957 3128 devitare
983 3072 1213 3140 fatetur,
1249 3074 1517 3145 quamvis
1561 3076 1732 3130 modo
1774 3093 1807 3130 a
1837 3075 2021 3148 pluri-

380 3163 514 3230 bus,
547 3160 666 3217 imo
695 3175 841 3234 pene
870 3161 943 3216 ab
975 3162 1250 3217 omnibus
1282 3167 1617 3234 usurpetur.

487 3251 622 3306 CAP.
654 3249 717 3305 X.
737 3279 805 3290 —
829 3251 904 3305 De
921 3249 1192 3306 oblatione
1235 3252 1292 3304 in
1325 3253 1494 3306 altari
1523 3253 1907 3323 componemla.

453 3339 643 3396 Finito
672 3338 996 3411 evangelio,
1024 3339 1226 3395 statim
1255 3344 1342 3395 est
1374 3341 1758 3404 oll‘erendum,
1793 3343 1934 3397 dum
1965 3346 2020 3397 et

381 3428 674 3486 oﬂ‘ersnda
702 3426 952 3496 canitur,
1007 3443 1136 3500 quae
1195 3444 1406 3484 nomen
1468 3429 1537 3484 de
1569 3428 1858 3486 oblatione
1888 3447 2020 3485 mu-

383 3516 588 3573 tuavit.
620 3514 768 3572 Nam
797 3515 1003 3571 ordine
1034 3520 1384 3588 praepostero
1443 3517 1714 3590 deinceps
1760 3519 2020 3586 offertur,

384 3609 698 3679 postquam
731 3605 791 3660 in
821 3604 989 3660 altari
1049 3605 1348 3676 proposita
1404 3606 1696 3662 oblatione
1754 3609 2024 3663 sacerdos

385 3694 667 3769 populum
696 3692 965 3750 hortatur
994 3693 1066 3748 ad
1098 3695 1406 3749 orandum.
1441 3695 2026 3752 SanctusAlcxander

383 3781 805 3856 papa,quintus
826 3798 860 3836 a
880 3781 1048 3837 beato
1071 3784 1259 3848 Petro,
1274 3783 1578 3838 constituit
1599 3787 1662 3837 ut
1693 3785 1862 3855 panis
1893 3789 2023 3840 tan-

382 3875 513 3927 tum
561 3873 620 3925 et
643 3868 847 3924 vinum
895 3885 1049 3940 aqua
1107 3871 1348 3926 mistum
1383 3871 1441 3925 in
1475 3872 1762 3927 sacriﬁcio
1795 3874 2021 3928 Domini

377 3959 674 4025 Oﬂ'eratur,
732 3957 872 4028 quia
924 3958 992 4013 de
1023 3957 1202 4014 latere
1232 3958 1461 4015 Domini
1505 3961 1748 4030 sanguis
1780 3966 1838 4015 et
1869 3978 2023 4032 aqua

373 4046 554 4104 simul
578 4045 978 4118 proﬂUXerunt
1001 4065 1013 4114 ;
1035 4048 1189 4103 unde
1221 4048 1793 4119 sanctusCyprianus
1841 4050 2015 4120 (epist.

366 4135 438 4192 ad
469 4133 634 4193 Caecil
681 4135 746 4191 de
794 4152 1028 4191 sacram.
1091 4138 1302 4205 calicis)
1339 4152 1351 4189 ε
1401 4159 1428 4184 ‹‹
1462 4136 1525 4191 In
1560 4137 1758 4206 calice,
1797 4137 2018 4210 inquit,

366 4224 669 4282 Dominico
693 4235 847 4297 aqua
875 4225 1008 4280 vino
1031 4226 1233 4280 deesse
1260 4241 1375 4280 non
1413 4225 1602 4292 debet,
1639 4242 1709 4280 ne
1743 4227 2014 4299 populus,

365 4313 465 4386 qui
497 4321 600 4386 per
627 4322 844 4386 aquam
891 4314 1064 4385 juxta
1093 4312 1481 4385 Apocalypsin
1544 4313 1936 4386 significatur,
1985 4334 2017 4372 a

365 4402 600 4460 Christo
632 4405 941 4475 separatus
972 4415 1103 4457 esse
1140 4400 1424 4456 videatur.
1454 4423 1481 4451 »
1518 4402 1603 4457 Ita
1633 4407 1825 4458 autem
1845 4405 2016 4475 juxta

370 4490 706 4547 Romanum
737 4490 1006 4545 ordinem
1036 4488 1096 4543 in
1128 4489 1294 4544 altari
1327 4491 1730 4562 componenda
1759 4497 1917 4559 sunt,
1951 4498 2016 4547 ut

2128 1936 2230 1992 pro
2244 1918 2523 1974 vivissola
2539 1919 2960 1990 frequentatur,
2988 1918 3087 1988 qui
3121 1918 3230 1972 etsi
3264 1916 3558 1972 multoties
3580 1916 3780 1987 pluri-

2127 2025 2355 2064 morum
2380 2007 2787 2064 consuetudini
2806 2007 3034 2073 cedant,
3057 2006 3356 2078 superflua
3382 2011 3580 2062 tamen
3605 2023 3780 2061 sum-

2128 2115 2359 2170 mopere
2373 2098 2646 2153 devitant.
2674 2099 2971 2152 Romanus
2993 2101 3184 2150 tamen
3207 2096 3359 2150 Ordo
3388 2094 3615 2150 nullam
3647 2111 3779 2150 ora-

2127 2186 2345 2242 tionem
2400 2185 2655 2240 instituit
2709 2189 2843 2257 post
2889 2185 3245 2240 offerendam
3279 2188 3412 2239 ante
3455 2189 3771 2240 secretam.

2126 2275 2367 2329 Erectus
2389 2278 2583 2330 autem
2606 2274 2904 2346 presbyter
2924 2272 3204 2345 populum
3230 2273 3499 2327 hortatur
3514 2273 3590 2327 ad
3608 2290 3777 2328 oran-

2128 2362 2353 2429 dum,et
2384 2363 2508 2434 ipse
2539 2366 2670 2434 post
2721 2362 2943 2416 finitam
2997 2364 3301 2429 secretam,
3364 2361 3771 2432 praefationem

2127 2451 2353 2507 orditur
2404 2452 2464 2506 in
2525 2452 2841 2521 Canonem,
2893 2451 2951 2506 in
2984 2467 3099 2522 qua
3128 2467 3520 2521 supernorum
3551 2451 3770 2506 civium

2127 2539 2361 2596 ordines
2383 2539 2589 2595 merito
2607 2543 3124 2609 connumerantur,
3144 2539 3286 2609 quia
3308 2537 3533 2594 eisdem
3555 2544 3773 2611 myste-

2128 2629 2231 2683 riis
2248 2646 2373 2700 quw
2389 2627 2466 2684 ibi
2480 2629 3064 2698 conficiuntur,juxta
3082 2627 3519 2682 attestationem
3542 2632 3776 2683 sancto-

2130 2733 2258 2773 rum
2283 2717 2834 2782 Patrum,interesse
2856 2717 3197 2772 creduntur.
3225 2715 3385 2770 Unde
3402 2720 3459 2770 et
3479 2715 3782 2788 angelicus

2130 2807 2406 2878 hymnus,
2441 2805 2496 2860 id
2519 2809 2626 2871 est,
2647 2806 2899 2869 Sanctus,
2930 2808 3168 2870 sanctus,
3199 2807 3438 2870 sanctus,
3463 2804 3776 2876 subsequi-

2131 2900 2188 2950 tu
2200 2911 2425 2965 r,quem
2441 2895 2647 2950 beatus
2659 2893 2854 2948 Sixtus
2867 2893 3098 2965 papa,in
3119 2893 3322 2947 ordine
3336 2896 3782 2959 octavus,cons-

2132 2983 2293 3038 tituit
2307 2989 2370 3038 ut
2385 2987 2518 3038 ante
2534 2981 2884 3038 sacriﬁcium
2903 2981 3390 3036 diceretur.Hunc
3412 2985 3610 3037 autem
3626 2981 3785 3053 hym-

2132 3089 2272 3127 num
2295 3076 2352 3128 et
2375 3071 2504 3143 ipse
2527 3071 2798 3126 sacerdos
2819 3087 2954 3126 cum
2979 3069 3110 3125 aliis
3125 3069 3454 3125 necessario
3501 3071 3681 3126 debet
3696 3071 3778 3125 di-

2130 3177 2284 3226 cere,
2318 3176 2390 3216 ne
2411 3160 2670 3231 seipsum
2695 3177 2801 3215 sua
2823 3175 2991 3232 prece
3010 3159 3280 3214 videatur
3299 3159 3706 3230 privasse,qui
3727 3165 3782 3214 et

2131 3266 2268 3305 suas
2295 3265 2462 3304 voces
2511 3254 2568 3303 et
2627 3247 2875 3303 aliorum
2905 3247 3187 3319 angelicis
3215 3246 3491 3302 laudibus
3545 3248 3777 3303 admitti

2130 3338 2474 3409 deprecatus
2504 3340 2592 3391 est
2609 3337 2666 3391 in
2686 3336 3043 3408 praefatione.
3062 3335 3238 3390 Juxta
3261 3335 3594 3391 Romanum
3612 3335 3775 3392 Ordi-

2131 3442 2264 3482 nem
2288 3441 2592 3496 nunquam
2615 3423 2857 3479 missam
2876 3424 3138 3499 [missas]
3157 3425 3379 3495 absque
3395 3423 3623 3480 lumine
3636 3424 3778 3481 cele-

2133 3515 2412 3569 bramus:
2445 3530 2559 3569 non
2581 3513 2782 3584 utique
2813 3513 2883 3567 ad
2905 3511 3280 3584 depellendas
3311 3513 3608 3579 tenebras,
3643 3531 3772 3569 cum

2133 3603 2210 3658 sit
2240 3601 2396 3657 clara
2426 3601 2570 3668 dies,
2605 3602 2707 3657 sed
2761 3601 2956 3672 potius
3013 3602 3072 3655 in
3107 3606 3311 3674 typum
3344 3600 3502 3656 illius
3532 3600 3776 3656 luminis

2133 3692 2304 3762 cujus
2332 3695 2700 3745 sacramenta
2730 3689 2808 3744 ibi
2831 3689 3334 3756 conﬁcimus,sine
3351 3705 3466 3760 quo
3491 3693 3551 3744 et
3581 3690 3643 3746 in
3667 3707 3778 3746 me-

2134 3780 2279 3836 ridie
2313 3778 2682 3850 palpabimus
2711 3782 2776 3833 ut
2803 3777 2862 3832 in
2893 3783 3083 3833 nocte.

2274 3871 2408 3924 CAP.
2445 3867 2560 3922 XII.
2601 3899 2666 3906 ——
2715 3866 2859 3936 Quid
2904 3871 3128 3921 auctum
3169 3869 3242 3922 sit
3281 3869 3343 3922 in
3394 3867 3632 3922 Conone.
3707 3881 3710 3884 '

2203 3957 2535 4012 Orationem
2549 3971 2726 4026 quam
2745 3954 3184 4022 Canonem,sive
3205 3955 3530 4019 Actionem,
3540 3958 3777 4027 prepter

2131 4045 2453 4118 regularem
2485 4048 2985 4100 sacramentorum
3033 4043 3450 4098 confectionem
3511 4043 3772 4099 Romano

2129 4151 2290 4189 more
2319 4132 2705 4204 appellamus,
2739 4133 2872 4203 quis
2905 4132 3316 4203 composuerit,
3340 4135 3669 4203 apertenon
3695 4131 3772 4187 le-

2128 4223 2343 4296 gimus,
2379 4221 2490 4276 nisi
2535 4222 2689 4292 quod
2743 4222 2801 4276 S.
2834 4221 3157 4293 Gregorius
3191 4221 3510 4293 quemdam
3536 4220 3770 4276 schola-

2129 4313 2340 4368 sticum
2374 4310 2533 4365 illam
2567 4311 2968 4382 composuisse
3023 4314 3289 4366 testatur.
3348 4309 3535 4365 Multa
3574 4314 3767 4366 tamen

2127 4401 2315 4457 eidem
2349 4398 2567 4454 Canoni
2599 4415 2632 4452 a
2662 4398 2883 4453 sanctis
2915 4399 3185 4453 Patribus
3245 4399 3466 4453 inserta
3495 4397 3768 4470 legimus,

2129 4489 2282 4546 sicut
2303 4505 2337 4543 a
2358 4492 2560 4542 sancto
2581 4487 2970 4542 Alexandrino
3015 4503 3184 4559 papa,
3219 4487 3278 4540 in
3309 4486 3512 4542 ordine
3539 4487 3767 4557 quinto,

369 4578 568 4636 oblata
597 4580 662 4650 [ἰ.
695 4594 743 4634 e.
805 4577 1019 4648 hostia]
1079 4577 1138 4632 in
1176 4577 1463 4650 corporali
1523 4579 1733 4650 posita,
1765 4580 1912 4635 calix
1940 4581 2012 4636 ad
2045 4595 2091 4659 Ι)
2122 4577 2310 4650 ipsius
2337 4575 2649 4631 Dominicae
2682 4575 2974 4646 passionis
2991 4574 3470 4630 commemoratio
3503 4573 3767 4630 interseri

370 4667 643 4724 dextrum
674 4665 831 4722 latus
859 4663 1064 4722 oblatae
1123 4671 1394 4737 ponatur,
1449 4667 1617 4739 quasi
1659 4668 2010 4740 sanguinem

369 4755 597 4812 Domini
618 4757 1021 4827 suscepturus,
1046 4771 1221 4826 quem
1258 4756 1329 4810 de
1351 4754 1530 4810 latere
1557 4756 1854 4812 Dominico
1877 4774 2012 4828 pro-

370 4843 608 4902 ﬂuxisse
617 4844 1088 4900 credimus.Nam
1101 4841 1359 4899 oblatam
1373 4843 1493 4899 sive
1507 4861 1714 4916 panem
1736 4845 1791 4900 in
1808 4862 2009 4901 verum

367 4931 580 4989 Christi
606 4947 840 5004 corpus,
875 4931 1030 4987 sicut
1050 4935 1106 4986 et
1129 4931 1331 4985 vinum
1353 4931 1410 4985 in
1437 4933 1783 5004 sanguinem
1818 4934 2010 4988 Domi-

369 5019 568 5076 nicum
599 5019 860 5076 converti
891 5035 1005 5075 non
1039 5018 1401 5075 dubitamus.
1436 5019 1638 5076 Solent
1669 5026 1863 5077 autem
1889 5039 2015 5094 pre-

367 5106 750 5180 sbyteri,dum
773 5109 899 5163 sine
922 5107 1208 5163 ministris
1222 5109 1494 5175 offerunt,
1523 5109 1789 5181 deposita
1817 5110 2012 5166 oblata

367 5194 428 5251 in
453 5195 620 5251 altari
653 5200 921 5267 patenam
955 5196 1311 5251 abscondere
1344 5197 1452 5250 sub
1483 5198 1790 5268 corporali,
1825 5203 1880 5252 et
1905 5199 2012 5252 for-

366 5288 524 5340 tasse
552 5284 682 5338 ideo
713 5282 1034 5354 quiajuxta
1057 5283 1333 5339 Ordinem
1349 5283 1652 5355 acolythus
1683 5287 1853 5340 debet
1881 5303 2008 5341 eam

366 5377 565 5428 tenere
597 5368 914 5426 involutam
972 5372 1123 5426 inter
1166 5371 1637 5428 sacriﬁcandum.
1671 5374 2012 5444 Cooperitur

367 5475 601 5532 quoque
626 5457 777 5513 calix
806 5477 918 5516 non
951 5465 1072 5514 tam
1103 5477 1282 5515 causa
1310 5461 1571 5530 mysterii
1613 5477 1790 5533 quam
1822 5469 2011 5519 caute-

367 5547 456 5613 lae,
515 5561 700 5616 usque
755 5548 899 5604 dum
960 5548 1123 5605 ﬁnito
1173 5548 1405 5602 Canone
1455 5545 1716 5607 dicitur:
1761 5552 2005 5620 Oremus,

365 5634 654 5705 Przceptis
681 5637 1018 5694 salutaribus
1076 5636 1292 5691 moniti.
1328 5632 1761 5707 Discooperitur
1791 5644 2007 5708 tamen,

2115 4666 2526 4740 jubetur.ltem
2555 4668 2796 4720 sanctus
2816 4664 3130 4734 Gregorius
3153 4679 3302 4735 papa
3319 4661 3549 4734 primus
3574 4679 3588 4717 :
3615 4664 3770 4718 Dies-

2121 4771 2222 4827 que
2242 4757 2453 4810 nostros
2471 4755 2530 4807 in
2550 4756 2646 4806 tua
2674 4769 2808 4823 pace
2821 4751 3097 4823 disponas,
3131 4767 3318 4822 usque
3349 4752 3454 4805 Per
3488 4750 3769 4805 Christum

2120 4844 2412 4898 Dominum
2431 4844 2696 4896 nostrum.
2742 4840 2808 4894 Et
2829 4857 3080 4912 magnus
3125 4841 3235 4894 Leo
3261 4857 3274 4894 :
3309 4839 3570 4893 Sanctum
3599 4841 3768 4894 sacri-

2120 4932 2327 5002 ﬁcium,
2343 4930 2757 4984 immaculatum
2779 4928 3034 4994 hostiam,
3061 4929 3120 4983 in
3137 4929 3368 4984 Canone
3391 4927 3764 4982 addiderunt.

2120 5017 2710 5092 Item[idem]quoque
2732 5017 3044 5090 Gregorius
3061 5016 3421 5072 Dominicam
3439 5015 3765 5071 orationem

2120 5125 2180 5163 se
2203 5107 2418 5162 Canoni
2443 5105 2727 5176 adjecisse
2753 5105 2809 5159 in
2835 5106 3100 5177 Registro
3128 5121 3235 5160 suo
3276 5104 3488 5160 asserit
3512 5105 3765 5174 (Registr.

2121 5196 2222 5251 lib.
2246 5212 2343 5260 vn,
2369 5213 2458 5266 ep.
2483 5196 2573 5259 63,
2624 5195 2696 5249 ad
2720 5197 2987 5249 Joannem
3017 5193 3472 5265 Syracusanum),
3505 5192 3606 5247 ubi
3641 5193 3764 5264 qui-

2120 5285 2370 5340 busdam
2405 5283 2540 5336 inde
2573 5283 3108 5350 murmurantibus,
3143 5281 3351 5337 humili
3385 5280 3767 5352 responsione

2119 5369 2839 5435 satisfecit,inconveniens
2861 5387 2989 5427 esse
3014 5385 3281 5426 asserens
3306 5369 3573 5425 utoratio
3592 5383 3764 5441 quam

2119 5459 2505 5516 scholasticus
2536 5460 3058 5532 composuitsuper
3081 5459 3436 5514 oblationem
3451 5457 3765 5520 diceretur,

2117 5554 2173 5605 et
2194 5545 2848 5618 illapraetermitteretur
2885 5564 3064 5620 quam
3088 5547 3198 5620 ipsi
3233 5545 3482 5619 apostoli
3506 5562 3576 5601 ex
3609 5546 3766 5601 insti-

2116 5637 2339 5694 tutione
2370 5632 2672 5690 Dominica
2701 5635 2760 5691 in
2793 5637 3151 5694 confectione
3183 5636 3528 5693 earumdem
3582 5647 3768 5692 sacra-
