3920 6208
184 332 320 402 ίθϐὅ

1639 334 2171 405 MICROLOGUS.

3428 334 3604 400 -‘986

202 469 805 531 mentorum'usitasse
824 469 1198 531 crederentur
1214 471 1592 543 [creduntur].
1608 477 1673 528 In
1693 489 1854 529 sum-
1883 472 1939 538 Α
1967 469 2554 543 libet[quorumlibet]
2576 472 2909 528 sanctorum
2932 468 3173 528 nomina
3190 470 3607 530 internumera-

204 562 320 618 mis
347 577 583 635 quoque
610 560 1023 619 festivitatibus
1071 562 1338 634 quaedam
1386 562 1602 618 Canoni
1646 562 1704 617 in
1752 561 1852 617 illo

205 649 351 719 loco,
395 650 495 707 ubi
543 649 762 706 dicitur
809 651 1301 718 Communieantes,
1353 650 1441 707 vel
1488 656 1648 707 Hane
1683 653 1855 722 igitur

204 738 1009 812 oblationem,interponimus,
1030 756 1155 812 quae
1185 743 1382 795 tamen
1414 756 1482 796 ex
1511 739 1852 813 antiquiori-

204 828 316 884 bus
345 832 403 884 et
421 827 917 884 emendatioribus
932 829 1415 884 Sacramentariis
1434 827 1855 901 interponenda

204 932 333 972 esse
362 915 698 984 didicimus,
731 916 1001 973 videlicet
1046 916 1103 971 in
1153 917 1463 972 Nativitate
1509 917 1758 986 Domini,
1793 917 1852 972 in

202 1003 555 1078 Epiphania,
589 1006 647 1060 in
678 1004 869 1072 Cmna,
904 1006 964 1061 in
1005 1005 1248 1072 Pascha,
1282 1006 1343 1060 in
1389 1006 1761 1073 Ascensione,
1794 1007 1853 1061 in

184 1094 563 1149 Pentecoste.
600 1094 969 1166 [HujUsmodi
1000 1094 1472 1167 interpositiones
1503 1094 1763 1151 efﬁciunt
1792 1100 1857 1150 ut

202 1182 375 1246 illud,
410 1182 901 1250 Communieonles,
931 1183 1191 1255 apertius
1223 1200 1326 1255 per
1354 1199 1436 1249 se,
1470 1184 1636 1256 quasi
1670 1184 1729 1239 in
1761 1200 1853 1239 ca-

202 1270 424 1327 tholica
455 1271 867 1327 communione
897 1277 1221 1341 manentes,
1249 1271 1853 1345 intelligamus,quam

202 1360 275 1416 ad
306 1360 797 1433 subsequentium
815 1366 1149 1416 sanctorum
1165 1361 1633 1418 communionem
1660 1362 1855 1435 ipsum

202 1448 763 1517 referamus.]Nimis
785 1454 980 1504 autem
1008 1450 1386 1504 temerarium
1418 1450 1652 1505 videtur
1672 1455 1856 1506 utnos

202 1536 406 1610 aliqua
436 1537 655 1594 Canoni
684 1538 753 1593 ad
782 1543 1047 1594 nostrum
1081 1538 1316 1593 libitum
1350 1538 1717 1610 adjiciamus,
1744 1539 1856 1595 nisi

202 1642 331 1699 quae
362 1643 397 1681 a
426 1625 646 1681 sanctis
673 1627 946 1683 Patribus
976 1628 1221 1698 adjecta,
1254 1627 1340 1682 vel
1374 1628 1701 1698 adjicienda
1729 1646 1857 1685 esse

200 1714 627 1787 cognovimus;
678 1716 965 1788 praecipuo
1021 1733 1153 1772 cum
1215 1718 1365 1771 inter
1414 1717 1575 1789 ipsos
1626 1723 1857 1773 sanctos

1965 574 2374 632 repossumus.
2402 560 2594 617 Ethoc
2617 559 2792 616 etiam
2809 559 3132 615 notandum
3166 563 3319 632 quod
3348 579 3605 633 persona:

1963 647 2330 720 praelatorum
2351 652 2407 704 et
2419 650 2549 721 subj
2558 653 2816 704 ectorum
2830 648 2888 704 in
2902 647 3133 704 Canone
3144 649 3604 722 distinguuntur.

1965 736 2070 792 Ubi
2100 738 2255 793 enim
2285 737 2502 792 domini
2534 735 2834 810 apostolici
2866 737 2985 793 sive
3015 737 3271 810 episcopi
3299 740 3482 794 nostri
3512 751 3609 795 no-

1965 841 2098 880 men
2148 826 2529 893 assumimus,
2576 827 2646 882 de
2698 825 2953 899 praelatis
3000 842 3169 898 agere
3214 827 3611 884 videmur.-De

1964 913 2245 985 subjectis
2272 930 2406 970 vero
2435 915 2631 971 statim
2652 914 2709 970 in
2732 914 2997 986 sequenti
3015 914 3609 987 versu,ubidicimusf:

1966 1002 2245 1069 Memento,
2310 1004 2558 1069 Domine,
2617 1003 2957 1075 famulorum
2996 1004 3459 1077 famularumque
3485 1011 3613 1061 tua-

1964 1092 2259 1146 rum.ltem
2292 1091 2612 1148 illud:Hane
2640 1094 2812 1163 igitur
2839 1093 3170 1148 oblationem
3198 1096 3475 1150 servitutis
3488 1104 3613 1152 nos-

1967 1188 2071 1236 trae
2100 1180 2171 1234 de
2203 1180 2459 1252 praelatis
2490 1186 2677 1237 sonat.
2710 1181 2854 1236 Nam
2888 1182 3043 1252 quod
3094 1182 3359 1254 sequitur
3390 1200 3403 1238 :
3439 1184 3540 1241 Sed
3566 1193 3616 1241 et

1967 1278 2174 1323 cunctis
2202 1270 2883 1340 [iunilizeluze,subjectos
2898 1271 3613 1330 videturintimare.ltem:

1970 1358 2118 1415 Unde
2143 1362 2193 1412 et
2222 1374 2503 1426 memores,
2528 1360 2773 1427 Domine,
2805 1376 2903 1413 nos
2931 1362 3077 1414 servi
3103 1363 3206 1427 tui,
3236 1362 3307 1416 de
3340 1362 3613 1434 praelatis,

1967 1450 2024 1501 et
2054 1445 2194 1501 illud
2227 1463 2240 1501 :
2277 1447 2377 1501 Sed
2407 1454 2457 1502 et
2483 1448 2634 1518 plebs
2669 1451 2766 1502 tua
2794 1457 3002 1510 saneta,
3036 1449 3106 1503 de
3139 1450 3418 1519 subjectis
3447 1466 3618 1524 agere
3694 1518 3701 1527 _

1968 1552 2083 1590 non
2116 1534 2440 1590 dubitatur.
3416 1544 3421 1553 ‘

2144 1624 2280 1679 CAP.
2314 1624 2457 1678 XIV.
2492 1655 2558 1665 —
2588 1626 2662 1679 De
2688 1626 2862 1695 signis
2898 1642 3060 1697 super
3086 1627 3439 1683 oblationem.
3512 1634 3518 1640 '

2039 1713 2118 1768 De
2148 1712 2335 1786 signis
2366 1717 2561 1768 autem
2594 1730 2721 1785 quae
2754 1730 2933 1785 super
2961 1713 3312 1771 oblationem
3329 1717 3619 1776 adiversis

200 1799 577 1905 Patres‘nulli
610 1800 828 1874 aliquid
858 1804 1147 1874 adjecisse
1175 1804 1466 1877 legantur,
1499 1806 1611 1861 nisi
1662 1807 1758 1879 qui
1802 1812 1858 1861 et
1890 1840 1937 1905 Β
1967 1801 2190 1856 diverse
2222 1803 2506 1905 ﬁunt,nos
2535 1802 2608 1857 ab
2626 1801 2944 1901 apostolica
2969 1804 3106 1905 sed‘e
3120 1804 3495 1905 potissimum
3510 1807 3619 1861 for-

194 1889 525 1962 apostolica
554 1892 899 1947 auctoritate
921 1894 1147 1965 praediti
1180 1893 1289 1949 hoc
1316 1896 1501 1950 facere
1520 1901 1853 1968 potuerunt.

199 1976 507 2050 Optimum
541 1995 678 2053 ergo
719 1978 948 2035 videtur
978 1986 1040 2036 ut
1092 1982 1152 2035 in
1203 1981 1310 2037 hac
1356 2000 1532 2038 causa
1574 1984 1857 2039 terminos

196 2070 544 2123 nostrorum
575 2072 806 2139 patrum
836 2086 952 2124 non
984 2071 1465 2141 excedamus,nec
1496 2089 1603 2128 nos
1634 2078 1859 2145 aposto-

199 2154 323 2212 licae
354 2156 727 2212 auctoritatis
744 2173 874 2213 reos
906 2158 1254 2225 efﬁciamus,
1289 2158 1360 2231 si,
1389 2162 1543 2232 quod
1579 2161 1683 2217 soli
1719 2179 1855 2234 apo-

196 2242 425 2302 stolicae
460 2245 806 2301 auctoritati
852 2247 1152 2320 competit,
1184 2249 1474 2304 Canonem
1520 2250 1738 2306 nostris
1768 2251 1859 2306 in-

194 2334 413 2407 terposi
428 2332 688 2390 tionibus
719 2340 1097 2408 augmentare
1127 2340 1577 2409 praesumamus.

326 2422 472 2479 CAP.
500 2421 645 2478 XIII.
678 2454 746 2465 -—
778 2424 919 2492 Quid
943 2425 1280 2497 superﬂuum
1311 2428 1383 2482 sit
1413 2430 1473 2482 in
1500 2427 1732 2484 Conone.

276 2513 660 2584 Interponere
680 2513 834 2569 enim
852 2512 1037 2569 solent
1054 2514 1293 2586 quidam
1317 2515 1398 2570 ibi
1415 2533 1554 2572 suas
1570 2516 1861 2574 orationes

208 2599 309 2656 ubi
340 2600 556 2656 dicitur
583 2618 597 2656 :
628 2601 910 2673 Memento,
944 2604 1190 2672 Domine,
1222 2604 1581 2676 famulorum,
1613 2608 1859 2676 famulu-

209 2702 461 2760 rumque,
493 2693 553 2745 et
579 2693 715 2745 ante
762 2692 1376 2749 commemorationem
1426 2694 1857 2750 defunctorum.

144 2800 154 2807 ·
208 2774 360 2833 Item
393 2780 527 2850 post
543 2794 755 2834 nomen
771 2778 992 2835 domini
1015 2798 1173 2854 papae
1196 2782 1317 2838 sive
1346 2782 1563 2855 proprii
1580 2784 1858 2857 episcopi,

206 2865 499 2937 adjiciunt
530 2882 543 2921 :
577 2867 644 2922 Et
669 2869 918 2923 omnibus
946 2870 1261 2926 orthodoxis
1309 2875 1469 2942 atque
1496 2873 1782 2931 catholica
1810 2879 1862 2930 et

206 2954 522 3025 apostolica
552 2952 682 3023 ﬁdei
707 2955 1032 3022 cultoribus,
1067 2958 1166 3013 sed
1198 2960 1513 3031 superfluo.
1539 2960 1685 3017 Nam
1710 2963 1861 3018 Ordo

206 3041 412 3097 statim
460 3037 518 3096 in
569 3044 835 3114 sequenti
888 3060 1080 3111 versu,
1136 3046 1234 3101 ubi
1278 3048 1539 3104 dicitur:
1583 3051 1857 3119 Memento,

208 3129 458 3197 Domine,
501 3129 842 3201 famulorum
870 3134 1334 3206 famularumque,
1360 3137 1546 3213 nobis
1596 3140 1861 3195 concedit

1968 1906 2125 1946 mam
2174 1907 2404 1946 sumere
2456 1891 2838 1959 decrevimus,
2871 1891 3026 1947 unde
3060 1892 3243 1948 totius
3274 1893 3615 1951 Christiana:

1968 1978 2270 2050 religionis
2302 1978 2565 2035 ordinem
2600 1984 2656 2034 et
2685 1979 2969 2051 originem
3001 1981 3623 2053 suscepimus.Namet

1968 2066 2052 2123 illi
2084 2067 2211 2123 sedi
2243 2073 2442 2124 nostro
2474 2073 2735 2140 tempore
2758 2068 2929 2125 talem
2967 2069 3119 2124 Deus
3145 2071 3619 2143 gubernatorem,

1969 2157 2316 2223 reverendae,
2353 2157 2917 2229 inquam,memoriae
2949 2157 3293 2229 Gregorium
3311 2159 3388 2231 (4)
3407 2164 3618 2231 papam

1969 2244 2377 2316 imposuit,qui
2402 2246 2511 2300 sub
2536 2245 2732 2301 decem
2748 2245 2870 2300 suis
2898 2246 3429 2317 antecessoribus,a
3441 2264 3621 2320 puero

1971 2334 2164 2389 Romae
2196 2334 2454 2388 nutritus
2485 2338 2542 2388 et
2571 2332 2857 2399 eruditus,
2885 2350 3090 2388 omnes
3120 2333 3473 2405 apostolicus
3500 2340 3622 2391 tra-

1970 2421 2222 2477 ditiones
2251 2421 2701 2494 diligentissime
2732 2422 3120 2495 investigavit,
3156 2427 3213 2478 et
3242 2423 3622 2496 investigatas

1971 2509 2407 2566 studiosissime
2452 2509 2512 2564 in
2545 2514 2740 2566 actum
2776 2510 2986 2566 referre
3013 2511 3254 2566 curavit.
3290 2512 3456 2567 Hunc
3478 2529 3622 2591 ergo

1971 2598 2267 2653 doctorem
2300 2597 2581 2671 religione
2624 2602 2683 2654 et
2711 2598 3057 2654 auctoritate
3087 2599 3468 2671 praecipuum,
3505 2602 3622 2657 i‘mo

1970 2685 2350 2759 apostolicam
2382 2686 2753 2743 traditionem
2774 2704 2878 2760 per
2908 2687 3102 2758 ipsum
3134 2687 3191 2742 in
3210 2690 3623 2746 consecrandis

1971 2775 2264 2849 mysteriis
2294 2775 2666 2848 potissimum
2697 2776 2913 2831 imitari
2945 2775 3623 2835 decrevimus.Sicutnos

1970 2864 2085 2937 ipsi
2116 2881 2214 2937 per
2245 2864 2440 2937 ipsum
2489 2870 2545 2920 et
2590 2881 2695 2938 per
2737 2865 3080 2938 episcopum
3112 2866 3210 2936 qui
3242 2881 3378 2922 sum
3410 2866 3623 2923 imitati

1971 2953 2784 3027 sunt,accepimus,imparem
2819 2970 3131 3010 numerum
3162 2955 3476 3027 semper-in
3495 2955 3621 3012 dis-

1970 3041 2312 3114 pensatione
2344 3042 2648 3114 signorum
2662 3059 2728 3098 su
2738 3059 2840 3114 per
2850 3041 3203 3098 oblationem
3217 3042 3620 3115 observamus,

1970 3128 2236 3185 videlicet
2281 3147 2458 3184 unam
2492 3147 2746 3198 crucem,
2779 3130 2865 3186 vel
2908 3136 3049 3198 tres,
3088 3130 3177 3186 vel
3229 3131 3491 3202 quinque
3519 3133 3622 3189 ‘fa-

208 3221 276 3273 ut
303 3216 571 3274 omnium
601 3217 864 3275 vivorum
898 3210 1444 3291 commemoramus,
1478 3242 1859 3299 quoscunque
1891 3206 1933 3272 C
1973 3217 2263 3286 ciendo,et
2289 3218 2398 3273 hoc
2430 3219 2632 3289 utique
2659 3235 2773 3274 non
2804 3218 2930 3273 sine
2960 3218 3100 3274 certi
3129 3235 3307 3274 causa
3334 3220 3619 3292 mysterii.

208 3304 595 3363 voluerimus;
624 3306 769 3363 Item
818 3313 948 3381 post
998 3326 1185 3382 pauca
1227 3312 1453 3367 addunt
1485 3329 1497 3369 :
1531 3319 1639 3369 Pro
1670 3317 1865 3387 quibus

210 3395 314 3450 tibi
341 3394 643 3468 offerimus,
668 3411 803 3451 cum
836 3396 895 3451 in
926 3399 1358 3469 antiquioribus
1387 3404 1443 3456 et
1470 3403 1864 3460 veracioribus

212 3482 716 3552 Sacramentariis,
751 3502 865 3540 non
911 3484 1023 3541 nisi
1058 3488 1167 3542 sub
1214 3489 1387 3544 tertia
1435 3506 1685 3562 persona
1727 3492 1862 3549 offe-

212 3575 405 3627 rentes
434 3569 518 3627 ibi
560 3571 807 3645 [scripti]
858 3574 1245 3645 reperiantur.
1283 3577 1425 3632 Item
1456 3577 1580 3633 ibi:
1623 3580 1771 3636 Unde
1814 3590 1865 3637 et

210 3672 496 3728 memores,
518 3661 764 3727 Domine,
800 3677 895 3718 nos
926 3664 1014 3718 tui
1040 3667 1204 3732 servi,
1237 3666 1607 3722 Nativitatem
1637 3668 1859 3724 Domini

210 3752 690 3817 commemorant,
724 3765 858 3805 cum
883 3750 1055 3821 juxta
1085 3751 1427 3824 Apostolum
1480 3755 1538 3808 in
1568 3755 1861 3825 ejusmodi

211 3836 495 3892 sacriﬁcio
526 3853 642 3893 non
663 3837 1037 3895 Nativitatem
1065 3840 1435 3909 Domini,sed
1465 3847 1715 3900 mortem
1734 3845 1862 3915 ejus

209 3924 562 3980 annuntiare
588 3925 1109 3983 debeamus.Unde
1135 3933 1191 3984 et
1222 3936 1463 3986 sanctus
1492 3932 1859 4001 Ambrosius,

207 4009 267 4066 in
294 4010 466 4068 libris
497 4011 1039 4071 Sacramentorum:
1074 4040 1101 4066 ‹‹
1135 4018 1627 4092 Quotiescunque,
1646 4022 1857 4094 inquit,

209 4098 453 4156 offertur
478 4099 856 4169 sacriﬁcium,
894 4120 1052 4159 mors
1081 4105 1338 4178 Domini,
1372 4110 1721 4166 resurrectio
1752 4115 1859 4167 Do-

210 4186 651 4256 mini,ascensio
668 4188 900 4245 Domini
916 4191 1338 4263 significatur.»
1362 4198 1524 4262 Quod
1550 4203 1606 4254 et
1621 4204 1860 4256 sanctus

204 4268 576 4348 Augustinus
607 4293 715 4332 sua
749 4279 1118 4334 attestatione
1149 4282 1472 4340 conﬁrmat.
1494 4285 1861 4360 Quapropter

207 4367 264 4420 et
293 4381 401 4421 nos
432 4361 515 4420 ibi
543 4367 773 4421 tantum
802 4367 1859 4439 passionis,resurrectionisetascen-

210 4450 394 4509 sionis
424 4453 785 4526 passionem,
818 4457 1301 4513 resurrectionem
1333 4464 1390 4514 et
1434 4463 1857 4537 ascensionem]

210 4544 898 4599 commemoramusHac
925 4560 1062 4616 ergo
1076 4545 1272 4601 omnia
1293 4562 1419 4618 quae
1444 4566 1548 4605 nos
1578 4551 1859 4622 adjectiva
1890 4568 1937 4633 Ι)

210 4629 559 4701 notavimus,
593 4631 690 4688 ille
721 4631 923 4705 procul
945 4632 1123 4689 dubio
1155 4635 1451 4708 superﬂua
1483 4641 1540 4693 et
1568 4640 1860 4698 eradenda

202 4713 513 4789 judicabit,
547 4721 883 4795 quicunque
924 4722 1285 4796 antiquiores
1328 4731 1385 4780 et
1432 4728 1855 4785 emendatiores

211 4802 708 4865 Sacramentarios
739 4810 1050 4883 diligenter
1073 4812 1410 4885 inspexerit.
1434 4815 1749 4872 Sciendum
1769 4822 1858 4874 est

212 4895 403 4951 autem
430 4898 592 4970 quod
635 4897 898 4955 Romana
940 4900 1259 4957 auctd’ritas
1311 4903 1552 4959 nomina
1598 4905 1860 4963 vivorum

212 4978 471 5040 ﬁdelium
503 4985 969 5045 internumerare
998 4989 1302 5061 permittit,
1328 4992 1427 5047 ubi
1462 4992 1676 5048 dicitur
1709 5012 1722 5050 :
1752 4995 1862 5051 Me-

210 5074 408 5139 mmio,
430 5074 680 5145 Domine,
710 5078 1049 5147 famulorum
1072 5081 1558 5153 famularumque;
1590 5081 1863 5139 similiter

215 5158 271 5211 et
298 5156 729 5232 defunctorum,
764 5165 864 5222 ubi
896 5167 1108 5222 iterum
1137 5168 1352 5223 dicitur
1375 5186 1388 5225 :
1412 5168 1675 5227 Memento
1697 5170 1864 5228 etiam

213 5248 270 5299 et
294 5261 494 5306 eorum
526 5252 784 5308 nomina.
799 5254 1062 5309 Aliorum
1093 5268 1226 5311 vero
1255 5261 1590 5314 sanctorum
1616 5260 1856 5316 nomina

212 5344 597 5399 annumerare
627 5355 742 5395 non
774 5334 1200 5407 debemusmisi
1235 5354 1381 5414 quos
1413 5345 1469 5399 in
1500 5345 1734 5402 Canone
1763 5346 1852 5401 in-

211 5421 474 5481 venimus
500 5426 827 5499 antiquitus
857 5428 1203 5502 descriptos,
1237 5437 1474 5505 excepto
1500 5438 1658 5507 post,
1691 5437 1858 5492 Pater

208 5512 470 5580 noster,in
502 5513 601 5571 illa
629 5516 890 5574 oratione
918 5517 1018 5574 ubi
1041 5519 1207 5590 juxta
1238 5521 1502 5578 ordinem
1534 5528 1856 5595 quantum-

223 5609 227 5612 '
277 5596 353 5670 (4)
383 5598 727 5675 Gregorium
754 5604 876 5663 VII.

1973 3306 2117 3361 Nam
2152 3306 2208 3360 in
2244 3324 2361 3361 una
2389 3310 2447 3361 et
2476 3307 2690 3375 tribus,
2720 3324 2902 3361 unum
2936 3311 2992 3361 et
3020 3306 3241 3362 trinum
3271 3311 3456 3362 Deum
3490 3308 3623 3373 inti-

1976 3394 2299 3449 mumus.ln
2330 3394 2592 3466 quinque
2605 3398 2800 3449 autem
2820 3394 3365 3467 quinquepartitam
3389 3396 3621 3451 Domini

1974 3481 2307 3554 passionem
2340 3482 2975 3555 signiﬁcamus.Merito
3004 3484 3405 3555 autemimpar
3424 3500 3625 3540 nume-

1975 3587 2075 3625 rus
2104 3569 2163 3625 in
2196 3569 2606 3626 ccclesiasticis
2636 3571 2846 3627 ofﬁciis
2872 3571 3441 3644 frequentatur,quia
3471 3586 3623 3628 unn-

1973 3676 2151 3730 quam
2185 3658 2244 3713 in
2276 3660 2394 3713 duo
2423 3658 2670 3730 aequalia
2700 3660 2923 3714 unitate
2954 3659 3306 3731 impediente
3324 3660 3623 3733 dividitur,

1973 3748 2125 3803 sicut
2154 3747 2349 3803 unitas
2375 3752 2585 3803 sanctas
2615 3746 2884 3803 Ecclesiae
2917 3747 3252 3804 nullatenus
3268 3766 3398 3805 eam
3429 3749 3623 3806 in-duo

1972 3836 2156 3892 secari
2196 3835 2435 3908 patitur.
2481 3838 2542 3891 In
2583 3836 2791 3909 primis
2839 3837 2938 3891 ubi
2987 3836 3247 3893 dicitur:
3297 3839 3424 3896 Ilaec
3455 3838 3620 3908 dono,

1975 3925 2093 3979 haec
2144 3940 2399 3992 munera,
2460 3925 2575 3980 haec
2627 3933 2816 3981 sancta
2868 3926 3158 3997 sacriﬁcia,
3221 3931 3341 3983 tres
3391 3932 3623 3984 tantum

1971 4030 2172 4069 cruces
2203 4030 2381 4085 super
2410 4031 2621 4086 panem
2653 4015 2925 4070 etvinum
2941 4016 3331 4072 communiter
3352 4016 3621 4088 facimus,

1970 4118 2076 4157 nec
2108 4118 2370 4174 unquam
2402 4119 2660 4176 panema
2688 4103 2868 4159 calice
2882 4120 3227 4176 separamus
3242 4104 3304 4160 in
3317 4106 3623 4180 consigna-

1968 4190 2146 4257 tione,
2180 4191 2294 4247 nisi
2324 4190 2425 4247 ubi
2475 4192 2790 4265 separatim
2841 4194 3221 4249 nominantur
3265 4194 3324 4249 in
3368 4195 3620 4250 Canens.

1971 4280 2055 4335 Ita
2077 4284 2273 4335 autem
2306 4280 2404 4336 illa
2434 4281 2829 4336 communiter
2857 4282 3262 4355 signamus,ut
3283 4286 3623 4355 erectapars

1969 4368 2179 4436 crucis,
2209 4373 2451 4424 tantum
2472 4386 2649 4441 super
2678 4386 2911 4442 panem,
2947 4373 3280 4425 transversa
3309 4375 3502 4425 autem
3530 4389 3626 4427 su-

1968 4473 2071 4529 per
2102 4456 2339 4512 calicem
2381 4458 2782 4530 protendatur.
2816 4458 2960 4513 Nam
3010 4462 3201 4513 erecta
3249 4474 3383 4529 pars
3429 4459 3622 4516 crucis

1970 4561 2181 4617 corpus
2213 4545 2579 4601 Dominicum
2608 4547 2924 4615 sustinuit;
2954 4550 3288 4601 transversa
3319 4552 3516 4603 autem
3534 4548 3619 4621 ip-

1969 4633 2094 4690 sius
2108 4634 2346 4690 brachia
2363 4634 2837 4691 distendit.Unde
2853 4639 2912 4691 et
2922 4634 3082 4691 Calix
3095 4651 3347 4707 congrue
3360 4636 3469 4692 sub
3486 4637 3621 4693 bra-

1967 4720 2097 4777 chio
2130 4723 2258 4794 ejus
2289 4723 2624 4793 collocatur,
2658 4724 2829 4795 quasi
2860 4725 2932 4779 de
2963 4723 3140 4779 latere
3173 4720 3469 4781 Dominico
3485 4741 3620 4782 san-

1972 4811 2208 4883 guinem
2240 4811 2469 4868 Domini
2521 4818 2926 4886 suscepturus.
2963 4813 3107 4869 Cum
3139 4813 3393 4871 dicimus
3426 4833 3438 4870 :
3472 4818 3623 4872 Hanc

1971 4900 2145 4969 igitur
2180 4902 2530 4969 oblationem,
2562 4919 2753 4975 usque
2784 4903 2856 4958 ad
2905 4902 3088 4958 altare
3139 4902 3517 4974 inclinamur,
3549 4907 3622 4963 ad

1969 4989 2264 5061 exemplar
2293 4989 2638 5063 Christi,qui
2669 5009 2731 5048 se
2761 4991 3092 5048 humiliavit
3113 5010 3216 5066 pro
3247 4994 3416 5050 nobis
3432 5011 3622 5068 usque

1970 5078 2041 5133 ad
2066 5083 2315 5136 mortem
2349 5080 2560 5136 crucis.
2584 5080 2774 5137 Erecti
2804 5087 3002 5137 autem
3026 5099 3162 5137 cum
3192 5083 3447 5139 dicimus
3473 5100 3486 5139 :
3519 5087 3619 5140 Be-

1968 5166 2256 5235 nedictum,
2289 5170 2935 5240 ascriptam,ratam,tres
2965 5187 3166 5227 cruces
3197 5187 3375 5244 super
3398 5176 3623 5228 utrum-

1968 5272 2081 5327 que
2112 5257 2288 5311 simul
2324 5257 2591 5312 facimus.
2624 5258 2750 5313 Non
2800 5259 2956 5313 enim
3007 5258 3101 5314 hic
3140 5259 3265 5315 sola
3295 5259 3489 5315 oblata
3541 5259 3619 5315 si-

1967 5346 2202 5418 gnanda
2259 5350 2367 5414 est,
2424 5352 2489 5401 ut
2546 5347 2791 5418 quidam
2850 5347 3092 5414 iaciunt,
3142 5347 3244 5403 sed
3305 5349 3620 5419 utrumque

1966 5433 2232 5506 signatur
2262 5434 2321 5489 in
2352 5433 2667 5491 oblatione.
2717 5435 2864 5491 Nam
2913 5436 3201 5507 sequitur.
3234 5439 3295 5490 ut
3338 5436 3494 5491 nobis
3522 5435 3619 5505 ﬁat

1964 5537 2160 5595 corpus
2203 5530 2253 5579 et
2280 5524 2529 5592 sanguis,
2565 5523 2938 5592 subauditur,
2970 5523 3092 5578 haec
3124 5521 3358 5580 oblatio.
3390 5522 3460 5580 Et
3505 5524 3614 5579 hoc
