  <div class='ocr_page' id='page_1' title='image "/cluster/home/n/w/nwhite01/storage/ocr_20150623/151/uva.x000829795/533.png"; bbox 0 0 3920 6208; ppageno 0'>
   <div class='ocr_carea' id='block_1_1' title="bbox 277 351 396 417">
    <p class='ocr_par' dir='ltr' id='par_1_1' title="bbox 277 351 396 417">
     <span class='ocr_line' id='line_1_1' title="bbox 277 351 396 417; baseline 0 0"><span class='ocrx_word' id='word_1_1' title='bbox 277 351 396 417; x_wconf 75' lang='lat'>987</span> 
     </span>
    </p>
   </div>
   <div class='ocr_carea' id='block_1_2' title="bbox 1648 329 2324 401">
    <p class='ocr_par' dir='ltr' id='par_1_2' title="bbox 1648 329 2324 401">
     <span class='ocr_line' id='line_1_2' title="bbox 1648 329 2324 401; baseline -0.009 0"><span class='ocrx_word' id='word_1_2' title='bbox 1648 329 1962 401; x_wconf 84' lang='lat' dir='ltr'><strong>MONUM.</strong></span> <span class='ocrx_word' id='word_1_3' title='bbox 2007 329 2324 396; x_wconf 79' lang='lat' dir='ltr'>LITURG.</span> 
     </span>
    </p>
   </div>
   <div class='ocr_carea' id='block_1_3' title="bbox 277 458 3704 560">
    <p class='ocr_par' dir='ltr' id='par_1_3' title="bbox 277 458 3704 560">
     <span class='ocr_line' id='line_1_3' title="bbox 277 458 3704 560; baseline -0.01 -11"><span class='ocrx_word' id='word_1_4' title='bbox 277 507 413 549; x_wconf 91' lang='lat' dir='ltr'>cum</span> <span class='ocrx_word' id='word_1_5' title='bbox 444 484 677 554; x_wconf 89' lang='lat' dir='ltr'>dicitur,</span> <span class='ocrx_word' id='word_1_6' title='bbox 711 487 923 560; x_wconf 86' lang='lat' dir='ltr'>quarta</span> <span class='ocrx_word' id='word_1_7' title='bbox 947 499 1088 542; x_wconf 87' lang='lat' dir='ltr'>crux</span> <span class='ocrx_word' id='word_1_8' title='bbox 1125 497 1303 556; x_wconf 80' lang='lat' dir='ltr'>super</span> <span class='ocrx_word' id='word_1_9' title='bbox 1348 494 1582 554; x_wconf 88' lang='lat' dir='ltr'>panem,</span> <span class='ocrx_word' id='word_1_10' title='bbox 1613 479 1671 533; x_wconf 92' lang='lat' dir='ltr'>et</span> <span class='ocrx_word' id='word_1_11' title='bbox 1719 475 1926 548; x_wconf 88' lang='lat' dir='ltr'>quinta</span> <span class='ocrx_word' id='word_1_12' title='bbox 1952 467 2008 534; x_wconf 79' lang='grc' dir='ltr'>Α</span> <span class='ocrx_word' id='word_1_13' title='bbox 2035 468 2096 560; x_wconf 85' lang='lat' dir='ltr'>in</span> <span class='ocrx_word' id='word_1_14' title='bbox 2125 467 2343 560; x_wconf 78' lang='lat' dir='ltr'>Christi</span> <span class='ocrx_word' id='word_1_15' title='bbox 2369 471 2555 525; x_wconf 87' lang='lat' dir='ltr'>morte</span> <span class='ocrx_word' id='word_1_16' title='bbox 2583 465 2870 540; x_wconf 80' lang='lat' dir='ltr'>redempti</span> <span class='ocrx_word' id='word_1_17' title='bbox 2899 467 3058 532; x_wconf 88' lang='lat' dir='ltr'>sunt,</span> <span class='ocrx_word' id='word_1_18' title='bbox 3090 467 3148 522; x_wconf 92' lang='lat' dir='ltr'>et</span> <span class='ocrx_word' id='word_1_19' title='bbox 3178 461 3240 521; x_wconf 91' lang='lat' dir='ltr'>in</span> <span class='ocrx_word' id='word_1_20' title='bbox 3270 459 3503 520; x_wconf 89' lang='lat' dir='ltr'>Christo</span> <span class='ocrx_word' id='word_1_21' title='bbox 3534 458 3704 516; x_wconf 87' lang='lat' dir='ltr'>hanc</span> 
     </span>
    </p>
   </div>
   <div class='ocr_carea' id='block_1_4' title="bbox 278 566 1924 654">
    <p class='ocr_par' dir='ltr' id='par_1_4' title="bbox 278 566 1924 654">
     <span class='ocr_line' id='line_1_4' title="bbox 278 566 1924 654; baseline -0.013 -15"><span class='ocrx_word' id='word_1_22' title='bbox 278 597 454 654; x_wconf 89' lang='lat' dir='ltr'>super</span> <span class='ocrx_word' id='word_1_23' title='bbox 483 577 724 635; x_wconf 86' lang='lat' dir='ltr'>calicem</span> <span class='ocrx_word' id='word_1_24' title='bbox 757 574 1073 648; x_wconf 81' lang='lat' dir='ltr'>separatim</span> <span class='ocrx_word' id='word_1_25' title='bbox 1103 569 1716 644; x_wconf 87' lang='lat' dir='ltr'>imponitur.Congrue</span> <span class='ocrx_word' id='word_1_26' title='bbox 1729 566 1924 620; x_wconf 88' lang='lat' dir='ltr'>autem</span> 
     </span>
    </p>
   </div>
   <div class='ocr_carea' id='block_1_5' title="bbox 279 653 1928 746">
    <p class='ocr_par' dir='ltr' id='par_1_5' title="bbox 279 653 1928 746">
     <span class='ocr_line' id='line_1_5' title="bbox 279 653 1928 746; baseline -0.013 -18"><span class='ocrx_word' id='word_1_27' title='bbox 279 653 444 746; x_wconf 91' lang='lat' dir='ltr'>prius</span> <span class='ocrx_word' id='word_1_28' title='bbox 475 673 594 725; x_wconf 90' lang='lat' dir='ltr'>tres</span> <span class='ocrx_word' id='word_1_29' title='bbox 625 669 855 722; x_wconf 88' lang='lat' dir='ltr'>tantum</span> <span class='ocrx_word' id='word_1_30' title='bbox 899 679 1100 719; x_wconf 82' lang='lat' dir='ltr'>cruces</span> <span class='ocrx_word' id='word_1_31' title='bbox 1125 675 1302 732; x_wconf 82' lang='lat' dir='ltr'>super</span> <span class='ocrx_word' id='word_1_32' title='bbox 1330 661 1645 728; x_wconf 88' lang='lat' dir='ltr'>utrumque</span> <span class='ocrx_word' id='word_1_33' title='bbox 1683 653 1928 709; x_wconf 81' lang='lat' dir='ltr'>fecimus</span> 
     </span>
    </p>
   </div>
   <div class='ocr_carea' id='block_1_6' title="bbox 282 741 1929 828">
    <p class='ocr_par' dir='ltr' id='par_1_6' title="bbox 282 741 1929 828">
     <span class='ocr_line' id='line_1_6' title="bbox 282 741 1929 828; baseline -0.014 -12"><span class='ocrx_word' id='word_1_34' title='bbox 282 741 590 828; x_wconf 64' lang='lat' dir='ltr'>lfacimus],</span> <span class='ocrx_word' id='word_1_35' title='bbox 625 754 762 810; x_wconf 88' lang='lat' dir='ltr'>licet</span> <span class='ocrx_word' id='word_1_36' title='bbox 800 752 1059 826; x_wconf 90' lang='lat' dir='ltr'>quinque</span> <span class='ocrx_word' id='word_1_37' title='bbox 1109 765 1276 804; x_wconf 88' lang='lat' dir='ltr'>voces</span> <span class='ocrx_word' id='word_1_38' title='bbox 1327 747 1397 801; x_wconf 91' lang='lat' dir='ltr'>ad</span> <span class='ocrx_word' id='word_1_39' title='bbox 1446 745 1616 818; x_wconf 88' lang='lat' dir='ltr'>signa</span> <span class='ocrx_word' id='word_1_40' title='bbox 1663 741 1929 797; x_wconf 85' lang='lat' dir='ltr'>facienda</span> 
     </span>
    </p>
   </div>
   <div class='ocr_carea' id='block_1_7' title="bbox 277 831 1926 921">
    <p class='ocr_par' dir='ltr' id='par_1_7' title="bbox 277 831 1926 921">
     <span class='ocr_line' id='line_1_7' title="bbox 277 831 1926 921; baseline -0.012 -16"><span class='ocrx_word' id='word_1_41' title='bbox 277 844 720 921; x_wconf 83' lang='lat' dir='ltr'>aequipollentes</span> <span class='ocrx_word' id='word_1_42' title='bbox 745 843 1116 898; x_wconf 83' lang='lat' dir='ltr'>haberemus.</span> <span class='ocrx_word' id='word_1_43' title='bbox 1147 837 1204 892; x_wconf 92' lang='lat' dir='ltr'>id</span> <span class='ocrx_word' id='word_1_44' title='bbox 1233 840 1342 900; x_wconf 92' lang='lat' dir='ltr'>est,</span> <span class='ocrx_word' id='word_1_45' title='bbox 1372 833 1720 889; x_wconf 75' lang='lat' dir='ltr'>Benedictum</span> <span class='ocrx_word' id='word_1_46' title='bbox 1748 831 1926 886; x_wconf 87' lang='lat' dir='ltr'>ascri-</span> 
     </span>
    </p>
   </div>
   <div class='ocr_carea' id='block_1_8' title="bbox 275 919 1930 1011">
    <p class='ocr_par' dir='ltr' id='par_1_8' title="bbox 275 919 1930 1011">
     <span class='ocr_line' id='line_1_8' title="bbox 275 919 1930 1011; baseline -0.013 -17"><span class='ocrx_word' id='word_1_47' title='bbox 275 919 450 1011; x_wconf 71' lang='lat' dir='ltr'>ptarr,</span> <span class='ocrx_word' id='word_1_48' title='bbox 481 938 682 1000; x_wconf 83' lang='lat' dir='ltr'>ratam,</span> <span class='ocrx_word' id='word_1_49' title='bbox 718 928 1123 992; x_wconf 78' lang='lat' dir='ltr'>rationabilem,</span> <span class='ocrx_word' id='word_1_50' title='bbox 1151 925 1552 996; x_wconf 86' lang='lat' dir='ltr'>acceptabilem,</span> <span class='ocrx_word' id='word_1_51' title='bbox 1576 919 1845 975; x_wconf 81' lang='lat' dir='ltr'>videlicet</span> <span class='ocrx_word' id='word_1_52' title='bbox 1865 921 1930 972; x_wconf 91' lang='lat' dir='ltr'>ut</span> 
     </span>
    </p>
   </div>
   <div class='ocr_carea' id='block_1_9' title="bbox 280 1007 1924 1100">
    <p class='ocr_par' dir='ltr' id='par_1_9' title="bbox 280 1007 1924 1100">
     <span class='ocr_line' id='line_1_9' title="bbox 280 1007 1924 1100; baseline -0.013 -17"><span class='ocrx_word' id='word_1_53' title='bbox 280 1007 619 1100; x_wconf 87' lang='lat' dir='ltr'>quinarium</span> <span class='ocrx_word' id='word_1_54' title='bbox 650 1034 962 1077; x_wconf 80' lang='lat' dir='ltr'>numerum</span> <span class='ocrx_word' id='word_1_55' title='bbox 998 1032 1112 1072; x_wconf 90' lang='lat' dir='ltr'>non</span> <span class='ocrx_word' id='word_1_56' title='bbox 1146 1013 1641 1075; x_wconf 87' lang='lat' dir='ltr'>excederemus,et</span> <span class='ocrx_word' id='word_1_57' title='bbox 1661 1007 1924 1080; x_wconf 82' lang='lat' dir='ltr'>quintam</span> 
     </span>
    </p>
   </div>
   <div class='ocr_carea' id='block_1_10' title="bbox 279 1095 1928 1183">
    <p class='ocr_par' dir='ltr' id='par_1_10' title="bbox 279 1095 1928 1183">
     <span class='ocr_line' id='line_1_10' title="bbox 279 1095 1928 1183; baseline -0.014 -10"><span class='ocrx_word' id='word_1_58' title='bbox 279 1095 513 1172; x_wconf 80' lang='lat' dir='ltr'>crucem</span> <span class='ocrx_word' id='word_1_59' title='bbox 542 1127 718 1183; x_wconf 85' lang='lat' dir='ltr'>super</span> <span class='ocrx_word' id='word_1_60' title='bbox 747 1107 987 1164; x_wconf 88' lang='lat' dir='ltr'>calicem</span> <span class='ocrx_word' id='word_1_61' title='bbox 1019 1102 1187 1176; x_wconf 88' lang='lat' dir='ltr'>quasi</span> <span class='ocrx_word' id='word_1_62' title='bbox 1236 1101 1426 1174; x_wconf 90' lang='lat' dir='ltr'>quinti</span> <span class='ocrx_word' id='word_1_63' title='bbox 1473 1097 1728 1155; x_wconf 81' lang='lat' dir='ltr'>vulneris</span> <span class='ocrx_word' id='word_1_64' title='bbox 1771 1095 1928 1152; x_wconf 89' lang='lat' dir='ltr'>indi-</span> 
     </span>
    </p>
   </div>
   <div class='ocr_carea' id='block_1_11' title="bbox 278 1188 1924 1270">
    <p class='ocr_par' dir='ltr' id='par_1_11' title="bbox 278 1188 1924 1270">
     <span class='ocr_line' id='line_1_11' title="bbox 278 1188 1924 1270; baseline -0.013 -9"><span class='ocrx_word' id='word_1_65' title='bbox 278 1201 587 1270; x_wconf 90' lang='lat' dir='ltr'>cem,unde</span> <span class='ocrx_word' id='word_1_66' title='bbox 615 1195 858 1270; x_wconf 84' lang='lat' dir='ltr'>sanguis</span> <span class='ocrx_word' id='word_1_67' title='bbox 875 1191 1568 1267; x_wconf 83' lang='lat' dir='ltr'>proﬂuxit,competenter</span> <span class='ocrx_word' id='word_1_68' title='bbox 1581 1188 1924 1243; x_wconf 89' lang='lat' dir='ltr'>faceremus.</span> 
     </span>
    </p>
   </div>
   <div class='ocr_carea' id='block_1_12' title="bbox 357 1295 1843 1372">
    <p class='ocr_par' dir='ltr' id='par_1_12' title="bbox 357 1295 1843 1372">
     <span class='ocr_line' id='line_1_12' title="bbox 357 1295 1843 1372; baseline -0.013 -7"><span class='ocrx_word' id='word_1_69' title='bbox 357 1309 492 1364; x_wconf 77' lang='grc' dir='ltr'>ΟΑΡ.</span> <span class='ocrx_word' id='word_1_70' title='bbox 524 1305 639 1362; x_wconf 87' lang='lat' dir='ltr'>XV.</span> <span class='ocrx_word' id='word_1_71' title='bbox 673 1337 741 1344; x_wconf 90' lang='lat'>—-</span> <span class='ocrx_word' id='word_1_72' title='bbox 776 1307 850 1358; x_wconf 90' lang='lat' dir='ltr'>De</span> <span class='ocrx_word' id='word_1_73' title='bbox 880 1301 1187 1372; x_wconf 81' lang='lat' dir='ltr'>acceptione</span> <span class='ocrx_word' id='word_1_74' title='bbox 1215 1297 1512 1352; x_wconf 79' lang='lat' dir='ltr'>oblationis</span> <span class='ocrx_word' id='word_1_75' title='bbox 1541 1295 1602 1350; x_wconf 87' lang='lat' dir='ltr'>in</span> <span class='ocrx_word' id='word_1_76' title='bbox 1629 1308 1843 1348; x_wconf 85' lang='lat' dir='ltr'>manus.</span> 
     </span>
    </p>
   </div>
   <div class='ocr_carea' id='block_1_13' title="bbox 347 1403 1928 1484">
    <p class='ocr_par' dir='ltr' id='par_1_13' title="bbox 347 1403 1928 1484">
     <span class='ocr_line' id='line_1_13' title="bbox 347 1403 1928 1484; baseline -0.013 -13"><span class='ocrx_word' id='word_1_77' title='bbox 347 1413 569 1470; x_wconf 85' lang='lat' dir='ltr'>Deinde</span> <span class='ocrx_word' id='word_1_78' title='bbox 597 1410 768 1484; x_wconf 90' lang='lat' dir='ltr'>panis</span> <span class='ocrx_word' id='word_1_79' title='bbox 797 1409 857 1464; x_wconf 92' lang='lat' dir='ltr'>in</span> <span class='ocrx_word' id='word_1_80' title='bbox 885 1424 1096 1463; x_wconf 90' lang='lat' dir='ltr'>manus</span> <span class='ocrx_word' id='word_1_81' title='bbox 1113 1403 1479 1475; x_wconf 89' lang='lat' dir='ltr'>accipitur,et</span> <span class='ocrx_word' id='word_1_82' title='bbox 1509 1403 1822 1470; x_wconf 90' lang='lat' dir='ltr'>antequam</span> <span class='ocrx_word' id='word_1_83' title='bbox 1846 1413 1928 1452; x_wconf 90' lang='lat' dir='ltr'>re-</span> 
     </span>
    </p>
   </div>
   <div class='ocr_carea' id='block_1_14' title="bbox 277 1485 1928 1578">
    <p class='ocr_par' dir='ltr' id='par_1_14' title="bbox 277 1485 1928 1578">
     <span class='ocr_line' id='line_1_14' title="bbox 277 1485 1928 1578; baseline -0.013 -17"><span class='ocrx_word' id='word_1_84' title='bbox 277 1507 533 1578; x_wconf 82' lang='lat' dir='ltr'>ponatur</span> <span class='ocrx_word' id='word_1_85' title='bbox 561 1501 622 1556; x_wconf 92' lang='lat' dir='ltr'>in</span> <span class='ocrx_word' id='word_1_86' title='bbox 653 1492 1394 1566; x_wconf 88' lang='lat' dir='ltr'>altare,benedicitur.ltem</span> <span class='ocrx_word' id='word_1_87' title='bbox 1417 1494 1475 1545; x_wconf 92' lang='lat' dir='ltr'>et</span> <span class='ocrx_word' id='word_1_88' title='bbox 1503 1487 1650 1544; x_wconf 84' lang='lat' dir='ltr'>calix</span> <span class='ocrx_word' id='word_1_89' title='bbox 1672 1485 1928 1542; x_wconf 85' lang='lat' dir='ltr'>elevatus</span> 
     </span>
    </p>
   </div>
   <div class='ocr_carea' id='block_1_15' title="bbox 277 1575 1928 1663">
    <p class='ocr_par' dir='ltr' id='par_1_15' title="bbox 277 1575 1928 1663">
     <span class='ocr_line' id='line_1_15' title="bbox 277 1575 1928 1663; baseline -0.013 -13"><span class='ocrx_word' id='word_1_90' title='bbox 277 1575 412 1650; x_wconf 77' lang='lat' dir='ltr'>ante</span> <span class='ocrx_word' id='word_1_91' title='bbox 433 1589 854 1663; x_wconf 87' lang='lat' dir='ltr'>depositionem</span> <span class='ocrx_word' id='word_1_92' title='bbox 869 1581 1402 1640; x_wconf 89' lang='lat' dir='ltr'>benedicitur.Nam</span> <span class='ocrx_word' id='word_1_93' title='bbox 1425 1583 1482 1634; x_wconf 91' lang='lat' dir='ltr'>et</span> <span class='ocrx_word' id='word_1_94' title='bbox 1501 1577 1626 1649; x_wconf 91' lang='lat' dir='ltr'>ipse</span> <span class='ocrx_word' id='word_1_95' title='bbox 1643 1575 1928 1632; x_wconf 91' lang='lat' dir='ltr'>Dominus</span> 
     </span>
    </p>
   </div>
   <div class='ocr_carea' id='block_1_16' title="bbox 277 1666 1928 1752">
    <p class='ocr_par' dir='ltr' id='par_1_16' title="bbox 277 1666 1928 1752">
     <span class='ocr_line' id='line_1_16' title="bbox 277 1666 1928 1752; baseline -0.012 -14"><span class='ocrx_word' id='word_1_96' title='bbox 277 1683 338 1738; x_wconf 91' lang='lat' dir='ltr'>in</span> <span class='ocrx_word' id='word_1_97' title='bbox 351 1678 664 1752; x_wconf 90' lang='lat' dir='ltr'>Evangelio</span> <span class='ocrx_word' id='word_1_98' title='bbox 678 1681 998 1746; x_wconf 87' lang='lat' dir='ltr'>utrumque</span> <span class='ocrx_word' id='word_1_99' title='bbox 1011 1671 1224 1744; x_wconf 85' lang='lat' dir='ltr'>legitur</span> <span class='ocrx_word' id='word_1_100' title='bbox 1233 1666 1602 1726; x_wconf 88' lang='lat' dir='ltr'>benedixisse</span> <span class='ocrx_word' id='word_1_101' title='bbox 1614 1668 1928 1736; x_wconf 85' lang='lat' dir='ltr'>antequam</span> 
     </span>
    </p>
   </div>
   <div class='ocr_carea' id='block_1_17' title="bbox 278 1753 1930 1833">
    <p class='ocr_par' dir='ltr' id='par_1_17' title="bbox 278 1753 1930 1833">
     <span class='ocr_line' id='line_1_17' title="bbox 278 1753 1930 1833; baseline -0.013 -6"><span class='ocrx_word' id='word_1_102' title='bbox 278 1769 601 1826; x_wconf 85' lang='lat' dir='ltr'>dimitteret</span> <span class='ocrx_word' id='word_1_103' title='bbox 630 1783 661 1822; x_wconf 91' lang='lat' dir='ltr'>e</span> <span class='ocrx_word' id='word_1_104' title='bbox 690 1763 1245 1833; x_wconf 87' lang='lat' dir='ltr'>manibus.Accepta</span> <span class='ocrx_word' id='word_1_105' title='bbox 1273 1757 1431 1814; x_wconf 91' lang='lat' dir='ltr'>enim</span> <span class='ocrx_word' id='word_1_106' title='bbox 1461 1756 1521 1810; x_wconf 89' lang='lat' dir='ltr'>in</span> <span class='ocrx_word' id='word_1_107' title='bbox 1545 1753 1818 1810; x_wconf 85' lang='lat' dir='ltr'>manibus</span> <span class='ocrx_word' id='word_1_108' title='bbox 1838 1753 1930 1808; x_wconf 91' lang='lat' dir='ltr'>he-</span> 
     </span>
    </p>
   </div>
   <div class='ocr_carea' id='block_1_18' title="bbox 279 1832 2008 1927">
    <p class='ocr_par' dir='ltr' id='par_1_18' title="bbox 279 1832 2008 1927">
     <span class='ocr_line' id='line_1_18' title="bbox 279 1832 2008 1927; baseline -0.011 -12"><span class='ocrx_word' id='word_1_109' title='bbox 279 1857 524 1924; x_wconf 84' lang='lat' dir='ltr'>nedixit,</span> <span class='ocrx_word' id='word_1_110' title='bbox 558 1857 760 1927; x_wconf 89' lang='lat' dir='ltr'>postea</span> <span class='ocrx_word' id='word_1_111' title='bbox 789 1848 1095 1922; x_wconf 90' lang='lat' dir='ltr'>discipulis</span> <span class='ocrx_word' id='word_1_112' title='bbox 1126 1832 1287 1904; x_wconf 88' lang='lat' dir='ltr'>dedit</span> <span class='ocrx_word' id='word_1_113' title='bbox 1316 1845 1522 1918; x_wconf 82' lang='lat' dir='ltr'>(Matth.</span> <span class='ocrx_word' id='word_1_114' title='bbox 1554 1843 1730 1912; x_wconf 74' lang='lat' dir='ltr'>xxw).</span> <span class='ocrx_word' id='word_1_115' title='bbox 1762 1841 1930 1906; x_wconf 83' lang='lat' dir='ltr'>Item,</span> <span class='ocrx_word' id='word_1_116' title='bbox 1960 1832 2008 1897; x_wconf 86' lang='grc' dir='ltr'><strong>Β</strong></span> 
     </span>
    </p>
   </div>
   <div class='ocr_carea' id='block_1_19' title="bbox 280 1929 1926 2010">
    <p class='ocr_par' dir='ltr' id='par_1_19' title="bbox 280 1929 1926 2010">
     <span class='ocr_line' id='line_1_19' title="bbox 280 1929 1926 2010; baseline -0.013 -6"><span class='ocrx_word' id='word_1_117' title='bbox 280 1947 381 2006; x_wconf 90' lang='lat' dir='ltr'>ubi</span> <span class='ocrx_word' id='word_1_118' title='bbox 407 1945 625 2002; x_wconf 90' lang='lat' dir='ltr'>dicitur</span> <span class='ocrx_word' id='word_1_119' title='bbox 656 1959 670 1996; x_wconf 89' lang='lat'><strong>:</strong></span> <span class='ocrx_word' id='word_1_120' title='bbox 705 1941 948 1996; x_wconf 81' lang='lat' dir='ltr'>Hostiam</span> <span class='ocrx_word' id='word_1_121' title='bbox 989 1953 1210 2010; x_wconf 89' lang='lat' dir='ltr'>puram,</span> <span class='ocrx_word' id='word_1_122' title='bbox 1241 1935 1474 1990; x_wconf 77' lang='lat' dir='ltr'>hostiam</span> <span class='ocrx_word' id='word_1_123' title='bbox 1517 1935 1784 1998; x_wconf 79' lang='lat' dir='ltr'>sanctam,</span> <span class='ocrx_word' id='word_1_124' title='bbox 1826 1929 1926 1984; x_wconf 88' lang='lat' dir='ltr'>ho-</span> 
     </span>
    </p>
   </div>
   <div class='ocr_carea' id='block_1_20' title="bbox 278 2015 1928 2092">
    <p class='ocr_par' dir='ltr' id='par_1_20' title="bbox 278 2015 1928 2092">
     <span class='ocr_line' id='line_1_20' title="bbox 278 2015 1928 2092; baseline -0.013 -1"><span class='ocrx_word' id='word_1_125' title='bbox 278 2036 453 2091; x_wconf 89' lang='lat' dir='ltr'>stiam</span> <span class='ocrx_word' id='word_1_126' title='bbox 481 2029 1037 2090; x_wconf 83' lang='lat' dir='ltr'>immaculatam,tres</span> <span class='ocrx_word' id='word_1_127' title='bbox 1067 2038 1270 2079; x_wconf 89' lang='lat' dir='ltr'>cruces</span> <span class='ocrx_word' id='word_1_128' title='bbox 1301 2037 1480 2092; x_wconf 90' lang='lat' dir='ltr'>super</span> <span class='ocrx_word' id='word_1_129' title='bbox 1508 2022 1826 2088; x_wconf 91' lang='lat' dir='ltr'>utrumque</span> <span class='ocrx_word' id='word_1_130' title='bbox 1856 2015 1928 2071; x_wconf 89' lang='lat' dir='ltr'>si-</span> 
     </span>
    </p>
   </div>
   <div class='ocr_carea' id='block_1_21' title="bbox 282 2105 1926 2188">
    <p class='ocr_par' dir='ltr' id='par_1_21' title="bbox 282 2105 1926 2188">
     <span class='ocr_line' id='line_1_21' title="bbox 282 2105 1926 2188; baseline -0.013 -8"><span class='ocrx_word' id='word_1_131' title='bbox 282 2123 408 2180; x_wconf 90' lang='lat' dir='ltr'>mul</span> <span class='ocrx_word' id='word_1_132' title='bbox 438 2120 707 2186; x_wconf 82' lang='lat' dir='ltr'>facimus,</span> <span class='ocrx_word' id='word_1_133' title='bbox 740 2115 880 2188; x_wconf 90' lang='lat' dir='ltr'>quia</span> <span class='ocrx_word' id='word_1_134' title='bbox 929 2118 983 2170; x_wconf 92' lang='lat' dir='ltr'>et</span> <span class='ocrx_word' id='word_1_135' title='bbox 1016 2116 1333 2182; x_wconf 86' lang='lat' dir='ltr'>utrumque</span> <span class='ocrx_word' id='word_1_136' title='bbox 1376 2107 1551 2164; x_wconf 89' lang='lat' dir='ltr'>simul</span> <span class='ocrx_word' id='word_1_137' title='bbox 1599 2107 1657 2160; x_wconf 93' lang='lat' dir='ltr'>in</span> <span class='ocrx_word' id='word_1_138' title='bbox 1705 2105 1926 2160; x_wconf 90' lang='lat' dir='ltr'>eisdem</span> 
     </span>
    </p>
   </div>
   <div class='ocr_carea' id='block_1_22' title="bbox 280 2203 1930 2278">
    <p class='ocr_par' dir='ltr' id='par_1_22' title="bbox 280 2203 1930 2278">
     <span class='ocr_line' id='line_1_22' title="bbox 280 2203 1930 2278; baseline -0.012 -12"><span class='ocrx_word' id='word_1_139' title='bbox 280 2210 475 2268; x_wconf 87' lang='lat' dir='ltr'>verbis</span> <span class='ocrx_word' id='word_1_140' title='bbox 506 2206 911 2278; x_wconf 80' lang='lat' dir='ltr'>intelligimus.</span> <span class='ocrx_word' id='word_1_141' title='bbox 941 2203 1217 2266; x_wconf 85' lang='lat' dir='ltr'>Quartam</span> <span class='ocrx_word' id='word_1_142' title='bbox 1249 2203 1446 2255; x_wconf 89' lang='lat' dir='ltr'>autem</span> <span class='ocrx_word' id='word_1_143' title='bbox 1491 2211 1722 2250; x_wconf 89' lang='lat' dir='ltr'>crucem</span> <span class='ocrx_word' id='word_1_144' title='bbox 1753 2209 1930 2264; x_wconf 89' lang='lat' dir='ltr'>super</span> 
     </span>
    </p>
   </div>
   <div class='ocr_carea' id='block_1_23' title="bbox 281 2281 1926 2374">
    <p class='ocr_par' dir='ltr' id='par_1_23' title="bbox 281 2281 1926 2374">
     <span class='ocr_line' id='line_1_23' title="bbox 281 2281 1926 2374; baseline -0.012 -18"><span class='ocrx_word' id='word_1_145' title='bbox 281 2315 515 2374; x_wconf 89' lang='lat' dir='ltr'>panem,</span> <span class='ocrx_word' id='word_1_146' title='bbox 547 2300 604 2352; x_wconf 94' lang='lat' dir='ltr'>et</span> <span class='ocrx_word' id='word_1_147' title='bbox 645 2294 914 2367; x_wconf 88' lang='lat' dir='ltr'>quintam</span> <span class='ocrx_word' id='word_1_148' title='bbox 963 2305 1141 2363; x_wconf 89' lang='lat' dir='ltr'>super</span> <span class='ocrx_word' id='word_1_149' title='bbox 1175 2287 1414 2343; x_wconf 87' lang='lat' dir='ltr'>calicem</span> <span class='ocrx_word' id='word_1_150' title='bbox 1448 2283 1763 2357; x_wconf 89' lang='lat' dir='ltr'>separatim</span> <span class='ocrx_word' id='word_1_151' title='bbox 1796 2281 1926 2337; x_wconf 86' lang='lat' dir='ltr'>inﬁ-</span> 
     </span>
    </p>
   </div>
   <div class='ocr_carea' id='block_1_24' title="bbox 283 2371 1930 2464">
    <p class='ocr_par' dir='ltr' id='par_1_24' title="bbox 283 2371 1930 2464">
     <span class='ocr_line' id='line_1_24' title="bbox 283 2371 1930 2464; baseline -0.013 -18"><span class='ocrx_word' id='word_1_152' title='bbox 283 2371 500 2464; x_wconf 83' lang='lat' dir='ltr'>gimus,</span> <span class='ocrx_word' id='word_1_153' title='bbox 517 2384 729 2442; x_wconf 89' lang='lat' dir='ltr'>iterum</span> <span class='ocrx_word' id='word_1_154' title='bbox 759 2381 1109 2454; x_wconf 82' lang='lat' dir='ltr'>sanguinem</span> <span class='ocrx_word' id='word_1_155' title='bbox 1131 2375 1501 2434; x_wconf 90' lang='lat' dir='ltr'>Dominicum</span> <span class='ocrx_word' id='word_1_156' title='bbox 1527 2374 1597 2430; x_wconf 91' lang='lat' dir='ltr'>de</span> <span class='ocrx_word' id='word_1_157' title='bbox 1627 2372 1806 2428; x_wconf 89' lang='lat' dir='ltr'>latere</span> <span class='ocrx_word' id='word_1_158' title='bbox 1827 2371 1930 2426; x_wconf 92' lang='lat' dir='ltr'>Do-</span> 
     </span>
    </p>
   </div>
   <div class='ocr_carea' id='block_1_25' title="bbox 284 2468 1341 2548">
    <p class='ocr_par' dir='ltr' id='par_1_25' title="bbox 284 2468 1341 2548">
     <span class='ocr_line' id='line_1_25' title="bbox 284 2468 1341 2548; baseline -0.014 -14"><span class='ocrx_word' id='word_1_159' title='bbox 284 2477 498 2535; x_wconf 90' lang='lat' dir='ltr'>minico</span> <span class='ocrx_word' id='word_1_160' title='bbox 527 2474 912 2548; x_wconf 78' lang='lat' dir='ltr'>profluentem</span> <span class='ocrx_word' id='word_1_161' title='bbox 945 2468 1341 2541; x_wconf 89' lang='lat' dir='ltr'>designantes.</span> 
     </span>
    </p>
   </div>
   <div class='ocr_carea' id='block_1_26' title="bbox 333 2569 1899 2656">
    <p class='ocr_par' dir='ltr' id='par_1_26' title="bbox 333 2569 1899 2656">
     <span class='ocr_line' id='line_1_26' title="bbox 333 2569 1899 2656; baseline -0.013 -15"><span class='ocrx_word' id='word_1_162' title='bbox 333 2587 466 2641; x_wconf 64' lang='lat' dir='ltr'>Car.</span> <span class='ocrx_word' id='word_1_163' title='bbox 494 2580 638 2637; x_wconf 87' lang='lat' dir='ltr'><strong>XVI.</strong></span> <span class='ocrx_word' id='word_1_164' title='bbox 673 2610 738 2619; x_wconf 95' lang='lat'>—</span> <span class='ocrx_word' id='word_1_165' title='bbox 771 2578 843 2632; x_wconf 89' lang='lat' dir='ltr'>De</span> <span class='ocrx_word' id='word_1_166' title='bbox 870 2574 1382 2656; x_wconf 72' lang='lat' dir='ltr'>commemoratione</span> <span class='ocrx_word' id='word_1_167' title='bbox 1423 2569 1722 2626; x_wconf 62' lang='lat' dir='ltr'>Dominicis</span> <span class='ocrx_word' id='word_1_168' title='bbox 1745 2582 1899 2644; x_wconf 88' lang='lat' dir='ltr'>pas-_</span> 
     </span>
    </p>
   </div>
   <div class='ocr_carea' id='block_1_27' title="bbox 1009 2660 1200 2700">
    <p class='ocr_par' dir='ltr' id='par_1_27' title="bbox 1009 2660 1200 2700">
     <span class='ocr_line' id='line_1_27' title="bbox 1009 2660 1200 2700; baseline -0.021 0"><span class='ocrx_word' id='word_1_169' title='bbox 1009 2660 1200 2700; x_wconf 70' lang='grc' dir='ltr'>ειοηιε.</span> 
     </span>
    </p>
   </div>
   <div class='ocr_carea' id='block_1_28' title="bbox 354 2743 1930 2824">
    <p class='ocr_par' dir='ltr' id='par_1_28' title="bbox 354 2743 1930 2824">
     <span class='ocr_line' id='line_1_28' title="bbox 354 2743 1930 2824; baseline -0.011 -9"><span class='ocrx_word' id='word_1_170' title='bbox 354 2757 686 2816; x_wconf 87' lang='lat' dir='ltr'>Notandum</span> <span class='ocrx_word' id='word_1_171' title='bbox 720 2758 920 2810; x_wconf 86' lang='lat' dir='ltr'>autem</span> <span class='ocrx_word' id='word_1_172' title='bbox 949 2768 1053 2824; x_wconf 87' lang='lat' dir='ltr'>per</span> <span class='ocrx_word' id='word_1_173' title='bbox 1078 2753 1267 2806; x_wconf 87' lang='lat' dir='ltr'>totum</span> <span class='ocrx_word' id='word_1_174' title='bbox 1299 2749 1592 2804; x_wconf 89' lang='lat' dir='ltr'>Canonem</span> <span class='ocrx_word' id='word_1_175' title='bbox 1622 2743 1930 2800; x_wconf 68' lang='lat' dir='ltr'>Dominicis</span> 
     </span>
    </p>
   </div>
   <div class='ocr_carea' id='block_1_29' title="bbox 285 2833 1930 2928">
    <p class='ocr_par' dir='ltr' id='par_1_29' title="bbox 285 2833 1930 2928">
     <span class='ocr_line' id='line_1_29' title="bbox 285 2833 1930 2928; baseline -0.012 -23"><span class='ocrx_word' id='word_1_176' title='bbox 285 2845 580 2928; x_wconf 84' lang='lat' dir='ltr'>passionis</span> <span class='ocrx_word' id='word_1_177' title='bbox 610 2839 1224 2900; x_wconf 89' lang='lat' dir='ltr'>commemorationem</span> <span class='ocrx_word' id='word_1_178' title='bbox 1260 2835 1636 2909; x_wconf 91' lang='lat' dir='ltr'>potissimum</span> <span class='ocrx_word' id='word_1_179' title='bbox 1681 2833 1930 2903; x_wconf 86' lang='lat' dir='ltr'>actitari,</span> 
     </span>
    </p>
   </div>
   <div class='ocr_carea' id='block_1_30' title="bbox 282 2921 1931 3012">
    <p class='ocr_par' dir='ltr' id='par_1_30' title="bbox 282 2921 1931 3012">
     <span class='ocr_line' id='line_1_30' title="bbox 282 2921 1931 3012; baseline -0.012 -18"><span class='ocrx_word' id='word_1_180' title='bbox 282 2921 454 3012; x_wconf 84' lang='lat' dir='ltr'>juxta</span> <span class='ocrx_word' id='word_1_181' title='bbox 476 2931 706 2990; x_wconf 86' lang='lat' dir='ltr'>Domini</span> <span class='ocrx_word' id='word_1_182' title='bbox 741 2931 1092 3003; x_wconf 68' lang='lat' dir='ltr'>praeceptum</span> <span class='ocrx_word' id='word_1_183' title='bbox 1123 2925 1183 2980; x_wconf 89' lang='lat' dir='ltr'>in</span> <span class='ocrx_word' id='word_1_184' title='bbox 1205 2923 1515 2996; x_wconf 83' lang='lat' dir='ltr'>Evangelio</span> <span class='ocrx_word' id='word_1_185' title='bbox 1535 2939 1548 2978; x_wconf 90' lang='lat'><strong>:</strong></span> <span class='ocrx_word' id='word_1_186' title='bbox 1568 2921 1931 2994; x_wconf 70' lang='lat' dir='ltr'>Hazc,inquit,</span> 
     </span>
    </p>
   </div>
   <div class='ocr_carea' id='block_1_31' title="bbox 291 3012 1935 3100">
    <p class='ocr_par' dir='ltr' id='par_1_31' title="bbox 291 3012 1935 3100">
     <span class='ocr_line' id='line_1_31' title="bbox 291 3012 1935 3100; baseline -0.01 -18"><span class='ocrx_word' id='word_1_187' title='bbox 291 3027 709 3100; x_wconf 79' lang='lat' dir='ltr'>quotiescunque</span> <span class='ocrx_word' id='word_1_188' title='bbox 763 3018 1022 3091; x_wconf 79' lang='lat' dir='ltr'>feceritis,</span> <span class='ocrx_word' id='word_1_189' title='bbox 1069 3017 1130 3070; x_wconf 86' lang='lat' dir='ltr'>in</span> <span class='ocrx_word' id='word_1_190' title='bbox 1185 3014 1298 3068; x_wconf 84' lang='lat' dir='ltr'>mei</span> <span class='ocrx_word' id='word_1_191' title='bbox 1353 3013 1675 3068; x_wconf 81' lang='lat' dir='ltr'>memoriam</span> <span class='ocrx_word' id='word_1_192' title='bbox 1723 3012 1935 3084; x_wconf 80' lang='lat' dir='ltr'>facietis</span> 
     </span>
    </p>
   </div>
   <div class='ocr_carea' id='block_1_32' title="bbox 293 3098 1934 3188">
    <p class='ocr_par' dir='ltr' id='par_1_32' title="bbox 293 3098 1934 3188">
     <span class='ocr_line' id='line_1_32' title="bbox 293 3098 1934 3188; baseline -0.011 -16"><span class='ocrx_word' id='word_1_193' title='bbox 293 3098 502 3188; x_wconf 66' lang='lat' dir='ltr'>(Matth.</span> <span class='ocrx_word' id='word_1_194' title='bbox 553 3125 720 3177; x_wconf 79' lang='lat' dir='ltr'>xxvi;</span> <span class='ocrx_word' id='word_1_195' title='bbox 774 3109 898 3163; x_wconf 88' lang='lat' dir='ltr'>Luc.</span> <span class='ocrx_word' id='word_1_196' title='bbox 944 3105 1082 3176; x_wconf 81' lang='lat' dir='ltr'>xu);</span> <span class='ocrx_word' id='word_1_197' title='bbox 1133 3106 1191 3159; x_wconf 89' lang='lat' dir='ltr'>et</span> <span class='ocrx_word' id='word_1_198' title='bbox 1237 3101 1384 3156; x_wconf 90' lang='lat' dir='ltr'>illud</span> <span class='ocrx_word' id='word_1_199' title='bbox 1434 3098 1740 3172; x_wconf 89' lang='lat' dir='ltr'>Apostoli:</span> <span class='ocrx_word' id='word_1_200' title='bbox 1794 3100 1934 3168; x_wconf 84' lang='lat' dir='ltr'>Quo-</span> 
     </span>
    </p>
   </div>
   <div class='ocr_carea' id='block_1_33' title="bbox 2035 548 3706 615">
    <p class='ocr_par' dir='ltr' id='par_1_33' title="bbox 2035 548 3706 615">
     <span class='ocr_line' id='line_1_33' title="bbox 2035 548 3706 615; baseline -0.007 0"><span class='ocrx_word' id='word_1_201' title='bbox 2035 557 2216 615; x_wconf 88' lang='lat' dir='ltr'>vitam</span> <span class='ocrx_word' id='word_1_202' title='bbox 2248 557 2695 613; x_wconf 87' lang='lat' dir='ltr'>ﬁnierunt.Cum</span> <span class='ocrx_word' id='word_1_203' title='bbox 2721 559 2917 612; x_wconf 89' lang='lat' dir='ltr'>autem</span> <span class='ocrx_word' id='word_1_204' title='bbox 2932 553 3202 611; x_wconf 87' lang='lat' dir='ltr'>sacerdos</span> <span class='ocrx_word' id='word_1_205' title='bbox 3222 567 3424 608; x_wconf 89' lang='lat' dir='ltr'>vocem</span> <span class='ocrx_word' id='word_1_206' title='bbox 3447 548 3706 614; x_wconf 77' lang='lat' dir='ltr'>exultat,</span> 
     </span>
    </p>
   </div>
   <div class='ocr_carea' id='block_1_34' title="bbox 2030 637 3704 719">
    <p class='ocr_par' dir='ltr' id='par_1_34' title="bbox 2030 637 3704 719">
     <span class='ocr_line' id='line_1_34' title="bbox 2030 637 3704 719; baseline -0.009 -11"><span class='ocrx_word' id='word_1_207' title='bbox 2030 647 2425 708; x_wconf 82' lang='lat' dir='ltr'>.dicens:Nobis</span> <span class='ocrx_word' id='word_1_208' title='bbox 2445 662 2656 719; x_wconf 86' lang='lat' dir='ltr'>quoque</span> <span class='ocrx_word' id='word_1_209' title='bbox 2673 644 3060 718; x_wconf 85' lang='lat' dir='ltr'>peccatoribus,</span> <span class='ocrx_word' id='word_1_210' title='bbox 3080 641 3488 699; x_wconf 85' lang='lat' dir='ltr'>centurionem</span> <span class='ocrx_word' id='word_1_211' title='bbox 3519 637 3704 694; x_wconf 87' lang='lat' dir='ltr'>illum</span> 
     </span>
    </p>
   </div>
   <div class='ocr_carea' id='block_1_35' title="bbox 2037 726 3704 808">
    <p class='ocr_par' dir='ltr' id='par_1_35' title="bbox 2037 726 3704 808">
     <span class='ocr_line' id='line_1_35' title="bbox 2037 726 3704 808; baseline -0.005 -18"><span class='ocrx_word' id='word_1_212' title='bbox 2037 735 2306 808; x_wconf 83' lang='lat' dir='ltr'>designat</span> <span class='ocrx_word' id='word_1_213' title='bbox 2351 735 2450 807; x_wconf 88' lang='lat' dir='ltr'>qui</span> <span class='ocrx_word' id='word_1_214' title='bbox 2492 735 2620 790; x_wconf 86' lang='lat' dir='ltr'>visa</span> <span class='ocrx_word' id='word_1_215' title='bbox 2666 737 2856 790; x_wconf 90' lang='lat' dir='ltr'>morte</span> <span class='ocrx_word' id='word_1_216' title='bbox 2901 732 3121 788; x_wconf 82' lang='lat' dir='ltr'>Christi</span> <span class='ocrx_word' id='word_1_217' title='bbox 3163 746 3364 787; x_wconf 88' lang='lat' dir='ltr'>vocem</span> <span class='ocrx_word' id='word_1_218' title='bbox 3391 726 3704 791; x_wconf 84' lang='lat' dir='ltr'>exaltavit,</span> 
     </span>
    </p>
   </div>
   <div class='ocr_carea' id='block_1_36' title="bbox 2037 819 3707 880">
    <p class='ocr_par' dir='ltr' id='par_1_36' title="bbox 2037 819 3707 880">
     <span class='ocr_line' id='line_1_36' title="bbox 2037 819 3707 880; baseline -0.004 -2"><span class='ocrx_word' id='word_1_219' title='bbox 2037 824 2282 880; x_wconf 88' lang='lat' dir='ltr'>dicendo</span> <span class='ocrx_word' id='word_1_220' title='bbox 2318 842 2330 879; x_wconf 93' lang='lat'>:</span> <span class='ocrx_word' id='word_1_221' title='bbox 2373 825 2500 880; x_wconf 87' lang='lat' dir='ltr'>Vere</span> <span class='ocrx_word' id='word_1_222' title='bbox 2527 824 2702 879; x_wconf 83' lang='lat' dir='ltr'>Filius</span> <span class='ocrx_word' id='word_1_223' title='bbox 2730 824 2828 879; x_wconf 87' lang='lat' dir='ltr'>Dei</span> <span class='ocrx_word' id='word_1_224' title='bbox 2856 829 2974 878; x_wconf 84' lang='lat' dir='ltr'>erat</span> <span class='ocrx_word' id='word_1_225' title='bbox 3003 822 3124 876; x_wconf 81' lang='lat' dir='ltr'>iste.</span> <span class='ocrx_word' id='word_1_226' title='bbox 3145 819 3288 875; x_wconf 90' lang='lat' dir='ltr'>Tres</span> <span class='ocrx_word' id='word_1_227' title='bbox 3316 834 3454 874; x_wconf 91' lang='lat' dir='ltr'>vero</span> <span class='ocrx_word' id='word_1_228' title='bbox 3483 831 3707 872; x_wconf 80' lang='lat' dir='ltr'>cruces</span> 
     </span>
    </p>
   </div>
   <div class='ocr_carea' id='block_1_37' title="bbox 2037 905 3704 985">
    <p class='ocr_par' dir='ltr' id='par_1_37' title="bbox 2037 905 3704 985">
     <span class='ocr_line' id='line_1_37' title="bbox 2037 905 3704 985; baseline -0.005 -17"><span class='ocrx_word' id='word_1_229' title='bbox 2037 929 2214 984; x_wconf 88' lang='lat' dir='ltr'>super</span> <span class='ocrx_word' id='word_1_230' title='bbox 2237 929 2448 985; x_wconf 92' lang='lat' dir='ltr'>corpus</span> <span class='ocrx_word' id='word_1_231' title='bbox 2478 915 2537 968; x_wconf 90' lang='lat' dir='ltr'>et</span> <span class='ocrx_word' id='word_1_232' title='bbox 2563 911 2909 984; x_wconf 89' lang='lat' dir='ltr'>sanguinem</span> <span class='ocrx_word' id='word_1_233' title='bbox 2941 907 3337 965; x_wconf 89' lang='lat' dir='ltr'>communiter</span> <span class='ocrx_word' id='word_1_234' title='bbox 3367 905 3526 970; x_wconf 86' lang='lat' dir='ltr'>facit,</span> <span class='ocrx_word' id='word_1_235' title='bbox 3553 920 3704 960; x_wconf 87' lang='lat' dir='ltr'>cum</span> 
     </span>
    </p>
   </div>
   <div class='ocr_carea' id='block_1_38' title="bbox 2038 994 3704 1072">
    <p class='ocr_par' dir='ltr' id='par_1_38' title="bbox 2038 994 3704 1072">
     <span class='ocr_line' id='line_1_38' title="bbox 2038 994 3704 1072; baseline -0.005 -16"><span class='ocrx_word' id='word_1_236' title='bbox 2038 1000 2178 1057; x_wconf 90' lang='lat' dir='ltr'>dicit</span> <span class='ocrx_word' id='word_1_237' title='bbox 2211 1020 2224 1057; x_wconf 85' lang='lat'><strong>:</strong></span> <span class='ocrx_word' id='word_1_238' title='bbox 2255 1001 2594 1072; x_wconf 76' lang='lat' dir='ltr'>Sancti/leas,</span> <span class='ocrx_word' id='word_1_239' title='bbox 2643 1000 2906 1069; x_wconf 80' lang='lat' dir='ltr'>uiuiﬁcus,</span> <span class='ocrx_word' id='word_1_240' title='bbox 2959 997 3247 1062; x_wconf 85' lang='lat' dir='ltr'>benedicis,</span> <span class='ocrx_word' id='word_1_241' title='bbox 3294 996 3355 1051; x_wconf 93' lang='lat' dir='ltr'>in</span> <span class='ocrx_word' id='word_1_242' title='bbox 3403 994 3704 1050; x_wconf 88' lang='lat' dir='ltr'>honorem</span> 
     </span>
    </p>
   </div>
   <div class='ocr_carea' id='block_1_39' title="bbox 2039 1082 3708 1160">
    <p class='ocr_par' dir='ltr' id='par_1_39' title="bbox 2039 1082 3708 1160">
     <span class='ocr_line' id='line_1_39' title="bbox 2039 1082 3708 1160; baseline -0.006 -14"><span class='ocrx_word' id='word_1_243' title='bbox 2039 1095 2250 1147; x_wconf 73' lang='lat' dir='ltr'>sanctae</span> <span class='ocrx_word' id='word_1_244' title='bbox 2283 1089 2822 1146; x_wconf 88' lang='lat' dir='ltr'>Trinitatis.Postea</span> <span class='ocrx_word' id='word_1_245' title='bbox 2831 1103 2965 1144; x_wconf 90' lang='lat' dir='ltr'>cum</span> <span class='ocrx_word' id='word_1_246' title='bbox 2978 1102 3218 1160; x_wconf 89' lang='lat' dir='ltr'>corpore</span> <span class='ocrx_word' id='word_1_247' title='bbox 3230 1082 3538 1142; x_wconf 89' lang='lat' dir='ltr'>Dominico</span> <span class='ocrx_word' id='word_1_248' title='bbox 3557 1097 3708 1154; x_wconf 84' lang='lat' dir='ltr'>qus.-</span> 
     </span>
    </p>
   </div>
   <div class='ocr_carea' id='block_1_40' title="bbox 2037 1172 3706 1250">
    <p class='ocr_par' dir='ltr' id='par_1_40' title="bbox 2037 1172 3706 1250">
     <span class='ocr_line' id='line_1_40' title="bbox 2037 1172 3706 1250; baseline -0.007 -14"><span class='ocrx_word' id='word_1_249' title='bbox 2037 1183 2170 1236; x_wconf 87' lang='lat' dir='ltr'>tuor</span> <span class='ocrx_word' id='word_1_250' title='bbox 2200 1195 2402 1235; x_wconf 89' lang='lat' dir='ltr'>cruces</span> <span class='ocrx_word' id='word_1_251' title='bbox 2432 1195 2610 1250; x_wconf 89' lang='lat' dir='ltr'>super</span> <span class='ocrx_word' id='word_1_252' title='bbox 2657 1176 2897 1233; x_wconf 90' lang='lat' dir='ltr'>calicem</span> <span class='ocrx_word' id='word_1_253' title='bbox 2949 1175 3218 1242; x_wconf 84' lang='lat' dir='ltr'>facimus,</span> <span class='ocrx_word' id='word_1_254' title='bbox 3251 1172 3500 1229; x_wconf 90' lang='lat' dir='ltr'>dicendo</span> <span class='ocrx_word' id='word_1_255' title='bbox 3535 1187 3551 1226; x_wconf 86' lang='lat'><strong>:</strong></span> <span class='ocrx_word' id='word_1_256' title='bbox 3585 1173 3706 1226; x_wconf 81' lang='lat' dir='ltr'>Per</span> 
     </span>
    </p>
   </div>
   <div class='ocr_carea' id='block_1_41' title="bbox 2040 1257 3704 1341">
    <p class='ocr_par' dir='ltr' id='par_1_41' title="bbox 2040 1257 3704 1341">
     <span class='ocr_line' id='line_1_41' title="bbox 2040 1257 3704 1341; baseline -0.007 -17"><span class='ocrx_word' id='word_1_257' title='bbox 2040 1272 2219 1341; x_wconf 84' lang='lat' dir='ltr'>ipsum</span> <span class='ocrx_word' id='word_1_258' title='bbox 2271 1273 2322 1324; x_wconf 87' lang='lat' dir='ltr'>et</span> <span class='ocrx_word' id='word_1_259' title='bbox 2367 1285 2492 1324; x_wconf 85' lang='lat' dir='ltr'>cum</span> <span class='ocrx_word' id='word_1_260' title='bbox 2521 1269 2634 1338; x_wconf 82' lang='lat' dir='ltr'>ipso</span> <span class='ocrx_word' id='word_1_261' title='bbox 2683 1269 2734 1322; x_wconf 88' lang='lat' dir='ltr'>et</span> <span class='ocrx_word' id='word_1_262' title='bbox 2771 1267 2830 1321; x_wconf 89' lang='lat' dir='ltr'>in</span> <span class='ocrx_word' id='word_1_263' title='bbox 2863 1267 2999 1335; x_wconf 88' lang='lat' dir='ltr'>ipso,</span> <span class='ocrx_word' id='word_1_264' title='bbox 3030 1268 3086 1318; x_wconf 90' lang='lat' dir='ltr'>et</span> <span class='ocrx_word' id='word_1_265' title='bbox 3119 1262 3392 1334; x_wconf 87' lang='lat' dir='ltr'>quintam</span> <span class='ocrx_word' id='word_1_266' title='bbox 3417 1259 3479 1316; x_wconf 89' lang='lat' dir='ltr'>in</span> <span class='ocrx_word' id='word_1_267' title='bbox 3509 1257 3704 1314; x_wconf 83' lang='lat' dir='ltr'>latere</span> 
     </span>
    </p>
   </div>
   <div class='ocr_carea' id='block_1_42' title="bbox 2038 1346 3702 1426">
    <p class='ocr_par' dir='ltr' id='par_1_42' title="bbox 2038 1346 3702 1426">
     <span class='ocr_line' id='line_1_42' title="bbox 2038 1346 3702 1426; baseline -0.008 -12"><span class='ocrx_word' id='word_1_268' title='bbox 2038 1356 2528 1426; x_wconf 88' lang='lat' dir='ltr'>calicis,videlicet</span> <span class='ocrx_word' id='word_1_269' title='bbox 2548 1355 2760 1411; x_wconf 88' lang='lat' dir='ltr'>iterum</span> <span class='ocrx_word' id='word_1_270' title='bbox 2790 1351 3002 1409; x_wconf 90' lang='lat' dir='ltr'>vulnus</span> <span class='ocrx_word' id='word_1_271' title='bbox 3027 1349 3260 1408; x_wconf 89' lang='lat' dir='ltr'>Domini</span> <span class='ocrx_word' id='word_1_272' title='bbox 3280 1347 3485 1405; x_wconf 82' lang='lat' dir='ltr'>lateris</span> <span class='ocrx_word' id='word_1_273' title='bbox 3505 1346 3702 1420; x_wconf 88' lang='lat' dir='ltr'>signi-</span> 
     </span>
    </p>
   </div>
   <div class='ocr_carea' id='block_1_43' title="bbox 2040 1435 3704 1502">
    <p class='ocr_par' dir='ltr' id='par_1_43' title="bbox 2040 1435 3704 1502">
     <span class='ocr_line' id='line_1_43' title="bbox 2040 1435 3704 1502; baseline -0.007 0"><span class='ocrx_word' id='word_1_274' title='bbox 2040 1445 2336 1502; x_wconf 88' lang='lat' dir='ltr'>ﬁcando.U</span> <span class='ocrx_word' id='word_1_275' title='bbox 2347 1445 2455 1502; x_wconf 91' lang='lat' dir='ltr'>nde</span> <span class='ocrx_word' id='word_1_276' title='bbox 2485 1449 2543 1500; x_wconf 91' lang='lat' dir='ltr'>et</span> <span class='ocrx_word' id='word_1_277' title='bbox 2572 1443 2812 1500; x_wconf 89' lang='lat' dir='ltr'>calicem</span> <span class='ocrx_word' id='word_1_278' title='bbox 2828 1459 2896 1498; x_wconf 86' lang='lat' dir='ltr'>ex</span> <span class='ocrx_word' id='word_1_279' title='bbox 2916 1441 3120 1496; x_wconf 84' lang='lat' dir='ltr'>eodem</span> <span class='ocrx_word' id='word_1_280' title='bbox 3137 1438 3318 1494; x_wconf 87' lang='lat' dir='ltr'>latere</span> <span class='ocrx_word' id='word_1_281' title='bbox 3338 1453 3475 1494; x_wconf 89' lang='lat' dir='ltr'>cum</span> <span class='ocrx_word' id='word_1_282' title='bbox 3497 1435 3704 1492; x_wconf 86' lang='lat' dir='ltr'>oblata</span> 
     </span>
    </p>
   </div>
   <div class='ocr_carea' id='block_1_44' title="bbox 2037 1524 3700 1608">
    <p class='ocr_par' dir='ltr' id='par_1_44' title="bbox 2037 1524 3700 1608">
     <span class='ocr_line' id='line_1_44' title="bbox 2037 1524 3700 1608; baseline -0.008 -16"><span class='ocrx_word' id='word_1_283' title='bbox 2037 1535 2364 1608; x_wconf 86' lang='lat' dir='ltr'>tangimusj</span> <span class='ocrx_word' id='word_1_284' title='bbox 2375 1539 2511 1590; x_wconf 88' lang='lat' dir='ltr'>uxta</span> <span class='ocrx_word' id='word_1_285' title='bbox 2524 1535 2852 1588; x_wconf 79' lang='lat' dir='ltr'>Romanum</span> <span class='ocrx_word' id='word_1_286' title='bbox 2865 1524 3340 1586; x_wconf 89' lang='lat' dir='ltr'>Ordinem.Multi</span> <span class='ocrx_word' id='word_1_287' title='bbox 3357 1529 3557 1580; x_wconf 89' lang='lat' dir='ltr'>tamen</span> <span class='ocrx_word' id='word_1_288' title='bbox 3572 1529 3700 1580; x_wconf 85' lang='lat' dir='ltr'>tres</span> 
     </span>
    </p>
   </div>
   <div class='ocr_carea' id='block_1_45' title="bbox 2039 1613 3702 1693">
    <p class='ocr_par' dir='ltr' id='par_1_45' title="bbox 2039 1613 3702 1693">
     <span class='ocr_line' id='line_1_45' title="bbox 2039 1613 3702 1693; baseline -0.008 -13"><span class='ocrx_word' id='word_1_289' title='bbox 2039 1630 2269 1680; x_wconf 90' lang='lat' dir='ltr'>tantum</span> <span class='ocrx_word' id='word_1_290' title='bbox 2302 1638 2502 1678; x_wconf 89' lang='lat' dir='ltr'>cruces</span> <span class='ocrx_word' id='word_1_291' title='bbox 2533 1636 2710 1693; x_wconf 90' lang='lat' dir='ltr'>super</span> <span class='ocrx_word' id='word_1_292' title='bbox 2739 1617 2980 1674; x_wconf 88' lang='lat' dir='ltr'>calicem</span> <span class='ocrx_word' id='word_1_293' title='bbox 3001 1620 3060 1674; x_wconf 93' lang='lat' dir='ltr'>et</span> <span class='ocrx_word' id='word_1_294' title='bbox 3088 1617 3236 1672; x_wconf 91' lang='lat' dir='ltr'>duas</span> <span class='ocrx_word' id='word_1_295' title='bbox 3265 1615 3324 1670; x_wconf 90' lang='lat' dir='ltr'>in</span> <span class='ocrx_word' id='word_1_296' title='bbox 3356 1613 3542 1669; x_wconf 85' lang='lat' dir='ltr'>latere</span> <span class='ocrx_word' id='word_1_297' title='bbox 3563 1613 3702 1683; x_wconf 90' lang='lat' dir='ltr'>ejus</span> 
     </span>
    </p>
   </div>
   <div class='ocr_carea' id='block_1_46' title="bbox 2039 1698 3700 1780">
    <p class='ocr_par' dir='ltr' id='par_1_46' title="bbox 2039 1698 3700 1780">
     <span class='ocr_line' id='line_1_46' title="bbox 2039 1698 3700 1780; baseline -0.008 -12"><span class='ocrx_word' id='word_1_298' title='bbox 2039 1711 2386 1780; x_wconf 88' lang='lat' dir='ltr'>faciunt;sed</span> <span class='ocrx_word' id='word_1_299' title='bbox 2417 1709 2646 1765; x_wconf 88' lang='lat' dir='ltr'>videtur</span> <span class='ocrx_word' id='word_1_300' title='bbox 2675 1708 3234 1780; x_wconf 90' lang='lat' dir='ltr'>incongruum,cnm</span> <span class='ocrx_word' id='word_1_301' title='bbox 3266 1703 3538 1759; x_wconf 85' lang='lat' dir='ltr'>Christus</span> <span class='ocrx_word' id='word_1_302' title='bbox 3558 1698 3700 1756; x_wconf 89' lang='lat' dir='ltr'>uul-</span> 
     </span>
    </p>
   </div>
   <div class='ocr_carea' id='block_1_47' title="bbox 2037 1791 3699 1857">
    <p class='ocr_par' dir='ltr' id='par_1_47' title="bbox 2037 1791 3699 1857">
     <span class='ocr_line' id='line_1_47' title="bbox 2037 1791 3699 1857; baseline -0.007 -1"><span class='ocrx_word' id='word_1_303' title='bbox 2037 1801 2162 1856; x_wconf 89' lang='lat' dir='ltr'>lum</span> <span class='ocrx_word' id='word_1_304' title='bbox 2192 1799 2406 1857; x_wconf 89' lang='lat' dir='ltr'>vulnus</span> <span class='ocrx_word' id='word_1_305' title='bbox 2437 1799 2498 1854; x_wconf 90' lang='lat' dir='ltr'>in</span> <span class='ocrx_word' id='word_1_306' title='bbox 2520 1797 2700 1854; x_wconf 88' lang='lat' dir='ltr'>latere</span> <span class='ocrx_word' id='word_1_307' title='bbox 2727 1793 3143 1852; x_wconf 69' lang='lat' dir='ltr'>habueritmisi</span> <span class='ocrx_word' id='word_1_308' title='bbox 3173 1791 3495 1849; x_wconf 87' lang='lat' dir='ltr'>unum.Sed</span> <span class='ocrx_word' id='word_1_309' title='bbox 3529 1804 3699 1845; x_wconf 88' lang='lat' dir='ltr'>reve-</span> 
     </span>
    </p>
   </div>
   <div class='ocr_carea' id='block_1_48' title="bbox 2036 1877 3700 1958">
    <p class='ocr_par' dir='ltr' id='par_1_48' title="bbox 2036 1877 3700 1958">
     <span class='ocr_line' id='line_1_48' title="bbox 2036 1877 3700 1958; baseline -0.009 -11"><span class='ocrx_word' id='word_1_310' title='bbox 2036 1891 2226 1948; x_wconf 75' lang='lat' dir='ltr'>rendae</span> <span class='ocrx_word' id='word_1_311' title='bbox 2246 1887 2538 1945; x_wconf 63' lang='lat' dir='ltr'>memoriae</span> <span class='ocrx_word' id='word_1_312' title='bbox 2555 1885 2870 1958; x_wconf 83' lang='lat' dir='ltr'>Gregorius</span> <span class='ocrx_word' id='word_1_313' title='bbox 2885 1900 3036 1957; x_wconf 88' lang='lat' dir='ltr'>papa</span> <span class='ocrx_word' id='word_1_314' title='bbox 3049 1881 3275 1948; x_wconf 88' lang='lat' dir='ltr'>fecit,ut</span> <span class='ocrx_word' id='word_1_315' title='bbox 3286 1877 3700 1954; x_wconf 64' lang='lat' dir='ltr'>praediximus,</span> 
     </span>
    </p>
   </div>
   <div class='ocr_carea' id='block_1_49' title="bbox 2037 1965 3701 2052">
    <p class='ocr_par' dir='ltr' id='par_1_49' title="bbox 2037 1965 3701 2052">
     <span class='ocr_line' id='line_1_49' title="bbox 2037 1965 3701 2052; baseline -0.008 -17"><span class='ocrx_word' id='word_1_316' title='bbox 2037 1979 2192 2052; x_wconf 92' lang='lat' dir='ltr'>quod</span> <span class='ocrx_word' id='word_1_317' title='bbox 2224 1978 2432 2034; x_wconf 89' lang='lat' dir='ltr'>beatus</span> <span class='ocrx_word' id='word_1_318' title='bbox 2460 1974 2774 2031; x_wconf 89' lang='lat' dir='ltr'>Anselmus</span> <span class='ocrx_word' id='word_1_319' title='bbox 2806 1972 3087 2028; x_wconf 88' lang='lat' dir='ltr'>Lucensis</span> <span class='ocrx_word' id='word_1_320' title='bbox 3104 1969 3413 2043; x_wconf 88' lang='lat' dir='ltr'>episcopus</span> <span class='ocrx_word' id='word_1_321' title='bbox 3436 1967 3521 2022; x_wconf 86' lang='lat' dir='ltr'>ita</span> <span class='ocrx_word' id='word_1_322' title='bbox 3536 1965 3701 2022; x_wconf 87' lang='lat' dir='ltr'>abeo</span> 
     </span>
    </p>
   </div>
   <div class='ocr_carea' id='block_1_50' title="bbox 2037 2055 3700 2130">
    <p class='ocr_par' dir='ltr' id='par_1_50' title="bbox 2037 2055 3700 2130">
     <span class='ocr_line' id='line_1_50' title="bbox 2037 2055 3700 2130; baseline -0.01 -5"><span class='ocrx_word' id='word_1_323' title='bbox 2037 2085 2098 2124; x_wconf 90' lang='lat' dir='ltr'>se</span> <span class='ocrx_word' id='word_1_324' title='bbox 2128 2067 2406 2123; x_wconf 88' lang='lat' dir='ltr'>didicisse</span> <span class='ocrx_word' id='word_1_325' title='bbox 2436 2067 2685 2122; x_wconf 89' lang='lat' dir='ltr'>testatus</span> <span class='ocrx_word' id='word_1_326' title='bbox 2719 2066 2830 2120; x_wconf 89' lang='lat' dir='ltr'>est.</span> <span class='ocrx_word' id='word_1_327' title='bbox 2863 2065 2920 2118; x_wconf 91' lang='lat' dir='ltr'>et</span> <span class='ocrx_word' id='word_1_328' title='bbox 2948 2061 3056 2117; x_wconf 90' lang='lat' dir='ltr'>hoc</span> <span class='ocrx_word' id='word_1_329' title='bbox 3088 2059 3171 2115; x_wconf 88' lang='lat' dir='ltr'>ita</span> <span class='ocrx_word' id='word_1_330' title='bbox 3215 2073 3448 2130; x_wconf 87' lang='lat' dir='ltr'>semper</span> <span class='ocrx_word' id='word_1_331' title='bbox 3485 2055 3700 2111; x_wconf 88' lang='lat' dir='ltr'>obser-</span> 
     </span>
    </p>
   </div>
   <div class='ocr_carea' id='block_1_51' title="bbox 2037 2141 3702 2226">
    <p class='ocr_par' dir='ltr' id='par_1_51' title="bbox 2037 2141 3702 2226">
     <span class='ocr_line' id='line_1_51' title="bbox 2037 2141 3702 2226; baseline -0.01 -13"><span class='ocrx_word' id='word_1_332' title='bbox 2037 2157 2210 2224; x_wconf 89' lang='lat' dir='ltr'>vavit,</span> <span class='ocrx_word' id='word_1_333' title='bbox 2234 2155 2522 2226; x_wconf 91' lang='lat' dir='ltr'>nobisque</span> <span class='ocrx_word' id='word_1_334' title='bbox 2549 2153 2752 2208; x_wconf 90' lang='lat' dir='ltr'>itidem</span> <span class='ocrx_word' id='word_1_335' title='bbox 2781 2148 3210 2207; x_wconf 90' lang='lat' dir='ltr'>observandum</span> <span class='ocrx_word' id='word_1_336' title='bbox 3241 2143 3586 2202; x_wconf 87' lang='lat' dir='ltr'>ﬁrmissime</span> <span class='ocrx_word' id='word_1_337' title='bbox 3612 2141 3702 2198; x_wconf 90' lang='lat' dir='ltr'>in-</span> 
     </span>
    </p>
   </div>
   <div class='ocr_carea' id='block_1_52' title="bbox 2038 2233 3697 2302">
    <p class='ocr_par' dir='ltr' id='par_1_52' title="bbox 2038 2233 3697 2302">
     <span class='ocr_line' id='line_1_52' title="bbox 2038 2233 3697 2302; baseline -0.008 -1"><span class='ocrx_word' id='word_1_338' title='bbox 2038 2244 2455 2302; x_wconf 88' lang='lat' dir='ltr'>culcavit.Cum</span> <span class='ocrx_word' id='word_1_339' title='bbox 2488 2241 2760 2297; x_wconf 89' lang='lat' dir='ltr'>dicimus:</span> <span class='ocrx_word' id='word_1_340' title='bbox 2777 2245 2885 2295; x_wconf 89' lang='lat' dir='ltr'>Per</span> <span class='ocrx_word' id='word_1_341' title='bbox 2911 2240 3098 2295; x_wconf 81' lang='lat' dir='ltr'>omnia</span> <span class='ocrx_word' id='word_1_342' title='bbox 3121 2236 3324 2292; x_wconf 55' lang='lat' dir='ltr'>secula</span> <span class='ocrx_word' id='word_1_343' title='bbox 3341 2233 3697 2300; x_wconf 64' lang='lat' dir='ltr'>saeculorum,</span> 
     </span>
    </p>
   </div>
   <div class='ocr_carea' id='block_1_53' title="bbox 2037 2322 3702 2407">
    <p class='ocr_par' dir='ltr' id='par_1_53' title="bbox 2037 2322 3702 2407">
     <span class='ocr_line' id='line_1_53' title="bbox 2037 2322 3702 2407; baseline -0.008 -17"><span class='ocrx_word' id='word_1_344' title='bbox 2037 2351 2250 2407; x_wconf 92' lang='lat' dir='ltr'>corpus</span> <span class='ocrx_word' id='word_1_345' title='bbox 2281 2351 2417 2389; x_wconf 89' lang='lat' dir='ltr'>cum</span> <span class='ocrx_word' id='word_1_346' title='bbox 2447 2329 2624 2388; x_wconf 89' lang='lat' dir='ltr'>calice</span> <span class='ocrx_word' id='word_1_347' title='bbox 2643 2325 3201 2395; x_wconf 81' lang='lat' dir='ltr'>levamus,etstatim</span> <span class='ocrx_word' id='word_1_348' title='bbox 3232 2325 3294 2380; x_wconf 90' lang='lat' dir='ltr'>in</span> <span class='ocrx_word' id='word_1_349' title='bbox 3323 2322 3496 2380; x_wconf 78' lang='lat' dir='ltr'>altari</span> <span class='ocrx_word' id='word_1_350' title='bbox 3523 2322 3702 2394; x_wconf 84' lang='lat' dir='ltr'>depo-</span> 
     </span>
    </p>
   </div>
   <div class='ocr_carea' id='block_1_54' title="bbox 2040 2409 3698 2494">
    <p class='ocr_par' dir='ltr' id='par_1_54' title="bbox 2040 2409 3698 2494">
     <span class='ocr_line' id='line_1_54' title="bbox 2040 2409 3698 2494; baseline -0.01 -14"><span class='ocrx_word' id='word_1_351' title='bbox 2040 2423 2154 2479; x_wconf 89' lang='lat' dir='ltr'>sita</span> <span class='ocrx_word' id='word_1_352' title='bbox 2180 2419 2726 2494; x_wconf 86' lang='lat' dir='ltr'>cooperimus:0uia</span> <span class='ocrx_word' id='word_1_353' title='bbox 2753 2423 2812 2472; x_wconf 88' lang='lat' dir='ltr'>et</span> <span class='ocrx_word' id='word_1_354' title='bbox 2839 2415 3058 2486; x_wconf 87' lang='lat' dir='ltr'>Joseph</span> <span class='ocrx_word' id='word_1_355' title='bbox 3089 2429 3302 2486; x_wconf 91' lang='lat' dir='ltr'>corpus</span> <span class='ocrx_word' id='word_1_356' title='bbox 3315 2409 3698 2468; x_wconf 89' lang='lat' dir='ltr'>Dominicum</span> 
     </span>
    </p>
   </div>
   <div class='ocr_carea' id='block_1_55' title="bbox 2040 2497 3698 2577">
    <p class='ocr_par' dir='ltr' id='par_1_55' title="bbox 2040 2497 3698 2577">
     <span class='ocr_line' id='line_1_55' title="bbox 2040 2497 3698 2577; baseline -0.01 -8"><span class='ocrx_word' id='word_1_357' title='bbox 2040 2514 2112 2569; x_wconf 90' lang='lat' dir='ltr'>de</span> <span class='ocrx_word' id='word_1_358' title='bbox 2140 2527 2312 2568; x_wconf 92' lang='lat' dir='ltr'>cruce</span> <span class='ocrx_word' id='word_1_359' title='bbox 2348 2508 2574 2576; x_wconf 87' lang='lat' dir='ltr'>levavit,</span> <span class='ocrx_word' id='word_1_360' title='bbox 2608 2511 2666 2564; x_wconf 91' lang='lat' dir='ltr'>et</span> <span class='ocrx_word' id='word_1_361' title='bbox 2708 2506 2768 2561; x_wconf 90' lang='lat' dir='ltr'>in</span> <span class='ocrx_word' id='word_1_362' title='bbox 2817 2503 3083 2577; x_wconf 88' lang='lat' dir='ltr'>sepulcro</span> <span class='ocrx_word' id='word_1_363' title='bbox 3129 2500 3465 2574; x_wconf 89' lang='lat' dir='ltr'>depositum</span> <span class='ocrx_word' id='word_1_364' title='bbox 3498 2497 3698 2570; x_wconf 88' lang='lat' dir='ltr'>lapide</span> 
     </span>
    </p>
   </div>
   <div class='ocr_carea' id='block_1_56' title="bbox 2040 2589 3696 2674">
    <p class='ocr_par' dir='ltr' id='par_1_56' title="bbox 2040 2589 3696 2674">
     <span class='ocr_line' id='line_1_56' title="bbox 2040 2589 3696 2674; baseline -0.009 -17"><span class='ocrx_word' id='word_1_365' title='bbox 2040 2599 2356 2674; x_wconf 90' lang='lat' dir='ltr'>cooperuit.</span> <span class='ocrx_word' id='word_1_366' title='bbox 2399 2599 2716 2669; x_wconf 85' lang='lat' dir='ltr'>Hucusque</span> <span class='ocrx_word' id='word_1_367' title='bbox 2759 2593 2908 2650; x_wconf 84' lang='lat' dir='ltr'>calix</span> <span class='ocrx_word' id='word_1_368' title='bbox 2955 2609 3059 2665; x_wconf 87' lang='lat' dir='ltr'>pro</span> <span class='ocrx_word' id='word_1_369' title='bbox 3106 2589 3336 2646; x_wconf 88' lang='lat' dir='ltr'>cautela</span> <span class='ocrx_word' id='word_1_370' title='bbox 3381 2591 3696 2661; x_wconf 73' lang='lat' dir='ltr'>coopertus</span> 
     </span>
    </p>
   </div>
   <div class='ocr_carea' id='block_1_57' title="bbox 2037 2674 3696 2756">
    <p class='ocr_par' dir='ltr' id='par_1_57' title="bbox 2037 2674 3696 2756">
     <span class='ocr_line' id='line_1_57' title="bbox 2037 2674 3696 2756; baseline -0.009 -11"><span class='ocrx_word' id='word_1_371' title='bbox 2037 2686 2644 2756; x_wconf 87' lang='lat' dir='ltr'>videbatur,deinceps</span> <span class='ocrx_word' id='word_1_372' title='bbox 2657 2687 2853 2739; x_wconf 88' lang='lat' dir='ltr'>autem</span> <span class='ocrx_word' id='word_1_373' title='bbox 2868 2681 3056 2754; x_wconf 90' lang='lat' dir='ltr'>magis</span> <span class='ocrx_word' id='word_1_374' title='bbox 3069 2694 3172 2752; x_wconf 90' lang='lat' dir='ltr'>pro</span> <span class='ocrx_word' id='word_1_375' title='bbox 3193 2674 3474 2750; x_wconf 82' lang='lat' dir='ltr'>mysterio</span> <span class='ocrx_word' id='word_1_376' title='bbox 3487 2690 3696 2747; x_wconf 87' lang='lat' dir='ltr'>coope-</span> 
     </span>
    </p>
   </div>
   <div class='ocr_carea' id='block_1_58' title="bbox 2041 2763 3699 2848">
    <p class='ocr_par' dir='ltr' id='par_1_58' title="bbox 2041 2763 3699 2848">
     <span class='ocr_line' id='line_1_58' title="bbox 2041 2763 3699 2848; baseline -0.01 -14"><span class='ocrx_word' id='word_1_377' title='bbox 2041 2778 2212 2843; x_wconf 89' lang='lat' dir='ltr'>ritur,</span> <span class='ocrx_word' id='word_1_378' title='bbox 2243 2775 2383 2848; x_wconf 90' lang='lat' dir='ltr'>quia</span> <span class='ocrx_word' id='word_1_379' title='bbox 2413 2773 2566 2830; x_wconf 92' lang='lat' dir='ltr'>sicut</span> <span class='ocrx_word' id='word_1_380' title='bbox 2593 2771 2858 2828; x_wconf 88' lang='lat' dir='ltr'>Christus</span> <span class='ocrx_word' id='word_1_381' title='bbox 2892 2774 3011 2825; x_wconf 90' lang='lat' dir='ltr'>tres</span> <span class='ocrx_word' id='word_1_382' title='bbox 3041 2767 3167 2824; x_wconf 90' lang='lat' dir='ltr'>dies</span> <span class='ocrx_word' id='word_1_383' title='bbox 3197 2767 3256 2822; x_wconf 91' lang='lat' dir='ltr'>in</span> <span class='ocrx_word' id='word_1_384' title='bbox 3285 2763 3560 2838; x_wconf 88' lang='lat' dir='ltr'>sepulcro</span> <span class='ocrx_word' id='word_1_385' title='bbox 3586 2763 3699 2818; x_wconf 84' lang='lat' dir='ltr'>fuit</span> 
     </span>
    </p>
   </div>
   <div class='ocr_carea' id='block_1_59' title="bbox 2043 2851 3698 2938">
    <p class='ocr_par' dir='ltr' id='par_1_59' title="bbox 2043 2851 3698 2938">
     <span class='ocr_line' id='line_1_59' title="bbox 2043 2851 3698 2938; baseline -0.008 -16"><span class='ocrx_word' id='word_1_386' title='bbox 2043 2870 2372 2938; x_wconf 90' lang='lat' dir='ltr'>coopertus,</span> <span class='ocrx_word' id='word_1_387' title='bbox 2422 2862 2504 2918; x_wconf 88' lang='lat' dir='ltr'>ita</span> <span class='ocrx_word' id='word_1_388' title='bbox 2553 2865 2611 2918; x_wconf 92' lang='lat' dir='ltr'>et</span> <span class='ocrx_word' id='word_1_389' title='bbox 2654 2877 2762 2916; x_wconf 91' lang='lat' dir='ltr'>nos</span> <span class='ocrx_word' id='word_1_390' title='bbox 2819 2873 3030 2931; x_wconf 90' lang='lat' dir='ltr'>corpus</span> <span class='ocrx_word' id='word_1_391' title='bbox 3077 2854 3310 2912; x_wconf 88' lang='lat' dir='ltr'>Domini</span> <span class='ocrx_word' id='word_1_392' title='bbox 3353 2857 3414 2910; x_wconf 91' lang='lat' dir='ltr'>et</span> <span class='ocrx_word' id='word_1_393' title='bbox 3451 2851 3698 2909; x_wconf 85' lang='lat' dir='ltr'>calicem</span> 
     </span>
    </p>
   </div>
   <div class='ocr_carea' id='block_1_60' title="bbox 2043 2941 3700 3027">
    <p class='ocr_par' dir='ltr' id='par_1_60' title="bbox 2043 2941 3700 3027">
     <span class='ocr_line' id='line_1_60' title="bbox 2043 2941 3700 3027; baseline -0.009 -17"><span class='ocrx_word' id='word_1_394' title='bbox 2043 2949 2772 3027; x_wconf 89' lang='lat' dir='ltr'>cooperimus,usquedum</span> <span class='ocrx_word' id='word_1_395' title='bbox 2793 2951 2912 3003; x_wconf 86' lang='lat' dir='ltr'>tres</span> <span class='ocrx_word' id='word_1_396' title='bbox 2929 2944 3206 3003; x_wconf 87' lang='lat' dir='ltr'>articulos</span> <span class='ocrx_word' id='word_1_397' title='bbox 3235 2941 3520 3000; x_wconf 87' lang='lat' dir='ltr'>orationis</span> <span class='ocrx_word' id='word_1_398' title='bbox 3539 2957 3700 2998; x_wconf 91' lang='lat' dir='ltr'>com-</span> 
     </span>
    </p>
   </div>
   <div class='ocr_carea' id='block_1_61' title="bbox 2045 3029 3696 3116">
    <p class='ocr_par' dir='ltr' id='par_1_61' title="bbox 2045 3029 3696 3116">
     <span class='ocr_line' id='line_1_61' title="bbox 2045 3029 3696 3116; baseline -0.009 -17"><span class='ocrx_word' id='word_1_399' title='bbox 2045 3042 2332 3116; x_wconf 91' lang='lat' dir='ltr'>pleamus,</span> <span class='ocrx_word' id='word_1_400' title='bbox 2365 3040 2580 3114; x_wconf 89' lang='lat' dir='ltr'>quippe</span> <span class='ocrx_word' id='word_1_401' title='bbox 2608 3035 3004 3110; x_wconf 64' lang='lat' dir='ltr'>praefationem</span> <span class='ocrx_word' id='word_1_402' title='bbox 3040 3032 3357 3090; x_wconf 69' lang='lat' dir='ltr'>Dominicis</span> <span class='ocrx_word' id='word_1_403' title='bbox 3387 3029 3696 3096; x_wconf 89' lang='lat' dir='ltr'>orationis,</span> 
     </span>
    </p>
   </div>
   <div class='ocr_carea' id='block_1_62' title="bbox 2043 3117 3698 3204">
    <p class='ocr_par' dir='ltr' id='par_1_62' title="bbox 2043 3117 3698 3204">
     <span class='ocr_line' id='line_1_62' title="bbox 2043 3117 3698 3204; baseline -0.01 -16"><span class='ocrx_word' id='word_1_404' title='bbox 2043 3136 2100 3188; x_wconf 88' lang='lat' dir='ltr'>et</span> <span class='ocrx_word' id='word_1_405' title='bbox 2128 3132 2318 3204; x_wconf 89' lang='lat' dir='ltr'>ipsam</span> <span class='ocrx_word' id='word_1_406' title='bbox 2352 3127 2710 3184; x_wconf 89' lang='lat' dir='ltr'>Dominicam</span> <span class='ocrx_word' id='word_1_407' title='bbox 2741 3123 3146 3191; x_wconf 90' lang='lat' dir='ltr'>orationem,et</span> <span class='ocrx_word' id='word_1_408' title='bbox 3167 3119 3328 3176; x_wconf 89' lang='lat' dir='ltr'>illam</span> <span class='ocrx_word' id='word_1_409' title='bbox 3345 3135 3476 3191; x_wconf 64' lang='lat' dir='ltr'>qua</span> <span class='ocrx_word' id='word_1_410' title='bbox 3497 3117 3698 3190; x_wconf 87' lang='lat' dir='ltr'>sequi-</span> 
     </span>
    </p>
   </div>
   <div class='ocr_carea' id='block_1_63' title="bbox 293 3193 3694 3292">
    <p class='ocr_par' dir='ltr' id='par_1_63' title="bbox 293 3193 3694 3292">
     <span class='ocr_line' id='line_1_63' title="bbox 293 3193 3694 3292; baseline -0.01 2"><span class='ocrx_word' id='word_1_411' title='bbox 293 3198 1150 3292; x_wconf 31' lang='lat' dir='ltr'>““w“1’?-“ct“’ﬂp‘€&quot;‘?&#39;.</span> <span class='ocrx_word' id='word_1_412' title='bbox 1186 3195 1413 3248; x_wconf 63' lang='lat' dir='ltr'>mortem</span> <span class='ocrx_word' id='word_1_413' title='bbox 1458 3193 1682 3292; x_wconf 43' lang='lat' dir='ltr'>eam,&quot;</span> <span class='ocrx_word' id='word_1_414' title='bbox 1710 3205 1932 3292; x_wconf 40' lang='lat' dir='ltr'>“,mfun&#39;</span> <span class='ocrx_word' id='word_1_415' title='bbox 1964 3195 2008 3262; x_wconf 65' lang='grc' dir='ltr'>(ἶ</span> <span class='ocrx_word' id='word_1_416' title='bbox 2044 3193 2168 3287; x_wconf 61' lang='lat' dir='ltr'>tur;</span> <span class='ocrx_word' id='word_1_417' title='bbox 2192 3237 2318 3292; x_wconf 68' lang='lat' dir='ltr'>quae</span> <span class='ocrx_word' id='word_1_418' title='bbox 2349 3215 2598 3274; x_wconf 90' lang='lat' dir='ltr'>embolis</span> <span class='ocrx_word' id='word_1_419' title='bbox 2635 3210 2943 3270; x_wconf 64' lang='lat' dir='ltr'>Dominicis</span> <span class='ocrx_word' id='word_1_420' title='bbox 2985 3207 3267 3267; x_wconf 82' lang='lat' dir='ltr'>orationis</span> <span class='ocrx_word' id='word_1_421' title='bbox 3297 3211 3694 3278; x_wconf 87' lang='lat' dir='ltr'>nuncupatur.</span> 
     </span>
    </p>
   </div>
   <div class='ocr_carea' id='block_1_64' title="bbox 289 3279 1932 3361">
    <p class='ocr_par' dir='ltr' id='par_1_64' title="bbox 289 3279 1932 3361">
     <span class='ocr_line' id='line_1_64' title="bbox 289 3279 1932 3361; baseline -0.012 -11"><span class='ocrx_word' id='word_1_422' title='bbox 289 3292 497 3350; x_wconf 86' lang='lat' dir='ltr'>tiabitis</span> <span class='ocrx_word' id='word_1_423' title='bbox 521 3279 574 3361; x_wconf 63' lang='lat' dir='ltr'>ll</span> <span class='ocrx_word' id='word_1_424' title='bbox 597 3289 722 3346; x_wconf 84' lang='lat' dir='ltr'>Cor.</span> <span class='ocrx_word' id='word_1_425' title='bbox 750 3286 828 3357; x_wconf 66' lang='grc' dir='ltr'>Χ).</span> <span class='ocrx_word' id='word_1_426' title='bbox 861 3284 1024 3340; x_wconf 82' lang='lat' dir='ltr'>Unde</span> <span class='ocrx_word' id='word_1_427' title='bbox 1049 3285 1106 3338; x_wconf 91' lang='lat' dir='ltr'>et</span> <span class='ocrx_word' id='word_1_428' title='bbox 1135 3281 1260 3354; x_wconf 88' lang='lat' dir='ltr'>ipse</span> <span class='ocrx_word' id='word_1_429' title='bbox 1303 3279 1575 3336; x_wconf 89' lang='lat' dir='ltr'>sacerdos</span> <span class='ocrx_word' id='word_1_430' title='bbox 1614 3293 1718 3349; x_wconf 89' lang='lat' dir='ltr'>per</span> <span class='ocrx_word' id='word_1_431' title='bbox 1743 3280 1932 3332; x_wconf 88' lang='lat' dir='ltr'>totum</span> 
     </span>
    </p>
   </div>
   <div class='ocr_carea' id='block_1_65' title="bbox 290 3365 1936 3448">
    <p class='ocr_par' dir='ltr' id='par_1_65' title="bbox 290 3365 1936 3448">
     <span class='ocr_line' id='line_1_65' title="bbox 290 3365 1936 3448; baseline -0.012 -10"><span class='ocrx_word' id='word_1_432' title='bbox 290 3382 583 3438; x_wconf 88' lang='lat' dir='ltr'>Canonem</span> <span class='ocrx_word' id='word_1_433' title='bbox 615 3376 674 3431; x_wconf 90' lang='lat' dir='ltr'>in</span> <span class='ocrx_word' id='word_1_434' title='bbox 705 3372 1056 3448; x_wconf 89' lang='lat' dir='ltr'>expansione</span> <span class='ocrx_word' id='word_1_435' title='bbox 1105 3384 1388 3426; x_wconf 88' lang='lat' dir='ltr'>manuum</span> <span class='ocrx_word' id='word_1_436' title='bbox 1420 3383 1533 3424; x_wconf 90' lang='lat' dir='ltr'>non</span> <span class='ocrx_word' id='word_1_437' title='bbox 1567 3370 1686 3422; x_wconf 88' lang='lat' dir='ltr'>tam</span> <span class='ocrx_word' id='word_1_438' title='bbox 1721 3365 1936 3420; x_wconf 79' lang='lat' dir='ltr'>mentis</span> 
     </span>
    </p>
   </div>
   <div class='ocr_carea' id='block_1_66' title="bbox 290 3454 1936 3538">
    <p class='ocr_par' dir='ltr' id='par_1_66' title="bbox 290 3454 1936 3538">
     <span class='ocr_line' id='line_1_66' title="bbox 290 3454 1936 3538; baseline -0.012 -12"><span class='ocrx_word' id='word_1_439' title='bbox 290 3467 658 3526; x_wconf 89' lang='lat' dir='ltr'>devotionem</span> <span class='ocrx_word' id='word_1_440' title='bbox 689 3479 868 3538; x_wconf 87' lang='lat' dir='ltr'>quam</span> <span class='ocrx_word' id='word_1_441' title='bbox 897 3459 1109 3518; x_wconf 87' lang='lat' dir='ltr'>Christi</span> <span class='ocrx_word' id='word_1_442' title='bbox 1141 3456 1538 3516; x_wconf 85' lang='lat' dir='ltr'>extensionem</span> <span class='ocrx_word' id='word_1_443' title='bbox 1561 3455 1620 3510; x_wconf 90' lang='lat' dir='ltr'>in</span> <span class='ocrx_word' id='word_1_444' title='bbox 1650 3471 1820 3510; x_wconf 89' lang='lat' dir='ltr'>cruce</span> <span class='ocrx_word' id='word_1_445' title='bbox 1839 3454 1936 3509; x_wconf 88' lang='lat' dir='ltr'>de-</span> 
     </span>
    </p>
   </div>
   <div class='ocr_carea' id='block_1_67' title="bbox 289 3541 1932 3630">
    <p class='ocr_par' dir='ltr' id='par_1_67' title="bbox 289 3541 1932 3630">
     <span class='ocr_line' id='line_1_67' title="bbox 289 3541 1932 3630; baseline -0.01 -17"><span class='ocrx_word' id='word_1_446' title='bbox 289 3559 504 3630; x_wconf 89' lang='lat' dir='ltr'>signat,</span> <span class='ocrx_word' id='word_1_447' title='bbox 529 3555 701 3628; x_wconf 84' lang='lat' dir='ltr'>juxta</span> <span class='ocrx_word' id='word_1_448' title='bbox 732 3551 877 3607; x_wconf 90' lang='lat' dir='ltr'>illud</span> <span class='ocrx_word' id='word_1_449' title='bbox 913 3566 927 3605; x_wconf 89' lang='lat'>:</span> <span class='ocrx_word' id='word_1_450' title='bbox 972 3547 1225 3622; x_wconf 78' lang='lat' dir='ltr'>Expandi</span> <span class='ocrx_word' id='word_1_451' title='bbox 1274 3561 1472 3602; x_wconf 86' lang='lat' dir='ltr'>manus</span> <span class='ocrx_word' id='word_1_452' title='bbox 1509 3559 1658 3600; x_wconf 89' lang='lat' dir='ltr'>meas</span> <span class='ocrx_word' id='word_1_453' title='bbox 1687 3550 1797 3600; x_wconf 83' lang='lat' dir='ltr'>tota</span> <span class='ocrx_word' id='word_1_454' title='bbox 1824 3541 1932 3597; x_wconf 89' lang='lat' dir='ltr'>die.</span> 
     </span>
    </p>
   </div>
   <div class='ocr_carea' id='block_1_68' title="bbox 289 3631 1936 3720">
    <p class='ocr_par' dir='ltr' id='par_1_68' title="bbox 289 3631 1936 3720">
     <span class='ocr_line' id='line_1_68' title="bbox 289 3631 1936 3720; baseline -0.012 -17"><span class='ocrx_word' id='word_1_455' title='bbox 289 3648 413 3720; x_wconf 90' lang='lat' dir='ltr'>(Isa.</span> <span class='ocrx_word' id='word_1_456' title='bbox 449 3643 728 3715; x_wconf 82' lang='lat' dir='ltr'>va).Non</span> <span class='ocrx_word' id='word_1_457' title='bbox 759 3655 897 3712; x_wconf 92' lang='lat' dir='ltr'>ergo</span> <span class='ocrx_word' id='word_1_458' title='bbox 917 3637 1085 3710; x_wconf 85' lang='lat' dir='ltr'>digiti</span> <span class='ocrx_word' id='word_1_459' title='bbox 1118 3639 1258 3692; x_wconf 91' lang='lat' dir='ltr'>sunt</span> <span class='ocrx_word' id='word_1_460' title='bbox 1288 3631 1936 3702; x_wconf 88' lang='lat' dir='ltr'>contrahendisemper,</span> 
     </span>
    </p>
   </div>
   <div class='ocr_carea' id='block_1_69' title="bbox 287 3718 1937 3806">
    <p class='ocr_par' dir='ltr' id='par_1_69' title="bbox 287 3718 1937 3806">
     <span class='ocr_line' id='line_1_69' title="bbox 287 3718 1937 3806; baseline -0.011 -15"><span class='ocrx_word' id='word_1_461' title='bbox 287 3718 354 3791; x_wconf 85' lang='lat' dir='ltr'>ut</span> <span class='ocrx_word' id='word_1_462' title='bbox 383 3733 623 3806; x_wconf 91' lang='lat' dir='ltr'>quidam</span> <span class='ocrx_word' id='word_1_463' title='bbox 655 3747 772 3802; x_wconf 68' lang='lat' dir='ltr'>pra:</span> <span class='ocrx_word' id='word_1_464' title='bbox 803 3726 988 3783; x_wconf 89' lang='lat' dir='ltr'>nimia</span> <span class='ocrx_word' id='word_1_465' title='bbox 1031 3723 1256 3781; x_wconf 89' lang='lat' dir='ltr'>cautela</span> <span class='ocrx_word' id='word_1_466' title='bbox 1305 3723 1546 3779; x_wconf 87' lang='lat' dir='ltr'>faciunt.</span> <span class='ocrx_word' id='word_1_467' title='bbox 1579 3718 1728 3776; x_wconf 88' lang='lat' dir='ltr'>Male</span> <span class='ocrx_word' id='word_1_468' title='bbox 1779 3719 1937 3776; x_wconf 88' lang='lat' dir='ltr'>enim</span> 
     </span>
    </p>
   </div>
   <div class='ocr_carea' id='block_1_70' title="bbox 289 3812 1938 3887">
    <p class='ocr_par' dir='ltr' id='par_1_70' title="bbox 289 3812 1938 3887">
     <span class='ocr_line' id='line_1_70' title="bbox 289 3812 1938 3887; baseline -0.01 -8"><span class='ocrx_word' id='word_1_469' title='bbox 289 3822 444 3879; x_wconf 88' lang='lat' dir='ltr'>cauti</span> <span class='ocrx_word' id='word_1_470' title='bbox 475 3835 707 3887; x_wconf 87' lang='lat' dir='ltr'>sumus,</span> <span class='ocrx_word' id='word_1_471' title='bbox 739 3816 790 3872; x_wconf 89' lang='lat' dir='ltr'>si</span> <span class='ocrx_word' id='word_1_472' title='bbox 833 3813 1128 3871; x_wconf 89' lang='lat' dir='ltr'>Christum</span> <span class='ocrx_word' id='word_1_473' title='bbox 1159 3812 1377 3868; x_wconf 90' lang='lat' dir='ltr'>imitari</span> <span class='ocrx_word' id='word_1_474' title='bbox 1422 3824 1793 3880; x_wconf 84' lang='lat' dir='ltr'>summopere</span> <span class='ocrx_word' id='word_1_475' title='bbox 1821 3823 1938 3863; x_wconf 91' lang='lat' dir='ltr'>non</span> 
     </span>
    </p>
   </div>
   <div class='ocr_carea' id='block_1_71' title="bbox 291 3896 1941 3976">
    <p class='ocr_par' dir='ltr' id='par_1_71' title="bbox 291 3896 1941 3976">
     <span class='ocr_line' id='line_1_71' title="bbox 291 3896 1941 3976; baseline -0.009 -9"><span class='ocrx_word' id='word_1_476' title='bbox 291 3909 422 3967; x_wconf 90' lang='lat' dir='ltr'>stud</span> <span class='ocrx_word' id='word_1_477' title='bbox 431 3923 618 3964; x_wconf 91' lang='lat' dir='ltr'>emus.</span> <span class='ocrx_word' id='word_1_478' title='bbox 637 3906 971 3976; x_wconf 91' lang='lat' dir='ltr'>Congruum</span> <span class='ocrx_word' id='word_1_479' title='bbox 987 3919 1123 3976; x_wconf 90' lang='lat' dir='ltr'>ergo</span> <span class='ocrx_word' id='word_1_480' title='bbox 1136 3905 1225 3958; x_wconf 92' lang='lat' dir='ltr'>est</span> <span class='ocrx_word' id='word_1_481' title='bbox 1236 3905 1301 3956; x_wconf 92' lang='lat' dir='ltr'>ut</span> <span class='ocrx_word' id='word_1_482' title='bbox 1316 3915 1528 3956; x_wconf 88' lang='lat' dir='ltr'>manus</span> <span class='ocrx_word' id='word_1_483' title='bbox 1539 3896 1941 3970; x_wconf 75' lang='lat' dir='ltr'>expendamus</span> 
     </span>
    </p>
   </div>
   <div class='ocr_carea' id='block_1_72' title="bbox 289 3984 1940 4061">
    <p class='ocr_par' dir='ltr' id='par_1_72' title="bbox 289 3984 1940 4061">
     <span class='ocr_line' id='line_1_72' title="bbox 289 3984 1940 4061; baseline -0.008 -7"><span class='ocrx_word' id='word_1_484' title='bbox 289 3999 445 4054; x_wconf 85' lang='lat' dir='ltr'>infra</span> <span class='ocrx_word' id='word_1_485' title='bbox 470 3993 905 4061; x_wconf 85' lang='lat' dir='ltr'>Canonem,hoc</span> <span class='ocrx_word' id='word_1_486' title='bbox 923 3996 1118 4048; x_wconf 88' lang='lat' dir='ltr'>tamen</span> <span class='ocrx_word' id='word_1_487' title='bbox 1151 3991 1456 4047; x_wconf 90' lang='lat' dir='ltr'>observato</span> <span class='ocrx_word' id='word_1_488' title='bbox 1485 4003 1558 4042; x_wconf 90' lang='lat' dir='ltr'>ne</span> <span class='ocrx_word' id='word_1_489' title='bbox 1579 3985 1718 4058; x_wconf 91' lang='lat' dir='ltr'>quid</span> <span class='ocrx_word' id='word_1_490' title='bbox 1739 3984 1940 4058; x_wconf 91' lang='lat' dir='ltr'>digitis</span> 
     </span>
    </p>
   </div>
   <div class='ocr_carea' id='block_1_73' title="bbox 291 4075 1940 4159">
    <p class='ocr_par' dir='ltr' id='par_1_73' title="bbox 291 4075 1940 4159">
     <span class='ocr_line' id='line_1_73' title="bbox 291 4075 1940 4159; baseline -0.01 -16"><span class='ocrx_word' id='word_1_491' title='bbox 291 4092 604 4159; x_wconf 86' lang='lat' dir='ltr'>tangamus</span> <span class='ocrx_word' id='word_1_492' title='bbox 619 4081 1306 4156; x_wconf 63' lang='lat' dir='ltr'>praeterDominicorpus.</span> <span class='ocrx_word' id='word_1_493' title='bbox 1338 4075 1668 4132; x_wconf 86' lang='lat' dir='ltr'>Notandum</span> <span class='ocrx_word' id='word_1_494' title='bbox 1709 4089 1940 4146; x_wconf 90' lang='lat' dir='ltr'>quoque</span> 
     </span>
    </p>
   </div>
   <div class='ocr_carea' id='block_1_74' title="bbox 293 4161 1941 4248">
    <p class='ocr_par' dir='ltr' id='par_1_74' title="bbox 293 4161 1941 4248">
     <span class='ocr_line' id='line_1_74' title="bbox 293 4161 1941 4248; baseline -0.01 -16"><span class='ocrx_word' id='word_1_495' title='bbox 293 4175 354 4232; x_wconf 92' lang='lat' dir='ltr'>in</span> <span class='ocrx_word' id='word_1_496' title='bbox 383 4173 512 4248; x_wconf 91' lang='lat' dir='ltr'>ipso</span> <span class='ocrx_word' id='word_1_497' title='bbox 541 4171 773 4228; x_wconf 90' lang='lat' dir='ltr'>Canone</span> <span class='ocrx_word' id='word_1_498' title='bbox 797 4171 1134 4245; x_wconf 90' lang='lat' dir='ltr'>quinquies,</span> <span class='ocrx_word' id='word_1_499' title='bbox 1168 4182 1274 4240; x_wconf 88' lang='lat' dir='ltr'>per</span> <span class='ocrx_word' id='word_1_500' title='bbox 1300 4163 1595 4222; x_wconf 90' lang='lat' dir='ltr'>Christum</span> <span class='ocrx_word' id='word_1_501' title='bbox 1627 4161 1941 4218; x_wconf 90' lang='lat' dir='ltr'>Dominum</span> 
     </span>
    </p>
   </div>
   <div class='ocr_carea' id='block_1_75' title="bbox 295 4249 1942 4330">
    <p class='ocr_par' dir='ltr' id='par_1_75' title="bbox 295 4249 1942 4330">
     <span class='ocr_line' id='line_1_75' title="bbox 295 4249 1942 4330; baseline -0.009 -10"><span class='ocrx_word' id='word_1_502' title='bbox 295 4267 584 4330; x_wconf 90' lang='lat' dir='ltr'>nostrum,</span> <span class='ocrx_word' id='word_1_503' title='bbox 608 4259 838 4329; x_wconf 89' lang='lat' dir='ltr'>haberi;</span> <span class='ocrx_word' id='word_1_504' title='bbox 857 4261 986 4317; x_wconf 88' lang='lat' dir='ltr'>etin</span> <span class='ocrx_word' id='word_1_505' title='bbox 1005 4259 1137 4330; x_wconf 88' lang='lat' dir='ltr'>ipsa</span> <span class='ocrx_word' id='word_1_506' title='bbox 1147 4252 1419 4328; x_wconf 90' lang='lat' dir='ltr'>quinaria</span> <span class='ocrx_word' id='word_1_507' title='bbox 1436 4249 1806 4308; x_wconf 88' lang='lat' dir='ltr'>conclusione</span> <span class='ocrx_word' id='word_1_508' title='bbox 1825 4267 1942 4306; x_wconf 92' lang='lat' dir='ltr'>non</span> 
     </span>
    </p>
   </div>
   <div class='ocr_carea' id='block_1_76' title="bbox 293 4337 1945 4426">
    <p class='ocr_par' dir='ltr' id='par_1_76' title="bbox 293 4337 1945 4426">
     <span class='ocr_line' id='line_1_76' title="bbox 293 4337 1945 4426; baseline -0.01 -16"><span class='ocrx_word' id='word_1_509' title='bbox 293 4354 612 4426; x_wconf 87' lang='lat' dir='ltr'>incongrue</span> <span class='ocrx_word' id='word_1_510' title='bbox 642 4350 974 4423; x_wconf 89' lang='lat' dir='ltr'>quinariam</span> <span class='ocrx_word' id='word_1_511' title='bbox 988 4342 1224 4402; x_wconf 87' lang='lat' dir='ltr'>Domini</span> <span class='ocrx_word' id='word_1_512' title='bbox 1238 4340 1700 4396; x_wconf 71' lang='lat' dir='ltr'>vulnerationem</span> <span class='ocrx_word' id='word_1_513' title='bbox 1712 4337 1945 4395; x_wconf 89' lang='lat' dir='ltr'>intima-</span> 
     </span>
    </p>
   </div>
   <div class='ocr_carea' id='block_1_77' title="bbox 297 4427 1942 4514">
    <p class='ocr_par' dir='ltr' id='par_1_77' title="bbox 297 4427 1942 4514">
     <span class='ocr_line' id='line_1_77' title="bbox 297 4427 1942 4514; baseline -0.01 -16"><span class='ocrx_word' id='word_1_514' title='bbox 297 4440 679 4514; x_wconf 78' lang='lat' dir='ltr'>ri.Presbyter</span> <span class='ocrx_word' id='word_1_515' title='bbox 707 4441 903 4493; x_wconf 90' lang='lat' dir='ltr'>autem</span> <span class='ocrx_word' id='word_1_516' title='bbox 933 4448 1148 4490; x_wconf 89' lang='lat' dir='ltr'>manus</span> <span class='ocrx_word' id='word_1_517' title='bbox 1171 4446 1302 4486; x_wconf 79' lang='lat' dir='ltr'>raro</span> <span class='ocrx_word' id='word_1_518' title='bbox 1333 4429 1626 4484; x_wconf 87' lang='lat' dir='ltr'>remittere</span> <span class='ocrx_word' id='word_1_519' title='bbox 1655 4427 1942 4494; x_wconf 89' lang='lat' dir='ltr'>solet,nisi</span> 
     </span>
    </p>
   </div>
   <div class='ocr_carea' id='block_1_78' title="bbox 2040 3295 3698 3365">
    <p class='ocr_par' dir='ltr' id='par_1_78' title="bbox 2040 3295 3698 3365">
     <span class='ocr_line' id='line_1_78' title="bbox 2040 3295 3698 3365; baseline -0.008 0"><span class='ocrx_word' id='word_1_520' title='bbox 2040 3309 2218 3365; x_wconf 84' lang='lat' dir='ltr'>Juxta</span> <span class='ocrx_word' id='word_1_521' title='bbox 2245 3307 2576 3363; x_wconf 83' lang='lat' dir='ltr'>Romanum</span> <span class='ocrx_word' id='word_1_522' title='bbox 2609 3302 2874 3358; x_wconf 90' lang='lat' dir='ltr'>ordinem</span> <span class='ocrx_word' id='word_1_523' title='bbox 2907 3315 3040 3356; x_wconf 84' lang='lat' dir='ltr'>cum</span> <span class='ocrx_word' id='word_1_524' title='bbox 3068 3298 3313 3354; x_wconf 89' lang='lat' dir='ltr'>dicitur:</span> <span class='ocrx_word' id='word_1_525' title='bbox 3337 3298 3414 3352; x_wconf 85' lang='lat' dir='ltr'>Et</span> <span class='ocrx_word' id='word_1_526' title='bbox 3441 3295 3513 3350; x_wconf 85' lang='lat' dir='ltr'>ab</span> <span class='ocrx_word' id='word_1_527' title='bbox 3542 3296 3698 3352; x_wconf 79' lang='lat' dir='ltr'>omni</span> 
     </span>
    </p>
   </div>
   <div class='ocr_carea' id='block_1_79' title="bbox 2038 3382 3696 3470">
    <p class='ocr_par' dir='ltr' id='par_1_79' title="bbox 2038 3382 3696 3470">
     <span class='ocr_line' id='line_1_79' title="bbox 2038 3382 3696 3470; baseline -0.01 -16"><span class='ocrx_word' id='word_1_528' title='bbox 2038 3396 2448 3470; x_wconf 80' lang='lat' dir='ltr'>perturbatione</span> <span class='ocrx_word' id='word_1_529' title='bbox 2473 3389 2890 3462; x_wconf 84' lang='lat' dir='ltr'>securi,accipit</span> <span class='ocrx_word' id='word_1_530' title='bbox 2916 3387 3364 3444; x_wconf 87' lang='lat' dir='ltr'>archidiaconus</span> <span class='ocrx_word' id='word_1_531' title='bbox 3393 3401 3429 3440; x_wconf 87' lang='lat' dir='ltr'>a</span> <span class='ocrx_word' id='word_1_532' title='bbox 3457 3382 3696 3440; x_wconf 80' lang='lat' dir='ltr'>subdia-</span> 
     </span>
    </p>
   </div>
   <div class='ocr_carea' id='block_1_80' title="bbox 2043 3472 3694 3558">
    <p class='ocr_par' dir='ltr' id='par_1_80' title="bbox 2043 3472 3694 3558">
     <span class='ocr_line' id='line_1_80' title="bbox 2043 3472 3694 3558; baseline -0.011 -15"><span class='ocrx_word' id='word_1_533' title='bbox 2043 3503 2189 3542; x_wconf 91' lang='lat' dir='ltr'>cono</span> <span class='ocrx_word' id='word_1_534' title='bbox 2215 3489 2486 3558; x_wconf 77' lang='lat' dir='ltr'>patenum</span> <span class='ocrx_word' id='word_1_535' title='bbox 2519 3480 2761 3547; x_wconf 87' lang='lat' dir='ltr'>nudam,</span> <span class='ocrx_word' id='word_1_536' title='bbox 2779 3494 2959 3550; x_wconf 91' lang='lat' dir='ltr'>quam</span> <span class='ocrx_word' id='word_1_537' title='bbox 2987 3473 3294 3548; x_wconf 79' lang='lat' dir='ltr'>acolythus</span> <span class='ocrx_word' id='word_1_538' title='bbox 3321 3472 3694 3528; x_wconf 84' lang='lat' dir='ltr'>tenuitinvo-</span> 
     </span>
    </p>
   </div>
   <div class='ocr_carea' id='block_1_81' title="bbox 2043 3559 3700 3640">
    <p class='ocr_par' dir='ltr' id='par_1_81' title="bbox 2043 3559 3700 3640">
     <span class='ocr_line' id='line_1_81' title="bbox 2043 3559 3700 3640; baseline -0.011 -8"><span class='ocrx_word' id='word_1_539' title='bbox 2043 3576 2251 3640; x_wconf 78' lang='lat' dir='ltr'>lutum,</span> <span class='ocrx_word' id='word_1_540' title='bbox 2282 3571 2607 3630; x_wconf 89' lang='lat' dir='ltr'>osculatam</span> <span class='ocrx_word' id='word_1_541' title='bbox 2637 3569 2738 3624; x_wconf 91' lang='lat' dir='ltr'>dat</span> <span class='ocrx_word' id='word_1_542' title='bbox 2758 3566 2861 3622; x_wconf 90' lang='lat' dir='ltr'>uni</span> <span class='ocrx_word' id='word_1_543' title='bbox 2891 3581 2961 3622; x_wconf 80' lang='lat' dir='ltr'>ex</span> <span class='ocrx_word' id='word_1_544' title='bbox 2985 3561 3330 3620; x_wconf 89' lang='lat' dir='ltr'>diaconihus</span> <span class='ocrx_word' id='word_1_545' title='bbox 3354 3559 3700 3626; x_wconf 90' lang='lat' dir='ltr'>tenendam,</span> 
     </span>
    </p>
   </div>
   <div class='ocr_carea' id='block_1_82' title="bbox 2046 3648 3704 3722">
    <p class='ocr_par' dir='ltr' id='par_1_82' title="bbox 2046 3648 3704 3722">
     <span class='ocr_line' id='line_1_82' title="bbox 2046 3648 3704 3722; baseline -0.011 0"><span class='ocrx_word' id='word_1_546' title='bbox 2046 3665 2118 3722; x_wconf 92' lang='lat' dir='ltr'>ad</span> <span class='ocrx_word' id='word_1_547' title='bbox 2149 3659 2600 3720; x_wconf 82' lang='lat' dir='ltr'>contractionem</span> <span class='ocrx_word' id='word_1_548' title='bbox 2643 3656 2704 3712; x_wconf 91' lang='lat' dir='ltr'>in</span> <span class='ocrx_word' id='word_1_549' title='bbox 2735 3671 2806 3712; x_wconf 86' lang='lat' dir='ltr'>ea</span> <span class='ocrx_word' id='word_1_550' title='bbox 2851 3652 3196 3710; x_wconf 81' lang='lat' dir='ltr'>faciendam.</span> <span class='ocrx_word' id='word_1_551' title='bbox 3230 3649 3397 3707; x_wconf 89' lang='lat' dir='ltr'>Unde</span> <span class='ocrx_word' id='word_1_552' title='bbox 3425 3648 3704 3705; x_wconf 88' lang='lat' dir='ltr'>sacerdos</span> 
     </span>
    </p>
   </div>
   <div class='ocr_carea' id='block_1_83' title="bbox 2047 3736 3704 3810">
    <p class='ocr_par' dir='ltr' id='par_1_83' title="bbox 2047 3736 3704 3810">
     <span class='ocr_line' id='line_1_83' title="bbox 2047 3736 3704 3810; baseline -0.011 -1"><span class='ocrx_word' id='word_1_553' title='bbox 2047 3753 2174 3810; x_wconf 89' lang='lat' dir='ltr'>sine</span> <span class='ocrx_word' id='word_1_554' title='bbox 2205 3749 2474 3806; x_wconf 88' lang='lat' dir='ltr'>ministro</span> <span class='ocrx_word' id='word_1_555' title='bbox 2505 3745 2844 3804; x_wconf 84' lang='lat' dir='ltr'>sacrificans</span> <span class='ocrx_word' id='word_1_556' title='bbox 2873 3741 2945 3798; x_wconf 85' lang='lat' dir='ltr'>ad</span> <span class='ocrx_word' id='word_1_557' title='bbox 2975 3737 3456 3798; x_wconf 89' lang='lat' dir='ltr'>eumdemlocum</span> <span class='ocrx_word' id='word_1_558' title='bbox 3485 3751 3616 3794; x_wconf 88' lang='lat' dir='ltr'>eam</span> <span class='ocrx_word' id='word_1_559' title='bbox 3629 3736 3704 3792; x_wconf 87' lang='lat' dir='ltr'>de</span> 
     </span>
    </p>
   </div>
   <div class='ocr_carea' id='block_1_84' title="bbox 2047 3823 3704 3912">
    <p class='ocr_par' dir='ltr' id='par_1_84' title="bbox 2047 3823 3704 3912">
     <span class='ocr_line' id='line_1_84' title="bbox 2047 3823 3704 3912; baseline -0.013 -13"><span class='ocrx_word' id='word_1_560' title='bbox 2047 3835 2451 3912; x_wconf 88' lang='lat' dir='ltr'>subcorporali</span> <span class='ocrx_word' id='word_1_561' title='bbox 2481 3832 2887 3892; x_wconf 89' lang='lat' dir='ltr'>absconditam</span> <span class='ocrx_word' id='word_1_562' title='bbox 2917 3828 3188 3892; x_wconf 76' lang='lat' dir='ltr'>resumit,</span> <span class='ocrx_word' id='word_1_563' title='bbox 3207 3831 3266 3883; x_wconf 90' lang='lat' dir='ltr'>et</span> <span class='ocrx_word' id='word_1_564' title='bbox 3294 3823 3619 3883; x_wconf 84' lang='lat' dir='ltr'>osculatam</span> <span class='ocrx_word' id='word_1_565' title='bbox 3641 3824 3704 3879; x_wconf 91' lang='lat' dir='ltr'>in</span> 
     </span>
    </p>
   </div>
   <div class='ocr_carea' id='block_1_85' title="bbox 2049 3914 3703 3999">
    <p class='ocr_par' dir='ltr' id='par_1_85' title="bbox 2049 3914 3703 3999">
     <span class='ocr_line' id='line_1_85' title="bbox 2049 3914 3703 3999; baseline -0.012 -13"><span class='ocrx_word' id='word_1_566' title='bbox 2049 3929 2218 3987; x_wconf 82' lang='lat' dir='ltr'>altari</span> <span class='ocrx_word' id='word_1_567' title='bbox 2249 3925 2505 3999; x_wconf 90' lang='lat' dir='ltr'>deponit,</span> <span class='ocrx_word' id='word_1_568' title='bbox 2540 3929 2604 3980; x_wconf 90' lang='lat' dir='ltr'>ut</span> <span class='ocrx_word' id='word_1_569' title='bbox 2649 3920 2902 3978; x_wconf 88' lang='lat' dir='ltr'>hostiam</span> <span class='ocrx_word' id='word_1_570' title='bbox 2952 3918 3013 3973; x_wconf 89' lang='lat' dir='ltr'>in</span> <span class='ocrx_word' id='word_1_571' title='bbox 3055 3933 3124 3972; x_wconf 90' lang='lat' dir='ltr'>ea</span> <span class='ocrx_word' id='word_1_572' title='bbox 3171 3914 3527 3986; x_wconf 88' lang='lat' dir='ltr'>confringat.</span> <span class='ocrx_word' id='word_1_573' title='bbox 3559 3915 3703 3968; x_wconf 90' lang='lat' dir='ltr'>Cum</span> 
     </span>
    </p>
   </div>
   <div class='ocr_carea' id='block_1_86' title="bbox 2049 4000 3706 4075">
    <p class='ocr_par' dir='ltr' id='par_1_86' title="bbox 2049 4000 3706 4075">
     <span class='ocr_line' id='line_1_86' title="bbox 2049 4000 3706 4075; baseline -0.011 0"><span class='ocrx_word' id='word_1_574' title='bbox 2049 4021 2246 4075; x_wconf 89' lang='lat' dir='ltr'>autem</span> <span class='ocrx_word' id='word_1_575' title='bbox 2275 4015 2445 4071; x_wconf 89' lang='lat' dir='ltr'>dicit:</span> <span class='ocrx_word' id='word_1_576' title='bbox 2479 4015 2586 4068; x_wconf 88' lang='lat' dir='ltr'>Per</span> <span class='ocrx_word' id='word_1_577' title='bbox 2613 4011 2903 4067; x_wconf 86' lang='lat' dir='ltr'>Dominum</span> <span class='ocrx_word' id='word_1_578' title='bbox 2930 4001 3434 4075; x_wconf 82' lang='lat' dir='ltr'>nostrum,rumpit</span> <span class='ocrx_word' id='word_1_579' title='bbox 3449 4000 3706 4058; x_wconf 89' lang='lat' dir='ltr'>hostiam</span> 
     </span>
    </p>
   </div>
   <div class='ocr_carea' id='block_1_87' title="bbox 2050 4089 3706 4172">
    <p class='ocr_par' dir='ltr' id='par_1_87' title="bbox 2050 4089 3706 4172">
     <span class='ocr_line' id='line_1_87' title="bbox 2050 4089 3706 4172; baseline -0.011 -8"><span class='ocrx_word' id='word_1_580' title='bbox 2050 4123 2118 4164; x_wconf 87' lang='lat' dir='ltr'>ex</span> <span class='ocrx_word' id='word_1_581' title='bbox 2156 4107 2354 4162; x_wconf 88' lang='lat' dir='ltr'>dextro</span> <span class='ocrx_word' id='word_1_582' title='bbox 2403 4101 2582 4157; x_wconf 91' lang='lat' dir='ltr'>latere</span> <span class='ocrx_word' id='word_1_583' title='bbox 2603 4099 2776 4172; x_wconf 81' lang='lat' dir='ltr'>juxta</span> <span class='ocrx_word' id='word_1_584' title='bbox 2823 4094 3098 4152; x_wconf 90' lang='lat' dir='ltr'>Ordinem</span> <span class='ocrx_word' id='word_1_585' title='bbox 3148 4093 3222 4149; x_wconf 89' lang='lat' dir='ltr'>ad</span> <span class='ocrx_word' id='word_1_586' title='bbox 3271 4089 3706 4163; x_wconf 89' lang='lat' dir='ltr'>designandam</span> 
     </span>
    </p>
   </div>
   <div class='ocr_carea' id='block_1_88' title="bbox 2051 4178 3707 4259">
    <p class='ocr_par' dir='ltr' id='par_1_88' title="bbox 2051 4178 3707 4259">
     <span class='ocr_line' id='line_1_88' title="bbox 2051 4178 3707 4259; baseline -0.013 -7"><span class='ocrx_word' id='word_1_587' title='bbox 2051 4191 2338 4251; x_wconf 90' lang='lat' dir='ltr'>Dominici</span> <span class='ocrx_word' id='word_1_588' title='bbox 2388 4188 2589 4246; x_wconf 88' lang='lat' dir='ltr'>lateris</span> <span class='ocrx_word' id='word_1_589' title='bbox 2637 4183 3097 4259; x_wconf 89' lang='lat' dir='ltr'>percussionem.</span> <span class='ocrx_word' id='word_1_590' title='bbox 3148 4178 3371 4236; x_wconf 89' lang='lat' dir='ltr'>Deinde</span> <span class='ocrx_word' id='word_1_591' title='bbox 3417 4178 3707 4248; x_wconf 87' lang='lat' dir='ltr'>majorem</span> 
     </span>
    </p>
   </div>
   <div class='ocr_carea' id='block_1_89' title="bbox 2051 4265 3705 4357">
    <p class='ocr_par' dir='ltr' id='par_1_89' title="bbox 2051 4265 3705 4357">
     <span class='ocr_line' id='line_1_89' title="bbox 2051 4265 3705 4357; baseline -0.013 -17"><span class='ocrx_word' id='word_1_592' title='bbox 2051 4287 2277 4357; x_wconf 88' lang='lat' dir='ltr'>partem</span> <span class='ocrx_word' id='word_1_593' title='bbox 2300 4279 2358 4335; x_wconf 90' lang='lat' dir='ltr'>in</span> <span class='ocrx_word' id='word_1_594' title='bbox 2391 4279 2508 4334; x_wconf 90' lang='lat' dir='ltr'>duo</span> <span class='ocrx_word' id='word_1_595' title='bbox 2537 4273 2870 4346; x_wconf 77' lang='lat' dir='ltr'>confringit,</span> <span class='ocrx_word' id='word_1_596' title='bbox 2894 4274 2960 4327; x_wconf 93' lang='lat' dir='ltr'>ut</span> <span class='ocrx_word' id='word_1_597' title='bbox 2988 4273 3108 4325; x_wconf 87' lang='lat' dir='ltr'>tres</span> <span class='ocrx_word' id='word_1_598' title='bbox 3138 4265 3438 4341; x_wconf 84' lang='lat' dir='ltr'>portiones</span> <span class='ocrx_word' id='word_1_599' title='bbox 3477 4265 3554 4321; x_wconf 89' lang='lat' dir='ltr'>de</span> <span class='ocrx_word' id='word_1_600' title='bbox 3581 4281 3705 4320; x_wconf 88' lang='lat' dir='ltr'>cor-</span> 
     </span>
    </p>
   </div>
   <div class='ocr_carea' id='block_1_90' title="bbox 2051 4351 3704 4444">
    <p class='ocr_par' dir='ltr' id='par_1_90' title="bbox 2051 4351 3704 4444">
     <span class='ocr_line' id='line_1_90' title="bbox 2051 4351 3704 4444; baseline -0.013 -16"><span class='ocrx_word' id='word_1_601' title='bbox 2051 4351 2192 4444; x_wconf 78' lang='lat' dir='ltr'>pore</span> <span class='ocrx_word' id='word_1_602' title='bbox 2221 4365 2525 4425; x_wconf 91' lang='lat' dir='ltr'>Dominico</span> <span class='ocrx_word' id='word_1_603' title='bbox 2547 4362 2774 4420; x_wconf 85' lang='lat' dir='ltr'>efﬁcere</span> <span class='ocrx_word' id='word_1_604' title='bbox 2787 4357 3146 4433; x_wconf 88' lang='lat' dir='ltr'>possit.Nam</span> <span class='ocrx_word' id='word_1_605' title='bbox 3159 4369 3342 4411; x_wconf 89' lang='lat' dir='ltr'>unam</span> <span class='ocrx_word' id='word_1_606' title='bbox 3357 4353 3417 4410; x_wconf 92' lang='lat' dir='ltr'>in</span> <span class='ocrx_word' id='word_1_607' title='bbox 3438 4351 3704 4430; x_wconf 68' lang='lat' dir='ltr'>calicem,</span> 
     </span>
    </p>
   </div>
   <div class='ocr_carea' id='block_1_91' title="bbox 2053 4439 3710 4520">
    <p class='ocr_par' dir='ltr' id='par_1_91' title="bbox 2053 4439 3710 4520">
     <span class='ocr_line' id='line_1_91' title="bbox 2053 4439 3710 4520; baseline -0.013 -4"><span class='ocrx_word' id='word_1_608' title='bbox 2053 4439 2318 4516; x_wconf 79' lang='lat' dir='ltr'>faciendo</span> <span class='ocrx_word' id='word_1_609' title='bbox 2365 4469 2618 4520; x_wconf 89' lang='lat' dir='ltr'>crucem,</span> <span class='ocrx_word' id='word_1_610' title='bbox 2663 4449 2894 4504; x_wconf 84' lang='lat' dir='ltr'>mittere</span> <span class='ocrx_word' id='word_1_611' title='bbox 2941 4445 3131 4512; x_wconf 91' lang='lat' dir='ltr'>debet,</span> <span class='ocrx_word' id='word_1_612' title='bbox 3182 4457 3318 4498; x_wconf 89' lang='lat' dir='ltr'>cum</span> <span class='ocrx_word' id='word_1_613' title='bbox 3367 4439 3514 4497; x_wconf 90' lang='lat' dir='ltr'>dicit</span> <span class='ocrx_word' id='word_1_614' title='bbox 3544 4455 3560 4495; x_wconf 86' lang='lat'><strong>:</strong></span> <span class='ocrx_word' id='word_1_615' title='bbox 3589 4441 3710 4496; x_wconf 63' lang='lat' dir='ltr'>Pan:</span> 
     </span>
    </p>
   </div>
   <div class='ocr_carea' id='block_1_92' title="bbox 297 4517 3707 4624">
    <p class='ocr_par' dir='ltr' id='par_1_92' title="bbox 297 4517 3707 4624">
     <span class='ocr_line' id='line_1_92' title="bbox 297 4517 3707 4624; baseline -0.013 1"><span class='ocrx_word' id='word_1_616' title='bbox 297 4547 432 4624; x_wconf 40' lang='lat' dir='ltr'>quin</span> <span class='ocrx_word' id='word_1_617' title='bbox 452 4525 792 4624; x_wconf 48' lang='grc' dir='ltr'>,ηῗθθδῗδῗίο</span> <span class='ocrx_word' id='word_1_618' title='bbox 821 4517 1573 4624; x_wconf 54' lang='lat' dir='ltr'>PTQP°5iEt“f.°blaﬁ°fem.</span> <span class='ocrx_word' id='word_1_619' title='bbox 1606 4517 1946 4624; x_wconf 50' lang='grc' dir='ltr'>Ῐῗθηθάίθθνξ</span> <span class='ocrx_word' id='word_1_620' title='bbox 1975 4557 2022 4624; x_wconf 84' lang='lat' dir='ltr'><strong>D</strong></span> <span class='ocrx_word' id='word_1_621' title='bbox 2052 4546 2359 4604; x_wconf 86' lang='lat' dir='ltr'>Dominisit</span> <span class='ocrx_word' id='word_1_622' title='bbox 2383 4557 2594 4614; x_wconf 83' lang='lat' dir='ltr'>semper</span> <span class='ocrx_word' id='word_1_623' title='bbox 2605 4517 2977 4605; x_wconf 80' lang='lat' dir='ltr'>uobiscum,ad</span> <span class='ocrx_word' id='word_1_624' title='bbox 2993 4529 3430 4604; x_wconf 76' lang='lat' dir='ltr'>designandum</span> <span class='ocrx_word' id='word_1_625' title='bbox 3447 4529 3707 4602; x_wconf 87' lang='lat' dir='ltr'>corporis</span> 
     </span>
    </p>
   </div>
   <div class='ocr_carea' id='block_1_93' title="bbox 299 4601 1945 4686">
    <p class='ocr_par' dir='ltr' id='par_1_93' title="bbox 299 4601 1945 4686">
     <span class='ocr_line' id='line_1_93' title="bbox 299 4601 1945 4686; baseline -0.012 -10"><span class='ocrx_word' id='word_1_626' title='bbox 299 4615 802 4686; x_wconf 85' lang='lat' dir='ltr'>debet.Presbyter</span> <span class='ocrx_word' id='word_1_627' title='bbox 825 4615 884 4668; x_wconf 88' lang='lat' dir='ltr'>et</span> <span class='ocrx_word' id='word_1_628' title='bbox 912 4607 1378 4665; x_wconf 90' lang='lat' dir='ltr'>humiliatiouem</span> <span class='ocrx_word' id='word_1_629' title='bbox 1411 4603 1640 4660; x_wconf 90' lang='lat' dir='ltr'>Domini</span> <span class='ocrx_word' id='word_1_630' title='bbox 1665 4617 1853 4674; x_wconf 89' lang='lat' dir='ltr'>usque</span> <span class='ocrx_word' id='word_1_631' title='bbox 1872 4601 1945 4656; x_wconf 91' lang='lat' dir='ltr'>ad</span> 
     </span>
    </p>
   </div>
   <div class='ocr_carea' id='block_1_94' title="bbox 301 4693 1947 4776">
    <p class='ocr_par' dir='ltr' id='par_1_94' title="bbox 301 4693 1947 4776">
     <span class='ocr_line' id='line_1_94' title="bbox 301 4693 1947 4776; baseline -0.012 -12"><span class='ocrx_word' id='word_1_632' title='bbox 301 4723 554 4776; x_wconf 89' lang='lat' dir='ltr'>crucem,</span> <span class='ocrx_word' id='word_1_633' title='bbox 577 4709 644 4760; x_wconf 91' lang='lat' dir='ltr'>ut</span> <span class='ocrx_word' id='word_1_634' title='bbox 673 4695 1248 4776; x_wconf 62' lang='lat' dir='ltr'>pradiximusmobis</span> <span class='ocrx_word' id='word_1_635' title='bbox 1276 4693 1658 4760; x_wconf 87' lang='lat' dir='ltr'>indicat,cum</span> <span class='ocrx_word' id='word_1_636' title='bbox 1675 4707 1737 4748; x_wconf 93' lang='lat' dir='ltr'>se</span> <span class='ocrx_word' id='word_1_637' title='bbox 1759 4705 1947 4762; x_wconf 91' lang='lat' dir='ltr'>usque</span> 
     </span>
    </p>
   </div>
   <div class='ocr_carea' id='block_1_95' title="bbox 302 4781 1946 4857">
    <p class='ocr_par' dir='ltr' id='par_1_95' title="bbox 302 4781 1946 4857">
     <span class='ocr_line' id='line_1_95' title="bbox 302 4781 1946 4857; baseline -0.011 -5"><span class='ocrx_word' id='word_1_638' title='bbox 302 4796 376 4852; x_wconf 90' lang='lat' dir='ltr'>ad</span> <span class='ocrx_word' id='word_1_639' title='bbox 407 4795 588 4851; x_wconf 90' lang='lat' dir='ltr'>altare</span> <span class='ocrx_word' id='word_1_640' title='bbox 618 4789 880 4857; x_wconf 90' lang='lat' dir='ltr'>inclinat,</span> <span class='ocrx_word' id='word_1_641' title='bbox 909 4786 1154 4844; x_wconf 89' lang='lat' dir='ltr'>dicendo</span> <span class='ocrx_word' id='word_1_642' title='bbox 1189 4800 1202 4840; x_wconf 91' lang='lat'>:</span> <span class='ocrx_word' id='word_1_643' title='bbox 1238 4785 1384 4840; x_wconf 84' lang='lat' dir='ltr'>Hanc</span> <span class='ocrx_word' id='word_1_644' title='bbox 1425 4798 1550 4854; x_wconf 86' lang='lat' dir='ltr'>ergo</span> <span class='ocrx_word' id='word_1_645' title='bbox 1592 4781 1946 4856; x_wconf 80' lang='lat' dir='ltr'>oblationem.</span> 
     </span>
    </p>
   </div>
   <div class='ocr_carea' id='block_1_96' title="bbox 303 4869 1952 4950">
    <p class='ocr_par' dir='ltr' id='par_1_96' title="bbox 303 4869 1952 4950">
     <span class='ocr_line' id='line_1_96' title="bbox 303 4869 1952 4950; baseline -0.01 -10"><span class='ocrx_word' id='word_1_646' title='bbox 303 4884 512 4940; x_wconf 89' lang='lat' dir='ltr'>Statim</span> <span class='ocrx_word' id='word_1_647' title='bbox 536 4881 696 4938; x_wconf 89' lang='lat' dir='ltr'>enim</span> <span class='ocrx_word' id='word_1_648' title='bbox 747 4880 804 4935; x_wconf 91' lang='lat' dir='ltr'>in</span> <span class='ocrx_word' id='word_1_649' title='bbox 849 4874 1232 4950; x_wconf 89' lang='lat' dir='ltr'>sequentibus</span> <span class='ocrx_word' id='word_1_650' title='bbox 1263 4872 1518 4928; x_wconf 86' lang='lat' dir='ltr'>narratio</span> <span class='ocrx_word' id='word_1_651' title='bbox 1549 4874 1620 4927; x_wconf 92' lang='lat' dir='ltr'>de</span> <span class='ocrx_word' id='word_1_652' title='bbox 1654 4869 1952 4926; x_wconf 89' lang='lat' dir='ltr'>Dominica</span> 
     </span>
    </p>
   </div>
   <div class='ocr_carea' id='block_1_97' title="bbox 306 4957 1951 5046">
    <p class='ocr_par' dir='ltr' id='par_1_97' title="bbox 306 4957 1951 5046">
     <span class='ocr_line' id='line_1_97' title="bbox 306 4957 1951 5046; baseline -0.009 -20"><span class='ocrx_word' id='word_1_653' title='bbox 306 4972 578 5046; x_wconf 89' lang='lat' dir='ltr'>passione</span> <span class='ocrx_word' id='word_1_654' title='bbox 607 4968 932 5036; x_wconf 88' lang='lat' dir='ltr'>ordinatur,</span> <span class='ocrx_word' id='word_1_655' title='bbox 963 4965 1134 5036; x_wconf 87' lang='lat' dir='ltr'>cujus</span> <span class='ocrx_word' id='word_1_656' title='bbox 1160 4967 1334 5036; x_wconf 83' lang='lat' dir='ltr'>typus</span> <span class='ocrx_word' id='word_1_657' title='bbox 1351 4976 1538 5033; x_wconf 90' lang='lat' dir='ltr'>usque</span> <span class='ocrx_word' id='word_1_658' title='bbox 1568 4960 1637 5015; x_wconf 88' lang='lat' dir='ltr'>ad</span> <span class='ocrx_word' id='word_1_659' title='bbox 1670 4957 1951 5030; x_wconf 85' lang='lat' dir='ltr'>Supplices</span> 
     </span>
    </p>
   </div>
   <div class='ocr_carea' id='block_1_98' title="bbox 305 5046 1953 5131">
    <p class='ocr_par' dir='ltr' id='par_1_98' title="bbox 305 5046 1953 5131">
     <span class='ocr_line' id='line_1_98' title="bbox 305 5046 1953 5131; baseline -0.008 -17"><span class='ocrx_word' id='word_1_660' title='bbox 305 5063 358 5116; x_wconf 86' lang='lat' dir='ltr'>te</span> <span class='ocrx_word' id='word_1_661' title='bbox 405 5073 676 5131; x_wconf 81' lang='lat' dir='ltr'>rogamus,</span> <span class='ocrx_word' id='word_1_662' title='bbox 715 5057 1077 5112; x_wconf 83' lang='lat' dir='ltr'>observatur.</span> <span class='ocrx_word' id='word_1_663' title='bbox 1129 5051 1212 5108; x_wconf 92' lang='lat' dir='ltr'>Ibi</span> <span class='ocrx_word' id='word_1_664' title='bbox 1258 5049 1526 5106; x_wconf 89' lang='lat' dir='ltr'>videlicet</span> <span class='ocrx_word' id='word_1_665' title='bbox 1571 5046 1844 5104; x_wconf 89' lang='lat' dir='ltr'>sacerdos</span> <span class='ocrx_word' id='word_1_666' title='bbox 1891 5061 1953 5101; x_wconf 90' lang='lat' dir='ltr'>se</span> 
     </span>
    </p>
   </div>
   <div class='ocr_carea' id='block_1_99' title="bbox 302 5133 1953 5218">
    <p class='ocr_par' dir='ltr' id='par_1_99' title="bbox 302 5133 1953 5218">
     <span class='ocr_line' id='line_1_99' title="bbox 302 5133 1953 5218; baseline -0.009 -16"><span class='ocrx_word' id='word_1_667' title='bbox 302 5149 476 5218; x_wconf 87' lang='lat' dir='ltr'>juxta</span> <span class='ocrx_word' id='word_1_668' title='bbox 503 5145 684 5202; x_wconf 87' lang='lat' dir='ltr'>altare</span> <span class='ocrx_word' id='word_1_669' title='bbox 709 5143 1022 5208; x_wconf 86' lang='lat' dir='ltr'>inclinans,</span> <span class='ocrx_word' id='word_1_670' title='bbox 1055 5140 1354 5196; x_wconf 89' lang='lat' dir='ltr'>Christum</span> <span class='ocrx_word' id='word_1_671' title='bbox 1384 5138 1444 5193; x_wconf 90' lang='lat' dir='ltr'>in</span> <span class='ocrx_word' id='word_1_672' title='bbox 1475 5153 1646 5192; x_wconf 91' lang='lat' dir='ltr'>cruce</span> <span class='ocrx_word' id='word_1_673' title='bbox 1673 5133 1953 5190; x_wconf 86' lang='lat' dir='ltr'>inclinato</span> 
     </span>
    </p>
   </div>
   <div class='ocr_carea' id='block_1_100' title="bbox 313 5227 1480 5306">
    <p class='ocr_par' dir='ltr' id='par_1_100' title="bbox 313 5227 1480 5306">
     <span class='ocr_line' id='line_1_100' title="bbox 313 5227 1480 5306; baseline -0.009 -16"><span class='ocrx_word' id='word_1_674' title='bbox 313 5234 500 5306; x_wconf 86' lang='lat' dir='ltr'>capite</span> <span class='ocrx_word' id='word_1_675' title='bbox 528 5231 803 5304; x_wconf 89' lang='lat' dir='ltr'>spiritum</span> <span class='ocrx_word' id='word_1_676' title='bbox 834 5229 1144 5285; x_wconf 82' lang='lat' dir='ltr'>tradidisse</span> <span class='ocrx_word' id='word_1_677' title='bbox 1170 5227 1480 5301; x_wconf 84' lang='lat' dir='ltr'>signiﬁcat.</span> 
     </span>
    </p>
   </div>
   <div class='ocr_carea' id='block_1_101' title="bbox 384 5349 1888 5412">
    <p class='ocr_par' dir='ltr' id='par_1_101' title="bbox 384 5349 1888 5412">
     <span class='ocr_line' id='line_1_101' title="bbox 384 5349 1888 5412; baseline -0.007 0"><span class='ocrx_word' id='word_1_678' title='bbox 384 5356 512 5412; x_wconf 60' lang='lat' dir='ltr'>Cu).</span> <span class='ocrx_word' id='word_1_679' title='bbox 542 5350 710 5407; x_wconf 84' lang='lat' dir='ltr'><strong>XVII.</strong></span> <span class='ocrx_word' id='word_1_680' title='bbox 741 5379 812 5390; x_wconf 89' lang='lat'><strong><em>—</em></strong></span> <span class='ocrx_word' id='word_1_681' title='bbox 838 5351 914 5406; x_wconf 91' lang='lat' dir='ltr'>De</span> <span class='ocrx_word' id='word_1_682' title='bbox 939 5352 1444 5408; x_wconf 82' lang='lat' dir='ltr'>commemoratione</span> <span class='ocrx_word' id='word_1_683' title='bbox 1471 5349 1809 5404; x_wconf 81' lang='lat' dir='ltr'>mortuorum</span> <span class='ocrx_word' id='word_1_684' title='bbox 1836 5355 1888 5402; x_wconf 85' lang='lat' dir='ltr'>et</span> 
     </span>
    </p>
   </div>
   <div class='ocr_carea' id='block_1_102' title="bbox 437 5418 1820 5494">
    <p class='ocr_par' dir='ltr' id='par_1_102' title="bbox 437 5418 1820 5494">
     <span class='ocr_line' id='line_1_102' title="bbox 437 5418 1820 5494; baseline -0.006 -16"><span class='ocrx_word' id='word_1_685' title='bbox 437 5422 670 5493; x_wconf 85' lang='lat' dir='ltr'>reliquis</span> <span class='ocrx_word' id='word_1_686' title='bbox 699 5419 1051 5478; x_wconf 83' lang='lat' dir='ltr'>observantiis</span> <span class='ocrx_word' id='word_1_687' title='bbox 1081 5438 1248 5494; x_wconf 86' lang='lat' dir='ltr'>usque</span> <span class='ocrx_word' id='word_1_688' title='bbox 1277 5423 1335 5476; x_wconf 86' lang='lat' dir='ltr'>in</span> <span class='ocrx_word' id='word_1_689' title='bbox 1367 5423 1534 5493; x_wconf 81' lang='lat' dir='ltr'>ﬁnem</span> <span class='ocrx_word' id='word_1_690' title='bbox 1560 5418 1820 5475; x_wconf 86' lang='lat' dir='ltr'>Canonis.</span> 
     </span>
    </p>
   </div>
   <div class='ocr_carea' id='block_1_103' title="bbox 389 5523 1960 5585">
    <p class='ocr_par' dir='ltr' id='par_1_103' title="bbox 389 5523 1960 5585">
     <span class='ocr_line' id='line_1_103' title="bbox 389 5523 1960 5585; baseline -0.001 -3"><span class='ocrx_word' id='word_1_691' title='bbox 389 5527 526 5582; x_wconf 89' lang='lat' dir='ltr'>Post</span> <span class='ocrx_word' id='word_1_692' title='bbox 554 5527 800 5580; x_wconf 87' lang='lat' dir='ltr'>mortem</span> <span class='ocrx_word' id='word_1_693' title='bbox 829 5527 1040 5585; x_wconf 88' lang='lat' dir='ltr'>Christi</span> <span class='ocrx_word' id='word_1_694' title='bbox 1057 5527 1117 5582; x_wconf 91' lang='lat' dir='ltr'>in</span> <span class='ocrx_word' id='word_1_695' title='bbox 1139 5543 1308 5584; x_wconf 87' lang='lat' dir='ltr'>cruce</span> <span class='ocrx_word' id='word_1_696' title='bbox 1323 5523 1797 5582; x_wconf 89' lang='lat' dir='ltr'>commemoratio</span> <span class='ocrx_word' id='word_1_697' title='bbox 1810 5541 1960 5580; x_wconf 91' lang='lat' dir='ltr'>mor-</span> 
     </span>
    </p>
   </div>
   <div class='ocr_carea' id='block_1_104' title="bbox 317 5612 1958 5686">
    <p class='ocr_par' dir='ltr' id='par_1_104' title="bbox 317 5612 1958 5686">
     <span class='ocr_line' id='line_1_104' title="bbox 317 5612 1958 5686; baseline 0 -18"><span class='ocrx_word' id='word_1_698' title='bbox 317 5617 552 5668; x_wconf 90' lang='lat' dir='ltr'>tuorum</span> <span class='ocrx_word' id='word_1_699' title='bbox 585 5612 980 5686; x_wconf 80' lang='lat' dir='ltr'>subsequitur,</span> <span class='ocrx_word' id='word_1_700' title='bbox 1011 5616 1150 5686; x_wconf 85' lang='lat' dir='ltr'>quia</span> <span class='ocrx_word' id='word_1_701' title='bbox 1181 5632 1284 5670; x_wconf 91' lang='lat' dir='ltr'>nec</span> <span class='ocrx_word' id='word_1_702' title='bbox 1315 5613 1562 5670; x_wconf 86' lang='lat' dir='ltr'>aliorum</span> <span class='ocrx_word' id='word_1_703' title='bbox 1593 5615 1958 5668; x_wconf 89' lang='lat' dir='ltr'>mortuorum</span> 
     </span>
    </p>
   </div>
   <div class='ocr_carea' id='block_1_105' title="bbox 322 5699 1960 5776">
    <p class='ocr_par' dir='ltr' id='par_1_105' title="bbox 322 5699 1960 5776">
     <span class='ocr_line' id='line_1_105' title="bbox 322 5699 1960 5776; baseline 0 -20"><span class='ocrx_word' id='word_1_704' title='bbox 322 5699 771 5774; x_wconf 85' lang='lat' dir='ltr'>[defunctorum]</span> <span class='ocrx_word' id='word_1_705' title='bbox 801 5702 1274 5760; x_wconf 88' lang='lat' dir='ltr'>commemoratio</span> <span class='ocrx_word' id='word_1_706' title='bbox 1303 5701 1530 5776; x_wconf 86' lang='lat' dir='ltr'>agenda</span> <span class='ocrx_word' id='word_1_707' title='bbox 1557 5705 1668 5772; x_wconf 90' lang='lat' dir='ltr'>est,</span> <span class='ocrx_word' id='word_1_708' title='bbox 1697 5699 1812 5758; x_wconf 90' lang='lat' dir='ltr'>nisi</span> <span class='ocrx_word' id='word_1_709' title='bbox 1859 5699 1960 5773; x_wconf 91' lang='lat' dir='ltr'>qui</span> 
     </span>
    </p>
   </div>
   <div class='ocr_carea' id='block_1_106' title="bbox 2054 4616 3710 4702">
    <p class='ocr_par' dir='ltr' id='par_1_106' title="bbox 2054 4616 3710 4702">
     <span class='ocr_line' id='line_1_106' title="bbox 2054 4616 3710 4702; baseline -0.014 -8"><span class='ocrx_word' id='word_1_710' title='bbox 2054 4639 2113 4694; x_wconf 88' lang='lat' dir='ltr'>et</span> <span class='ocrx_word' id='word_1_711' title='bbox 2141 4635 2348 4691; x_wconf 71' lang='lat' dir='ltr'>animae</span> <span class='ocrx_word' id='word_1_712' title='bbox 2379 4625 2852 4702; x_wconf 87' lang='lat' dir='ltr'>conjunctionem</span> <span class='ocrx_word' id='word_1_713' title='bbox 2904 4621 2966 4678; x_wconf 89' lang='lat' dir='ltr'>in</span> <span class='ocrx_word' id='word_1_714' title='bbox 3004 4617 3430 4677; x_wconf 87' lang='lat' dir='ltr'>resurrectione</span> <span class='ocrx_word' id='word_1_715' title='bbox 3473 4616 3710 4674; x_wconf 89' lang='lat' dir='ltr'>Christi.</span> 
     </span>
    </p>
   </div>
   <div class='ocr_carea' id='block_1_107' title="bbox 2055 4705 3710 4790">
    <p class='ocr_par' dir='ltr' id='par_1_107' title="bbox 2055 4705 3710 4790">
     <span class='ocr_line' id='line_1_107' title="bbox 2055 4705 3710 4790; baseline -0.013 -8"><span class='ocrx_word' id='word_1_716' title='bbox 2055 4724 2313 4782; x_wconf 89' lang='lat' dir='ltr'>Alteram</span> <span class='ocrx_word' id='word_1_717' title='bbox 2343 4736 2476 4776; x_wconf 87' lang='lat' dir='ltr'>vero</span> <span class='ocrx_word' id='word_1_718' title='bbox 2506 4719 2632 4790; x_wconf 89' lang='lat' dir='ltr'>ipse</span> <span class='ocrx_word' id='word_1_719' title='bbox 2661 4713 2963 4788; x_wconf 82' lang='lat' dir='ltr'>presbyter</span> <span class='ocrx_word' id='word_1_720' title='bbox 2985 4707 3319 4767; x_wconf 85' lang='lat' dir='ltr'>necessario</span> <span class='ocrx_word' id='word_1_721' title='bbox 3346 4705 3554 4774; x_wconf 89' lang='lat' dir='ltr'>sumit,</span> <span class='ocrx_word' id='word_1_722' title='bbox 3579 4709 3710 4762; x_wconf 89' lang='lat' dir='ltr'>ante</span> 
     </span>
    </p>
   </div>
   <div class='ocr_carea' id='block_1_108' title="bbox 2057 4792 3712 4884">
    <p class='ocr_par' dir='ltr' id='par_1_108' title="bbox 2057 4792 3712 4884">
     <span class='ocr_line' id='line_1_108' title="bbox 2057 4792 3712 4884; baseline -0.014 -13"><span class='ocrx_word' id='word_1_723' title='bbox 2057 4813 2256 4872; x_wconf 89' lang='lat' dir='ltr'>calicis</span> <span class='ocrx_word' id='word_1_724' title='bbox 2289 4800 2988 4884; x_wconf 57' lang='lat' dir='ltr'>particip’ationemjuxta</span> <span class='ocrx_word' id='word_1_725' title='bbox 3003 4795 3374 4884; x_wconf 88' lang='lat' dir='ltr'>Dominicam</span> <span class='ocrx_word' id='word_1_726' title='bbox 3393 4792 3712 4850; x_wconf 85' lang='lat' dir='ltr'>institutio-</span> 
     </span>
    </p>
   </div>
   <div class='ocr_carea' id='block_1_109' title="bbox 2060 4881 3712 4961">
    <p class='ocr_par' dir='ltr' id='par_1_109' title="bbox 2060 4881 3712 4961">
     <span class='ocr_line' id='line_1_109' title="bbox 2060 4881 3712 4961; baseline -0.016 0"><span class='ocrx_word' id='word_1_727' title='bbox 2060 4920 2215 4961; x_wconf 88' lang='lat' dir='ltr'>nem.</span> <span class='ocrx_word' id='word_1_728' title='bbox 2236 4881 2490 4956; x_wconf 83' lang='lat' dir='ltr'>Tertiam</span> <span class='ocrx_word' id='word_1_729' title='bbox 2523 4897 2721 4950; x_wconf 90' lang='lat' dir='ltr'>autem</span> <span class='ocrx_word' id='word_1_730' title='bbox 2751 4883 3280 4946; x_wconf 89' lang='lat' dir='ltr'>communicaturis</span> <span class='ocrx_word' id='word_1_731' title='bbox 3309 4881 3431 4939; x_wconf 90' lang='lat' dir='ltr'>sive</span> <span class='ocrx_word' id='word_1_732' title='bbox 3461 4881 3712 4937; x_wconf 88' lang='lat' dir='ltr'>inﬁrmis</span> 
     </span>
    </p>
   </div>
   <div class='ocr_carea' id='block_1_110' title="bbox 2061 4968 3715 5049">
    <p class='ocr_par' dir='ltr' id='par_1_110' title="bbox 2061 4968 3715 5049">
     <span class='ocr_line' id='line_1_110' title="bbox 2061 4968 3715 5049; baseline -0.016 0"><span class='ocrx_word' id='word_1_733' title='bbox 2061 4987 2392 5049; x_wconf 86' lang='lat' dir='ltr'>necessario</span> <span class='ocrx_word' id='word_1_734' title='bbox 2419 4981 2796 5047; x_wconf 89' lang='lat' dir='ltr'>dimittit,nec</span> <span class='ocrx_word' id='word_1_735' title='bbox 2827 4975 2938 5032; x_wconf 90' lang='lat' dir='ltr'>hoc</span> <span class='ocrx_word' id='word_1_736' title='bbox 2968 4973 3172 5046; x_wconf 88' lang='lat' dir='ltr'>utique</span> <span class='ocrx_word' id='word_1_737' title='bbox 3204 4971 3332 5028; x_wconf 89' lang='lat' dir='ltr'>sine</span> <span class='ocrx_word' id='word_1_738' title='bbox 3363 4968 3506 5026; x_wconf 90' lang='lat' dir='ltr'>certi</span> <span class='ocrx_word' id='word_1_739' title='bbox 3537 4985 3715 5024; x_wconf 88' lang='lat' dir='ltr'>causa</span> 
     </span>
    </p>
   </div>
   <div class='ocr_carea' id='block_1_111' title="bbox 2062 5055 3711 5152">
    <p class='ocr_par' dir='ltr' id='par_1_111' title="bbox 2062 5055 3711 5152">
     <span class='ocr_line' id='line_1_111' title="bbox 2062 5055 3711 5152; baseline -0.017 -14"><span class='ocrx_word' id='word_1_740' title='bbox 2062 5068 2676 5152; x_wconf 82' lang='lat' dir='ltr'>mysterii.Tripliciter</span> <span class='ocrx_word' id='word_1_741' title='bbox 2689 5065 2846 5123; x_wconf 90' lang='lat' dir='ltr'>enim</span> <span class='ocrx_word' id='word_1_742' title='bbox 2867 5078 3079 5134; x_wconf 87' lang='lat' dir='ltr'>corpus</span> <span class='ocrx_word' id='word_1_743' title='bbox 3101 5055 3711 5129; x_wconf 83' lang='lat' dir='ltr'>Dominiintelligitur:</span> 
     </span>
    </p>
   </div>
   <div class='ocr_carea' id='block_1_112' title="bbox 2062 5144 3716 5234">
    <p class='ocr_par' dir='ltr' id='par_1_112' title="bbox 2062 5144 3716 5234">
     <span class='ocr_line' id='line_1_112' title="bbox 2062 5144 3716 5234; baseline -0.016 -9"><span class='ocrx_word' id='word_1_744' title='bbox 2062 5144 2248 5225; x_wconf 70' lang='lat' dir='ltr'>unum</span> <span class='ocrx_word' id='word_1_745' title='bbox 2301 5160 2458 5234; x_wconf 90' lang='lat' dir='ltr'>quod</span> <span class='ocrx_word' id='word_1_746' title='bbox 2491 5155 2808 5215; x_wconf 88' lang='lat' dir='ltr'>resurrexit</span> <span class='ocrx_word' id='word_1_747' title='bbox 2835 5169 2870 5208; x_wconf 93' lang='lat' dir='ltr'>a</span> <span class='ocrx_word' id='word_1_748' title='bbox 2921 5148 3194 5216; x_wconf 88' lang='lat' dir='ltr'>mortuis,</span> <span class='ocrx_word' id='word_1_749' title='bbox 3221 5145 3382 5219; x_wconf 91' lang='lat' dir='ltr'>quod</span> <span class='ocrx_word' id='word_1_750' title='bbox 3420 5144 3716 5218; x_wconf 87' lang='lat' dir='ltr'>signiﬁcat</span> 
     </span>
    </p>
   </div>
   <div class='ocr_carea' id='block_1_113' title="bbox 2064 5231 3716 5330">
    <p class='ocr_par' dir='ltr' id='par_1_113' title="bbox 2064 5231 3716 5330">
     <span class='ocr_line' id='line_1_113' title="bbox 2064 5231 3716 5330; baseline -0.015 -18"><span class='ocrx_word' id='word_1_751' title='bbox 2064 5231 2350 5330; x_wconf 79' lang='lat' dir='ltr'>particula</span> <span class='ocrx_word' id='word_1_752' title='bbox 2394 5249 2454 5304; x_wconf 91' lang='lat' dir='ltr'>in</span> <span class='ocrx_word' id='word_1_753' title='bbox 2486 5243 2836 5318; x_wconf 87' lang='lat' dir='ltr'>sanguinem</span> <span class='ocrx_word' id='word_1_754' title='bbox 2865 5239 3086 5308; x_wconf 90' lang='lat' dir='ltr'>missa;</span> <span class='ocrx_word' id='word_1_755' title='bbox 3119 5231 3495 5330; x_wconf 37' lang='lat' dir='ltr'>aliud,.quod</span> <span class='ocrx_word' id='word_1_756' title='bbox 3526 5231 3716 5288; x_wconf 91' lang='lat' dir='ltr'>adhuc</span> 
     </span>
    </p>
   </div>
   <div class='ocr_carea' id='block_1_114' title="bbox 2063 5319 3717 5406">
    <p class='ocr_par' dir='ltr' id='par_1_114' title="bbox 2063 5319 3717 5406">
     <span class='ocr_line' id='line_1_114' title="bbox 2063 5319 3717 5406; baseline -0.015 -5"><span class='ocrx_word' id='word_1_757' title='bbox 2063 5319 2202 5401; x_wconf 70' lang='lat' dir='ltr'>vivit</span> <span class='ocrx_word' id='word_1_758' title='bbox 2232 5341 2292 5397; x_wconf 92' lang='lat' dir='ltr'>in</span> <span class='ocrx_word' id='word_1_759' title='bbox 2321 5343 2497 5403; x_wconf 88' lang='lat' dir='ltr'>terra,</span> <span class='ocrx_word' id='word_1_760' title='bbox 2517 5331 2914 5406; x_wconf 87' lang='lat' dir='ltr'>signiﬁcatum</span> <span class='ocrx_word' id='word_1_761' title='bbox 2944 5342 3049 5401; x_wconf 90' lang='lat' dir='ltr'>per</span> <span class='ocrx_word' id='word_1_762' title='bbox 3078 5319 3432 5397; x_wconf 89' lang='lat' dir='ltr'>particulam</span> <span class='ocrx_word' id='word_1_763' title='bbox 3463 5337 3501 5376; x_wconf 90' lang='lat' dir='ltr'>a</span> <span class='ocrx_word' id='word_1_764' title='bbox 3523 5336 3717 5377; x_wconf 86' lang='lat' dir='ltr'>sacer-</span> 
     </span>
    </p>
   </div>
   <div class='ocr_carea' id='block_1_115' title="bbox 2066 5405 3718 5492">
    <p class='ocr_par' dir='ltr' id='par_1_115' title="bbox 2066 5405 3718 5492">
     <span class='ocr_line' id='line_1_115' title="bbox 2066 5405 3718 5492; baseline -0.015 -2"><span class='ocrx_word' id='word_1_765' title='bbox 2066 5435 2199 5490; x_wconf 87' lang='lat' dir='ltr'>dote</span> <span class='ocrx_word' id='word_1_766' title='bbox 2227 5405 2662 5492; x_wconf 87' lang='lat' dir='ltr'>consumptam;</span> <span class='ocrx_word' id='word_1_767' title='bbox 2687 5415 2946 5482; x_wconf 89' lang='lat' dir='ltr'>tertium,</span> <span class='ocrx_word' id='word_1_768' title='bbox 2970 5412 3126 5485; x_wconf 90' lang='lat' dir='ltr'>quod</span> <span class='ocrx_word' id='word_1_769' title='bbox 3147 5411 3278 5482; x_wconf 89' lang='lat' dir='ltr'>jam</span> <span class='ocrx_word' id='word_1_770' title='bbox 3309 5405 3634 5479; x_wconf 86' lang='lat' dir='ltr'>requiescit</span> <span class='ocrx_word' id='word_1_771' title='bbox 3661 5407 3718 5465; x_wconf 85' lang='lat' dir='ltr'>in</span> 
     </span>
    </p>
   </div>
   <div class='ocr_carea' id='block_1_116' title="bbox 2067 5492 3722 5584">
    <p class='ocr_par' dir='ltr' id='par_1_116' title="bbox 2067 5492 3722 5584">
     <span class='ocr_line' id='line_1_116' title="bbox 2067 5492 3722 5584; baseline -0.015 -6"><span class='ocrx_word' id='word_1_772' title='bbox 2067 5518 2316 5582; x_wconf 89' lang='lat' dir='ltr'>Christo,</span> <span class='ocrx_word' id='word_1_773' title='bbox 2349 5509 2505 5584; x_wconf 92' lang='lat' dir='ltr'>quod</span> <span class='ocrx_word' id='word_1_774' title='bbox 2535 5511 2592 5563; x_wconf 91' lang='lat' dir='ltr'>et</span> <span class='ocrx_word' id='word_1_775' title='bbox 2621 5523 2655 5563; x_wconf 89' lang='lat' dir='ltr'>a</span> <span class='ocrx_word' id='word_1_776' title='bbox 2682 5503 2853 5562; x_wconf 88' lang='lat' dir='ltr'>tertia</span> <span class='ocrx_word' id='word_1_777' title='bbox 2881 5498 3166 5576; x_wconf 87' lang='lat' dir='ltr'>particula</span> <span class='ocrx_word' id='word_1_778' title='bbox 3200 5497 3260 5554; x_wconf 89' lang='lat' dir='ltr'>in</span> <span class='ocrx_word' id='word_1_779' title='bbox 3290 5492 3466 5553; x_wconf 85' lang='lat' dir='ltr'>altari</span> <span class='ocrx_word' id='word_1_780' title='bbox 3495 5501 3722 5553; x_wconf 84' lang='lat' dir='ltr'>servata</span> 
     </span>
    </p>
   </div>
   <div class='ocr_carea' id='block_1_117' title="bbox 2067 5584 3722 5683">
    <p class='ocr_par' dir='ltr' id='par_1_117' title="bbox 2067 5584 3722 5683">
     <span class='ocr_line' id='line_1_117' title="bbox 2067 5584 3722 5683; baseline -0.019 -15"><span class='ocrx_word' id='word_1_781' title='bbox 2067 5613 2202 5683; x_wconf 87' lang='lat' dir='ltr'>apte</span> <span class='ocrx_word' id='word_1_782' title='bbox 2233 5605 2534 5676; x_wconf 83' lang='lat' dir='ltr'>ﬁguratur,</span> <span class='ocrx_word' id='word_1_783' title='bbox 2565 5611 2745 5669; x_wconf 89' lang='lat' dir='ltr'>quam</span> <span class='ocrx_word' id='word_1_784' title='bbox 2789 5592 3068 5650; x_wconf 88' lang='lat' dir='ltr'>viaticum</span> <span class='ocrx_word' id='word_1_785' title='bbox 3108 5584 3492 5645; x_wconf 89' lang='lat' dir='ltr'>morientium</span> <span class='ocrx_word' id='word_1_786' title='bbox 3524 5585 3722 5658; x_wconf 87' lang='lat' dir='ltr'>appel-</span> 
     </span>
    </p>
   </div>
   <div class='ocr_carea' id='block_1_118' title="bbox 2068 5691 2493 5758">
    <p class='ocr_par' dir='ltr' id='par_1_118' title="bbox 2068 5691 2493 5758">
     <span class='ocr_line' id='line_1_118' title="bbox 2068 5691 2493 5758; baseline -0.028 -2"><span class='ocrx_word' id='word_1_787' title='bbox 2068 5700 2189 5758; x_wconf 83' lang='lat' dir='ltr'>lare</span> <span class='ocrx_word' id='word_1_788' title='bbox 2219 5691 2493 5753; x_wconf 89' lang='lat' dir='ltr'>solemus.</span> 
     </span>
    </p>
   </div>
  </div>
