3920 6208
272 351 385 416 991

1643 348 1955 420 MONUM.
1999 348 2319 420 LITURG.

272 491 383 547 sub
413 489 583 547 beato
614 493 862 546 Damaso
892 492 950 546 et
986 492 1117 563 post
1142 472 1340 563 ipsum
1369 502 1557 564 usque
1584 488 1657 545 ad
1683 488 1911 545 Sixtum
1941 487 1995 554 Α
2025 488 2247 560 absque
2270 487 2432 561 gravi
2453 485 2729 545 seandalo
2749 504 2783 545 a
2808 487 3163 563 presbyteris
3184 486 3245 546 in
3262 486 3485 563 populo
3501 488 3684 547 inter-

272 595 671 636 successorem
700 580 849 651 ejus,
873 578 1283 636 ecclesiasticis
1307 578 1588 636 institutis
1617 577 1921 633 studiosis-

272 667 797 741 simeinvigilavit:
832 669 975 741 ipse,
1010 670 1270 741 inquam,
1304 667 1537 724 Rustico
1555 666 1915 723 Narbonensi

271 757 543 829 episcopo
574 758 645 812 de
688 757 1100 814 ecclesiasticis
1130 757 1433 813 ordinibus
1472 756 1754 821 scribens,
1788 772 1917 826 pre-

272 847 538 919 sbyteros
568 863 602 901 a
631 846 1033 903 benedictione
1063 863 1240 919 super
1269 844 1551 918 populum
1583 862 1697 900 non
1728 844 1917 917 prohi-

274 935 499 991 bendos
528 952 657 991 esse
687 922 926 991 asserit:
967 958 987 984 α
1042 936 1125 999 Si,
1170 934 1382 1007 inquit,
1426 934 1727 1007 presbyter
1752 934 1915 989 Chri-

272 1027 429 1079 stum
456 1028 778 1090 consecrat,
802 1039 934 1078 cum
971 1024 1029 1078 in
1062 1023 1265 1079 altario
1296 1023 1397 1079 Dei
1429 1027 1795 1079 sacramenta
1822 1024 1919 1078 be-

271 1113 508 1178 nedicit,
542 1111 877 1168 benedicere
923 1111 1203 1184 populum
1239 1129 1353 1167 non
1393 1113 1582 1180 debet,
1616 1112 1715 1183 qui
1747 1110 1916 1167 Chri-

271 1205 425 1255 stum
458 1199 673 1255 meruit
700 1200 1074 1256 consecrare?
1094 1224 1119 1250 ››
1153 1200 1220 1255 Et
1252 1204 1384 1272 post
1413 1216 1627 1273 pauca:
1662 1222 1689 1249 «
1724 1199 1913 1254 Hocin

269 1288 528 1344 ecclesiis
556 1288 675 1343 tuis
706 1287 875 1361 [suis]
908 1289 1228 1361 presbyteri
1262 1289 1495 1355 faciant,
1520 1288 1673 1361 quod
1698 1289 1914 1355 Romae,

267 1378 387 1432 sive
418 1378 574 1449 quod
608 1377 667 1432 in
715 1377 967 1442 Oriente,
1013 1379 1166 1449 quod
1209 1378 1263 1432 in
1293 1377 1504 1443 Africa,
1539 1377 1692 1449 quod
1728 1377 1784 1430 in
1820 1376 1916 1431 Hi-

267 1465 493 1538 spania,
528 1466 683 1537 quod
710 1465 766 1520 in
802 1465 1119 1534 Britannia,
1153 1466 1306 1538 quod
1344 1466 1401 1520 in
1430 1465 1634 1531 Gallia,
1669 1466 1821 1537 quod
1857 1466 1913 1519 in

267 1555 543 1611 omnibus
573 1554 714 1611 locis
739 1555 837 1610 ubi
869 1554 1173 1610 humilitas
1205 1558 1546 1627 perseverat.
1568 1554 1645 1609 Ex
1665 1554 1757 1609 his
1778 1570 1915 1626 ergo

268 1643 555 1714 conjicere
587 1658 907 1714 possumus
948 1643 1184 1699 beatum
1220 1647 1532 1698 Damasum
1559 1659 1770 1715 papam
1802 1643 1915 1698 bu-

260 1731 525 1803 jusmodi
568 1731 1031 1787 benedictionem
1084 1732 1436 1804 presbyteris
1486 1730 1768 1798 illicitam,
1816 1737 1917 1787 aut

2029 576 2180 633 mitti
2198 577 2606 651 [praetermitti]
2629 577 2833 650 possit,
2858 577 2972 633 nisi
2996 578 3143 634 forte
3173 577 3684 650 apostolicssedes

2026 665 2372 738 generaliter
2398 670 2456 722 et
2485 666 2841 739 synodaliter
2859 666 3167 739 prohibere
3190 666 3467 724 voluerit.

2111 755 2245 810 Car.
2270 754 2436 810 XXII.
2469 786 2537 795 ——
2568 755 2710 823 Quid
2739 755 2985 813 sacerdos
3012 760 3142 828 agat
3168 760 3295 828 post
3321 758 3598 813 missam?

2100 844 2305 899 Finitis
2350 844 2624 899 omnibus
2656 844 2956 901 osculatur
2996 845 3271 902 sacerdos
3330 847 3691 920 [presbyter]

2026 931 2230 998 altare,
2263 932 2500 989 dicens:
2553 935 2776 989 Placeat
2821 935 3139 1001 tibi,sancla
3173 935 3431 991 Trinitas.
3464 935 3693 993 Deinde

2027 1022 2209 1077 sacris
2238 1023 2498 1078 vestibus
2548 1038 2610 1077 se
2656 1038 2897 1088 exuens,
2933 1026 3133 1078 cantat
3160 1023 3451 1096 hymnum
3498 1024 3690 1080 trium

2026 1126 2362 1183 puerorum,
2378 1111 2713 1183 juxtaquod
2743 1115 2939 1183 patres
2972 1111 3033 1166 in
3047 1108 3330 1167 Toletano
3352 1111 3600 1168 concilio
3630 1128 3691 1168 ιν

2025 1200 2405 1255 decreverunt
2470 1216 2598 1272 cap.
2659 1200 2748 1265 M,
2807 1198 3078 1255 videlicet
3132 1203 3198 1254 ut
3264 1199 3688 1259 examinationi
3749 1242 3757 1248 ς

2025 1288 2353 1359 subjaceret
2381 1288 2717 1360 quicunque
2766 1289 3040 1344 sacerdos
3085 1288 3363 1345 eumdem
3391 1288 3685 1361 hymnum

2026 1380 2156 1449 post
2187 1377 2429 1433 missam
2459 1378 2650 1433 dicere
2694 1377 3033 1449 negligeret.
3066 1376 3369 1433 Psalmum
3400 1386 3638 1451 qudque
3665 1394 3684 1435 τ

2023 1465 2263 1521 Laudato
2291 1466 2581 1521 Dominum
2609 1467 2669 1520 in
2687 1468 2890 1521 sanctis
2912 1467 3029 1536 ejus
3062 1466 3119 1520 in
3144 1466 3483 1537 gratiarum
3503 1467 3684 1524 δοιίοο

2025 1568 2159 1609 nem
2192 1554 2578 1627 subjungens,
2613 1571 2747 1610 cum
2793 1556 2959 1611 Pater
2986 1562 3189 1622 noster,
3224 1558 3283 1610 et
3310 1555 3579 1611 versibus
3610 1556 3682 1612 ad

2026 1643 2130 1697 hoc
2184 1644 2671 1715 competentibus,
2731 1643 3027 1699 concludit
3082 1660 3214 1699 eam
3254 1659 3390 1699 cum
3420 1644 3687 1701 oratione

2025 1730 2154 1786 illa:
2188 1732 2327 1786 Deus
2355 1733 2450 1803 qui
2491 1730 2667 1786 tribus
2694 1732 2906 1803 pueris.
2942 1730 3262 1787 Sciendum
3292 1735 3488 1789 autem
3509 1732 3692 1804 juxta

268 1820 500 1893 penitus
546 1837 660 1876 non
711 1820 947 1889 dixisse,
997 1825 1099 1876 aut
1149 1820 1198 1876 si
1243 1820 1408 1888 dixit,
1460 1819 1913 1876 ecclesiasticam
1945 1852 1993 1918 Β
2024 1821 2258 1875 decreta
2308 1819 2652 1918 pontificum
2699 1820 2856 1892 quod
2884 1820 3227 1918 presbytero
3277 1836 3391 1918 non
3418 1819 3555 1877 licet
3580 1837 3688 1878 co-

267 1914 463 1965 tamen
497 1910 981 1965 consuetudinem
1001 1909 1183 1965 inhoc
1211 1910 1603 1982 praevaluisse,
1631 1912 1918 1982 praecipue
1945 1907 1991 1918 ”
2026 1925 2150 1964 ram
2180 1909 2472 1981 episcopo,
2525 1907 2637 1964 nisi
2671 1925 2738 1964 eo
2762 1908 3029 1980 jubente,
3081 1907 3172 1964 vel
3206 1907 3552 1976 sacriﬁcare,
3582 1909 3685 1965 vel

268 2013 402 2052 cum
434 1996 620 2069 ipsius
648 1998 822 2053 verba
842 1998 924 2053 ita
948 1997 1177 2070 possint
1196 1997 1441 2069 intelligi
1466 2002 1531 2053 ut
1550 1999 1916 2071 presbyteros

267 2086 498 2141 doceret
544 2087 697 2158 quod
739 2087 824 2142 eis
853 2088 1021 2158 quasi
1054 2103 1123 2142 ex
1153 2087 1386 2160 proprio
1417 2087 1608 2143 ofﬁcio
1633 2105 1916 2159 usurpare

266 2191 381 2232 non
414 2175 994 2250 liceret,quod[quid]
1025 2177 1111 2233 eis
1140 2178 1212 2232 ab
1232 2175 1550 2249 episcOpali
1569 2176 1916 2232 auctoritate

266 2263 501 2320 concedi
529 2280 701 2336 posse
732 2281 848 2320 non
891 2265 1247 2338 ignorarent.
1290 2264 1385 2320 Sic
1415 2264 1570 2320 enim
1603 2263 1914 2320 confirma-

265 2352 345 2408 tio
390 2352 816 2425 neopbytorum
871 2352 1105 2426 penitus
1158 2358 1428 2426 separata
1474 2358 1564 2409 est
1608 2354 1679 2409 ab
1722 2353 1913 2409 ofﬁcio

266 2441 779 2514 presbyterorum:
832 2459 1008 2515 quam
1062 2446 1260 2499 tamen
1324 2448 1562 2499 sanctus
1601 2442 1912 2514 Gregorius

264 2547 418 2602 papa
443 2530 669 2602 primus
690 2530 1046 2602 quibusdam
1079 2531 1431 2605 presbyteris
1461 2532 1819 2588 concessisse
1839 2531 1915 2587 1e-

266 2618 772 2691 ]egitur,scrib‘ens
783 2620 1066 2675 Januario
1078 2620 1405 2676 Calaritano
1419 2620 1708 2692 episcopo:
1726 2619 1911 2675 «Item

264 2711 323 2763 et
352 2708 807 2779 susceptionem,
823 2709 1229 2780 pmuitentium
1252 2726 1365 2765 non
1389 2725 1457 2764 ex
1486 2726 1595 2765 sua
1615 2725 1915 2765 consecra-

263 2794 445 2863 tione,
487 2796 588 2852 sed
636 2812 705 2852 ex
734 2796 1141 2869 episcoporum
1192 2798 1565 2853 concessione
1596 2796 1913 2870 presbyteri

264 2884 479 2940 habere
508 2888 866 2940 meruerunt.
900 2886 1062 2951 Quod
1090 2884 1258 2942 illum
1291 2902 1406 2942 non
1425 2884 1645 2953 latebit,
1664 2885 1911 2958 quicun-

265 2987 381 3045 que
426 2971 690 3029 ordinem
736 2974 1193 3031 consecrationis
1243 2990 1468 3042 eorum,
1522 2976 1642 3031 sive
1695 2978 1914 3031 statuta

263 3064 603 3118 sanctorum
652 3062 913 3130 Patrum,
956 3063 1267 3136 diligenter
1296 3063 1630 3136 inspexerit.
1686 3086 1714 3113 ››
1763 3065 1910 3135 Aga-

265 3149 471 3205 thcnse
522 3165 754 3222 quoque
800 3150 1115 3207 concilium
1163 3150 1419 3224 capitulo
1458 3152 1911 3224 quadragesimo

2025 1997 2305 2070 populum
2355 1996 2720 2062 benedicere,
2762 1997 2849 2052 vel
2898 1996 3175 2067 salutare,
3227 1996 3317 2053 vel
3364 1996 3682 2055 exhortari.

2029 2084 2187 2142 Unde
2212 2101 2348 2141 cum
2378 2084 2520 2158 legit
2547 2084 2911 2159 evangelium
2946 2101 3141 2142 coram
3176 2085 3472 2159 episcopo,
3507 2086 3687 2143 bene-

2021 2175 2332 2231 dictionem
2364 2174 2512 2247 petit
2545 2175 2617 2229 ab
2649 2190 2738 2230 eo.
2793 2175 2937 2231 Item
2989 2191 3125 2230 cum
3178 2173 3302 2230 vult
3328 2174 3681 2242 sacriﬁcare,

2021 2262 2264 2318 inclinat
2311 2279 2373 2318 se
2421 2262 2694 2335 episcopo
2745 2279 2848 2335 pro
2898 2262 3296 2331 concessione,
3347 2263 3450 2335 qui
3499 2262 3677 2320 etiam

2022 2368 2155 2407 cum
2188 2351 2401 2423 pepulo
2434 2350 2770 2419 inclinatur,
2804 2368 2910 2424 pro
2942 2352 3151 2407 ultima
3179 2351 3606 2408 benedictione.

2057 2440 2190 2496 CAP.
2222 2440 2411 2496 XXIII.
2443 2470 2511 2481 —-
2541 2442 2727 2496 Brevis
2754 2440 3047 2514 descriptio
3067 2440 3403 2497 celebrandae
3424 2441 3637 2499 missa.

2091 2528 2376 2601 Presbyter
2428 2545 2552 2584 cum
2607 2545 2665 2584 se
2711 2536 2879 2600 parat
2931 2529 3002 2584 ad
3056 2531 3303 2597 missam,
3365 2532 3427 2584 in
3471 2531 3674 2602 primis

2018 2618 2500 2689 cantatpsalmos:
2534 2618 2723 2685 Quam
2754 2617 2984 2684 dilecta,
3021 2616 3394 2686 Benedixisti,
3428 2616 3672 2687 Inclina,

2019 2705 2249 2763 Credidi
2280 2710 2535 2779 propter.
2570 2706 2772 2762 Deinde
2794 2706 2970 2780 Kyrie
2992 2705 3234 2775 eleison,
3269 2707 3673 2775 Pateruoster,

2019 2796 2090 2851 Et
2120 2810 2191 2850 ne
2219 2811 2326 2851 nos
2356 2795 2621 2863 inducas,
2641 2798 2809 2850 Vera.
2834 2796 2951 2869 Ego
2982 2794 3120 2864 dixi,
3141 2795 3406 2851 Domine.
3430 2794 3677 2852 Comen

2018 2890 2162 2951 tere,
2198 2883 2462 2952 Domine,
2497 2884 2622 2940 Fiat
2670 2883 3091 2952 misericordia,
3138 2884 3501 2956 Sacerdotes,
3532 2884 3673 2941 Pro-

2018 2977 2202 3030 tector
2225 2976 2425 3028 noster
2445 2973 2660 3044 aspice,
2683 2970 2951 3043 Domine,
2985 2973 3214 3030 exaudi.
3257 2973 3467 3029 Oratio.
3498 2973 3677 3030 Aufer

2020 3078 2055 3117 a
2086 3062 2273 3129 nobis,
2306 3060 2572 3128 Domine,
2600 3058 2940 3133 iniquitates
2959 3066 3190 3118 nostras
3211 3064 3269 3118 et
3297 3065 3538 3134 peccata
3567 3079 3670 3118 no-

2020 3155 2162 3217 stra,
2195 3154 2261 3206 ut
2291 3165 2623 3206 mereamur
2648 3150 2816 3223 puris
2846 3149 3145 3207 mentibus
3190 3150 3452 3207 introire.
3492 3151 3632 3207 Alia
3652 3168 3672 3205 :

266 3241 473 3310 quarto
503 3217 967 3295 benedictionem
1018 3256 1197 3312 super
1234 3217 1526 3312 populum
1558 3217 1911 3313 presbyteris
1942 3217 1985 3285 ϐ
2020 3240 2290 3296 Actiones
2321 3242 2552 3295 nostras
2574 3217 2939 3311 quaesumus,
2970 3238 3236 3305 Domine,
3269 3244 3327 3296 et
3356 3240 3672 3313 aspirando

263 3325 568 3400 prohibere
597 3326 846 3395 videtur,
878 3328 979 3384 sed
1017 3328 1168 3384 hanc
1198 3328 1654 3401 prohibitionem
1685 3329 1758 3384 de
1787 3329 1909 3401 epi-

262 3414 482 3488 scopali
510 3420 744 3472 tantum
761 3416 1162 3473 benedictione
1178 3418 1391 3474 factam
1415 3417 1872 3489 interpretantur
1895 3435 1908 3485 ;

260 3519 390 3576 quae
421 3505 624 3578 utique
656 3505 977 3562 benedictio
999 3507 1171 3576 juxta
1198 3506 1492 3562 decimum
1514 3510 1783 3563 octavum
1803 3507 1913 3561 To-

265 3591 442 3648 letani
501 3592 729 3650 concilii
774 3594 1097 3666 capitulum
1148 3595 1245 3665 (7),
1292 3599 1351 3650 et
1388 3594 1818 3651 attestationem
1850 3595 1908 3650 S.

266 3682 580 3754 Augustini
607 3683 679 3738 ad
730 3681 1044 3739 Paulinum
1075 3682 1438 3755 episcopum,
1482 3688 1617 3739 ante
1646 3699 1911 3739 commu-

266 3770 503 3827 nionem
559 3770 777 3842 populo
835 3787 871 3826 a
919 3770 1060 3828 solis
1107 3772 1399 3845 episc0pis
1455 3773 1628 3829 debet
1682 3770 1909 3843 [solet]

266 3857 548 3931 impendi.
580 3858 640 3914 Si
673 3858 806 3931 quis
827 3876 962 3916 vero
985 3860 1092 3917 hoc
1121 3862 1193 3918 de
1214 3862 1321 3917 hac
1352 3862 1481 3934 ipsa
1506 3860 1912 3917 benedictione

265 3947 339 4003 de
370 3962 488 4018 qua
516 3948 747 4019 agimus
777 3948 998 4004 dictum
1047 3951 1352 4022 putaverit,
1395 3950 1684 4005 sententia
1711 3953 1910 4006 tamen

268 4035 639 4108 provincialis
668 4037 895 4093 concilii
924 4043 1045 4095 tam
1075 4038 1332 4112 generali
1357 4036 1759 4094 ecclesiasticae
1782 4054 1914 4094 con-

267 4123 564 4181 suetudini
594 4125 971 4197 praajudicare
998 4143 1113 4183 non
1145 4126 1375 4199 poterit.
1409 4126 1542 4183 Ideo
1571 4131 1767 4183 autem
1797 4126 1911 4183 hu-

258 4213 527 4284 jusmodi
555 4213 879 4270 benedictio
910 4215 1159 4271 fortasse
1197 4213 1525 4286 antiquitus
1560 4215 1913 4289 presbyteris

266 4301 574 4358 interdicta
596 4306 683 4358 est
720 4302 860 4375 quia
888 4308 946 4359 et
986 4302 1059 4359 ad
1090 4301 1417 4375 episcopale
1445 4303 1705 4360 ofﬁcium
1730 4303 1914 4376 perti-

266 4406 403 4445 nere
429 4390 756 4463 videbatur,
780 4396 839 4447 et
866 4391 1260 4448 ecclesiastico
1291 4392 1605 4448 conventui
1648 4392 1911 4448 nondum

266 4479 408 4535 adeo
439 4480 769 4537 necessaria
818 4480 1221 4553 reputabatur.
1254 4482 1402 4537 Nam
1442 4481 1551 4538 soli
1583 4480 1911 4537 communi-

2018 3328 2291 3403 przeveni,
2321 3332 2380 3385 et
2409 3328 2503 3400 adj
2513 3328 2743 3384 uvando
2763 3343 3135 3401 prosequere,
3160 3332 3226 3403 ut
3244 3332 3455 3385 cuncta
3474 3333 3683 3385 nostra

2019 3416 2278 3490 operatio
2309 3433 2411 3488 per
2453 3420 2509 3471 te
2554 3432 2786 3488 semper
2822 3415 3085 3489 incipiat,
3138 3423 3199 3474 et
3226 3433 3332 3493 per
3376 3421 3434 3474 te
3483 3421 3677 3491 empta

2018 3507 2279 3562 ﬁniatur.
2314 3505 2419 3561 Per
2455 3504 2771 3561 Dominum
2821 3509 3114 3574 nostrum,
3166 3512 3277 3562 etc.
3308 3507 3549 3562 Paratus
3575 3522 3675 3563 ααρ

2018 3599 2153 3663 tem,
2202 3596 2349 3650 venit
2393 3595 2466 3649 ad
2514 3595 2712 3661 altare,
2761 3594 2985 3650 dicens:
3031 3594 3253 3667 Antiph.
3314 3595 3572 3652 Introibo
3600 3595 3674 3651 ad

2020 3684 2201 3739 altare
2224 3682 2345 3739 Dei.
2382 3683 2586 3737 Psalm.
2616 3681 2824 3738 Judica
2856 3698 2971 3747 me,
3002 3687 3173 3751 Deus,
3206 3687 3264 3740 et
3292 3683 3581 3740 discerne.
3614 3686 3683 3739 Et

2018 3774 2153 3846 facit
2181 3771 2594 3842 confessionem.
2626 3771 2919 3827 Confiteor
2952 3771 3071 3827 Deo
3100 3771 3512 3844 omnipotenti,
3544 3772 3679 3830 istis

2019 3860 2239 3917 sanctis
2267 3864 2325 3915 et
2350 3860 2629 3916 omnibus
2657 3859 2879 3916 sanctis
2909 3863 2968 3916 et
3005 3860 3135 3929 tibi,
3172 3860 3517 3937 irater,quia
3542 3876 3678 3934 pec-

2020 3948 2143 4005 cavi
2172 3948 2233 4003 in
2266 3947 2640 4020 cogitatione,
2674 3947 2732 4003 in
2777 3947 3091 4016 locutione,
3114 3948 3180 4004 in
3209 3962 3406 4022 opere,
3461 3949 3522 4004 in
3553 3949 3680 4027 pol-

2020 4036 2240 4093 lutione
2289 4037 2504 4097 mentis
2554 4041 2612 4092 et
2659 4036 2940 4110 corporis.
2992 4037 3130 4094 Ideo
3178 4051 3385 4110 precor
3436 4041 3518 4105 te,
3576 4055 3683 4096 ora

2019 4142 2126 4200 pro
2155 4141 2267 4181 me.

2092 4214 2437 4272 Misereatur
2464 4214 2549 4271 tui
2571 4215 2942 4288 omnipotens
2969 4216 3145 4284 Deus,
3184 4218 3248 4272 et
3276 4215 3545 4273 dimittat
3569 4215 3682 4274 tibi

2020 4304 2219 4361 omnia
2246 4308 2485 4376 peccata
2502 4308 2629 4371 tua,
2652 4304 2931 4361 liberette
2962 4305 3037 4361 sb
3057 4305 3217 4361 omni
3238 4303 3421 4374 malo,
3444 4307 3514 4361 et
3542 4320 3680 4362 con-

2020 4393 2214 4449 ﬁrmet
2242 4397 2301 4449 te
2330 4392 2388 4448 in
2434 4392 2594 4449 omni
2623 4409 2797 4466 opere
2826 4394 3001 4462 bono,
3036 4397 3095 4449 et
3122 4394 3411 4468 perducat
3440 4410 3550 4451 nos
3578 4411 3679 4467 pa-

2021 4482 2163 4539 riter
2187 4482 2362 4539 Jesus
2410 4481 2678 4540 Christus
2707 4481 2888 4539 Filius
2918 4481 3021 4539 Dei
3069 4482 3180 4538 vivi
3205 4482 3265 4539 in
3300 4481 3480 4539 vitam
3501 4487 3683 4541 βιοῖ’»

267 4571 466 4624 cantes
487 4568 834 4624 confectioni
849 4572 1349 4626 sacramentorum
1370 4570 1698 4643 antiquitus
1730 4570 1910 4626 inter-
1940 4584 1987 4651 Π
2017 4587 2176 4627 nam.
2199 4573 2405 4627 Amen.
2427 4571 2858 4645 Indulgentiam
2881 4575 2939 4628 et
2967 4571 3379 4628 remissionem
3401 4572 3673 4629 omnium

265 4661 466 4713 erant:
503 4657 720 4729 quibus
763 4661 820 4713 et
859 4656 1042 4714 oratio
1089 4662 1221 4731 post
1250 4658 1746 4727 communionem,
1780 4675 1908 4731 quas

266 4760 370 4818 pro
400 4745 541 4802 solis
570 4747 1144 4804 communicantibus
1174 4748 1443 4804 instituta
1461 4752 1570 4815 est,
1601 4764 1705 4821 pro
1734 4748 1910 4806 bene-

265 4831 517 4891 dictione
546 4835 735 4907 potuit
765 4835 1120 4893 satisfacere.
1148 4838 1315 4909 Apud
1355 4838 1665 4894 modernos
1691 4841 1907 4905 autem,

266 4936 400 4977 cum
426 4923 818 4996 jampopulus
840 4924 1276 4984 communicare
1288 4932 1563 4996 cessaret,
1583 4943 1689 4983 nec
1712 4931 1909 4983 tamen

267 5027 303 5065 ο.
331 5008 544 5064 divinis
574 5014 870 5084 mysteriis
902 5031 963 5070 se
995 5015 1382 5084 subtraheret,
1415 5015 1745 5072 necessario
1774 5031 1910 5087 per-

266 5091 520 5153 missum
550 5104 639 5155 est
667 5104 733 5154 ut
764 5117 799 5155 a
828 5103 1163 5176 presbytero
1192 5104 1654 5170 benediceretur,
1686 5120 1757 5159 ne
1786 5107 1908 5159 tam

266 5184 670 5242 benedictione
689 5202 867 5256 quam
889 5191 1300 5248 communione
1332 5192 1591 5263 privatus
1612 5192 1911 5248 discedere

266 5272 583 5333 videretur.
633 5274 764 5329 Sive
812 5281 1002 5333 autem
1054 5298 1122 5336 ea
1150 5280 1452 5336 occasione
1495 5280 1614 5335 sive
1662 5279 1777 5334 alia
1805 5279 1913 5334 hoc

269 5360 622 5431 presbyteris
653 5364 1084 5432 permitteretur
1111 5369 1183 5425 ab
1206 5368 1519 5442 episcopis,
1550 5367 1696 5423 adeo
1715 5371 1915 5422 tamen

271 5444 328 5502 in
366 5461 544 5501 usum
565 5448 689 5518 jam
716 5465 1136 5528 usquequaque
1165 5456 1414 5524 devenit,
1446 5458 1513 5512 ut
1538 5470 1915 5528 nequaquam

2019 4664 2393 4734 peccatorum
2416 4665 2752 4717 nostrorum
2775 4660 3001 4719 tribuat
3026 4660 3198 4718 nobis
3227 4660 3683 4733 omnipoteuset

2019 4749 2352 4807 misericors
2383 4750 2693 4806 Dominus.
2727 4751 2931 4808 Amen.

2092 4840 2228 4894 Cum
2279 4839 2526 4895 sacerdos
2554 4840 2754 4911 accipit
2803 4839 3159 4905 oblationem,
3186 4838 3326 4896 dicit
3348 4856 3368 4894 :
3399 4838 3680 4911 Accepta.

2019 4926 2136 4984 bile
2191 4927 2270 4983 sit
2341 4927 2730 5000 omnipotenti
2784 4926 2900 4984 Deo
2958 4924 3315 4984 sacriﬁcium
3384 4930 3681 4984 nostrum.

2020 5017 2226 5073 Deinde
2249 5016 2418 5072 calice
2446 5018 2508 5072 in
2554 5017 2727 5072 altari
2769 5016 2839 5072 ad
2876 5016 3161 5073 dexteram
3204 5016 3404 5073 oblata
3440 5015 3686 5089 deposito

2018 5105 2153 5162 dicit
2172 5123 2194 5160 .·
2212 5104 2380 5173 Veni,
2410 5104 2808 5162 sanctificatcr
2826 5104 3218 5177 omnipotens,
3244 5108 3476 5162 interna
3500 5108 3683 5175 Deus,

2020 5191 2262 5248 benedic
2304 5191 2413 5247 hoc
2442 5192 2794 5248 sacrificium
2835 5197 2936 5249 tuo
2980 5192 3207 5249 nomini
3258 5195 3682 5265 praeparatum.

2021 5281 2129 5336 Per
2157 5280 2478 5348 Christum,
2532 5285 2642 5337 etc.
2672 5284 2739 5339 Et
2780 5283 3083 5339 inclinatus
3110 5289 3240 5339 ante
3262 5282 3465 5350 altare,
3506 5282 3685 5339 dicit:

2022 5369 2286 5443 Suscipe,
2337 5372 2542 5425 sancta
2589 5368 2869 5442 Trinitas,
2901 5370 3056 5427 hanc
3082 5368 3469 5441 oblationem,
3503 5387 3689 5445 quam

2022 5456 2130 5512 tibi
2158 5455 2461 5513 oﬁ‘erimus
2494 5456 2554 5513 in
2578 5459 2926 5517 memoriam
2956 5456 3271 5533 passionis,
3296 5460 3691 5518 resurrectio-

345 5622 421 5694 (7)
448 5620 631 5683 Hodie
667 5632 857 5688 exstat
880 5630 978 5689 hic
1005 5647 1191 5693 canon
1220 5651 1388 5693 num.
1431 5635 1522 5693 30.
1540 5632 1916 5694 Citatitamen
1952 5649 2091 5693 eum
2111 5632 2423 5693 Gratianus
2452 5634 2623 5694 titulo
2650 5650 2705 5695 c.
2734 5637 2824 5694 44.
