3920 6208
209 374 399 439 ω,

1691 368 2219 439 MlCROLOGUS.

3557 382 3677 448 994

211 508 356 579 nis,
402 510 769 569 ascensionis
796 510 1028 569 Domini
1079 509 1266 568 nostri
1313 510 1453 568 Jesu
1497 508 1731 578 Christi,
1762 513 1821 565 et
1850 508 1908 565 in
1938 508 1995 576 Α
2024 507 2222 564 aeterni
2254 510 2610 579 testamenti,
2631 512 2974 583 mysterium
2998 512 3151 582 ﬁdei,
3175 516 3276 587 qui
3298 533 3401 589 pro
3419 517 3586 576 vobis
3619 525 3678 576 et

209 597 537 656 honorem
567 604 782 657 sanctis
813 600 914 657 Dei
947 600 1256 658 Genitricis
1288 600 1503 667 Marica,
1550 599 1609 655 S.
1644 598 1821 665 Petri,
1852 602 1910 655 et

210 687 286 744 S.
326 688 537 759 Pauli,
569 693 629 745 et
654 690 1115 763 istorumlatque
1141 689 1408 759 omnium
1430 693 1767 745 sanctorum
1785 693 1910 745 tuo-

209 793 399 846 rum,
432 782 500 834 ut
520 777 638 834 iiiis
670 779 939 851 proﬁciat
966 779 1037 835 ad
1068 778 1373 844 honorem,
1404 778 1575 834 nobis
1612 781 1808 834 autem
1836 777 1908 833 ad

210 865 617 937 salutem,“
655 865 740 922 illi
785 882 895 940 pro.
946 868 1125 924 nobis
1166 867 1483 940 dignentur
1528 866 1907 930 intercedere,

208 972 504 1027 quorum
535 956 880 1013 memoriam
912 956 1145 1029 agimus
1160 957 1219 1012 in
1249 956 1439 1012 terris.
1464 960 1574 1013 Per
1588 955 1907 1022 Christum,

206 1048 353 1100 etc."
380 1044 633 1111 Deinde,
666 1045 850 1103 Orate.
883 1044 1161 1118 Sequitur
1186 1048 1427 1101 secreta.

294 1132 509 1190 Conon
556 1135 727 1206 juxta
778 1135 1079 1190 ﬂammam
1133 1136 1514 1190 auctoritatem
1540 1136 1618 1189 est
1666 1133 1799 1188 iste:
1832 1132 1909 1187 'l‘e

208 1219 448 1293 igitur,
478 1221 937 1279 clementissime
970 1222 1155 1288 Pater,
1206 1238 1309 1294 per
1358 1221 1560 1277 Jesum
1609 1220 1907 1279 Christum

209 1308 459 1367 Filium
488 1315 661 1367 tuum
688 1311 1005 1367 Dominum
1022 1315 1287 1367 nostrum
1308 1309 1602 1387 supplices
1632 1325 1909 1381 rogamus

210 1402 279 1453 et
308 1398 591 1471 petimus
646 1398 732 1457 uti
789 1398 1027 1472 accepta
1084 1399 1302 1455 habeas
1333 1402 1390 1455 et
1448 1397 1755 1454 benedicas
1799 1397 1909 1467 (hic

211 1488 430 1558 signat
456 1487 706 1546 sacerdos
735 1489 1066 1545 oblationem
1093 1493 1144 1543 et
1172 1488 1399 1544 calicem
1449 1487 1627 1543 tribus
1674 1487 1905 1552 vicibus,

209 1577 333 1632 sub
368 1592 495 1634 una
524 1578 705 1649 cruce)
734 1576 856 1633 hmo
885 1577 1058 1645 dona,
1087 1576 1210 1632 haec
1241 1592 1507 1642 munera,
1551 1575 1674 1630 base
1704 1581 1908 1631 sancta

214 1665 542 1723 sacriﬁcia
570 1664 813 1722 illibata.
848 1665 908 1721 In
933 1663 1140 1737 primis
1171 1681 1301 1737 quae
1330 1664 1434 1721 tibi
1465 1664 1771 1719 oll‘erimus
1803 1680 1907 1736 pro

212 1753 510 1811 Ecclesia
556 1758 660 1810 tua
712 1758 917 1811 sancta
972 1752 1277 1821 catholica,
1339 1769 1517 1825 quam
1576 1751 1904 1824 paciﬁcare.

2017 613 2122 668 pro
2159 596 2366 655 multis
2396 599 2730 656 effundatur
2759 601 2816 656 in
2836 602 3240 660 remissionem
3285 611 3675 677 peccatorum.

2016 684 2147 741 Haec
2178 686 2642 760 quotiescunque
2672 688 2944 762 feceritis,
2975 690 3039 746 in
3068 693 3179 747 mei
3221 695 3563 752 memoriam
3596 699 3672 768 fa,

2017 773 2201 831 cietis.
2236 796 2265 826 »
2300 776 2463 833 Unde
2491 782 2549 835 et
2577 794 2866 835 memores
2900 797 3026 845 nos,
3061 781 3327 852 Domine,
3361 785 3509 840 servi
3569 787 3679 842 tui-

2017 864 2118 919 sed
2150 869 2208 920 et
2236 864 2404 937 plebs
2433 870 2535 923 tua
2554 872 2777 937 sancta,
2803 869 3016 925 Christi
3050 868 3177 925 Filii
3206 872 3292 926 tui
3323 873 3552 929 Domini
3575 875 3675 931 Dei

2018 953 2200 1008 nostri
2235 958 2353 1011 tam
2377 956 2561 1012 beatae
2580 956 2894 1029 passionis,
2920 974 3028 1013 nec
3058 975 3173 1014 non
3196 963 3253 1014 et
3281 960 3353 1015 ab
3373 959 3577 1017 inferis
3589 979 3677 1018 re-

2019 1043 2424 1114 surrectionis,
2457 1046 2558 1101 sed
2590 1052 2647 1102 et
2667 1047 2724 1102 in
2752 1046 2962 1102 coelum
2993 1046 3256 1120 gloriosae
3289 1050 3674 1117 ascensionis,

2023 1129 2323 1187 offerimus
2348 1133 2634 1202 praeclarae
2664 1136 2952 1206 majestati
2985 1143 3096 1190 tuae
3128 1138 3200 1193 de
3230 1137 3348 1193 tuis
3399 1138 3591 1205 donis,
3609 1155 3677 1194 ac

2017 1217 2189 1274 datis.
2226 1222 2335 1275 Hic
2364 1229 2472 1276 tres
2501 1238 2685 1278 cruces
2714 1240 2878 1296 super
2909 1232 3197 1296 utrumque
3224 1226 3394 1281 simul
3436 1230 3587 1298 facit,
3625 1240 3677 1286 et

2019 1314 2273 1375 quartam
2301 1325 2467 1381 super
2494 1311 2843 1378 oblationem,
2875 1317 2925 1369 et
2957 1318 3208 1385 quintam
3235 1332 3402 1388 super
3426 1318 3672 1373 calicem.

2020 1393 2280 1449 Hostiam
2314 1413 2543 1467 puram,
2579 1399 2828 1455 hostiam
2865 1406 3150 1471 sanctam,
3174 1402 3427 1460 hostiam
3459 1404 3673 1461 immu-

2018 1481 2297 1552 culatam,
2331 1501 2541 1556 panem
2572 1493 2840 1543 sanctum
2897 1490 3023 1545 vitae
3055 1496 3284 1547 aeternae
3332 1496 3391 1548 et
3433 1494 3672 1550 calicem

2019 1570 2229 1626 salutis
2260 1579 2570 1644 perpetuae.
2589 1575 2776 1647 Super
2801 1595 2926 1649 quae
2939 1578 3190 1650 propitio
3202 1597 3269 1635 ac
3286 1596 3491 1638 sereno
3508 1582 3674 1639 vultu

2020 1660 2306 1731 respicere
2328 1660 2608 1735 digneris,
2643 1670 2953 1737 etacrepta
2969 1667 3204 1734 habere,
3236 1667 3414 1724 veluti
3436 1676 3675 1743 accepta

2019 1747 2231 1805 habere
2259 1750 2538 1824 dignatus
2566 1768 2628 1808 es
2652 1770 2896 1809 munera
2926 1755 3090 1827 pueri
3123 1755 3209 1810 tui
3232 1756 3385 1828 justi
3422 1758 3583 1827 Abel,
3618 1764 3676 1816 et

216 1841 567 1911 custodire,
620 1842 879 1900 adunare
934 1847 991 1898 et
1047 1858 1244 1914 regere
1297 1840 1558 1915 digneris
1588 1844 1709 1897 toto
1767 1841 1907 1897 orbe
1932 1872 1983 1938 Β
2022 1837 2377 1938 sacrificium
2405 1840 2746 1912 patriarchae
2782 1842 2964 1898 nostri
2996 1843 3260 1912 Abrahae,
3292 1848 3351 1900 et
3377 1848 3534 1918 quod
3566 1848 3675 1903 tibi

214 1935 563 1998 terrarum,
593 1948 716 1988 una
738 1947 877 1988 cum
910 1930 1129 1988 famulo
1157 1935 1260 1986 tuo
1314 1947 1464 2003 papa
1513 1933 1734 1986 nostro.
1767 1930 1813 1985 N
1844 1933 1903 1987 et

214 2020 513 2078 antistite
542 2024 765 2077 nostro.

292 2110 627 2181 Metuento,
640 2109 905 2177 Domine,
920 2108 1276 2165 famulorum
1296 2106 1767 2180 famularumque
1781 2113 1903 2163 tua-

211 2214 363 2255 rum
399 2199 518 2268 (hic
542 2200 771 2255 mnuum
809 2199 1057 2254 vivorum
1115 2202 1505 2264 memorentur,
1564 2198 1616 2252 si
1643 2197 1898 2266 volueris,

209 2286 321 2345 sed
347 2302 475 2344 non
532 2287 849 2360 Bominiea)
905 2291 963 2342 et
1005 2285 1270 2343 omnium
1329 2285 1898 2361 circumactantium,

210 2391 497 2448 quorum
525 2374 635 2431 tibi
655 2375 803 2431 fides
831 2376 1066 2448 cognita
1094 2379 1202 2442 est,
1235 2379 1291 2430 et
1329 2378 1468 2430 nota
1518 2373 1764 2442 devotio,
1798 2372 1900 2446 qui

212 2464 339 2520 tibi
367 2465 633 2520 oﬁ‘erunt
662 2463 774 2520 hoc
806 2463 1162 2520 sacriﬁcium
1193 2463 1387 2519 laudis
1418 2479 1523 2535 pro
1545 2479 1607 2519 se
1660 2462 1903 2535 suisque

211 2551 539 2622 omnibus,
569 2566 672 2625 pro
697 2552 1104 2625 redemptione
1133 2552 1466 2609 animarum
1498 2567 1766 2618 suarum,
1798 2568 1899 2625 pro

215 2658 332 2714 spe
365 2640 585 2698 salutis
597 2640 1209 2713 atqueincolumitatis
1232 2657 1352 2697 suae
1371 2640 1473 2696 tibi
1503 2640 1754 2696 reddunt
1769 2645 1903 2696 vota

215 2747 347 2788 sua
369 2734 592 2787 uterne
650 2730 769 2787 Deo
819 2731 946 2788 vivo
1002 2735 1060 2786 et
1085 2745 1243 2787 vero.
1302 2729 1814 2786 Communicantes
1844 2734 1902 2786 et

2022 1924 2235 1982 obtulit
2264 1944 2537 1984 summus
2567 1932 2840 1986 sacerdos
2872 1937 3009 1987 tuus
3041 1932 3488 2002 Melchisedech,
3538 1952 3672 1995 san-

2012 2018 2173 2071 ctum
2206 2014 2582 2085 sacriﬁcium,
2610 2016 3051 2075 immaculatam
3073 2020 3349 2077 hostiam.
3381 2024 3481 2080 Hic
3510 2026 3672 2081 incli-

2009 2111 2106 2159 nat
2128 2120 2183 2158 se
2203 2105 2371 2175 juxta
2426 2106 2621 2174 altare,
2652 2107 2872 2163 dicens:
2932 2108 3238 2181 Supplices
3286 2114 3343 2168 te
3371 2128 3670 2185 rogamus;

2010 2190 2381 2264 omnipotens
2412 2194 2742 2266 Deus,jube
2768 2196 2889 2251 haec
2911 2198 3152 2269 perferri
3176 2214 3279 2270 per
3308 2215 3519 2256 manus
3536 2218 3671 2257 san-

2011 2278 2083 2334 cti
2117 2280 2409 2353 angelitui
2443 2282 2499 2338 in
2521 2283 3166 2351 sublimealtarotuum,
3203 2287 3260 2340 in
3292 2294 3671 2359 conspectum

2010 2368 2219 2425 divinae
2250 2371 2574 2442 majestatis
2604 2377 2735 2429 tute.
2768 2376 2868 2429 Hic
2881 2375 3043 2444 erigit
3070 2391 3125 2430 se
3152 2375 3377 2430 dicens:
3409 2376 3481 2432 Ut
3500 2383 3672 2449 quot-

2011 2462 2153 2530 quot
2182 2474 2250 2513 ex
2296 2458 2404 2515 hac
2463 2459 2663 2517 altaris
2723 2462 3172 2535 participatione
3228 2470 3672 2523 sacrosanctum

2011 2544 2141 2600 Filii
2178 2545 2271 2601 tui
2304 2563 2520 2619 corpus
2557 2554 2612 2605 ot
2645 2550 2994 2623 sanguinem
3029 2552 3483 2624 sumpserimus,
3516 2556 3676 2611 omni

2008 2633 2423 2692 benedictione
2453 2637 2673 2694 caelesti
2703 2644 2758 2694 et
2778 2639 2971 2711 gratia
2994 2639 3345 2713 repleamur.
3375 2643 3481 2699 Per
3508 2643 3671 2699 Chri-

2010 2728 2167 2778 stum
2200 2724 2513 2783 Dominum
2543 2733 2832 2783 nostrum.
2861 2729 2963 2785 Hic
2991 2728 3118 2786 duae
3147 2733 3425 2787 orationes
3470 2733 3668 2788 dicun-

218 2817 595 2876 memoriam
622 2823 967 2875 venerantes
1002 2819 1058 2874 in
1103 2818 1310 2890 primis
1358 2816 1623 2891 gloriosae
1670 2834 1903 2891 semper
2005 2815 2135 2867 tur:
2172 2812 2460 2871 Memento
2484 2815 2685 2884 etiam,
2708 2818 2965 2885 Domine,
2998 2823 3272 2874 eteorum
3296 2819 3535 2876 nomina
3565 2824 3668 2894 qui

213 2906 491 2979 virginis
539 2906 735 2964 Maria
792 2906 1104 2963 Genitricis
1161 2906 1262 2964 Dei
1320 2913 1378 2963 et
1435 2905 1662 2963 Domini
1714 2908 1900 2963 nostri
2009 2918 2116 2957 nos
2147 2909 2575 2975 proecesserunt
2626 2923 2760 2962 cum
2794 2906 2962 2979 signo
2986 2907 3142 2972 ﬁdei,
3191 2910 3249 2963 et
3279 2907 3581 2965 dormiunt
3606 2911 3665 2966 in

218 2995 381 3051 Jesu
404 2993 653 3062 Christi,
685 2996 787 3052 sed
814 3001 873 3069 et
900 2997 1202 3052 beatorum
1235 2995 1628 3068 apostolorum
1659 3012 1725 3052 ac
1750 3012 1901 3051 mar-
2009 3007 2235 3046 sommo
2268 2992 2450 3062 pacis.
2482 2995 2546 3050 Et
2572 2997 2880 3051 recitantur
2905 2999 3158 3052 nomina.
3193 2995 3365 3069 Ipsis,
3403 2999 3662 3066 Domine,

218 3087 440 3154 typum
472 3086 730 3151 tuorum,
764 3068 936 3152 Ρὲιιυί,
968 3084 1153 3151 Pauli,
1174 3085 1437 3148 Andreae,
1467 3083 1687 3151 Jacobi,
1718 3085 1896 3141 Joan-
2006 3082 2063 3133 et
2094 3078 2372 3135 omnibus
2401 3079 2460 3135 in
2484 3081 2712 3140 Christo
2744 3083 3188 3156 quiescentibus
3211 3084 3403 3141 locum
3435 3087 3667 3160 refrige-

218 3171 352 3238 nis,
388 3169 654 3239 Thomas,
685 3172 910 3238 Jacobi,
943 3172 1219 3244 Philippi,
1271 3172 1703 3240 Bartholomzei,
1750 3173 1896 3229 Mat-
1937 3239 1968 3245 ῳ
2009 3165 2080 3222 rii
2110 3165 2261 3222 lucis
2316 3171 2374 3222 et
2400 3167 2559 3239 pacis
2617 3175 2685 3225 ut
2730 3172 3058 3243 indulgeas,
3107 3172 3523 3245 deprecamur,
3555 3180 3668 3233 Per

216 3259 394 3328 thei,
430 3258 690 3315 Simonis
719 3264 775 3316 et
803 3239 1118 3326 Thaddaai;
1141 3239 1305 3326 'Lini,
1337 3259 1507 3328 Cleti,
1556 3239 1892 3330 Clementis,
1926 3239 1969 3306 C
2004 3254 2300 3311 Christum
2336 3257 2647 3313 Dominum
2681 3239 2968 3315 nostrum.
2991 3239 3437 3333 Nobis—quoque
3459 3239 3662 3333 pecca.

217 3347 396 3414 Sixti,
444 3345 1077 3423 CorneliiLCypriani,
1146 3347 1464 3414 Laurentii,
1514 3347 1891 3421 Chrysogoni,

217 3433 485 3491 Joannis
498 3438 558 3492 et
577 3434 765 3502 Pauli,
782 3436 1006 3491 Cosmze
1019 3438 1076 3489 et
1088 3433 1376 3503 Damiani,
1399 3438 1456 3490 et
1471 3435 1734 3491 omnium
1759 3453 1893 3493 san-

219 3526 466 3580 ctorum
496 3527 754 3591 tuorum,
778 3540 1027 3595 quorum
1044 3522 1268 3579 meritis
1292 3522 1679 3595 precibusque
1692 3540 1892 3581 conce-

221 3613 336 3668 das
351 3612 496 3669 utin
512 3612 1180 3685 omnibusprotectiouis
1209 3616 1321 3667 tua:
1352 3612 1692 3667 muniamur
1724 3612 1892 3667 auxi-

218 3700 323 3757 lio.
352 3706 467 3758 Per
490 3700 794 3759 Christum
811 3701 1123 3758 Dominum
1140 3704 1430 3757 nostrum.
1465 3701 1562 3755 llic
1592 3701 1895 3757 inclinatur

224 3794 406 3864 usque
434 3791 505 3847 ad
534 3790 923 3856 altare,dicens
944 3807 957 3845 :
983 3789 1143 3845 lianc
1158 3788 1339 3861 igitur
1352 3788 1709 3845 oblationem
1724 3790 1896 3847 servi-

224 3882 379 3936 tutis
412 3885 645 3945 nostraa,
672 3879 775 3934 sed
808 3891 861 3936 et
881 3883 1101 3934 cuncta;
1128 3877 1507 3946 familiaritate,
1528 3894 1888 3950 quaesumus,

225 3968 504 4036 Domine,
535 3966 878 4041 utplacatus
898 3966 1170 4039 accipias,
1188 3967 1435 4039 diesque
1452 3971 1685 4023 nostros
1710 3967 1768 4023 in
1792 3971 1894 4025 tua

225 4073 377 4131 pace
411 4057 711 4129 disponas,
774 4062 949 4127 atque
980 4056 1051 4113 ab
1104 4061 1318 4112 aeterna
1360 4056 1738 4113 damnatione
1784 4072 1891 4113 nos

224 4145 476 4217 eripias,
507 4148 565 4200 et
592 4142 982 4200 ineleotorum
1002 4149 1237 4200 tuorum
1252 4145 1466 4215 jubeas
1496 4162 1670 4220 grege
1692 4162 1893 4203 nume-

227 4233 377 4288 rari.
412 4235 524 4287 Per
550 4230 847 4287 Christum
876 4232 1190 4288 Dominum
1221 4238 1508 4290 nostrum.
1540 4236 1758 4290 Erectus
1786 4250 1888 4290 au-

225 4324 343 4376 tem
371 4320 699 4376 cumtribus
744 4320 997 4375 crucibus
1055 4321 1353 4377 benedicit:
1407 4323 1591 4386 Quam
1639 4321 1888 4379 oblatio-

228 4425 372 4466 nem
406 4412 494 4479 tu,
524 4408 703 4478 Deus,
737 4407 795 4463 in
832 4406 1109 4464 omnibus
1140 4426 1480 4480 quaesumus
1496 4410 1889 4480 benedictum,

227 4498 795 4571 ascriptammatam.
816 4496 1224 4553 rationabilem
1244 4499 1778 4571 acceptabilemque
1799 4500 1888 4556 fa-

2003 3343 2226 3401 toribus
2257 3345 2494 3401 famulis
2522 3345 2643 3401 tuis
2673 3347 2745 3403 de
2787 3346 3163 3402 multitudine
3216 3348 3661 3408 miserationum

1998 3435 2233 3486 tuarum
2263 3434 2640 3504 sperantibus
2668 3439 2894 3507 partem
2927 3435 3191 3507 aliquam
3232 3441 3291 3490 et
3319 3438 3662 3496 societatem

2003 3518 2219 3575 donare
2251 3521 2534 3593 digneris,
2562 3539 2694 3578 cum
2730 3522 2853 3579 tuis
2867 3524 3088 3580 sanctis
3120 3523 3408 3596 apostolis
3434 3530 3491 3581 et
3505 3543 3667 3583 mar.

2003 3606 2250 3678 tyribus,
2285 3624 2416 3663 cum
2448 3609 2695 3677 Joanne,
2728 3610 3026 3682 Stephano
3075 3610 3319 3679 Mathia,
3373 3613 3658 3682 Barnaba,

2003 3695 2248 3766 lgnatio,
2281 3695 2627 3764 Alexandro,
2676 3698 3039 3769 Marcellino,
3100 3703 3287 3767 Petro,
3345 3699 3658 3771 Felicitate,

2003 3787 2307 3856 Perpetua,
2340 3786 2583 3858 Agathe,
2619 3787 2814 3857 Lucis,
2846 3793 3103 3859 Agnete,
3132 3787 3365 3859 Cecilin,
3412 3791 3657 3847 Anasta-

2002 3873 2109 3939 sia,
2143 3877 2355 3931 etcum
2379 3876 2655 3932 omnibus
2677 3877 2902 3933 sanctis
2922 3878 3058 3944 tuis,
3096 3878 3247 3933 inter
3277 3895 3526 3949 quorum
3551 3897 3660 3936 nos

2000 3961 2380 4026 consortium,
2406 3980 2521 4019 non
2554 3964 2875 4021 aestimator
2891 3966 3104 4031 meriti,
3138 3967 3240 4021 sed
3271 3968 3473 4035 venue,
3498 3984 3658 4040 qua:-

2000 4050 2479 4123 sumuslargitor,
2496 4053 2565 4109 ad
2576 4052 2759 4110 mitto.
2782 4059 2890 4109 Per
2900 4054 3201 4111 Christum
3218 4056 3534 4112 Dominum
3556 4073 3659 4112 no.

2000 4140 2211 4192 strum.
2246 4143 2355 4195 Per
2384 4156 2558 4211 quem
2592 4140 2709 4199 haec
2727 4143 2944 4209 omnia,
2976 4144 3240 4211 Domine,
3258 4160 3489 4217 semper
3507 4144 3661 4202 bona

1999 4241 2160 4281 creas
2191 4226 2302 4297 (hic
2357 4231 2464 4283 tres
2492 4246 2676 4287 cruces
2733 4248 2897 4303 super
2927 4237 3217 4303 utrumque
3262 4234 3432 4288 simul
3476 4235 3654 4312 facit),

1999 4315 2352 4381 sanctificas,
2383 4317 2660 4384 viviﬁcas,
2721 4320 3037 4388 benedicis,
3097 4326 3154 4376 et
3184 4325 3429 4393 praestas
3487 4320 3658 4378 nobis

1999 4402 2110 4472 (hic
2137 4420 2262 4458 cum
2290 4404 2473 4461 oblata
2501 4415 2737 4477 quatuor
2783 4425 2973 4464 cruces
2993 4410 3136 4480 facit
3190 4425 3355 4481 super
3405 4409 3653 4478 calicem,

1997 4496 2051 4546 et
2076 4494 2332 4563 quintam
2358 4495 2416 4548 in
2448 4496 2616 4551 latere
2632 4498 2852 4567 ipsius),
2888 4513 2988 4569 per
3017 4497 3235 4569 ipsum,
3256 4501 3467 4553 etcum
3499 4498 3655 4570 ipso,

230 4602 364 4643 cere
394 4586 678 4659 digneris.
696 4587 1101 4658 Hicseparatim
1127 4586 1557 4657 signatoblatam
1582 4589 1887 4643 etcalicem.
1919 4603 1966 4666 Ι)
1999 4585 2056 4636 et
2086 4581 2144 4637 in
2176 4585 2304 4654 ipso
2334 4589 2423 4640 est
2450 4585 2555 4640 tibi
2586 4590 2692 4641 Deo
2727 4585 2882 4641 Patri
2929 4586 3311 4658 omnipotenti
3345 4587 3403 4642 in
3433 4586 3656 4643 unitate

231 4674 308 4732 Ut
330 4675 511 4733 nobis
536 4690 752 4748 corpus
777 4679 835 4731 et
863 4674 1108 4746 sanguis
1136 4673 1237 4731 fiat
1255 4674 1626 4730 dilectissimi
1661 4675 1787 4730 Filii
1804 4676 1889 4731 tui

231 4763 473 4822 Domini
504 4763 844 4821 nostriJesu
857 4762 1094 4819 Christi.
1126 4762 1233 4827 Qui
1256 4761 1443 4836 pridie
1472 4778 1648 4834 quam
1675 4768 1895 4835 patere-

230 4855 351 4924 tur,
383 4852 612 4925 accepit
634 4867 847 4925 panem
873 4851 933 4907 in
959 4855 1192 4908 sanctas
1220 4867 1288 4908 ac
1301 4850 1658 4907 venerabiles
1679 4868 1893 4907 manus

236 4956 398 5011 suas,
430 4939 670 4998 eievatis
696 4940 883 4998 oculis
915 4940 973 4996 in
1005 4940 1215 4996 malum
1246 4941 1317 4996 ad
1351 4945 1405 4997 te
1435 4940 1621 4995 Deum
1659 4945 1889 4995 Patrem

235 5044 415 5086 suum
444 5030 943 5103 omnipotentem;
976 5029 1080 5085 tibi
1110 5029 1543 5102 gratiasagens,
1576 5028 1891 5095 benedixit,

238 5118 429 5191 fregit,
463 5117 938 5193 deditdiscipulis
950 5118 1096 5188 suis,
1110 5117 1370 5174 dicensm
1383 5118 1640 5190 Accipite
1660 5120 1893 5174 etman-

239 5205 450 5265 ducate
468 5225 542 5265 ex
561 5207 669 5265 hoc
688 5224 924 5264 omnes:
949 5207 1066 5263 Hoc
1090 5211 1180 5263 est
1199 5207 1357 5263 enim
1374 5222 1592 5278 corpus
1612 5222 1831 5263 meum.
1860 5228 1889 5257 ››

237 5294 428 5353 Simili
459 5297 633 5353 modo
680 5300 992 5369 postquam
1037 5299 1330 5352 emnctum
1361 5297 1471 5361 est,
1513 5294 1805 5367 accipiens
1834 5290 1893 5350 et

239 5380 395 5442 hunc
425 5385 771 5458 praeclarum
802 5384 1047 5441 calicem
1079 5384 1141 5439 in
1167 5388 1402 5440 sanctas
1429 5398 1499 5439 ac
1528 5380 1889 5438 venerabiles

240 5485 452 5531 manus
478 5490 643 5544 suas,
675 5473 823 5529 item
846 5472 947 5529 tibi
982 5472 1199 5545 gratias
1214 5488 1416 5545 agens,
1451 5470 1769 5539 benedixit,
1794 5471 1890 5526 dc-

240 5557 327 5616 dit
355 5561 664 5636 discipulis
678 5563 826 5633 suis,
840 5560 1041 5618 dicens
1065 5579 1077 5617 :
1094 5561 1393 5633 «Accipite
1408 5565 1466 5616 et
1494 5560 1676 5616 bibite
1696 5576 1766 5615 ex
1777 5559 1886 5615 hoc

240 5662 485 5713 omnes:
516 5651 622 5712 Hie
650 5654 742 5712 est
770 5649 928 5709 enim
974 5646 1126 5707 calix
1168 5648 1481 5725 sanguinis
1510 5647 1626 5707 mei
1669 5646 1801 5706 novi
1829 5650 1889 5721 et

1999 4668 2254 4739 Spiritus
2284 4671 2492 4738 sancti,
2525 4673 2719 4728 omnis
2768 4672 2956 4729 honor
2984 4677 3040 4730 et
3069 4673 3275 4747 gloria.
3331 4676 3431 4730 Hic
3475 4675 3650 4730 elevat

2002 4757 2240 4813 oblatam
2266 4776 2392 4816 cum
2418 4762 2609 4829 calice,
2641 4762 2862 4819 dicens:
2887 4766 2994 4818 Per
3013 4763 3212 4818 omnia
3232 4762 3446 4819 saecula
3465 4779 3650 4819 saecu-

2002 4844 2212 4901 lorum.
2247 4850 2573 4919 Responsio:
2632 4851 2836 4906 Amcn.
2898 4852 2961 4906 Et
2990 4850 3221 4921 deponat
3276 4851 3533 4920 oblatam,
3565 4852 3652 4909 di-

2000 4951 2123 4990 cens
2152 4951 2164 4989 :
2199 4935 2463 4992 Oremus.
2500 4939 2807 5011 Praeceptis
2837 4938 3195 4995 salutaribus
3227 4938 3453 5007 moniti,
3487 4943 3545 4997 et
3564 4940 3652 4995 di-

2000 5023 2136 5078 vina
2159 5024 2526 5082 institutione
2580 5028 2832 5095 formati,
2877 5027 3163 5084 audemus
3220 5027 3448 5084 dicere:
3483 5031 3655 5085 Pater

2001 5118 2219 5180 noster,
2252 5113 2354 5185 qui
2411 5130 2473 5171 es
2504 5115 2562 5169 in
2593 5115 2776 5183 caelis,
2824 5133 3013 5189 usque,
3044 5116 3231 5175 libera
3271 5133 3378 5173 nos
3410 5133 3445 5173 a
3473 5115 3649 5173 malo.

2003 5199 2209 5258 Libera
2235 5217 2363 5272 nos,
2398 5203 2657 5269 Domine,
2686 5205 2758 5261 ab
2789 5205 3065 5262 omnibus
3096 5205 3270 5263 malis
3317 5202 3646 5278 praeteritis,

2000 5289 2410 5355 praesentiibus
2440 5295 2497 5349 et
2544 5293 2776 5351 futuris.
2808 5295 2879 5350 Et
2936 5294 3427 5350 intercedentibus
3484 5294 3650 5347 beata

1996 5375 2253 5448 gloriosa
2282 5394 2517 5451 semper
2542 5380 2766 5453 virgine
2796 5381 3002 5450 Maria,
3032 5386 3091 5438 et
3132 5381 3318 5440 beatis
3367 5377 3647 5451 apostolis

1996 5465 2116 5526 tuis
2151 5470 2322 5525 Petro
2352 5471 2410 5523 et
2434 5468 2620 5529 Paulo
2640 5468 2818 5541 atque
2845 5470 3075 5525 Andrea
3092 5468 3203 5541 (hic
3222 5468 3469 5524 nominat
3493 5470 3644 5538 quol-

1997 5558 2125 5624 quot
2152 5557 2365 5611 sanctos
2394 5556 2669 5628 voluerit),
2696 5574 2830 5615 cum
2850 5558 3127 5615 omnibus
3150 5554 3393 5621 sanctis,
3415 5555 3490 5609 da
3511 5570 3644 5626 pro-

1995 5642 2176 5718 pitius
2193 5659 2395 5718 pacem
2426 5642 2485 5702 in
2498 5644 2708 5704 diebus
2732 5647 2970 5717 nostris,
3000 5649 3067 5706 ut
3094 5661 3203 5723 ope
3231 5642 3645 5705 misericordias
