3920 6208
245 361 362 423 995

1612 357 1925 425 MONUM.
1971 357 2285 422 LITURG.

3541 353 3721 418 996'

241 496 354 547 tuae
385 487 595 562 adjuti,
626 496 684 548 et
713 497 993 566 apeCCato
1007 491 1196 550 simus
1209 510 1441 566 semper
1468 493 1633 550 liberi
1666 495 1888 565 (hicpa-
1922 495 1978 559 Α
2008 508 2143 547 cum
2176 509 2291 548 non
2326 491 2562 548 aliunde
2592 489 2706 546 nisi
2731 507 2800 546 ex
2848 489 2978 562 ejus
3025 488 3409 563 praecessione
3455 491 3684 546 eadem

241 591 424 637 tenam
479 583 738 654 accipiat,
768 585 821 636 et
880 585 1180 638 osculatam
1231 583 1484 654 deponat)
1543 587 1600 638 et
1629 583 1700 637 ab
1732 581 1891 638 omni

241 670 679 742 perturbatione
709 671 919 725 securi.
952 673 1050 726 llic
1077 688 1272 743 corpus
1289 687 1453 744 super
1479 675 1678 743 patcna
1703 671 1761 724 in
1787 671 1897 725 (ria

239 759 469 826 dividat,
502 759 720 816 dicens:
758 759 860 815 Per
875 761 1187 815 Dominum
1204 765 1472 816 nostrum
1503 759 1706 815 Jesum
1729 757 1893 814 Chri-

240 853 421 918 stum,
453 863 642 918 usque,
676 864 780 920 per
810 848 1008 904 omnia
1039 847 1251 904 smcula
1271 847 1641 904 saeculorum.
1669 850 1893 920 Respon,

238 941 443 994 Amen.
480 940 576 993 llic
602 938 768 994 ctiam
801 938 1024 992 tertiam
1063 943 1282 1008 partem
1313 939 1374 991 in
1413 937 1641 992 calicem
1689 935 1892 1002 mittat,

237 1031 456 1086 dicens:
489 1032 606 1083 Pax
636 1023 866 1081 Domini
911 1024 988 1080 sit
1016 1041 1248 1097 semper
1290 1025 1612 1081 vobiscum.
1661 1031 1892 1098 Respo-n.

237 1119 307 1174 Et
338 1135 472 1172 cum
504 1115 715 1188 spiritu
773 1117 892 1169 tuo.
931 1114 996 1168 Et
1041 1113 1325 1185 subjungit
1351 1116 1658 1170 orationem
1690 1117 1890 1169 istam:

235 1207 365 1262 Fiat
393 1203 722 1260 commistio
746 1207 802 1258 et
818 1203 1180 1258 consecratio
1209 1202 1470 1274 corporis
1500 1207 1558 1258 et
1587 1201 1893 1276 sanguinis

235 1293 466 1348 Domini
500 1291 682 1347 nostri
722 1290 860 1347 Jesu
910 1290 1120 1347 Christi
1175 1291 1602 1364 accipientibus
1630 1291 1800 1346 nobis
1830 1290 1890 1345 in

233 1382 410 1436 vitam
441 1385 739 1436 aeternam.
773 1381 976 1435 Amen.
1012 1381 1075 1434 Et
1093 1381 1332 1436 osculato
1374 1381 1547 1435 altari
1575 1380 1667 1434 dat
1701 1395 1892 1450 pacem

232 1471 456 1534 astanti,
490 1471 572 1524 ita
599 1469 786 1523 dicens
813 1484 826 1522 :
864 1469 978 1524 Pax
1007 1473 1221 1524 tecum.
1257 1471 1484 1540 Respon.
1503 1473 1569 1523 Et
1597 1485 1733 1524 cum
1763 1469 1888 1541 spi-

235 1559 352 1614 ritu
383 1564 484 1614 tuo
509 1576 524 1614 :
556 1558 860 1613 Inclinatus
888 1566 1073 1612 autem
1096 1557 1229 1614 dicit
1257 1561 1553 1630 antequam
1579 1559 1886 1614 communi-

231 1652 310 1703 cet
336 1665 348 1703 :
382 1647 622 1702 Domine
651 1646 790 1701 Jesu
825 1645 1076 1712 Christe,
1111 1647 1211 1718 qui
1234 1646 1536 1703 voluntate
1558 1647 1770 1714 Patris,
1796 1663 1886 1702 co-

234 1739 507 1808 operante
557 1733 776 1806 Spiritu
839 1738 1061 1802 sancto,
1121 1751 1225 1806 per
1280 1739 1529 1791 mortem
1592 1735 1885 1808 propriam

233 1825 521 1880 mundum
553 1822 881 1889 viviﬁcasti,
931 1821 1114 1878 libera
1146 1840 1238 1879 me
1290 1840 1394 1896 per
1424 1823 1533 1880 hoc
1579 1841 1883 1880 sacrosan-
1914 1859 1962 1923 Β

233 1917 395 1970 ctum
426 1929 640 1984 corpus
673 1916 730 1966 et
759 1910 1106 1984 sanguinem
1141 1915 1308 1968 tuum
1340 1913 1413 1968 ab
1461 1912 1737 1970 omnibus
1768 1913 1884 1968 ini-

233 2001 562 2074 quitatibus
591 1999 758 2067 meis,
791 2003 848 2054 et
875 2000 966 2054 fac
998 2017 1090 2055 me
1119 1999 1535 2057 tuisinhaerere
1565 2001 1882 2072 mandatis,

231 2096 290 2146 et
318 2108 351 2146 a
380 2094 436 2146 te
468 2105 772 2161 nunquam
807 2088 865 2142 in
897 2093 1249 2161 perpetuum
1281 2089 1558 2162 separari.
1610 2090 1718 2154 Qui
1748 2107 1882 2145 cum

236 2180 430 2245 Patre,
467 2181 576 2234 etc.
611 2178 744 2233 Cum
769 2176 1058 2233 distribuit
1078 2179 1492 2250 eucharistiam,
1523 2178 1658 2234 dicit
1686 2197 1698 2234 :
1747 2180 1881 2235 Cor-

230 2285 342 2339 pus
371 2271 428 2322 et
456 2267 698 2338 sanguis
727 2265 955 2322 Domini
982 2267 1168 2322 nostri
1195 2267 1332 2323 Jesu
1363 2267 1579 2322 Christi
1619 2267 1884 2340 proﬁciat

230 2357 334 2411 tibi
366 2355 424 2410 in
456 2355 635 2410 vitam
659 2359 960 2411 aeternam.
987 2356 1184 2410 Amen.
1215 2357 1507 2426 Postquam
1534 2372 1718 2412 omnes
1745 2373 1884 2412 com-

228 2445 670 2512 municaverunt,
703 2441 875 2498 dicit:
907 2443 1068 2508 Quod
1110 2459 1208 2498 ore
1255 2443 1642 2515 sumpsimus,
1693 2444 1882 2516 (pura)

231 2536 426 2590 mente
453 2531 781 2605 capiamus,
815 2537 872 2588 et
901 2531 972 2588 de
1011 2548 1254 2588 munere
1293 2531 1598 2604 temporali
1648 2532 1749 2588 ﬁat
1779 2551 1882 2589 no-

230 2621 322 2676 bis
351 2621 675 2677 remedium
692 2620 1137 2692 sempiternum.
1162 2623 1347 2676 Finita
1363 2623 1553 2685 missa,
1584 2622 1737 2677 dicit:
1763 2621 1884 2678 Pla-

230 2715 356 2766 ceat
383 2709 512 2774 tibi,
527 2708 1382 2781 sancta'l‘rinitas,obsequium
1404 2709 1704 2764 servitutis
1717 2727 1882 2775 mea),

229 2803 287 2854 et
316 2803 531 2870 praesta
559 2801 624 2852 ut
653 2797 763 2852 hoc
793 2797 1172 2864 sacriﬁcium,
1205 2799 1362 2870 quod
1393 2797 1579 2853 oculis
1604 2802 1720 2854 tua;
1756 2815 1880 2854 ma-

221 2886 459 2957 jestatis
491 2901 596 2957 ego
627 2884 864 2957 indigne
903 2883 1110 2950 obtuli,
1172 2885 1316 2940 mihi
1347 2889 1403 2942 et
1457 2887 1732 2942 omnibus
1779 2905 1883 2960 pro

231 2975 446 3048 quibus
475 2972 622 3027 illud
655 2971 862 3040 obtuli,
895 2976 951 3028 te
1000 2973 1336 3040 miserante,
1383 2975 1462 3028 sit
1488 2975 1880 3048 propitiabile,

231 3064 339 3118 Per
367 3062 688 3127 Christum,
749 3066 857 3116 etc.
889 3066 1109 3118 Exactis
1165 3079 1224 3118 se
1252 3064 1485 3118 vestibus
1528 3067 1696 3120 sacris
1725 3065 1880 3120 dicit.

231 3153 434 3209 Psalm.
475 3150 800 3208 Benedicite
817 3151 1301 3217 omnia,Laudate
1330 3152 1635 3208 Dominum
1663 3155 1718 3208 in
1747 3171 1882 3209 san-

2008 581 2314 636 Dominica
2335 596 2547 636 nomen
2581 584 2636 635 et
2657 580 2916 636 ofﬁcium
2932 580 3214 636 obtineat.
3233 579 3346 636 Sed
3379 583 3436 635 et
3453 578 3688 635 Junior

2005 669 2321 743 Gregorius
2352 686 2522 741 papa,
2555 668 2819 724 scribens
2867 667 2940 725 de
2991 667 3356 724 ordinatione
3413 667 3684 739 [ordine]

2007 757 2194 812 sancti
2226 755 2954 828 Bonifaciiarehiepiscopi
3005 756 3076 812 ad
3128 753 3682 828 Moguntiacenses,

2005 845 2281 918 praecepit
2310 850 2375 901 ut
2395 845 2684 902 ordinatio
2698 861 2829 917 quae
2849 844 3079 916 jejunio
3097 844 3292 901 Martii
3325 845 3680 912 ascribitur,

2004 933 2062 989 in
2095 935 2364 1007 ingressu
2380 933 2848 1007 Quadragesimze
2878 951 3012 989 cum
3031 933 3476 1006 eodemjejunio
3504 950 3678 992 sem-

2006 1039 2108 1095 per
2137 1023 2480 1080 celebretur.
2513 1023 2897 1080 Beatissimae
2931 1039 3165 1096 quoque
3196 1023 3310 1080 Leo
3339 1039 3493 1096 papa
3538 1023 3677 1098 pri-

2004 1129 2158 1178 mus,
2178 1112 2238 1167 in
2269 1129 2536 1168 sermone
2549 1113 2857 1186 dejejunio
2887 1111 3384 1185 septimimensis,
3410 1129 3672 1170 vernum

1993 1200 2288 1272 jejunium
2320 1201 2377 1256 in
2411 1201 2890 1274 Quadragesima,
2913 1201 3179 1258 aestivum
3200 1200 3258 1256 in
3292 1205 3667 1271 Pentecoste,

2001 1289 2344 1347 autumnale
2375 1290 2433 1346 in
2466 1290 2714 1362 septimo
2746 1305 2947 1346 mense
2968 1289 3381 1346 celebrandum
3411 1307 3540 1348 esse
3565 1291 3670 1348 de.

2001 1379 2311 1434 nuntiavit.
2345 1380 2486 1434 Item
2510 1379 2716 1434 beatus
2729 1379 2994 1436 Gelasius
3011 1369 3161 1452 p'apa
3187 1379 3246 1434 in
3262 1379 3666 1437 decretalibus

1999 1468 2145 1533 suis,
2177 1467 2431 1540 capitulo
2463 1467 2892 1538 lt,constituit,
2923 1473 2988 1524 ut
3004 1452 3664 1542 ordinationespresby-

1997 1560 2253 1612 terorum
2285 1561 2342 1612 et
2370 1556 2772 1622 diaconorum,
2803 1573 2919 1612 non
2944 1556 3058 1612 nisi
3089 1557 3264 1613 certis
3292 1557 3664 1630 temporibus

1999 1647 2158 1710 ﬁant,
2193 1646 2410 1718 quippe
2442 1646 2502 1700 in
2527 1645 2758 1716 jejunio
2789 1645 2984 1718 quarti
3015 1650 3074 1701 et
3104 1645 3338 1718 septimi
3355 1649 3414 1702 et
3441 1647 3662 1704 decimi

1997 1734 2240 1800 mensis,
2274 1733 2328 1788 id
2365 1739 2453 1788 est
2481 1733 2664 1798 Junii,
2701 1733 3062 1806 Septembris
3091 1737 3268 1806 atque
3298 1735 3661 1803 Decembris,

1997 1838 2224 1878 necnon
2255 1822 2312 1876 in
2346 1821 3314 1894 quadragesimalisinitiijejunio,
3343 1823 3495 1895 quod
3521 1839 3664 1896 pro-

1995 1910 2084 1966 cul
2117 1910 2297 1966 dubio
2328 1909 2520 1966 Martii
2581 1909 2952 1983 intelligitur.
3003 1909 3256 1966 Videsne
3311 1925 3444 1984 ergo
3468 1928 3657 1984 quam

1995 2003 2190 2072 aperte
2222 1999 2378 2055 idem
2402 1999 2696 2070 jejunium
2727 2015 2864 2054 cum
2895 1997 3260 2055 ordinatione
3301 2015 3410 2056 sua
3445 2000 3661 2072 prima

1993 2087 2501 2160 Quadragesimali
2533 2087 2912 2144 hebdomadis
2955 2086 3308 2154 ascribatur,
3361 2105 3496 2144 cum
3528 2092 3658 2145 tam

1994 2177 2296 2250 signanter
2325 2176 3023 2250 Quadragesimalisinitii
3027 2177 3325 2249 jejunium
3355 2177 3659 2252 cognomi-

1994 2270 2164 2322 netur
2188 2264 2216 2320 ‘l
2247 2265 2365 2320 Hoc
2395 2270 2592 2321 autem
2608 2264 2844 2322 initium
2861 2265 3352 2339 Quadragesimaa,
3376 2282 3494 2323 non
3515 2283 3659 2324 εισι

1991 2354 2109 2426 pite
2133 2353 2367 2426 jejunii,
2401 2354 2500 2410 sed
2533 2371 2566 2410 a
2597 2354 3654 2428 subsequentiDominicaestcompu-

1991 2444 2262 2499 tandum.
2295 2443 2441 2498 Nam
2473 2443 2788 2514 quamvisa
2817 2443 3228 2516 capitejejunii
3259 2461 3366 2517 pro
3386 2444 3648 2516 quodam

1991 2530 2418 2604 complemento
2439 2529 2975 2602 Quadragesimalis
3005 2530 3374 2588 abstinentia;
3405 2532 3652 2604 incipia-

1995 2638 2190 2687 mus,a
2220 2621 2601 2692 subsequenti
2620 2625 2817 2676 tamen
2841 2619 3162 2688 Dominica,
3180 2621 3350 2692 juxta
3379 2621 3656 2678 assertio-

1994 2727 2126 2766 nem
2158 2709 2343 2766 sancti
2375 2708 2667 2764 Ambrosii
2702 2713 2761 2764 et
2790 2709 2977 2765 sancti
3017 2709 3277 2782 Gregorii
3307 2713 3366 2766 et
3398 2709 3655 2766 aliorum

1992 2804 2336 2854 sanctorum
2367 2799 2628 2864 Patrum,
2659 2799 3182 2871 Quadragesimam
3213 2797 3446 2872 preprie
3487 2815 3656 2856 exor-

1992 2888 2210 2943 dimur.
2247 2886 2482 2943 Nullum
2517 2891 2713 2943 autem
2771 2891 3135 2944 commoveat
3191 2887 3346 2960 quod
3387 2891 3654 2961 tempore

1993 2977 2224 3032 Henrici
2257 2975 2884 3048 secundiimperatoris
2897 2977 3207 3033 duodecim
3237 2975 3655 3060 episcopi,Mo-

1992 3065 2206 3138 guntia:
2238 3065 2596 3138 congregati,
2625 3064 2793 3120 aliter
2850 3065 2922 3122 de
2953 3065 3062 3121 hoc
3095 3066 3324 3137 jejunio
3371 3067 3656 3123 statuisse

1994 3153 2284 3227 leguntur.
2313 3153 2456 3209 Cum
2473 3154 2630 3208 enim
2657 3155 2812 3226 apud
2835 3153 2996 3226 ipsos
3012 3171 3126 3209 non
3143 3153 3373 3210 modica
3398 3153 3653 3210 varietas

231 3243 362 3312 ctis,
397 3241 568 3314 Kyrie
597 3238 836 3309 eleison,
872 3239 1040 3296 Pater
1065 3245 1279 3296 noster.
1304 3241 1704 3297 Conliteantur
1749 3242 1878 3310 tibi,
1911 3225 1954 3292 (ἶ
1993 3225 2433 3315 ἀένιιυλυεωοὰἱ
2455 3225 2713 3314 jejuniisﬁ
2731 3225 3036 3311 accideret,
3059 3259 3124 3298 eo
3155 3242 3310 3314 quod
3342 3241 3649 3314 antiquam

230 3331 496 3400 Domine,
527 3329 910 3400 omniaopera
938 3328 1465 3386 tua.Exsultabunt
1485 3331 1669 3386 sancti
1686 3332 1742 3386 in
1755 3331 1878 3404 glo—

232 3420 338 3475 ria.
371 3417 679 3474 Exsultent
698 3419 845 3487 justi
877 3417 937 3473 in
965 3423 1301 3490 conspectu.
1348 3419 1474 3474 Non
1527 3419 1715 3486 nobis,
1773 3422 1878 3475 Do»

231 3508 409 3576 mine,
437 3524 552 3563 non
587 3507 774 3562 nobis.
807 3505 1072 3574 Domine,
1105 3506 1313 3562 exaudi
1338 3507 1676 3564 orationem.
1705 3513 1877 3576 Deus,

232 3596 332 3668 qui
361 3595 550 3652 tribus
583 3596 799 3668 pueris.
833 3594 1102 3650 Actiones
1133 3600 1383 3652 nostras.

524 3685 660 3740 CAP.
695 3683 880 3740 XXIV.
917 3715 982 3725 -
1015 3685 1088 3738 De
1105 3684 1322 3755 jejunio
1353 3686 1585 3741 vernali.

302 3775 617 3847 Gregorius
633 3789 781 3845 papa
793 3771 1078 3844 septimus
1095 3789 1228 3828 cum
1247 3773 1576 3846 apostolicae
1601 3775 1720 3831 sedi
1737 3792 1880 3847 prae-

233 3863 466 3930 sideret,
501 3859 806 3917 constituit
835 3866 900 3915 ut
921 3861 1216 3932 jejunium
1248 3863 1404 3933 quod
1436 3863 1650 3918 dicitur
1691 3865 1883 3920 Martii

229 3951 290 4008 in
322 3951 514 4024 prima
541 3949 910 4004 bebdomada
930 3950 1398 4022 Quadragesimte
1428 3951 1589 4007 omni
1618 3969 1772 4008 anno
1798 3971 1885 4011 ce-

230 4041 508 4105 lebretur,
541 4037 696 4093 sicut
723 4041 782 4094 et
811 4038 997 4094 sancti
1031 4043 1230 4095 Patres
1260 4037 1406 4094 illud
1446 4039 1772 4098 instituisse
1801 4042 1884 4100 le-

231 4133 468 4203 guntur.
505 4127 649 4182 Nam
681 4132 921 4183 sanctus
953 4127 1268 4199 Gregorius
1300 4144 1451 4200 papa
1479 4129 1728 4200 primus,
1760 4136 1881 4188 tam

231 4219 291 4274 in
323 4215 786 4274 Sacramentario
817 4233 994 4288 quam
1024 4215 1083 4270 in
1111 4215 1388 4271 Graduali
1417 4217 1586 4284 libro,
1621 4219 1740 4276 sive
1763 4223 1884 4276 An-

229 4307 560 4381 tiphonario
581 4305 775 4362 ofﬁcia
803 4305 1066 4378 ejusdem
1093 4304 1306 4376 jejunii
1337 4305 1540 4378 primae
1561 4308 1886 4384 Quadrage-

230 4394 428 4453 simali
456 4394 839 4451 hebdomadas
867 4392 1164 4465 ascripsit.
1199 4393 1343 4450 Item
1393 4400 1634 4452 sanctus
1686 4397 1885 4454 Hiero-

233 4503 446 4560 nymus
475 4484 534 4540 in
567 4484 716 4540 libro
748 4481 1280 4539 Comitislectiones
1295 4488 1353 4540 et
1381 4485 1690 4558 Evangelia
1709 4487 1780 4543 de
1795 4503 1886 4544 eo-

1986 3336 2323 3388 sanctorum
2354 3335 2594 3387 Patrum
2617 3331 2990 3387 traditionem
3021 3331 3084 3388 in
3115 3332 3225 3387 hac
3255 3347 3316 3388 re
3347 3331 3548 3387 minus
3568 3336 3654 3388 at-

1987 3421 2270 3488 tenderet,
2297 3438 2399 3493 pro
2417 3419 2758 3491 hujusmodi
2774 3437 2880 3476 con
2890 3420 3116 3476 fusione
3130 3419 3476 3492 corrigenda
3495 3419 3650 3476 hanc

1989 3511 2100 3566 sibi
2141 3509 2403 3582 regulam
2445 3515 2896 3582 proposuerunt,
2929 3514 2996 3564 ut
3034 3509 3310 3582 deinceps
3349 3509 3412 3564 in
3452 3510 3653 3582 prima

1989 3605 2198 3673 quarta
2213 3597 2354 3654 feria
2367 3598 2712 3665 Martii,etin
2726 3599 2984 3654 secunda
2997 3599 3029 3654 J
3035 3597 3316 3666 unii,etin
3333 3598 3506 3654 tertia
3518 3598 3659 3671 Sep-

1988 3689 2255 3754 tembris,
2275 3687 2435 3743 omni
2453 3703 2605 3742 anno
2609 3687 2964 3758 jejunarent.
2999 3687 3108 3743 Sed
3129 3686 3250 3742 haec
3265 3685 3659 3759 regulaapos-

1991 3777 2180 3834 tolicae
2209 3775 2540 3832 auctoritati
2559 3775 2939 3848 praejudicare
2972 3792 3076 3831 nec
3105 3775 3276 3832 debet
3305 3792 3412 3832 nec
3429 3781 3641 3847 potest,

1992 3865 2311 3940 praesertim
2343 3882 2478 3920 cum
2496 3864 2934 3921 evidentissima
2948 3870 3100 3920 statu
3109 3864 3184 3920 tis
3196 3868 3538 3920 sanctorum
3554 3864 3660 3920 Pa-

1989 3961 2148 4012 trum
2177 3955 2444 4012 videatur
2473 3970 2818 4026 repugnare.
2841 3954 2899 4010 Si
2932 3954 3088 4010 enim
3121 3952 3460 4026 praedictam
3481 3969 3661 4027 regu-

1991 4045 2111 4101 lam
2145 4042 2450 4100 annuatim
2483 4043 2882 4111 observamus,
2903 4041 3200 4098 multoties
3232 4059 3349 4098 non
3379 4041 3650 4098 solumin

1993 4132 2471 4208 Quadragesima,
2489 4131 2588 4187 sed
2621 4131 2796 4188 etiam
2815 4136 2952 4188 ante
2965 4131 3124 4197 Quad
3135 4129 3488 4204 ragesimam
3506 4131 3664 4203 jeju-

1993 4223 2289 4280 nabimus.
2323 4224 2464 4276 Cum
2495 4225 2550 4276 et
2574 4225 2798 4276 statuta
2814 4219 3270 4293 apostolicorum
3298 4219 3584 4286 virorum,
3602 4223 3662 4276 et

1993 4311 2283 4368 institutio
2314 4310 2664 4381 ciliciorum,
2699 4313 2763 4365 ut
2793 4307 3160 4382 praelibatum
3193 4312 3304 4374 est,
3338 4307 3484 4364 illud
3507 4308 3662 4366 infra

1995 4399 2538 4473 Quadragesimam,
2573 4399 2690 4454 imo
2724 4399 2783 4454 in
2814 4394 3507 4473 prima'Quadragesima-s
3530 4414 3660 4471 sep-

1993 4491 2239 4556 timana,
2271 4505 2505 4561 semper
2529 4488 2825 4544 celebrare
2855 4487 3199 4543 decernant.
3249 4487 3662 4544 Indubitanter

231 4577 363 4632 dem
391 4574 622 4646 Jejunio
639 4571 1225 4629 eidemhebdomadze
1257 4573 1530 4645 injunxit.
1557 4575 1689 4647 Ipsa
1707 4576 1883 4632 etiam
1915 4596 1961 4662 ι)
1994 4599 2131 4655 ergo
2163 4581 2414 4636 refutare
2445 4579 2730 4634 debemus
2747 4575 3034 4648 quidquid
3053 4580 3174 4632 tam
3205 4577 3507 4632 evidenter
3526 4593 3664 4648 apo-

229 4681 442 4720 vacans
475 4663 804 4726 Dominica,
828 4676 1007 4733 quam
1033 4666 1274 4718 sanctus
1303 4663 1619 4736 Gregorius
1651 4665 1710 4720 in
1739 4667 1887 4733 Qua-

229 4753 564 4826 dragesima
588 4751 904 4808 secundam
923 4766 1053 4806 esse
1069 4749 1713 4818 voluit,evidentissime
1739 4754 1883 4811 insi-

229 4845 374 4898 nuat
402 4841 558 4915 quod
583 4840 880 4912 jejunium
905 4839 1095 4895 Martii
1123 4839 1510 4898 nihilominus
1539 4843 1698 4898 omni
1729 4861 1882 4901 anno

231 4931 422 5002 ipsam
455 4931 513 4986 in
547 4930 738 5002 prima
768 4929 1139 4985 bebdomada
1161 4930 1483 5001 prwcedere
1513 4931 1735 4988 debeat.
1757 4933 1881 4989 Non

230 5017 386 5074 enim
420 5019 625 5076 eadem
658 5017 962 5073 Dominica
987 5017 1222 5090 proprie
1251 5035 1466 5075 vacans
1499 5021 1808 5086 diceretur,
1833 5022 1882 5079 si

231 5122 345 5162 non
356 5107 678 5163 Sabbatum
697 5121 755 5160 χι
767 5105 1080 5162 lectionum
1096 5123 1127 5162 e
1141 5106 1382 5180 vestigio
1407 5108 1881 5182 subsequeretur,

230 5195 384 5267 quod
418 5193 722 5269 preprium
751 5198 842 5248 est
869 5194 1134 5250 omnium
1189 5191 1627 5253 Dominicarum
1672 5217 1883 5256 vacan-

228 5283 399 5352 tium,
433 5300 564 5357 quaa
594 5297 726 5338 cum
761 5281 993 5353 proprio
1023 5288 1258 5339 careant
1296 5284 1507 5353 ofﬁcio,
1556 5303 1625 5342 ex
1674 5305 1886 5360 prece-

231 5372 391 5427 denti
407 5368 779 5429 hebdomade
797 5368 1214 5438 inofﬁciantur,
1234 5371 1284 5428 si
1297 5377 1494 5428 tamen
1511 5391 1747 5431 necesse
1763 5375 1884 5432 fue-

229 5459 309 5514 rit
341 5465 403 5514 ut
417 5457 990 5516 assumantur.Unde
1009 5463 1066 5513 et
1083 5459 1203 5514 haec
1221 5459 1520 5517 Dominica
1541 5461 1612 5518 de
1637 5467 1885 5538 quaagi-

232 5564 367 5602 mus
393 5563 464 5602 ex
489 5547 701 5616 quarta
715 5544 852 5600 feria
865 5546 1211 5618 praecedenti
1231 5548 1356 5619 jeju
1369 5547 1449 5604 nii
1479 5549 1736 5608 ofﬁcium
1757 5570 1885 5611 mu-

228 5631 435 5724 tuavit.
468 5630 874 5694 Necessarium
893 5634 985 5689 est
996 5645 1132 5706 ergo
1145 5637 1210 5689 ut
1227 5631 1373 5690 illud
1396 5632 1558 5693 illam
1574 5641 1884 5722 praecedat,

1995 4671 2211 4727 εἰοὶίοω
2245 4667 2576 4724 auctoritati
2611 4665 2900 4723 contraire
2939 4665 3232 4734 videmus,
3279 4667 3436 4722 unde
3475 4665 3660 4720 totius

1991 4759 2334 4817 Christianae
2351 4755 2652 4829 religionis
2665 4759 2722 4812 et
2753 4753 2976 4811 ordinis
3002 4754 3306 4811 exordium
3329 4759 3388 4810 et
3409 4754 3659 4810 formam

1993 4848 2347 4921 accepimus.
2381 4845 2496 4901 Nec
2522 4843 2755 4900 mireris
2767 4843 3198 4914 hoc‘jejunium
3217 4843 3417 4917 potius
3447 4843 3660 4898 Martio

1992 4954 2170 5012 quam
2204 4935 2516 4992 Februario
2539 4933 3058 5006 ascribi,quamvis
3087 4931 3148 4988 in
3180 4931 3500 4988 Februario
3519 4947 3657 4988 cum

1991 5027 2121 5100 ipsa
2151 5023 2611 5096 Quadragesima
2628 5038 3076 5094 nonnumquam
3107 5026 3396 5078 occurrat.
3412 5021 3660 5093 Semper

1993 5117 2148 5174 enim
2175 5115 2330 5170 idem
2355 5112 2653 5184 jejunium
2685 5115 2787 5168 aut
2813 5110 3163 5168 Kalendaria
3207 5109 3524 5184 aliquando
3554 5114 3659 5166 aut

1993 5204 2360 5261 lunationem
2391 5201 2604 5268 Martii,
2637 5205 2738 5256 aut
2766 5203 3084 5272 utrumque
3123 5199 3304 5256 simul
3357 5198 3610 5255 incurrit
3638 5213 3652 5254 :

1995 5291 2295 5350 Februarii
2326 5294 2521 5346 autem
2553 5289 2898 5346 Kalendaria
2925 5288 3262 5362 aliquando,
3290 5284 3654 5344 lunationem

1992 5399 2126 5437 vero
2157 5395 2464 5450 nunquam
2495 5377 2750 5450 attingit.
2799 5379 2946 5451 Ergo
2990 5377 3176 5434 multo
3225 5376 3654 5450 congruentius

1996 5470 2201 5526 Martio
2233 5465 2566 5532 ascribitur,
2601 5483 2774 5537 quem
2809 5483 3112 5540 nunquam
3144 5465 3443 5538 relinquit,
3467 5481 3654 5538 quam

1994 5556 2326 5621 Februario,
2359 5570 2533 5626 quem
2549 5555 2846 5610 multoties
2859 5555 3094 5628 penitus
3119 5572 3232 5612 non
3254 5553 3514 5628 attingit.
3539 5553 3654 5611 Ob-

1995 5650 2259 5710 servatur
2287 5660 2428 5704 sane
2459 5643 2872 5719 bocjejunium
2888 5661 3024 5703 cum
3041 5645 3172 5724 ipsa
3187 5643 3655 5722 Quadragesima
