3920 6208
201 346 315 414 997

1645 336 2173 412 MICROLOGUS.

3469 332 3592 408 998

198 481 511 540 secundum
534 470 920 546 lunationem,
952 474 1105 534 sicut
1132 482 1188 534 et
1228 478 1470 534 Pascha.
1521 478 1683 534 Unde
1715 497 1830 535 non
1860 482 1917 547 Α
1948 482 2152 538 madas
2183 481 2400 539 eisdem
2426 478 2674 554 jejuniis
2702 480 3166 537 internumerare
3186 480 3587 554 valebiszquod

194 573 505 643 incongrue
534 567 730 642 ipsum
762 567 967 625 Martio
997 570 1232 640 propter
1260 566 1621 623 lunationem
1654 569 1832 624 ascri-

193 660 364 725 bitur,
409 656 678 730 quamvis
731 656 791 711 in
853 656 1168 712 Februario
1221 660 1504 711 occurrat.
1565 656 1728 712 Sicut
1777 660 1834 713 et

191 744 404 803 Pascha
432 743 616 817 Aprili
648 760 882 817 semper
914 742 1247 809 ascribitur,
1280 744 1547 816 quamvis
1589 761 1743 818 sape
1773 745 1831 800 in

190 833 386 892 Martio
415 833 857 905 contingat.Nec
888 832 1003 889 hoc
1018 832 1223 906 utique
1252 831 1539 905 probabili
1570 833 1833 906 exemplo

188 921 476 990 carebit,si
506 938 807 978 sacrorum
839 920 1112 977 ordinum
1161 920 1521 993 dispensatio
1560 939 1832 978 nonnun-

188 1027 360 1084 quam
391 1010 495 1066 fiat
524 1010 585 1066 in
614 1010 951 1078 Februario,
986 1011 1125 1066 dum
1169 1009 1278 1066 hoc
1307 1011 1490 1084 egerit
1519 1012 1835 1085 quadrage-

187 1098 410 1157 simalis
440 1098 593 1154 initii
632 1099 1002 1171 pramutatio
1049 1098 1263 1170 [ratio].
1297 1099 1444 1155 Nam
1476 1101 1831 1157 reverendis-

187 1187 316 1245 simi
345 1187 545 1244 Patres
576 1187 785 1254 nostri,
821 1187 1130 1243 sanctitate
1159 1191 1217 1243 et
1236 1188 1554 1259 apostolica
1583 1189 1834 1245 auctori-

185 1280 300 1332 tate
330 1276 636 1348 pracipui,
664 1275 933 1332 videlicet
963 1275 1325 1348 Simplicius,
1356 1276 1643 1343 Gelasius,
1676 1279 1837 1350 Sym-

184 1364 449 1432 machus,
482 1364 656 1432 Felix,
709 1364 770 1419 in
820 1363 1132 1420 Februario
1180 1365 1578 1422 ordinationes
1627 1366 1833 1423 fecisse

179 1452 619 1526 leguntur,cum
643 1453 769 1525 jam
796 1457 997 1508 sancta
1029 1453 1290 1508 Romana
1321 1454 1573 1510 Ecclesia
1603 1455 1834 1527 jejunia

180 1542 443 1606 Quatuor
468 1544 821 1614 Temporum
863 1541 922 1596 in
971 1541 1334 1597 ordinatione
1384 1544 1688 1598 observare
1741 1545 1833 1599 de-

179 1629 675 1702 creverit,hocque
699 1629 830 1687 aliis
862 1646 1095 1702 quoque
1115 1630 1388 1687 Ecclesiis
1418 1632 1498 1686 ita
1526 1633 1836 1689 observan-

179 1718 317 1773 dum
348 1717 828 1791 promulgaverit.
855 1718 1001 1790 Ergo
1050 1718 1271 1791 absque
1317 1719 1477 1775 omni
1523 1720 1701 1776 dubio
1731 1722 1832 1777 ob-

178 1823 403 1863 servare
439 1806 911 1862 debemus.Unde
939 1811 1061 1862 tam
1084 1812 1241 1863 certa
1261 1812 1547 1880 pracepta
1569 1813 1624 1864 et
1640 1825 1829 1865 exem-

176 1895 270 1968 pla
299 1898 643 1951 sanctorum
690 1898 932 1950 Patrum
962 1894 1278 1968 apostolica
1317 1896 1661 1952 auctoritate
1686 1914 1830 1968 pra-

176 1983 436 2041 ditorum
468 1983 831 2040 sufficienter
878 1983 1186 2050 habemus,
1238 1983 1561 2056 praesertim
1614 2002 1746 2040 cum
1777 1990 1832 2040 et

175 2072 404 2129 facilius
442 2073 785 2129 observetur
809 2073 963 2144 quod
996 2073 1237 2145 provida
1264 2073 1585 2144 antiquitas
1611 2079 1667 2128 et
1695 2089 1830 2128 auc-

176 2161 377 2218 toritas
406 2160 692 2231 instituit,
725 2178 906 2234 quam
948 2162 1104 2233 quod
1135 2161 1567 2217 inconsiderata
1607 2163 1832 2218 novitas

170 2253 225 2305 et
248 2244 578 2307 infirmitas
607 2249 1089 2307 adinvenit.Nulli
1112 2250 1267 2306 enim
1300 2250 1545 2305 dubium
1572 2254 1662 2306 est
1690 2251 1830 2323 quin

171 2338 397 2396 facilius
436 2338 514 2396 sit
543 2339 703 2395 omni
735 2355 889 2394 anno
919 2339 1075 2395 idem
1101 2339 1399 2411 jejunium
1430 2339 1622 2395 Martii
1654 2341 1713 2395 in
1745 2356 1835 2396 ea-

170 2428 300 2484 dem
330 2427 715 2485 hebdomada
745 2445 878 2483 cum
909 2427 1133 2484 eisdem
1165 2427 1374 2484 ciliciis
1405 2428 1708 2485 inconfuse
1740 2446 1832 2485 ce-

172 2515 423 2583 lebrare,
456 2533 635 2588 quam
666 2517 736 2572 de
763 2517 1131 2572 hebdomada
1164 2517 1221 2572 in
1254 2517 1684 2573 hebdomadam
1717 2535 1831 2575 non

168 2604 300 2661 sine
329 2605 674 2661 confusione
704 2604 1053 2669 ofﬁciorum,
1106 2611 1169 2661 ut
1219 2606 1387 2661 multi
1439 2606 1646 2674 solent,
1687 2606 1831 2663 illud

177 2693 484 2750 annuatim
516 2697 765 2749 mutare.

484 2785 617 2836 CAP.
651 2781 815 2837 XXV.
848 2814 917 2823 —
943 2784 1015 2837 De
1029 2784 1246 2855 jejunio
1274 2786 1526 2839 astivalz‘.

249 2869 571 2943 Gregorius
602 2886 755 2941 papa
804 2871 1091 2943 septimus
1122 2872 1449 2943 apostolica
1481 2873 1603 2929 sedi
1636 2873 1835 2945 prasi-

172 2959 343 3023 dens,
365 2957 671 3013 constituit
704 2962 772 3012 ut
795 2958 1048 3014 astivale
1069 2960 1365 3030 jejunium
1396 2961 1548 3016 infra
1573 2967 1834 3018 octavam

169 3045 547 3102 Pentecostes
572 3046 886 3101 annuatim
938 3046 1350 3103 celebraretur.
1384 3050 1546 3113 Quod
1598 3051 1835 3122 quidem

171 3133 633 3207 sapientioribus
654 3134 975 3190 reverentia
998 3136 1153 3191 sedis
1170 3137 1498 3208 apostolica
1520 3138 1686 3194 facile
1708 3156 1835 3211 per-

1942 569 2110 625 illum
2142 588 2256 626 non
2290 569 2512 637 latebit,
2535 572 2870 643 quicunque
2901 567 3213 640 diligenter
3242 568 3587 641 interjacen-

1940 663 2028 715 tes
2057 659 2459 715 hebdomadas
2490 658 2741 732 singulis
2772 658 2941 713 annis
2981 657 3395 712 dinumerahit.
3428 657 3587 713 Nun-

1941 765 2116 821 quam
2148 765 2288 805 sane
2316 748 2653 819 hujusmodi
2678 746 2889 820 regula
2912 745 3088 802 simul
3111 743 3404 801 observari
3423 749 3587 818 pote-
3678 794 3681 795 ν

1942 835 2221 902 runt,nisi
2247 852 2312 891 eo
2348 851 2661 897 anno,cum
2691 832 2961 889 Kalenda
2992 832 3351 906 Septembris
3380 831 3440 886 in
3471 835 3585 887 ter-

1942 924 2023 979 tia
2048 923 2135 978 vel
2164 924 2222 978 in
2254 928 2464 996 quarta
2502 923 2646 980 feria
2676 927 3006 979 occurrunt.
3039 922 3148 977 Sed
3181 922 3240 977 in
3270 921 3380 977 hac
3410 938 3590 977 causa

1940 1010 2273 1067 Amalarius
2304 1029 2417 1068 non
2448 1013 2590 1068 adeo
2619 1013 2909 1068 notandus
2940 1028 3023 1081 es,
3055 1011 3155 1083 qui
3186 1026 3303 1065 non
3335 1014 3456 1066 tam
3487 1009 3589 1069 ali-

1941 1116 2118 1172 quam
2151 1100 2634 1156 consuetudinem
2666 1101 2969 1157 instituere
3002 1116 3179 1172 quam
3213 1100 3284 1156 de
3324 1099 3593 1155 instituta

1941 1193 2365 1261 competentem
2407 1188 2664 1262 aliquam
2716 1190 2967 1261 ﬁguram
3014 1188 3219 1245 elicere
3266 1188 3588 1245 consuevit.

1942 1277 2058 1333 Cur
2088 1281 2285 1332 autem
2318 1277 2430 1332 ista
2459 1276 2834 1349 replicamus,
2859 1294 2992 1333 cum
3037 1277 3267 1332 etiamsi
3303 1276 3591 1349 pradicta

1942 1364 2153 1438 regula
2177 1364 2286 1421 sibi
2312 1366 2613 1421 annuatim
2642 1366 3371 1432 convcnirent,auctoritati
3393 1369 3591 1421 tamen

1941 1453 2097 1509 sedis
2119 1453 2446 1526 apostolica
2471 1453 2804 1509 nullatenus
2828 1453 3203 1526 prmjudicare
3234 1453 3592 1525 possent,cui

1942 1559 2145 1598 omnes
2166 1559 2268 1614 per
2297 1542 2493 1598 omnia
2524 1544 2743 1614 absque
2757 1542 2913 1596 omni
2930 1541 3293 1597 hasitatione
3312 1542 3595 1598 debemus

1942 1631 2301 1700 obedirc,cui
2335 1647 2637 1703 nunquam
2661 1630 2915 1685 debitam
2945 1629 3289 1685 exhibemus
3328 1629 3597 1686 obedien-

1941 1719 2162 1786 tiam,si
2191 1721 2321 1791 ejus
2352 1724 2571 1775 statuta
2600 1720 2798 1791 potius
2841 1718 3110 1790 judicare
3141 1734 3319 1790 quam
3351 1716 3598 1791 implere

1943 1824 2220 1864 curamus
2250 1808 2413 1865 PHoc
2427 1813 2516 1864 est
2544 1808 2698 1863 enim
2739 1805 3109 1881 privilegium
3150 1806 3494 1863 obedientia
3523 1806 3597 1863 de

1943 1897 2231 1953 sententia
2260 1896 2350 1952 sui
2368 1898 2738 1969 praceptoris
2783 1913 2895 1951 non
2923 1895 3212 1966 judicare,
3242 1895 3303 1951 in
3349 1894 3424 1951 iis
3452 1895 3599 1951 dun-

1943 1990 2100 2040 taxat
2132 1986 2307 2041 rebus
2335 2002 2482 2057 quas
2513 1984 2810 2041 canonicis
2830 1985 3148 2056 Scripturis
3170 1985 3456 2041 contraire
3478 2001 3594 2039 non

1939 2075 2229 2143 videmus,
2258 2074 2374 2129 imo
2427 2074 2626 2129 statim
2677 2075 2911 2146 exsequi
2965 2074 3120 2146 quod
3155 2073 3417 2145 jubetur.
3446 2072 3595 2129 Nam

1943 2163 2280 2235 quicunque
2305 2163 2491 2218 facere
2521 2162 2772 2218 noluerit
2805 2163 2915 2218 nisi
2967 2164 3121 2234 quod
3169 2162 3333 2234 prius
3366 2179 3474 2218 sua
3503 2178 3596 2217 ra-

1940 2251 2100 2307 tione
2130 2251 2461 2323 probaverit
2505 2266 2634 2306 esse
2664 2250 3018 2317 faciendum,
3052 2268 3168 2306 non
3215 2254 3333 2305 tam
3385 2266 3597 2321 prace-

1942 2340 2092 2412 ptori
2125 2356 2231 2395 suo
2263 2356 2440 2411 quam
2473 2338 2717 2412 propria
2747 2337 3064 2394 voluntatis
3106 2337 3344 2393 arbitrio
3371 2337 3600 2393 satisfe-

1944 2427 2092 2484 cisse
2132 2428 2517 2500 judicabitur.
2557 2429 2711 2483 Hanc
2761 2443 2897 2500 ergo
2945 2443 3153 2499 puram
3207 2425 3597 2481 obedientiam

1945 2533 2077 2571 cum
2111 2517 2388 2572 omnibus
2428 2515 2836 2589 spiritualibus
2886 2515 3102 2571 nostris
3137 2514 3595 2587 praceptoribus

1945 2605 2273 2661 certissime
2295 2605 2896 2673 debeamus,maxime
2911 2609 3105 2660 tamen
3123 2601 3450 2675 apostolica
3474 2602 3600 2659 sedi

1944 2711 2012 2750 ex
2046 2694 2249 2749 intimo
2279 2694 2449 2750 corde
2480 2694 2762 2750 debemus
2787 2710 2914 2765 qua:
2935 2692 3119 2749 totius
3139 2691 3480 2747 Christiana
3507 2708 3597 2747 re-

1944 2781 2180 2855 ligionis
2210 2786 2385 2855 caput
2415 2787 2507 2838 est
2536 2785 2593 2838 et
2621 2782 2802 2854 origo.
2824 2782 2931 2837 Sed
2961 2780 3102 2853 quia
3128 2780 3250 2835 hac
3282 2780 3431 2835 ratio
3457 2780 3599 2836 sim-

1947 2871 2288 2943 plicioribus
2343 2873 2589 2927 fortasse
2621 2888 2734 2926 non
2766 2870 3198 2941 sufﬁcit,opera
3230 2869 3484 2941 pretium
3514 2869 3597 2923 vi-

1946 2961 2118 3015 detur
2138 2961 2209 3016 de
2231 2960 2515 3032 superiori
2541 2964 2759 3016 statuto
2782 2959 2961 3015 latius
2974 2963 3151 3014 tracta
3161 2963 3494 3029 re,etquam
3510 2975 3599 3012 ra-

1945 3049 2159 3104 tionale
2174 3048 2578 3117 [rationabile],
2611 3065 2787 3122 quem
2819 3048 3188 3113 canonicum,
3222 3047 3439 3119 quippe
3462 3063 3600 3102 san-

1948 3138 2055 3193 ctis
2088 3138 2357 3192 Patribus
2386 3153 2563 3208 quam
2579 3153 2901 3192 consonum
2919 3135 3261 3207 reperiatur,
3287 3134 3599 3190 elucidare.

173 3223 382 3291 suasit,
419 3221 880 3295 simplicioribus
904 3229 1098 3279 autem
1123 3224 1411 3280 nonnulla
1431 3226 1720 3283 dubitatio
1748 3246 1838 3284 su-
1868 3213 1911 3278 C
1950 3226 2333 3281 Beatissimus
2366 3226 2478 3281 Leo
2509 3242 2660 3296 papa
2692 3226 2734 3292 l,
2770 3225 2829 3279 in
2862 3224 3066 3279 ordine
3113 3222 3604 3295 quadragesimus

175 3326 279 3383 per
309 3310 493 3383 hujus
523 3311 726 3367 statuti
750 3311 1216 3385 promulgatione
1234 3315 1534 3370 remansit.
1559 3315 1703 3371 Nam
1731 3333 1845 3372 non

174 3416 387 3471 parum
411 3415 447 3455 a
467 3399 890 3456 consuetudine
912 3417 1114 3455 eorum
1143 3400 1640 3475 discrepat,quam
1665 3422 1698 3459 a
1718 3404 1844 3476 qui-

184 3487 439 3545 busdam
474 3487 834 3560 scriptisnon
871 3490 1015 3544 adeo
1032 3489 1382 3545 authenticis
1415 3497 1841 3562 mutuaverant,

181 3575 237 3631 id
264 3580 356 3631 est
378 3592 413 3632 a
434 3576 895 3649 Moguntiacensi
911 3577 1175 3636 concilio.
1200 3582 1460 3652 tempore
1493 3580 1723 3636 Henrici
1753 3598 1844 3637 se-

181 3663 359 3719 cundi
375 3664 747 3737 imperatoris
763 3665 911 3720 facto
937 3683 949 3731 ;
968 3665 1075 3721 hoc
1087 3667 1243 3722 enim
1263 3666 1412 3723 hanc
1428 3668 1844 3741 rcgulamjeju-

182 3752 296 3808 niis
319 3756 575 3825 quatuor
593 3756 925 3825 temporum
958 3753 1205 3826 prafixit
1226 3757 1533 3828 (can.3),ut
1562 3757 1618 3811 in
1654 3757 1843 3830 prima

180 3843 392 3909 quarta
424 3838 568 3893 feria
597 3839 874 3903 Martii,in
910 3841 1167 3896 secunda
1197 3841 1379 3910 Junii,
1405 3844 1463 3897 in
1498 3845 1668 3899 tertia
1699 3845 1838 3917 Sep-

178 3927 454 3998 tembris,
485 3927 646 3982 omni
677 3945 829 3982 anno
864 3929 1188 3999 jejunetur.
1222 3930 1505 3988 Praterea
1534 3937 1589 3987 et
1619 3932 1729 3989 hoc
1761 3938 1840 3989 at-

176 4016 454 4086 tendunt,
482 4015 638 4087 quod
671 4016 728 4071 in
761 4016 1115 4087 quibusdam
1159 4021 1640 4075 Saoramentariis
1679 4022 1837 4078 inve-

1955 3313 2262 3386 septimus,
2284 3315 2454 3385 cujus
2485 3313 2827 3367 auctoritate
2859 3316 3274 3384 congregatum
3306 3315 3362 3365 et
3394 3310 3603 3365 confir-

1955 3408 2180 3458 matum
2209 3408 2298 3458 est
2344 3405 2612 3457 sanctum
2655 3398 3126 3456 Chalcedonense
3173 3397 3510 3465 concilium,
3544 3399 3605 3453 in

1950 3492 2098 3547 libro
2131 3507 2469 3547 sermonum
2501 3490 2694 3561 quarti
2744 3489 2967 3543 mensis
2997 3487 3295 3559 jejunium
3335 3503 3452 3542 non
3485 3486 3601 3543 nisi

1951 3580 2317 3635 hebdomada
2331 3580 2701 3634 Pentecostes
2722 3575 3027 3632 celebrand
3039 3593 3136 3631 um
3153 3591 3281 3631 esse
3297 3575 3605 3631 denuntia-

1947 3667 2170 3724 vit.Nec
2194 3667 2303 3723 hoc
2316 3671 2545 3722 tantum
2570 3666 2628 3721 in
2663 3682 2779 3721 uno
2810 3664 3209 3732 sermone,sed
3231 3663 3290 3719 in
3313 3663 3605 3735 pluribus,

1949 3773 2095 3828 quos
2117 3756 2188 3811 de
2218 3759 2554 3811 Pentecoste
2586 3754 2645 3810 in
2676 3754 2920 3810 diversis
2943 3754 3114 3808 annis
3132 3752 3339 3808 fecisse
3365 3751 3606 3823 legitur;

1948 3845 2101 3917 quod
2124 3844 2291 3899 illum
2306 3844 2710 3917 subterfugere
2724 3860 2839 3899 non
2856 3841 3433 3915 poterit,quicunque
3445 3855 3612 3895 eum-

1947 3934 2078 3989 dem
2095 3933 2312 3988 librum
2337 3931 2646 4004 diligenter
2665 3930 3085 4004 pcrlegcrit.lbi
3105 3930 3262 3985 enim
3291 3928 3606 3985 evidentis-

1946 4021 2093 4077 sime
2124 4022 2431 4077 docebitur
2459 4038 2528 4076 ex
2567 4019 2886 4093 apostolica
2927 4018 3242 4075 traditione
3292 4016 3472 4089 hujus
3517 4017 3609 4089 je-

177 4103 542 4175 niunt,quod
573 4108 630 4158 et
660 4103 717 4157 in
750 4105 940 4175 primo
966 4107 1218 4163 Sabbato
1251 4107 1466 4175 Martii,
1489 4109 1547 4164 in
1580 4111 1836 4166 secundo
1935 4110 2089 4182 junii
2123 4109 2549 4166 observantiam
2597 4109 2966 4176 descendere,
3017 4124 3121 4164 nec
3185 4107 3473 4163 diversam
3505 4106 3607 4161 scd

175 4190 436 4258 Junii,in
467 4190 636 4245 tertio
666 4192 1043 4263 Septembris,
1070 4195 1339 4264 jejunare
1368 4197 1704 4253 debeamus.
1732 4198 1836 4255 Illo
1945 4198 2285 4254 continuam
2334 4197 2626 4269 [divisam,
2677 4198 2777 4253 sed
2837 4196 3218 4268 contiguam],
3271 4199 3404 4266 post
3446 4193 3603 4248 diem

177 4280 361 4335 etiam
382 4295 501 4334 non
525 4278 722 4334 minus
752 4279 1077 4347 observato,
1112 4287 1174 4336 ut
1206 4283 1275 4338 de
1314 4301 1430 4340 uno
1475 4285 1727 4343 Sabbato
1756 4306 1834 4343 xu
1944 4292 2317 4343 Pentecostes
2366 4286 2642 4342 celebrari
2677 4286 2909 4342 debere.
2943 4285 3052 4340 Sed
3093 4300 3162 4338 ne
3218 4280 3436 4353 aliquis
3468 4296 3609 4335 eum

178 4366 510 4424 lectionum
526 4382 713 4439 usque
735 4367 789 4422 in
813 4366 968 4423 aliud
982 4369 1161 4439 ,juxta
1179 4371 1839 4446 Amalarium,quatuor-
1947 4375 2054 4433 hoc
2084 4376 2155 4431 de
2186 4373 2682 4448 quadragesimali
2708 4371 3116 4445 jejunio.quod
3143 4374 3273 4443 post
3294 4372 3607 4424 Pentecos-

179 4456 375 4512 decim
398 4456 781 4512 hebdomada
806 4460 1300 4530 computentur.Si
1334 4459 1834 4534 igitur,inquiunt,
1945 4469 2041 4520 ten
2073 4464 2288 4537 agitur,
2322 4482 2436 4519 non
2476 4464 2547 4518 de
2575 4462 2805 4534 jejunio
2860 4460 3051 4533 quarti
3101 4459 3347 4526 mensis,
3395 4473 3609 4530 prace-

171 4545 347 4615 juxta
377 4548 668 4642 statu-tum
692 4545 913 4642 domini
947 4543 1250 4619 apostolici
1281 4546 1430 4603 infra
1462 4549 1833 4608 Pentecosten
1864 4577 1913 4642 D
1946 4552 2101 4625 pisse
2132 4557 2364 4624 putaret
2393 4552 2822 4624 subsequenter
2851 4548 3215 4606 decernendo
3239 4548 3512 4642 admonet
3544 4550 3611 4600 ut

178 4635 495 4690 annuatim
520 4634 904 4706 jejunaveris,
928 4651 1040 4690 non
1064 4652 1296 4707 semper
1330 4638 1646 4693 secundam
1670 4657 1839 4712 quar-
1864 4633 1908 4642 ”
1948 4641 2101 4697 infra
2129 4641 2395 4697 eamdem
2408 4640 2838 4695 hebdomadam
2864 4643 3075 4711 quarta
3096 4642 3154 4693 et
3176 4640 3339 4693 sexta
3365 4633 3603 4705 feriaje-

181 4725 303 4777 tam
338 4723 547 4779 feriam
576 4722 664 4779 vel
680 4724 1003 4780 secundum
1017 4724 1510 4781 SabbatumJunii
1536 4727 1839 4785 observare
1941 4729 2342 4801 junetur,etin
2374 4730 2629 4785 Sabbato
2647 4729 2800 4801 apud
2828 4732 3105 4783 Sanctum
3128 4730 3367 4781 Petrum
3391 4721 3607 4795 vigilia

180 4812 426 4883 poteris.
461 4811 571 4867 Sed
591 4828 696 4867 cur
717 4830 877 4869 more
911 4812 1336 4870 Pharisaorum
1359 4813 1657 4887 liquamus
1692 4817 1836 4873 culi-
1949 4818 2336 4886 celebrentur,
2374 4834 2550 4890 quem
2597 4816 3064 4874 denuntiationis
3094 4814 3337 4870 modum
3368 4827 3515 4886 pene
3546 4812 3606 4867 in

182 4914 330 4969 cem,
355 4899 674 4973 glutientes
687 4900 975 4957 camelum
994 4902 1167 4969 ?Cur,
1203 4903 1467 4975 inquam,
1498 4904 1838 4975 hujusmodi
1949 4908 2225 4963 omnibus
2255 4908 2379 4962 suis
2394 4907 2766 4963 sermonibus
2783 4905 3196 4972 obtinuit,cum
3216 4901 3447 4975 jejunia
3463 4902 3610 4966 Qua-

182 4988 406 5061 scripta
418 4989 779 5061 pravaricari
793 4989 928 5063 plus
940 5007 1430 5063 vereamurquam
1446 4994 1600 5050 sedis
1614 5001 1842 5067 aposto-

183 5074 308 5132 lica
326 5077 653 5149 decretum,
677 5078 999 5150 prasertim
1022 5096 1158 5135 cum
1188 5080 1262 5136 ob
1287 5097 1488 5137 eorum
1516 5082 1838 5140 adinviccm

183 5164 639 5238 repugnantiam
664 5181 726 5222 se
740 5167 1045 5223 observare
1075 5185 1191 5225 non
1215 5169 1657 5241 permittant?Si
1683 5172 1838 5228 enim

175 5253 350 5324 juxta
367 5254 841 5325 Moguntiacense
853 5256 1169 5313 concilium
1191 5256 1249 5313 in
1264 5258 1455 5330 prima
1474 5264 1683 5332 quarta
1698 5262 1841 5318 feria

185 5340 406 5408 Martii,
428 5341 488 5396 in
509 5344 768 5399 secunda
796 5343 979 5415 Junii,
1006 5346 1063 5400 in
1096 5346 1269 5401 tertia
1293 5349 1650 5419 Septembris
1679 5351 1839 5406 omni

185 5445 344 5485 anno
366 5430 701 5501 jejunetur.
726 5433 983 5504 primum
1035 5432 1356 5489 Sabbatum
1388 5435 1602 5506 Martii,
1626 5455 1840 5495 secun-

187 5517 332 5572 dum
362 5516 798 5586 Junii,tertium
829 5520 1190 5593 Septembris
1212 5524 1516 5580 annuatim
1535 5525 1841 5585 observare

185 5605 632 5687 nequibis,necj
642 5611 775 5665 uxta
796 5606 1157 5669 Amalarium
1171 5611 1611 5691 quatuordeoim
1631 5614 1846 5677 hebdo-

1948 5000 2082 5051 tuor
2096 4997 2450 5067 'l‘emporum
2474 4988 3608 5063 denuntiaret.NamillaQuadragesima

1950 5088 2081 5157 post
2110 5088 2489 5140 Pentecosten
2522 5100 2635 5140 non
2669 5083 2946 5140 omnibus
2966 5087 3032 5138 ut
3054 5082 3163 5138 hoc
3178 5079 3606 5153 jejunium,sed

1949 5173 2092 5230 solis
2139 5172 2556 5246 paenitentibus
2604 5172 2970 5228 observanda
3018 5169 3361 5244 imponitur.
3396 5167 3509 5222 Nec
3544 5167 3605 5221 in

1950 5261 2058 5319 hoc
2080 5265 2311 5317 tantum
2340 5260 2534 5317 triduo
2566 5260 2716 5317 infra
2742 5265 3147 5331 Pentecosten,
3172 5259 3270 5314 sed
3322 5257 3381 5311 in
3414 5254 3605 5308 omni-

1948 5352 2061 5407 bus
2091 5351 2324 5418 triduis,
2347 5349 2436 5406 vel
2485 5351 2661 5407 etiam
2706 5351 2913 5405 diebus
2962 5365 3063 5405 sex
3102 5341 3606 5403 hebdomadarum

1950 5440 2230 5497 custodiri
2264 5440 2524 5511 jubetur.
2563 5443 2840 5495 Praterea
2892 5438 3049 5493 idem
3100 5435 3187 5489 vir
3244 5428 3605 5504 apostolicus

1950 5529 2011 5583 in
2043 5544 2309 5583 sermone
2340 5527 2410 5583 de
2431 5527 2661 5599 jejunio
2692 5525 2929 5599 septimi
2963 5522 3241 5579 mensism
3275 5516 3605 5590 Jejunium,

1950 5616 2412 5697 inquit,veruum
2441 5615 2502 5676 iu
2532 5610 3285 5690 Quadragesima,astivum
3306 5607 3367 5666 in
3397 5610 3604 5672 Pente~
