3920 6208
219 316 360 388 {001

1642 316 2167 387 M‘ICROLOGUS.

3449 316 3611 387 1009

214 456 551 517 lectionibus
581 442 938 528 subjungere
968 455 1253 510 debemus
1285 472 1297 511 :
1331 455 1569 527 Spiritus
1610 456 1852 525 Domini,
1882 457 1938 523 Α
1965 472 2081 512 non
2110 454 2427 539 immerito
2452 452 2685 527 plenius
2730 470 2909 528 quam
2961 456 3190 529 reliqua
3232 472 3406 514 suum
3432 456 3613 514 habet

212 548 534 609 Paraclitus,
566 545 782 600 Emitte.
820 546 947 599 Veni
975 544 1170 599 Sancte
1199 544 1459 616 Spiritus.
1515 546 1580 599 In
1625 548 1854 601 autum-

216 644 329 700 nali
360 646 553 703 autem
577 641 806 714 jejunio
836 641 1057 709 omnia,
1090 645 1154 697 ut
1182 640 1451 698 instituta
1475 645 1634 708 sunt,
1664 643 1854 698 obser-

204 749 423 789 vamus.
474 731 537 786 In
586 733 798 802 quarta
847 729 989 786 feria
1020 729 1339 802 antiphona
1376 730 1670 792 Exultate;
1715 747 1853 803 gra-

202 820 386 889 duale,
419 820 552 889 Quis
609 820 781 881 sicut;
812 817 1112 893 graduale,
1165 819 1596 882 Tribulaliones;
1629 820 1853 875 otl‘erto—

203 910 374 980 rium,
408 908 728 972 Meditabar;
755 908 1113 977 communio,
1143 909 1414 965 Comedite
1445 927 1463 963 :
1495 923 1630 964 cum
1657 908 1852 964 lectio-

202 999 401 1063 nibus,
450 998 581 1053 Ecce
625 997 739 1052 dies
784 998 1032 1065 veniunt,
1070 1000 1438 1071 Cougregatus
1468 1001 1577 1064 est;
1614 1013 1851 1070 evange-

198 1094 362 1163 lium,
394 1090 749 1166 Respondens
786 1111 946 1150 unus.
980 1093 1042 1149 In
1077 1098 1237 1150 sexta
1288 1095 1433 1151 feria
1477 1095 1797 1168 antiphona
1832 1114 1843 1152 :

200 1186 433 1242 Laetetur
486 1200 614 1246 cor;
688 1182 988 1256 graduale,
1054 1186 1401 1252 Convertere;
1459 1184 1843 1250 offertorium,

196 1272 421 1339 Benedic
436 1287 458 1335 ,·
491 1272 850 1339 communio,
884 1273 1053 1344 Aufer
1078 1290 1113 1328 α
1136 1288 1221 1328 me
1231 1290 1252 1335 ;
1284 1272 1474 1328 lectio:
1495 1273 1843 1329 Convertere:

195 1360 579 1435 evangelium,
613 1361 854 1432 Rogabat
880 1363 1081 1417 Jesum.
1116 1363 1251 1429 Quae
1283 1359 1481 1417 omnia
1517 1360 1842 1417 adinvicem

193 1466 465 1523 magnam
497 1448 717 1505 habent
736 1448 1198 1505 concordiam.In
1215 1449 1468 1506 Sabbato
1496 1450 1839 1523 antiphona:

194 1539 711 1606 Venite,arloremus;
744 1537 1105 1594 oﬂ‘ertorium
1138 1556 1150 1594 :
1184 1540 1411 1595 Domine
1440 1540 1575 1595 Deus
1602 1540 1800 1595 salutis
1821 1560 1841 1606 ,ο

188 1637 526 1692 communio
562 1653 574 1692 :
607 1637 781 1692 Mense
800 1637 1058 1707 septimo;
1088 1634 1364 1692 lectiones
1411 1655 1424 1692 :
1468 1637 1682 1692 Decimo
1729 1636 1837 1702 die,

188 1726 383 1794 Quinto
434 1725 666 1796 decimo,
716 1726 943 1781 Domine
990 1726 1128 1780 Deus
1190 1735 1393 1791 noster,
1452 1727 1677 1781 Factum
1726 1729 1837 1788 est;

1962 544 2242 600 ofﬁcium.
2274 543 2418 600 Nam
2448 543 2675 617 reliqua
2703 543 2942 601 aliunde
2972 561 3129 601 nunc
3157 560 3229 601 ex
3256 544 3398 614 toto,
3455 562 3613 603 nunc

1961 650 2029 689 ex
2059 650 2273 706 magna
2318 637 2484 706 parte
2534 648 2637 706 per
2679 649 2821 690 suas
2872 633 3049 691 ferias
3100 624 3515 690 inomciantur.
3547 631 3615 690 In

1958 721 2121 778 'omni
2145 721 2373 794 jejunio
2401 723 2661 786 Quatuor
2678 721 3061 795 Temporum,
3091 721 3208 779 nisi
3235 720 3390 778 infra
3418 725 3618 778 Pente-

1961 814 2180 876 costen,
2212 825 2404 882 genua
2434 811 2746 868 ﬂectimus.
2775 815 2842 867 In
2865 814 3077 883 quarta
3098 800 3336 884 quidem
3367 808 3513 866 feria
3541 810 3614 866 ad

1960 899 2209 970 priorem
2241 902 2472 956 tantum
2504 900 2830 956 orationem
2862 900 2989 956 sine
3021 892 3378 957 salutatione
3418 897 3613 971 prola-

1959 988 2248 1043 lam.Nam
2264 989 2524 1045 secunda
2536 987 2662 1045 sine
2673 989 3076 1063 genuﬂexione
3096 1004 3234 1046 cum
3263 977 3615 1045 salutatione

1958 1076 2268 1148 profertur.
2301 1077 2497 1133 Oratio
2521 1081 2719 1134 autem
2751 1078 2811 1134 in
2842 1080 3008 1135 sexta
3034 1077 3182 1135 feria
3207 1093 3344 1134 cum
3391 1075 3609 1138 saluta-

1958 1165 2113 1220 tione
2142 1169 2200 1220 et
2227 1165 2630 1238 genuﬂexione
2672 1165 2968 1223 recitatur.
3003 1166 3067 1223 In
3110 1166 3362 1224 Sabbato
3410 1169 3609 1223 autem

1954 1269 2157 1309 omnes
2189 1253 2480 1310 orationes
2510 1254 2838 1327 genuﬂexio
2869 1255 2996 1312 sine
3024 1253 3376 1313 salutatione
3393 1271 3610 1329 praece-

1953 1342 2060 1409 dit,
2086 1345 2295 1414 praeter
2321 1341 2483 1398 illam
2516 1343 2587 1400 de
2609 1343 2838 1401 camino
2860 1360 2987 1416 quae
3018 1344 3432 1402 salutationem
3481 1344 3609 1402 sine

1950 1431 2354 1503 genuﬂexione
2383 1431 2578 1505 exigit.
2610 1433 2696 1487 Ad
2727 1431 2889 1488 illam
2922 1448 3132 1507 nempe
3160 1449 3353 1508 genua
3379 1433 3607 1491 ﬂectere

1954 1519 2643 1591 praetermittimus,more
2673 1520 2853 1576 trium
2873 1522 3323 1594 puerorum,qui
3347 1524 3606 1578 statuam

1950 1609 2192 1664 adorare
2222 1608 2539 1665 noluerunt
2567 1624 2702 1665 cum
2734 1599 3238 1682 gentilibus.0ﬂlo
3262 1608 3440 1666 etiam
3461 1622 3606 1681 pra-

1947 1696 2089 1768 cipit
2133 1701 2199 1752 ut
2242 1697 2395 1753 infra
2444 1698 2731 1771 hymnum
2759 1698 3105 1754 earumdem
3138 1711 3459 1770 puerorum
3489 1712 3609 1753 non

184 1777 1121 1889 Singulis";intelliget?
1142 1777 1844 1887 gentilitatem
1874 1817 1922 1884 Β
1952 1785 2517 1889 ῗξδάεαωιξενιξθνίμίει,
2536 1787 2595 1887 in
2627 1777 2866 1889 οααιίξιρ
2888 1785 3430 1889 ¹α¹³ον⁸ξὶείδυ³ιξ¹οθ
3450 1784 3608 1889 ίξιῖτ·

188 1920 310 1975 qua:
341 1908 400 1961 et
429 1903 491 1958 in
519 1903 749 1975 jejunio
778 1902 1020 1960 vernali.
1052 1902 1185 1966 Quze
1231 1902 1340 1959 etsi
1387 1903 1542 1975 apud
1583 1903 1845 1959 diversos

186 1991 409 2067 diverse
437 1997 848 2059 assumuntur,
882 1992 941 2047 in
975 1991 1429 2065 quamplurimis
1462 1995 1655 2048 tamen
1678 1991 1845 2048 libris

183 2081 263 2136 ita
322 2080 701 2153 reperiuntur
753 2100 764 2137 :
816 2085 1113 2145 Protector,
1179 2082 1475 2153 Pr0pitius,
1536 2082 1841 2152 Dirigatur,

184 2178 409 2234 Salvum
433 2186 532 2250 [ac
556 2177 850 2251 pepulum,
885 2195 1012 2250 quae
1062 2183 1120 2234 et
1159 2176 1218 2233 in
1269 2178 1597 2234 autumnali
1615 2179 1845 2251 jejunio

185 2270 247 2321 ut
277 2266 336 2321 in
366 2265 594 2322 vernali
627 2265 995 2334 ordinantur,
1040 2258 1152 2322 nisi
1205 2266 1358 2338 quod
1409 2267 1468 2322 in
1515 2266 1845 2323 autumnali

185 2353 469 2426 graduale
510 2356 804 2423 Protector,
853 2358 986 2426 post
1022 2354 1302 2429 graduale
1355 2357 1633 2428 Pr0pitius
1685 2358 1844 2411 cani-

190 2447 303 2500 tur.
355 2444 424 2501 Et
472 2444 587 2501 hoc
630 2444 832 2517 utique
875 2443 1187 2501 concordia
1232 2444 1559 2502 officiorum
1619 2445 1847 2519 exigere

190 2532 437 2589 videtur.
503 2534 652 2590 Nam
716 2533 773 2588 in
834 2533 1052 2589 vernali
1110 2533 1303 2606 prima
1367 2533 1538 2590 lectio
1605 2537 1843 2607 Respice,

186 2622 437 2690 Domine,
471 2622 539 2678 de
562 2623 903 2690 sanctuario,
937 2624 990 2678 et
1022 2622 1240 2677 benedic
1264 2624 1465 2695 populo
1494 2627 1605 2690 tuo,
1629 2623 1846 2695 optime

187 2711 465 2784 congruit
493 2708 761 2784 graduali
790 2712 1069 2767 Protector
1098 2715 1299 2779 uoster,
1346 2729 1380 2767 a
1427 2729 1542 2785 quo
1597 2716 1656 2768 et
1703 2713 1844 2768 sub-

182 2825 449 2882 sequens
480 2807 665 2865 oratio
686 2808 953 2865 initiatur
980 2810 1272 2865 Protector.
1322 2809 1600 2867 Secunda:
1650 2814 1845 2866 autem

182 2899 427 2955 lectioni
450 2895 735 2970 graduale
762 2898 1046 2968 Propitius
1090 2915 1205 2955 non
1244 2898 1561 2971 incongrue
1610 2899 1848 2971 adapta-

180 2992 302 3043 tur.
337 2987 497 3042 Nam
523 2986 677 3057 quod
711 2985 770 3040 in
800 2985 1043 3042 lectione
1076 2987 1147 3041 de
1177 2986 1462 3059 corporali
1504 2986 1847 3043 liberatione

179 3074 406 3149 populo
440 3072 616 3130 Israel
650 3073 1029 3146 promittitur,
1076 3074 1188 3131 hoc
1237 3080 1439 3131 sancta
1481 3074 1737 3131 Ecclesia
1785 3076 1845 3130 in

179 3160 463 3235 graduali
495 3159 879 3233 spiritualiter
910 3160 1079 3218 nobis
1103 3161 1411 3233 adimpleri
1442 3161 1758 3235 supplicat,
1773 3180 1845 3220 ne
1876 3180 1919 3247 ρ

181 3264 392 3333 gentes
425 3259 762 3315 daemonum
785 3259 953 3314 nobis
974 3258 1500 3331 praevaleant,sicut
1521 3276 1624 3333 nec
1645 3264 1847 3332 gentes

182 3363 564 3422 paganorum
596 3346 714 3403 illis
744 3345 1268 3420 praavalueruntJn
1294 3347 1620 3404 autumnali
1650 3352 1847 3404 autem

180 3436 475 3510 graduale
507 3438 789 3508 Propitius
818 3436 1193 3508 praeponitur,
1221 3435 1361 3508 quia
1402 3440 1459 3493 et
1509 3436 1618 3492 hoc
1659 3436 1848 3510 magis

180 3525 393 3599 prima
427 3524 673 3582 lectioni
696 3524 985 3591 convenit,
1018 3540 1145 3597 qua:
1176 3524 1346 3580 nobis
1393 3524 1546 3581 diem
1570 3524 1846 3597 propitia-

180 3614 390 3682 tionis,
424 3617 487 3672 et
514 3616 577 3668 ut
605 3613 757 3669 Deus
780 3613 949 3668 nobis
979 3612 1346 3685 propitiatur,
1377 3612 1721 3684 praescribit.
1755 3614 1850 3669 Se-

181 3703 394 3758 cunde:
466 3718 601 3758 vero
667 3700 903 3757 lectioni
973 3700 1252 3774 graduale
1308 3705 1587 3758 Protector
1660 3700 1850 3773 magis

178 3791 498 3864 competit,
530 3806 649 3862 qua
677 3789 829 3846 ﬁlios
860 3789 1006 3845 Irael
1037 3794 1262 3862 septem
1295 3790 1504 3846 diebus
1552 3790 1663 3846 sub
1715 3806 1847 3862 pro-

179 3890 446 3945 tectione
474 3886 953 3944 umbraculorum
978 3887 1286 3943 annuatim
1311 3886 1692 3944 solemnizare
1713 3903 1853 3958 prte-

176 3979 359 4051 cepit.
393 3977 665 4034 Tertium
695 3981 891 4033 autem
910 3978 1138 4048 jejunio
1169 3978 1386 4050 optime
1416 3977 1854 4050 congruit,quia

176 4072 238 4124 et
261 4069 327 4124 in
359 4065 592 4124 vernali
613 4066 983 4131 Jonathas,et
1011 4066 1070 4121 in
1088 4066 1413 4138 Septembri
1435 4065 1705 4122 Michaeas
1730 4082 1854 4121 ora-

176 4156 380 4214 tiones
416 4170 563 4210 suas
594 4153 665 4209 ad
696 4153 1010 4209 Dominum
1041 4171 1145 4225 pro
1175 4154 1389 4227 populo
1422 4154 1519 4211 Dei
1566 4154 1848 4227 dirigunt.

176 4242 488 4301 Similiter
508 4244 786 4311 quartum
818 4238 1097 4311 graduale
1119 4246 1339 4313 quartae
1368 4240 1605 4297 lectioni
1627 4256 1855 4313 compe-

173 4344 251 4399 tit
273 4339 672 4413 utique.Nam
684 4336 741 4393 in
755 4336 974 4393 vernali
987 4354 1091 4409 pro
1104 4337 1289 4393 salute
1300 4336 1499 4409 populi
1521 4336 1856 4410 postulatur

177 4448 313 4504 quae
349 4430 415 4485 in
453 4424 784 4483 autumnali
830 4424 1193 4497 promittitur
1240 4422 1478 4497 populo,
1511 4424 1561 4481 si
1592 4429 1787 4481 tamen
1823 4443 1857 4481 a

1952 1872 2046 1928 tiae
2078 1874 2357 1931 sessionis
2388 1875 2569 1931 dediti
2599 1892 2728 1931 esse
2746 1875 3070 1933 videamur.
3096 1874 3216 1931 Hoc
3244 1878 3442 1931 autem
3465 1874 3607 1932 Sab-

1952 1963 2159 2018 batum
2190 1963 2459 2034 quamvis
2480 1980 2580 2020 sex
2609 1960 2887 2021 lectiones
2907 1967 3138 2021 tantum
3154 1962 3611 2034 habeat,dicitur

1952 2055 2149 2107 tamen
2180 2067 2262 2108 xu
2295 2050 2634 2120 lectionum,
2680 2068 2749 2109 eo
2807 2053 2965 2125 quod
3016 2052 3343 2126 antiquitus
3386 2053 3606 2111 eadem

1952 2139 2233 2196 lectiones
2257 2141 2349 2197 bis
2375 2140 2739 2213 legebantur,
2771 2141 2963 2198 Graece
2990 2141 3257 2198 videlicet
3285 2145 3346 2200 et
3381 2140 3603 2198 Latine.

1951 2228 2266 2284 Sciendum
2294 2233 2491 2285 autem
2523 2230 2583 2285 S.
2615 2229 2920 2286 Callistum
2958 2245 3171 2305 papam
3199 2232 3262 2286 et
3290 2233 3605 2302 martyrem

1953 2316 2295 2387 hujusmodi
2319 2316 2549 2389 jejunia
2578 2321 2786 2390 quater
2809 2318 2868 2372 in
2901 2333 3055 2374 anno
3084 2315 3363 2375 celebrari
3392 2316 3606 2374 consti-

1951 2406 2291 2477 tuisse,quse
2321 2405 2487 2477 prius
2513 2411 2602 2462 ter
2627 2410 2859 2463 tantum
2880 2406 2939 2461 in
2958 2423 3111 2462 anno
3133 2404 3423 2463 celebrata
3441 2409 3603 2463 sunt.

1954 2493 2118 2549 Sicut
2144 2493 2301 2550 idem
2330 2494 2684 2567 apostolicus
2736 2496 2810 2551 ad
2859 2495 3238 2552 Benedictum
3262 2492 3605 2569 episcopum

1955 2582 2219 2638 scribens
2249 2582 2520 2655 (epistola
2542 2581 2819 2640 decretali
2847 2583 3059 2656 prima)
3089 2586 3358 2641 testatur.

2123 2672 2258 2727 CAP.
2286 2669 2522 2728 XXXIX.
2565 2703 2631 2712 —
2662 2673 2738 2728 De
2763 2672 3084 2729 vacantibus
3115 2673 3433 2729 Dominicis.

2024 2763 2286 2827 Quatuor
2314 2761 2625 2818 Dominicis
2645 2778 2773 2834 qua:
2798 2761 2901 2835 huj
2912 2760 3145 2818 usmodi
3158 2761 3389 2833 jejunis
3418 2760 3608 2834 proxi-

1956 2866 2049 2906 me
2079 2851 2606 2923 subsequuntur,in
2623 2848 2771 2908 libro
2801 2850 3316 2908 Sacramentorum
3331 2853 3611 2907 vacantes

1954 2938 2475 3010 prmtitulantur,eo
2493 2940 2648 3011 quod
2671 2939 2925 3012 propriis
2943 2944 3181 2996 careant
3203 2937 3608 2999 ofﬁciisﬂnde

1955 3031 2012 3082 et
2040 3043 2109 3083 ex
2138 3028 2602 3098 praecedentibus
2628 3029 2859 3100 quartis
2889 3028 3050 3085 feriis
3088 3028 3455 3100 jejuniorum
3490 3027 3605 3084 Ro-

1956 3131 2129 3171 mano
2176 3132 2333 3171 more
2365 3116 2781 3185 inofllciantur,
2835 3120 2900 3171 ut
2919 3115 3031 3172 illis
3060 3117 3190 3172 due
3222 3133 3351 3189 quae
3371 3115 3608 3173 vernale

1949 3203 2244 3275 jejunium
2278 3204 2720 3275 subsequuntur
2750 3208 2807 3260 et
2836 3203 3107 3260 hiemale.
3126 3203 3231 3261 Illa
3250 3208 3446 3260 autem
3471 3207 3608 3277 post

1956 3282 2210 3348 aastivale‘
2227 3292 2525 3363 jejunium
2557 3309 2670 3347 non
2705 3303 2841 3348 cum
2873 3297 3084 3364 quarta
3114 3292 3385 3363 feria,sed
3417 3289 3604 3349 multo

1956 3380 2396 3436 convenientiae
2425 3397 2559 3436 cum
2591 3380 2782 3437 ofﬁcio
2812 3384 3181 3438 Pentecostee
3202 3379 3604 3454 suppletur,eo

1957 3468 2113 3540 quod
2145 3468 2223 3524 sit
2250 3472 2451 3525 octava
2477 3469 2626 3540 ejus.
2660 3472 2799 3526 Post
2818 3468 3118 3541 jejunium
3157 3468 3336 3526 etiam
3373 3471 3607 3525 autum-

1957 3556 2357 3628 nale,quidam
2387 3572 2456 3613 ex
2474 3561 2684 3629 quarta
2711 3556 2855 3613 feria
2874 3556 3238 3614 Dominicam
3262 3563 3607 3629 sequentem

1959 3646 2371 3713 inofﬁciant,ut
2399 3646 2678 3719 paucitati
2703 3645 3157 3703 Dominicalium
3198 3640 3526 3702 ofﬁciorum
3546 3644 3610 3701 in

1958 3736 2158 3790 aestate
2188 3734 2297 3790 hoc
2327 3733 2734 3806 supplemento
2789 3733 3159 3791 subveniunt.
3207 3733 3324 3791 Sed
3363 3732 3617 3791 Romani

1959 3822 2300 3892 hujusmodi
2317 3822 2624 3895 penuriam
2649 3822 2993 3895 repetitione
3015 3820 3464 3879 Dominiealium
3483 3821 3614 3881 σω.

1959 3909 2180 3965 ciorum
2214 3910 2681 3983 supplent.Unde
2701 3914 2759 3967 et
2781 3910 3115 3984 praedictam
3141 3909 3619 3983 compilatioan

1961 3999 2533 4072 [completionem]ex
2562 4004 2776 4072 quarta
2809 3998 2978 4071 feria,
3010 4000 3180 4073 quasi
3205 4016 3323 4057 non
3348 4013 3622 4059 necessa-

1960 4087 2131 4157 riam,
2163 4087 2244 4143 ibi
2275 4088 2625 4160 praemittere
2676 4087 2889 4145 solent.
2922 4091 3021 4144 Hie
3072 4092 3270 4147 autem
3302 4088 3623 4146 Dominics

1962 4176 2292 4249 antiquitus
2321 4178 2394 4232 ab
2424 4177 2616 4233 ofﬁcio
2644 4177 3104 4249 vacabant,quia
3133 4175 3445 4245 celebratio
3466 4175 3621 4231 ordi-

1963 4265 2289 4334 nationum,
2315 4266 2485 4336 juxta
2531 4266 2767 4322 decreta
2815 4269 3155 4321 sanctorum
3203 4266 3467 4334 Patrum,
3499 4266 3622 4320 tam

1964 4370 2093 4409 sero
2124 4353 2299 4409 fiebat
2327 4353 2385 4409 in
2417 4353 2694 4423 Sabbato,
2728 4358 2795 4410 ut
2847 4354 3044 4427 potius
3093 4352 3410 4409 Dominice
3440 4366 3624 4425 quam

1963 4443 2213 4497 Sabbato
2243 4441 2650 4499 ascriberetur.
2682 4442 2830 4499 Nam
2875 4441 3257 4499 beatissimus
3307 4441 3420 4497 Leo
3470 4455 3626 4513 papa

173 4520 436 4609 νθτίῑᾷἴθ
471 4532 587 4571 non
619 4512 973 4609 discesflﬁl‘it-
998 4512 1155 4569 satis
1185 4529 1323 4609 θξβξ)
1355 4528 1681 4585 congruum
1700 4514 1855 4570 νίάθ·
1884 4541 1931 4609 D
1962 4529 2191 4601 primus
2219 4546 2406 4602 usque
2435 4529 2497 4585 in
2528 4546 2700 4587 mane
2732 4530 3046 4587 Dominicis
3076 4529 3189 4586 diei
3220 4512 3619 4586 ordinationes

174 4612 279 4664 tur
301 4607 374 4663 ut
386 4608 448 4662 et
461 4621 571 4661 nos
584 4620 785 4661 eorum
810 4602 1093 4658 librorum
1116 4601 1490 4658 traditionem
1515 4618 1853 4674 sequamur,

173 4696 280 4770 qui
314 4695 535 4753 eadem
567 4690 874 4765 gradualia
903 4690 1124 4747 vernali
1174 4694 1233 4747 et
1275 4689 1607 4747 autumnali
1627 4689 1855 4763 jejunio

176 4795 413 4867 pariter
438 4791 767 4848 ascribunt.
802 4790 925 4845 Non
978 4806 1115 4845 cum
1167 4788 1520 4845 lectionibus
1550 4789 1861 4860 utriusque

168 4882 402 4955 jejunii
440 4896 721 4952 magnam
770 4879 989 4935 habent
1022 4876 1421 4946 concordiam,
1448 4883 1513 4933 ut
1540 4876 1863 4950 praelibavi-

180 4983 547 5043 mus,quam
562 4968 935 5040 potissimum
951 4967 1009 5023 in
1024 4965 1741 5041 dispositioneofﬁciorum
1755 4982 1863 5022 nos

178 5061 507 5118 attendere
538 5057 725 5113 sancti
758 5055 957 5113 Patres
988 5057 1334 5113 docuerunt.
1353 5055 1414 5110 in
1445 5053 1685 5111 hiemali
1707 5055 1863 5125 jeju-

181 5153 309 5218 nio,
345 5147 516 5222 quod
546 5146 606 5201 in
638 5145 903 5219 proximo
934 5146 1190 5201 Sabbato
1234 5150 1371 5201 ante
1416 5143 1676 5217 vigiliam
1706 5142 1864 5199 Nati-

177 5238 400 5296 vitatis
438 5234 754 5293 Dominica
784 5248 1017 5307 semper
1041 5237 1133 5291 est
1155 5232 1605 5299 observandum,
1624 5230 1773 5286 nihil
1803 5231 1863 5289 in

174 5324 409 5385 ofﬁciis
439 5322 723 5381 variatur.
754 5322 823 5380 Et
852 5323 1176 5378 notandum
1202 5338 1407 5378 omnes
1440 5320 1811 5394 apostolicos,
1830 5337 1865 5375 a

175 5417 363 5473 beato
397 5414 575 5470 Petro
602 5427 791 5485 usque
834 5411 905 5467 ad
952 5409 1324 5483 Simplicium
1354 5426 1589 5483 papam,
1624 5409 1862 5466 ordina-

168 5515 380 5570 tiones
413 5514 651 5568 tantum
681 5510 741 5565 in
760 5509 989 5582 jejunio
1019 5508 1357 5565 Decembris
1408 5506 1758 5576 celebrasse,
1793 5509 1860 5563 ut

174 5602 240 5667 in
252 5604 540 5662 Romano
554 5597 892 5656 Pontiﬁciali
910 5596 1191 5671 legitur.U
1201 5598 1311 5654 nde
1321 5601 1380 5656 et
1393 5597 1640 5671 istudjej
1648 5596 1859 5654 unium

546 5725 813 5794 Peritos.
838 5723 1010 5791 'GLI.

1964 4619 2074 4676 rite
2103 4618 2382 4675 celebrari
2413 4635 2584 4692 posse
2608 4623 2860 4677 testatus
2888 4623 2997 4688 est,
3030 4619 3371 4676 continuato
3420 4620 3631 4676 tamen

1964 4708 2201 4764 Sabbati
2226 4708 2453 4780 jejunio
2484 4709 2631 4766 :imo
2661 4709 2824 4782 ipsas
2852 4708 3113 4765 leviticae
3143 4707 3552 4764 ordinationes
3569 4707 3632 4761 et

1967 4796 2357 4854 sacerdotales
2387 4815 2692 4870 nunquam
2724 4798 2838 4855 nisi
2866 4798 2928 4853 in
2955 4795 3458 4868 Dominicajussit
3482 4793 3628 4852 cele-

1969 4886 2147 4953 brari,
2180 4886 2452 4943 Dioscoro
2482 4887 2747 4944 scribens
2779 4887 3053 4960 episcopo
3082 4901 3095 4943 :
3121 4908 3150 4937 «
3178 4882 3629 4943 Consecrandis.

1970 4974 2499 5047 inquit,nunquam
2533 4975 2863 5032 benedictio
2892 4974 3205 5044 detur,nisi
3237 4974 3299 5030 in
3327 4973 3636 5033 Dominica

1971 5080 2100 5136 quae
2132 5081 2166 5119 a
2198 5063 2439 5120 Sabbati
2471 5079 2712 5137 vespera
2740 5064 3029 5121 initiatur.
3055 5086 3085 5115 ‹‹
3117 5068 3264 5120 Item
3290 5064 3501 5121 beatus
3531 5061 3636 5120 Ge-

1972 5152 2157 5208 lasius
2189 5168 2675 5225 papa,successor
2703 5152 3141 5224 ejus,omnibus
3169 5151 3464 5225 episcopis
3484 5148 3634 5207 scri-

1968 5241 2137 5311 bens,
2170 5239 2426 5297 decrevit
2454 5245 2522 5297 ut
2569 5241 2629 5296 in
2677 5240 2951 5297 Sabbatis
2985 5242 3249 5306 Quatuor
3275 5241 3634 5310 Temporum

1967 5330 2367 5387 ordinationes
2400 5330 2557 5387 circa
2586 5346 2888 5402 vesperam
2919 5328 3374 5386 celebrarentur.
3391 5324 3555 5382 Unde
3574 5327 3638 5381 et

1969 5420 2269 5476 Romanus
2298 5419 2451 5475 Ordo
2483 5420 2544 5475 in
2564 5417 3025 5491 Quadragesima
3044 5417 3102 5472 in
3121 5415 3376 5473 Sabbato
3393 5412 3638 5470 ordine.i

1965 5507 2196 5586 tionum
2246 5506 2574 5565 orationem
2624 5522 2802 5580 super
2849 5503 3136 5579 populum
3193 5500 3516 5569 interdicit,
3556 5499 3637 5557 ad

1966 5611 2146 5671 quam
2177 5595 2404 5671 antiqui
2435 5612 2555 5655 non
2585 5593 2779 5653 solum
2800 5592 3131 5669 capita,sed
3160 5594 3219 5649 et
3237 5605 3426 5666 genus
3448 5589 3640 5665 fluctv
