3920 6208
152 291 307 365 1008

1583 284 2110 351 MICROLOGUS.

3389 287 3547 359 1006

153 424 343 500 vigilia
393 423 451 478 in
510 419 762 476 Sabbato
819 418 1026 487 evenit,
1061 424 1119 476 et
1173 419 1280 476 hoc
1306 388 1600 493 jejuninm
1630 427 1791 480 extra
1820 423 1875 490 Α
1905 423 2014 479 nisi
2046 423 2116 478 de
2144 421 2421 477 Passione
2451 422 2702 478 Domini.
2728 421 2927 480 Merito
2958 426 3154 481 autem
3186 426 3380 498 passio
3409 445 3542 484 san-

152 517 297 572 hanc
328 511 722 584 septimanam
749 509 809 564 in
835 508 1178 581 prmcedenti
1210 509 1462 566 Sabbato
1512 510 1794 567 celebrari

148 600 456 676 compellit.
479 599 629 655 Nam
655 597 919 654 ofﬁcium
934 597 1144 671 vigilia)
1164 602 1221 654 et
1243 598 1454 671 jejunii
1483 599 1658 654 simul
1682 617 1799 655 una

146 694 234 750 die
262 692 655 762 competenter
714 692 1015 759 nequeunt
1070 687 1389 744 observari.
1426 689 1488 743 In
1520 689 1796 744 omnibus

145 787 335 839 autem
366 779 499 836 aliis
522 776 694 833 annis
716 776 876 833 idem
898 776 1201 849 jejunium
1224 780 1324 832 aut
1354 793 1424 832 ex
1451 776 1678 849 integro
1695 781 1796 833 aut

145 890 209 928 ex
238 870 432 941 aliqua
462 872 628 941 parte
662 866 952 938 praedictae
980 866 1321 939 septimanae
1367 865 1705 934 includitur,
1737 871 1795 921 et

144 978 243 1032 per
270 957 563 1031 legitimas
594 956 721 1027 ejus
754 954 928 1011 ferias
978 954 1324 1011 celebratur.
1355 954 1518 1011 Unde
1557 959 1613 1010 et
1642 956 1790 1011 anti-

145 1049 341 1121 phonre
361 1047 430 1101 de
452 1043 770 1117 evangeliis
790 1043 1210 1116 hujusjejunii,
1225 1043 1644 1126 quamvisrum
1664 1043 1789 1116 ipso

148 1135 436 1192 multoties
469 1132 881 1206 anticipentur,
906 1132 1115 1187 merita
1171 1138 1366 1187 tamen
1404 1131 1463 1187 in
1497 1136 1704 1203 quarta
1734 1136 1792 1189 et

141 1230 296 1282 sexta
328 1223 471 1280 feria
499 1228 557 1279 et
588 1222 841 1278 Sabbato
874 1221 1140 1292 ejusdem
1174 1221 1519 1293 septimana:
1570 1222 1789 1276 descri-

139 1317 371 1382 buntur,
398 1312 541 1385 quia
560 1311 795 1368 easdem
823 1310 996 1389 ferias
1020 1310 1483 1381 idemjejunium
1517 1311 1660 1366 adeo
1682 1310 1789 1365 fre-

138 1407 393 1475 quentat,
411 1406 477 1457 ut
498 1401 595 1477 vix
612 1417 726 1455 uno
748 1416 902 1455 anno
922 1399 1054 1455 illas
1072 1416 1139 1454 ex
1159 1400 1381 1471 integro
1397 1399 1783 1471 derelinquat.

136 1492 247 1547 Hoc
268 1508 503 1564 quoque
529 1488 944 1563 providendum
980 1489 1135 1560 quod
1167 1488 1365 1562 vigilia
1415 1505 1548 1543 cum
1581 1489 1641 1543 in
1673 1488 1782 1543 Do-

134 1580 345 1636 minica
366 1579 641 1647 evenerit,
660 1594 758 1633 sex
789 1577 899 1633 sibi
933 1577 1309 1650 responsoria
1338 1578 1409 1633 de
1440 1572 1781 1633 Dominicali

132 1670 373 1725 historia
394 1685 533 1724 cum
571 1666 1031 1724 Dominicalibus
1061 1666 1309 1738 psalmis
1339 1672 1606 1722 assumat
1632 1684 1643 1721 :
1673 1667 1783 1721 tria

132 1774 257 1854 vero
288 1756 589 1854 ultimaet
619 1753 998 1854 matutin‘ales
1038 1753 1244 1854 laudes
1292 1771 1427 1809 cum
1479 1753 1780 1854 ferialibus
1812 1789 1859 1854 B

133 1844 371 1917 psalmis
391 1844 646 1900 Sabbato
665 1843 965 1898 concedat.
993 1842 1079 1896 Ad
1104 1842 1351 1898 missam
1383 1842 1581 1897 omnia
1603 1843 1674 1897 de
1699 1841 1780 1896 vi-

131 1933 285 2005 gilia,
318 1933 419 1989 sed
456 1931 662 1988 festive
693 1949 830 1986 cum
862 1932 1125 2001 Alleluia,
1165 1932 1293 1988 l’cni
1322 1932 1565 1987 Domine.

131 2040 259 2095 CAP.
292 2038 535 2095 XXXIV.
568 2070 635 2078 ——
664 2038 741 2093 De
786 2038 972 2092 Natali
1020 2040 1262 2093 Domini.
1306 2069 1372 2076 —
1401 2041 1515 2095 Cur
1542 2038 1603 2092 in
1617 2038 1782 2092 missa

194 2114 380 2183 prima
433 2126 555 2183 non
607 2112 689 2165 Ite
748 2110 933 2165 missa
961 2114 1070 2181 est,
1096 2109 1186 2165 sed
1215 2109 1635 2165 Benedicamus
1664 2108 1785 2170 Do-,

197 2182 375 2248 mino,
411 2182 750 2239 decantetur.

196 2291 258 2345 In
289 2288 485 2345 Natali
513 2287 740 2344 Domini
775 2287 936 2342 ﬁnito
958 2304 1110 2343 nono
1130 2287 1522 2359 responsorio,
1542 2302 1781 2359 evange-

125 2378 264 2434 lium
292 2397 303 2433 :
328 2379 498 2435 Liber
542 2379 913 2450 generationis
972 2376 1203 2449 legitur.
1229 2376 1483 2432 Deinde:
1519 2377 1581 2431 Te
1609 2377 1780 2431 Deum

125 2469 412 2524 laudamus
444 2484 582 2525 cum
605 2465 934 2539 pulsatione
967 2466 1266 2539 signorum
1300 2466 1516 2520 dicitur
1551 2465 1779 2536 :sicque

126 2557 303 2614 ﬁnitis
327 2555 777 2613 nocturnalibus
797 2554 1033 2628 vigiliis,
1059 2555 1243 2610 missa
1278 2573 1290 2609 :
1323 2555 1580 2610 Dominus
1612 2553 1775 2621 dixit,

123 2649 253 2700 ante
296 2643 680 2700 matitunales
712 2642 913 2698 laudes
943 2658 1075 2698 cum
1109 2642 1492 2698 Benedicamus
1523 2644 1775 2706 Domino,

122 2750 233 2789 non
259 2750 399 2788 cum
426 2734 539 2789 :Ite
568 2735 740 2788 missa
769 2740 849 2787 est
879 2730 1224 2803 completur,
1262 2747 1332 2785 ne
1362 2728 1576 2803 populo
1607 2728 1777 2803 quasi

124 2821 426 2879 licentiam
462 2821 714 2877 abeundi
746 2820 898 2875 infra
928 2818 1525 2875 matutinaleslaudes
1547 2819 1779 2876 dedisse

119 2911 450 2978 videamur,
476 2926 623 2981 quas
642 2908 842 2964 statim
872 2912 1005 2979 post
1027 2906 1292 2973 missam,
1319 2907 1529 2963 iterum
1553 2925 1780 2964 concre-

120 2985 406 3072 pantibus
439 2996 647 3070 signis,
680 2996 933 3069 incipere
963 2995 1242 3052 solemus.

118 3088 249 3144 CAP.
277 3086 498 3143 XXXV.
521 3117 591 3126 —
620 3087 697 3140 De
724 3085 962 3140 secunda
1011 3100 1091 3140 ves
1100 3101 1233 3156 pera
1285 3086 1463 3140 sancti
1498 3085 1775 3157 Stephani.

1907 514 2131 567 ctorum
2156 510 2562 566 Innocentium
2593 510 2791 567 minus
2824 511 3025 568 festive
3063 529 3241 585 quam
3295 514 3544 573 aliorum

1906 604 2243 655 sanctorum
2273 597 2619 670 celebratur,
2640 599 2781 672 quia
2803 598 2940 655 licet
2970 602 3248 674 martyrio
3263 606 3543 675 coronati,

1906 689 2168 743 nondum
2200 692 2394 743 tamen
2428 689 2500 744 ad
2530 687 2797 762 gloriam,
2823 690 2924 744 sed
2954 690 3026 746 ad
3054 689 3401 748 infernalem
3432 710 3548 765 pca-

1904 794 2040 833 nam
2065 778 2574 849 (9)discesserunt.
2609 778 2754 833 Nam
2785 782 2919 835 ante
2950 779 3299 836 descensum
3331 779 3547 839 Christi

1904 867 1975 921 ad
2008 865 2459 932 inferos,nullus
2489 869 2824 922 sanctorum
2856 867 2927 923 ad
2959 866 3121 925 illam
3150 867 3398 941 gloriam
3415 886 3546 943 per-

1901 953 2058 1009 venit
2076 955 2146 1009 ad
2176 971 2353 1026 quam
2376 954 2645 1010 Christus
2662 955 2938 1028 antiquos
2959 962 3193 1014 sanctos
3210 959 3479 1031 perduxit
3489 962 3547 1018 et

1901 1043 2172 1115 deinceps
2205 1060 2343 1099 suos
2373 1060 2653 1114 sequaces
2682 1045 2999 1117 perducere
3029 1063 3145 1103 non
3177 1038 3543 1108 desinit.Sed

1900 1131 2038 1201 quia
2065 1131 2177 1203 ipsi
2211 1132 2271 1185 in
2301 1133 2725 1189 resurrectione
2748 1134 3052 1192 Dominica
3111 1152 3246 1193 cum
3297 1138 3542 1214 reliquis

1898 1220 2117 1276 sanctis
2137 1219 2370 1275 liberari
2398 1225 2456 1276 et
2484 1221 2905 1294 congloriﬁcari
2936 1231 3297 1295 meruerunt,
3331 1245 3537 1286 conve-

1897 1309 2265 1364 nientissime
2286 1312 2342 1363 et
2364 1309 2474 1380 ipsi
2488 1309 2658 1379 juxta
2678 1312 2943 1368 ordinem
2965 1313 3198 1372 solitam
3211 1316 3457 1389 gloriam
3475 1318 3535 1375 in

1895 1399 2103 1454 ofﬁciis
2119 1414 2250 1452 eum
2274 1397 2515 1468 reliquis
2536 1400 2754 1455 sanctis
2774 1401 3142 1470 obtinebunt,
3158 1404 3207 1460 si
3221 1406 3434 1463 natalis
3446 1421 3537 1464 co-

1894 1505 2026 1543 rum
2059 1503 2245 1558 usque
2260 1487 2347 1542 ‘ad
2371 1486 2526 1541 diem
2558 1489 3026 1559 resurrectionis,
3056 1491 3113 1546 id
3162 1496 3252 1549 est
3280 1493 3539 1551 Domini-

1892 1595 2042 1645 cam,
2078 1577 2416 1650 pervenerit.
2453 1577 2726 1633 Octavam
2785 1595 3019 1652 quoque
3075 1597 3277 1637 eorum
3329 1585 3531 1641 eodem

1892 1668 2063 1723 modo
2086 1671 2151 1722 ut
2180 1665 2427 1728 aliorum
2472 1670 2808 1724 sanctorum
2830 1668 3214 1740 celebramus,
3246 1671 3388 1743 quia
3405 1672 3533 1744 jam

1891 1761 2185 1812 transacta
2206 1755 2298 1810 die
2319 1757 2783 1826 resurrectionis,
2800 1773 2915 1813 non
2934 1757 3277 1815 dubitamus
3296 1776 3397 1817 eos
3417 1760 3537 1834 glo-

1892 1846 2030 1901 riari
2058 1862 2191 1901 cum
2224 1844 2357 1900 aliis
2387 1845 2627 1901 sanctis.

1961 1940 2093 1990 CAP.
2124 1933 2395 1990 XXXVII.
2420 1935 2494 1989 De
2522 1935 2721 2005 ofﬁcio,
2747 1940 2895 1992 Dum
2915 1936 3176 1993 medium
3206 1936 3531 1998 silentium.

1962 2026 2019 2080 Si
2052 2024 2337 2080 Nativitas
2366 2023 2593 2079 Domini
2612 2024 2702 2081 vel
2724 2024 2923 2098 aliqua
2940 2026 3426 2099 subsequentium
3444 2046 3532 2086 so.

1889 2112 2260 2169 lemnitatum
2291 2113 2349 2169 in
2383 2112 2683 2170 Dominica
2737 2115 3009 2183 evenerit,
3051 2115 3311 2172 ofﬁcium
3343 2135 3358 2173 :
3390 2119 3531 2174 Dum

1886 2193 2130 2249 medium
2150 2195 2436 2251 silentium
2455 2198 2588 2268 post
2608 2194 2863 2251 natalem
2888 2195 3292 2252 Innocentium
3320 2197 3392 2253 ad
3409 2198 3529 2271 pri-

1886 2285 2049 2338 vatos
2071 2282 2195 2338 dies
2214 2299 2470 2357 congrue
2491 2286 2773 2349 servatur,
2798 2284 2949 2339 sicut
2975 2288 3034 2340 et
3061 2284 3121 2341 in
3152 2284 3286 2342 aliis
3330 2288 3529 2343 Domi-

1888 2372 2036 2429 nicis
2065 2374 2318 2447 agimus,
2353 2373 2401 2428 si
2432 2372 2748 2445 aliquando
2782 2372 3068 2430 celebrius
3103 2374 3165 2430 in
3204 2374 3280 2431 iis
3311 2375 3526 2433 festum

1888 2461 2268 2517 habuerimus
2304 2478 2316 2517 :
2349 2460 2505 2515 unde
2533 2458 2711 2515 etiam
2740 2458 2894 2515 idem
2942 2461 3204 2518 ofﬁcium
3264 2462 3527 2521 Romano

1887 2568 2048 2606 more
2069 2550 2350 2622 repetitur
2363 2549 2410 2605 si
2435 2549 2669 2621 quando
2690 2549 2762 2605 ab
2781 2553 2981 2606 octava
2996 2550 3227 2607 Domini
3248 2568 3434 2625 usque
3454 2555 3528 2610 ad

1887 2638 2267 2712 Epiphaniam
2297 2638 2600 2694 Dominica
2625 2638 2898 2694 evenerit.
2924 2638 3143 2696 Omnes
3155 2640 3311 2696 enim
3332 2642 3527 2698 Domi-

1886 2728 2017 2783 nica
2039 2745 2073 2783 a
2100 2726 2408 2783 Nativitate
2439 2726 2667 2781 Domini
2700 2742 2889 2798 usque
2917 2728 2989 2782 ad
3023 2726 3430 2800 Epiphaniam,
3461 2747 3531 2786 ex

1888 2816 2131 2889 antiqua
2158 2815 2469 2872 traditione
2498 2814 2643 2871 illud
2675 2815 2980 2884 obtinebit,
3003 2832 3131 2889 quae
3159 2820 3357 2875 tamen
3386 2818 3531 2875 cele-

1886 2905 2065 2961 briori
2113 2904 2258 2960 festo
2306 2907 2591 2976 occupata
2637 2919 2755 2959 non
2796 2904 3006 2961 fuerit:
3038 2921 3177 2962 nam
3235 2922 3372 2963 cum
3401 2906 3529 2963 ofﬁ-

1886 2995 2045 3050 cium
2077 2993 2148 3049 de
2176 2993 2485 3049 Nativitate
2519 2992 2747 3049 Domini
2796 2996 2952 3065 agat,
2979 2995 3531 3053 convenientissime

1888 3085 2005 3140 illis
2037 3082 2353 3138 Dominicis
2383 3082 2693 3153 adaptatur
2720 3098 2847 3154 qua
2877 3087 2935 3138 et
2962 3082 3195 3155 reliqua
3238 3084 3431 3141 ofﬁcia
3461 3086 3533 3143 de

184 3176 412 3232 Omnes
446 3171 768 3228 authentici
800 3155 1194 3245 antiphonarii
1228 3174 1546 3228 secundam
1576 3155 1774 3246 vespe-
1808 3155 1852 3222 (ἶ
1888 3174 2089 3229 eadem
2140 3170 2509 3226 solemnitate
2561 3168 2751 3226 solent
2777 3170 3058 3226 obtinere.
3088 3171 3214 3227 Non
3254 3172 3413 3228 enim
3445 3172 3531 3229 illi

118 3281 239 3320 ram
266 3268 479 3319 sancto
498 3262 793 3336 Stephano
815 3262 1142 3318 concedunt
1165 3278 1233 3318 ex
1254 3262 1498 3335 integro,
1529 3263 1685 3319 unde
1718 3266 1776 3318 et

117 3352 363 3426 reliquis
398 3351 817 3409 festivitatibus
865 3368 966 3422 per
1003 3367 1224 3407 annum
1255 3350 1363 3406 hoc
1392 3351 1652 3423 exemplo
1683 3367 1773 3406 se-

116 3441 373 3496 cundam
386 3456 696 3512 vesperam
716 3455 784 3494 ex
799 3442 918 3495 toto
932 3438 1332 3504 concedimus,
1347 3438 1578 3495 etiamsi
1591 3441 1778 3511 major

120 3528 410 3585 festivitas
438 3528 858 3601 subsequatur.
874 3528 1000 3583 Non
1045 3526 1202 3582 enim
1238 3543 1561 3600 congruum
1598 3531 1686 3584 est
1716 3530 1779 3582 ut

121 3616 386 3689 psalmos
430 3617 848 3689 vespertinales
870 3617 1280 3672 tantummodo
1295 3617 1640 3688 praecedenti
1666 3617 1778 3672 fes-

118 3711 196 3774 to,
219 3706 457 3779 reliqua
481 3722 612 3762 vero
632 3704 1038 3776 subsequenti,
1056 3704 1409 3761 tribuamus.
1434 3706 1580 3760 Nam
1593 3705 1781 3761 sancti

123 3798 327 3851 Patres
388 3793 624 3850 nullum
656 3793 826 3850 nobis
857 3792 992 3849 inde
1023 3791 1357 3865 exemplum
1398 3792 1780 3865 reliquerunt,

124 3885 223 3955 qui
246 3882 631 3956 potissimum
648 3899 755 3938 nos
770 3881 1141 3938 concordiam
1156 3880 1482 3937 ofﬁciorum
1499 3880 1787 3954 singulari

122 3972 438 4045 diligentia
468 3987 699 4027 servare
729 3971 1072 4026 docuerunt.
1121 3972 1366 4026 Summa
1395 3974 1593 4026 tamen
1624 3970 1785 4027 festi-

125 4061 295 4131 vitas,
331 4060 383 4116 si
443 4058 677 4130 quando
722 4058 1005 4114 minorem
1033 4059 1432 4130 subsequitur,
1470 4060 1787 4115 secundam

125 4166 441 4222 vesperam
477 4146 689 4218 prioris
722 4147 851 4201 festi
882 4163 948 4201 ex
980 4152 1100 4202 toto
1152 4146 1261 4202 sibi
1297 4165 1414 4204 non
1470 4149 1791 4221 incongrue

123 4234 484 4300 vindicabit,
518 4238 583 4289 ut
614 4238 813 4289 octava
871 4233 1102 4289 Domini
1137 4237 1452 4291 secundam
1484 4253 1791 4309 vesperam

125 4326 318 4383 sancti
346 4323 640 4381 Silvestri.
663 4322 981 4394 Vesperam
1006 4323 1242 4393 quidem
1268 4324 1337 4379 de
1368 4323 1630 4395 quolibet
1646 4326 1791 4382 festo

129 4412 518 4471 uniformiter
534 4411 892 4485 perﬁcimus,
919 4410 1130 4466 deinde
1160 4411 1402 4469 alterius
1436 4414 1590 4481 festi,
1616 4415 1665 4470 si
1698 4431 1795 4470 ne-

1882 3265 2024 3319 sunt
2053 3259 2327 3315 audiendi
2358 3258 2457 3330 qui
2492 3258 2599 3314 hoc
2630 3257 2911 3325 ofﬁcium,
2935 3276 3002 3315 eo
3033 3261 3189 3332 quod
3219 3261 3291 3317 de
3306 3261 3528 3317 Nativi-

1883 3354 2003 3407 tate
2020 3353 2175 3421 agat,
2198 3363 2504 3419 nunquam
2525 3351 2659 3418 post
2673 3350 2934 3403 octavam
2955 3348 3185 3406 Domini
3207 3349 3524 3406 dicendum

1885 3438 2240 3504 existimant,
2274 3453 2404 3491 cum
2438 3439 2634 3491 tamen
2666 3435 2779 3507 ipsi
2807 3436 3068 3509 vigiliam
3097 3437 3432 3511 Epiphaniae
3453 3441 3527 3497 de

1887 3528 2197 3585 Nativitate
2224 3523 2452 3579 Domini
2482 3539 2550 3579 ex
2578 3524 2804 3597 integro
2834 3524 3151 3582 inofﬁciare
3199 3526 3426 3584 soleant
3474 3534 3532 3586 et

1889 3617 2160 3673 debeant.
2196 3613 2312 3687 Ipsi
2344 3629 2577 3686 quoque
2606 3613 2656 3670 si
2687 3614 2990 3671 Dominica
3020 3615 3081 3671 in
3112 3620 3317 3674 octava
3343 3618 3534 3675 sancti

1891 3703 2172 3777 Stephani
2187 3702 2273 3759 vel
2296 3702 2545 3758 aliorum
2559 3703 2832 3771 evenerit,
2862 3704 3225 3762 Dominioam
3239 3707 3311 3763 de
3335 3710 3537 3763 octava

1893 3792 2236 3858 inofﬁciant,
2251 3791 2393 3846 dum
2409 3796 2606 3846 tamen
2637 3789 3029 3848 ecclesiastica
3057 3792 3402 3850 solemnitas
3421 3810 3539 3851 non

1896 3900 2000 3956 pro
2031 3884 2234 3937 octava
2262 3881 2319 3935 S.
2340 3879 2640 3952 Stephani,
2664 3880 2767 3935 sed
2788 3896 2894 3951 pro
2912 3884 3113 3937 octava
3141 3882 3373 3938 Domini
3404 3898 3544 3957 aga-

1897 3976 2013 4028 tur.
2034 3970 2147 4024 Hoe
2177 3972 2371 4023 autem
2397 3967 2581 4023 sancti
2613 3971 2815 4024 Patres
2835 3968 2894 4023 iu
2913 3968 3301 4041 dispositione
3319 3970 3543 4028 ofﬁcio-

1899 4076 2030 4114 rum
2062 4072 2436 4127 summopere
2460 4060 2917 4127 procuraverant
2942 4061 3007 4113 ut
3027 4056 3288 4115 ofﬁcium
3312 4074 3547 4132 semper

1900 4145 2144 4204 instanti
2201 4143 2519 4199 celebritati
2575 4146 2968 4213 concordaret,
3015 4164 3088 4203 ne
3137 4146 3327 4204 clerus
3383 4147 3543 4203 aliud

1902 4252 2080 4310 quam
2100 4233 2348 4307 pOpulas
2368 4231 2427 4287 in
2461 4232 2871 4290 ecclesiasticis
2895 4233 3333 4291 celebritatibus
3353 4236 3548 4291 obser-

1902 4328 2079 4382 varet.
2111 4325 2396 4378 Praeterea
2422 4337 2627 4378 omnes
2645 4321 2959 4378 Dominica:
2991 4322 3393 4379 solemnitates
3432 4323 3545 4379 sibi

1904 4414 2150 4470 invicem
2164 4412 2370 4467 afﬁnes
2387 4409 2495 4465 hoc
2507 4409 2724 4466 habent
2743 4411 3114 4484 privilegium
3135 4416 3199 4468 ut
3223 4410 3547 4468 observatio

129 4520 294 4560 cesse
318 4502 524 4569 fuerit,
559 4506 726 4574 post:
751 4500 1140 4557 Benedicamus
1171 4502 1418 4568 Domino,
1452 4503 1795 4558 memoriam
1829 4524 1873 4588 Ι)
1904 4520 2108 4560 earum
2166 4501 2491 4557 adinvicem
2545 4502 2939 4569 continuetur,
2973 4506 3040 4557 ut
3086 4501 3549 4558 Resurrectioni

133 4590 415 4662 facimus,
439 4595 505 4645 ut
525 4591 595 4646 de
617 4594 819 4645 sancto
839 4588 1132 4661 Stephano
1149 4593 1206 4645 et
1235 4589 1307 4644 de
1336 4594 1540 4646 sancto
1571 4590 1799 4647 Joanne

133 4680 548 4736 observamus.

504 4769 637 4825 CAP.
670 4767 910 4824 XXXVI.
939 4769 1013 4824 De
1032 4768 1432 4824 Innocentibus.

207 4861 275 4912 In
306 4856 629 4912 Nativitate
690 4856 1096 4912 Innocentium
1157 4856 1341 4911 Gloria
1397 4857 1455 4910 in
1486 4855 1714 4911 ewcelsis
1742 4858 1801 4911 et

137 4945 386 5002 Alleluia
448 4946 776 5001 secundum
837 4945 1101 5001 ordinem
1141 4943 1474 5000 reticemus.
1510 4945 1651 5000 Item
1688 4963 1700 5000 :
1736 4945 1800 5001 Te

136 5036 311 5091 Deum
342 5034 662 5101 laudamus,
695 5038 753 5090 et
786 5051 797 5089 :
833 5036 909 5090 Ite
940 5037 1111 5089 missa
1141 5044 1240 5102 est,
1271 5051 1396 5106 quas
1428 5050 1562 5090 cum
1616 5033 1801 5089 Gloria

137 5124 195 5179 in
228 5124 471 5180 excelsis
502 5122 763 5179 Romano
794 5139 954 5180 more
983 5122 1172 5178 solent
1200 5123 1430 5178 admitti
1455 5121 1541 5178 vel
1575 5127 1805 5195 praeter-

136 5211 315 5268 mitti.
354 5210 797 5283 Haec,inquam,
832 5210 1029 5267 omnia
1058 5210 1434 5279 omittuntur,
1480 5211 1591 5268 nisi
1615 5209 1804 5268 Domi-

137 5300 271 5358 nica
301 5300 509 5357 fuerit.
534 5298 724 5357 Gloria
754 5301 912 5355 Patri
940 5315 1073 5355 vero
1090 5315 1397 5371 nunquam
1426 5298 1800 5356 dimittimus.

166 5495 678 5571 :(9)_Infernalem
735 5512 968 5571 poenam
1018 5494 1459 5571 _rite_intellige
1515 5514 1802 5571 carcerem

130 5566 309 5631 limbi
340 5571 615 5643 Patrum,
637 5566 755 5628 seu'
770 5568 970 5627 sinum
999 5566 1275 5642 Abrahae,
1290 5566 1418 5644 qud
1437 5569 1803 5630 anteChrieti

1906 4607 2092 4663 usque
2123 4589 2195 4645 ad
2223 4588 2661 4661 Ascensionem,
2691 4593 2746 4646 et
2783 4589 3179 4647 Ascensioniis
3233 4605 3420 4662 usque
3475 4589 3549 4646 ad

1907 4681 2280 4735 Pentecosten
2294 4682 3124 4746 commemoramus,etomnes
3133 4677 3467 4735 Dominicas
3480 4678 3554 4734 iis

1906 4765 2380 4825 solemnitatibus
2394 4767 2773 4839 interpositae
2793 4767 2865 4823 de
2888 4766 3113 4823 eisdem
3136 4766 3551 4824 inofﬁciamue.

1907 4856 2000 4913 Sic
2015 4871 2244 4929 quoque
2256 4854 2651 4912 etNativitatis
2676 4854 2991 4912 Dominicas
3007 4872 3197 4929 usque
3210 4854 3282 4913 ad
3303 4854 3554 4928 Epipha-

1908 4945 2066 5000 niam
2114 4943 2458 4999 memoriam
2508 4943 2762 5016 agimus,
2796 4943 2911 5001 nisi
2961 4945 3021 5000 in
3075 4949 3361 5019 quantum
3391 4944 3557 5002 festis

1908 5038 2246 5091 sanctorum
2287 5032 2375 5089 vel
2415 5034 2633 5089 octavis
2669 5049 2873 5090 eorum
2905 5035 3239 5093 satisfacere
3267 5034 3554 5109 cogimur.

1911 5123 2126 5179 Eodem
2159 5138 2391 5195 quoque
2421 5123 2593 5179 modo
2622 5122 2775 5178 infra
2803 5123 2962 5180 hunc
3000 5123 3320 5181 terminum
3351 5139 3559 5180 occur-

1912 5215 2107 5268 rentes
2156 5210 2471 5267 Dominica:
2526 5211 2786 5267 ofﬁcium
2817 5213 2888 5269 de
2926 5213 3236 5270 Nativitate
3289 5210 3559 5284 posside-

1911 5301 2078 5356 bunt

1914 5500 2160 5554 mortem
2219 5496 2563 5553 Innocentes
2610 5503 2895 5567 martyres
2925 5497 3373 5567 descenderunt,
3405 5493 3562 5556 unde

1909 5572 2109 5627 tamen
2136 5567 2350 5626 Christi
2370 5572 2559 5633 morte
2584 5569 2645 5627 in
2678 5567 2889 5629 coelum
2920 5569 3136 5647 recepti
3167 5571 3328 5632 sunt.
