3920 6208
168 291 318 367 1006

1596 285 2124 354 MICBOLOGUS.

3402 297 3560 362 1006

169 425 353 501 vigilia
402 423 463 479 in
524 421 776 478 Sabbato
832 420 1040 489 evenit,
1075 427 1132 478 et
1187 422 1295 478 hoc
1319 422 1614 495 jejuninm
1644 429 1805 482 extra
1833 425 1888 492 Α
1918 425 2027 481 nisi
2060 425 2130 481 de
2159 423 2434 480 Passieno
2464 424 2715 480 Domini.
2740 424 2941 482 Merito
2972 429 3167 483 autem
3199 429 3393 501 passio
3422 448 3555 488 san-

167 519 309 574 hanc
339 513 735 586 septimanam
762 511 821 566 in
849 511 1193 583 prmcedenti
1224 512 1475 568 Sabbato
1525 513 1809 569 celebrari

164 601 469 677 compellit.
492 601 641 657 Nam
669 599 932 656 ofﬁcium
947 600 1158 673 vigiliae
1179 605 1236 657 et
1256 601 1469 672 jejunii
1497 601 1673 657 simul
1695 620 1813 658 una

161 696 247 751 die
276 694 669 764 competenter
728 690 1028 761 nequeunt
1084 689 1402 746 observari.
1438 691 1501 746 In
1533 691 1810 747 omnibus

161 788 348 840 autem
379 781 513 837 aliis
536 778 708 836 annis
730 778 890 835 idem
912 779 1214 851 jejunium
1237 783 1338 834 aut
1368 795 1438 835 ex
1465 778 1692 851 integro
1709 783 1811 835 aut

159 891 223 930 ex
253 870 445 943 aliqua
477 874 643 943 parte
674 868 965 941 praedictae
994 868 1335 941 septimanae
1381 867 1718 936 includitur,
1751 874 1809 924 et

160 980 257 1034 per
284 958 576 1032 legitimas
607 959 735 1029 ejus
768 956 942 1013 ferias
992 956 1338 1013 celebratur.
1368 956 1532 1012 Unde
1570 961 1627 1012 et
1655 959 1804 1013 anti-

160 1051 355 1123 phonre
375 1049 445 1102 de
467 1045 784 1119 evangeliis
804 1045 1657 1123 hujusjejunii,quamvis‘cum
1678 1046 1803 1118 ipso

162 1117 451 1194 multoties
484 1117 895 1208 anticipentur,
919 1135 1128 1189 merita
1184 1117 1378 1189 tamen
1418 1134 1477 1189 in
1510 1117 1717 1206 quarta
1747 1138 1805 1191 et

155 1231 310 1283 sexta
341 1225 485 1281 feria
513 1229 570 1280 et
601 1224 854 1279 Sabbato
887 1223 1153 1294 ejusdem
1188 1223 1533 1295 septimanae
1584 1224 1802 1279 descri-

153 1317 386 1383 buntur,
412 1314 554 1386 quia
574 1313 809 1370 easdem
836 1312 1009 1391 ferias
1035 1312 1496 1384 idemjejunium
1531 1313 1674 1368 adeo
1695 1313 1802 1367 fre-

153 1407 408 1477 quentat,
425 1406 493 1457 ut
514 1403 609 1457 vix
626 1418 740 1457 uno
762 1418 915 1457 anno
936 1401 1068 1457 illas
1085 1418 1151 1456 ex
1171 1402 1395 1473 integro
1410 1400 1797 1473 derelinquat.

149 1493 261 1549 Hoc
282 1508 517 1565 quoque
542 1489 957 1563 providendum
993 1490 1149 1562 quod
1180 1490 1379 1563 vigilia
1429 1506 1562 1545 cum
1594 1490 1654 1544 in
1687 1490 1796 1546 Do-

148 1581 359 1637 minica
380 1580 654 1647 evenerit,
673 1595 772 1633 sex
803 1579 913 1634 sibi
946 1578 1323 1651 responsoria
1352 1580 1422 1635 de
1454 1574 1794 1634 Dominicali

144 1669 387 1725 historia
409 1686 547 1725 cum
585 1668 1044 1724 Dominicalibus
1076 1667 1323 1740 psalmis
1353 1673 1620 1724 assumat
1645 1686 1656 1723 :
1684 1668 1796 1723 tria

143 1775 270 1814 vero
302 1757 517 1812 ultima
545 1761 603 1812 et
634 1755 1011 1811 matutinales
1050 1755 1258 1812 laudes
1305 1772 1441 1811 cum
1492 1754 1794 1813 ferialibus

144 1845 386 1918 psalmis
406 1844 660 1901 Babbato
679 1844 979 1899 concedat.
1006 1844 1093 1897 Ad
1118 1844 1364 1899 missam
1397 1844 1595 1899 omnia
1617 1844 1688 1899 de
1712 1843 1794 1899 vi-

143 1934 299 2006 gilia,
332 1934 436 1989 sed
475 1932 675 1989 festive
707 1950 843 1987 cum
876 1933 1138 2002 Alleluia,
1178 1934 1307 1989 l'cni
1335 1934 1579 1989 Domine.

141 2041 272 2097 CAP.
306 2039 548 2097 XXXIV.
582 2071 650 2079 -—
678 2040 755 2094 De
800 2040 986 2094 Natali
1034 2041 1275 2095 Domini.
1318 2071 1386 2078 —-
1415 2042 1528 2096 Cur
1556 2040 1796 2094 inmissa

207 2115 396 2185 prima
450 2127 569 2185 non
620 2113 703 2166 Ite
762 2112 946 2166 missa
975 2115 1083 2182 est,
1109 2110 1199 2166 sed
1228 2110 1649 2167 Benedicamus
1678 2110 1797 2172 Do-.

208 2183 390 2250 mino,
426 2183 764 2240 decantetur.

207 2293 270 2347 In
301 2289 499 2347 Natali
526 2288 755 2345 Domini
788 2288 950 2344 ﬁnito
973 2305 1124 2344 nono
1143 2288 1535 2360 responsorio,
1555 2304 1795 2361 evange-

135 2380 277 2436 lium
305 2398 317 2435 :
342 2381 511 2436 Liber
557 2380 927 2451 generationis
986 2378 1216 2450 legitur.
1242 2378 1497 2433 Deinde:
1533 2379 1594 2433 Te
1623 2379 1793 2433 Deum

134 2471 426 2526 laudamus
461 2485 596 2526 cum
619 2467 947 2541 pulsatione
980 2467 1280 2539 signorum
1314 2467 1529 2521 dicitur
1564 2466 1793 2537 :sicque

134 2559 314 2615 ﬁnitis
338 2556 790 2615 nocturnalibus
811 2555 1046 2629 vigiliis,
1072 2556 1257 2611 missa
1292 2573 1304 2610 :
1336 2557 1594 2611 Dominus
1626 2555 1789 2622 dixit,

131 2653 264 2703 ante
308 2644 693 2702 matitunales
724 2644 927 2699 laudes
957 2659 1088 2699 cum
1122 2643 1506 2699 Benedicamus
1538 2645 1789 2707 Domino,

131 2752 242 2791 non
269 2752 411 2791 cum
440 2736 552 2790 :Ilc
580 2736 752 2789 missa
782 2740 862 2788 est
893 2731 1238 2804 completur,
1276 2748 1346 2786 ne
1377 2730 1590 2803 populo
1621 2729 1791 2803 quasi

132 2823 439 2881 licentiam
475 2822 729 2879 abeundi
759 2822 910 2876 infra
941 2819 1316 2876 matutinales
1334 2819 1539 2876 laudes
1561 2820 1792 2877 dedisse

127 2914 463 2979 videamur,
489 2927 636 2982 quas
655 2908 854 2966 statim
885 2913 1018 2981 post
1040 2908 1305 2974 missam,
1332 2908 1542 2964 iterum
1566 2926 1794 2965 concre-

128 2987 419 3074 pantibus
453 2998 660 3071 signis,
693 2997 946 3070 incipere
977 2997 1255 3054 solemus.

126 3091 259 3146 Cap.
288 3088 510 3145 XXXV.
535 3119 604 3128 —-
633 3089 710 3142 De
736 3086 975 3143 secunda
1024 3102 1246 3157 vespera
1299 3089 1476 3142 sancti
1512 3086 1789 3159 Stephani.

1826 1791 1873 1856 B

1921 517 2146 569 ctorum
2171 512 2575 568 Innocentium
2606 512 2805 569 minus
2838 514 3038 571 festive
3076 532 3254 588 quam
3308 518 3557 576 aliorum

1920 606 2257 658 sanctorum
2285 600 2632 673 celebratur,
2653 602 2795 675 quia
2817 601 2954 658 licet
2984 605 3261 677 martyrio
3277 609 3557 678 coronati,

1919 692 2181 746 nondum
2213 694 2407 746 tamen
2441 691 2513 746 ad
2544 690 2811 765 gloriam,
2836 693 2937 748 sed
2968 693 3040 749 ad
3068 692 3414 751 infernalem
3446 713 3562 768 pos-

1918 797 2054 835 nam
2079 780 2587 852 (9)discesserunt.
2621 781 2767 836 Nam
2799 785 2932 838 ante
2963 782 3312 840 descensum
3346 783 3560 841 Christi

1917 869 1988 924 ad
2021 867 2471 935 inferos,nullus
2502 872 2838 925 sanctorum
2869 870 2940 927 ad
2972 869 3134 928 illam
3164 870 3412 945 gloriam
3429 889 3559 946 per-

1914 956 2071 1011 venit
2090 958 2159 1012 ad
2189 973 2366 1028 quam
2388 957 2658 1013 Christus
2676 958 2951 1032 antiquos
2971 965 3206 1017 sanctos
3223 962 3560 1034 perduxitet

1915 1045 2186 1118 deinceps
2218 1062 2356 1101 suos
2385 1062 2666 1117 sequaces
2696 1048 3011 1119 perducere
3042 1066 3158 1106 non
3190 1042 3427 1110 desinit.
3442 1054 3556 1111 Sed

1913 1133 2051 1204 quia
2078 1134 2190 1205 ipsi
2224 1134 2283 1187 in
2315 1135 2737 1191 resurrectione
2763 1136 3065 1194 Dominica
3125 1155 3259 1196 cum
3311 1141 3554 1217 reliquis

1912 1223 2130 1278 sanctis
2150 1222 2383 1277 liberari
2411 1227 2469 1279 et
2497 1223 2918 1296 congloriﬁcari
2949 1233 3310 1297 meruerunt,
3344 1248 3551 1289 conve-

1910 1311 2278 1367 nientissime
2299 1316 2354 1366 et
2376 1311 2488 1383 ipsi
2501 1312 2671 1382 juxta
2691 1314 2957 1371 ordinem
2979 1316 3211 1375 solitam
3224 1318 3470 1391 gloriam
3488 1321 3548 1378 in

1908 1400 2116 1456 ofﬁciis
2132 1416 2263 1455 eum
2287 1399 2528 1471 reliquis
2548 1403 2767 1458 sanctis
2788 1404 3155 1474 obtinebunt,
3171 1407 3221 1463 si
3235 1410 3447 1467 natalis
3459 1425 3550 1467 co-

1907 1507 2039 1546 rum
2072 1505 2258 1560 usque
2274 1489 2360 1544 ’ad
2384 1489 2538 1544 diem
2570 1492 3039 1563 resurrectionis,
3070 1494 3126 1549 id
3175 1500 3266 1551 est
3294 1497 3551 1555 Domini-

1905 1598 2054 1647 eam,
2092 1580 2428 1652 pervenerit.
2466 1579 2739 1636 Octavam
2799 1598 3032 1654 quoque
3088 1599 3289 1640 eorum
3342 1588 3544 1644 eodem

1905 1670 2076 1725 modo
2099 1673 2163 1724 ut
2193 1668 2440 1731 aliorum
2485 1673 2820 1726 sanctorum
2843 1670 3226 1743 celebramus,
3259 1674 3401 1746 quia
3418 1676 3546 1747 jam

1904 1763 2199 1814 transacta
2219 1758 2311 1813 die
2332 1760 2796 1828 resurrectionis,
2814 1776 2928 1816 non
2947 1760 3290 1818 dubitamus
3310 1778 3410 1820 eos
3430 1763 3550 1837 glo-

1905 1848 2043 1903 riari
2071 1865 2204 1903 cum
2237 1846 2370 1903 aliis
2399 1847 2640 1904 sanctis.

1974 1942 2106 1992 CAP.
2139 1936 2408 1992 XXXVII.
2433 1938 2507 1991 De
2534 1938 2734 2008 officio,
2758 1943 2907 1995 Dum
2929 1939 3189 1996 medium
3220 1939 3544 2001 silentium.

1975 2028 2034 2082 Si
2065 2026 2350 2082 Nativitas
2379 2025 2605 2081 Domini
2625 2027 2715 2083 vel
2736 2026 2935 2101 aliqua
2953 2029 3439 2102 subsequentium
3457 2049 3545 2089 so.

1902 2114 2273 2171 lemnitatum
2304 2115 2361 2171 in
2396 2114 2695 2172 Dominica
2750 2118 3021 2185 evenerit,
3064 2118 3323 2174 ofﬁcium
3356 2137 3371 2175 :
3403 2121 3544 2177 Dum

1899 2195 2143 2251 medium
2162 2198 2450 2254 silentium
2467 2200 2600 2270 post
2620 2197 2876 2253 natalem
2900 2198 3304 2255 Innocentium
3333 2200 3405 2256 ad
3423 2200 3542 2273 pri-

1900 2288 2063 2340 vatos
2084 2284 2207 2341 dies
2227 2302 2483 2359 congrue
2503 2288 2785 2353 servatur,
2810 2286 2963 2342 sicut
2988 2291 3047 2343 et
3073 2287 3134 2343 in
3165 2287 3298 2345 aliis
3343 2291 3542 2346 Domi-

1901 2374 2049 2432 nicis
2078 2376 2330 2449 agimus,
2365 2376 2413 2430 si
2445 2374 2761 2447 aliquando
2795 2374 3080 2432 celebrius
3115 2376 3176 2433 in
3216 2376 3292 2434 iis
3324 2378 3539 2435 festum

1900 2463 2281 2519 habuerimus
2316 2480 2329 2518 :
2362 2462 2517 2517 unde
2546 2461 2723 2518 etiam
2752 2461 2906 2518 idem
2955 2463 3216 2520 ofﬁcium
3276 2465 3539 2523 Romano

1900 2569 2061 2608 more
2082 2552 2363 2625 repetitur
2376 2551 2423 2607 si
2448 2552 2682 2623 quando
2702 2552 2776 2607 ab
2793 2555 2994 2608 octava
3009 2553 3239 2609 Domini
3260 2570 3447 2628 usque
3467 2556 3541 2613 ad

1900 2640 2280 2713 Epiphaniam
2310 2640 2612 2695 Dominica
2638 2640 2911 2696 evenerit.
2937 2640 3155 2698 Omnes
3167 2642 3323 2698 enim
3345 2644 3541 2700 Domi-

1899 2730 2029 2785 nica
2052 2746 2086 2785 a
2114 2728 2421 2784 Nalivitate
2452 2727 2681 2783 Domini
2713 2744 2902 2800 usque
2930 2730 3002 2784 ad
3035 2729 3443 2803 Epiphaniam,
3473 2750 3544 2789 ex

1901 2818 2143 2890 antiqua
2170 2817 2481 2873 traditione
2510 2816 2656 2873 illud
2688 2816 2992 2885 obtinebit,
3016 2834 3143 2891 quis
3171 2822 3369 2877 tamen
3399 2821 3544 2878 cele-

1899 2907 2078 2962 briori
2124 2906 2270 2961 festo
2318 2910 2604 2977 occupata
2650 2921 2768 2961 non
2810 2906 3019 2963 fuerit:
3050 2924 3189 2965 nam
3248 2925 3385 2966 cum
3414 2909 3541 2966 om-

1899 2996 2057 3051 cium
2090 2994 2160 3049 de
2189 2994 2498 3050 Nativitate
2531 2994 2759 3050 Domini
2809 2998 2964 3067 agat,
2992 2998 3543 3056 convenientissima

1900 3085 2018 3141 illis
2049 3083 2365 3139 Dominicis
2395 3084 2705 3155 adaptatur
2732 3100 2860 3155 qua:
2889 3089 2947 3140 et
2975 3084 3207 3157 reliqua
3251 3087 3444 3143 ofﬁcia
3472 3088 3546 3144 de

194 3178 425 3233 Omnes
459 3173 781 3231 authentici
813 3156 1208 3246 antiphonarii
1241 3175 1559 3230 secundam
1590 3156 1787 3247 vespe-
1822 3156 1865 3223 (ἶ
1901 3175 2102 3230 eadem
2153 3171 2521 3227 solemnitate
2573 3170 2763 3227 solent
2789 3172 3071 3229 obtinere.
3100 3156 3227 3230 Non
3266 3176 3425 3231 enim
3456 3175 3543 3231 illi

125 3283 250 3322 ram
276 3269 491 3321 sancto
510 3263 805 3337 Stephano
828 3264 1155 3320 concedunt
1177 3279 1246 3319 ex
1266 3263 1511 3336 integro,
1543 3264 1697 3321 unde
1731 3268 1789 3320 et

124 3354 375 3427 reliquis
412 3353 830 3410 festivitatibus
876 3370 979 3423 per
1016 3369 1237 3408 annum
1268 3351 1376 3407 hoc
1405 3352 1665 3425 exemplo
1696 3369 1786 3407 se-

122 3443 385 3497 cundam
398 3457 709 3513 vesperam
728 3456 796 3496 ex
812 3444 931 3496 toto
945 3439 1345 3505 concedimus,
1361 3440 1591 3496 etiamsi
1604 3442 1791 3512 major

127 3530 422 3586 festivitas
451 3530 1012 3602 subsequatur.Non
1059 3527 1215 3584 enim
1251 3545 1573 3601 congruum
1610 3532 1699 3585 est
1728 3532 1792 3584 ut

126 3618 397 3691 psalmos
433 3618 861 3690 .vespertinales
883 3618 1294 3673 tantummodo
1308 3618 1654 3690 praecedenti
1679 3618 1791 3673 fes-

125 3713 203 3774 to,
225 3707 469 3780 reliqua
492 3723 626 3762 vero
646 3706 1052 3778 subsequenti,
1069 3705 1422 3762 tribuamus.
1447 3707 1593 3761 Nam
1606 3706 1794 3762 sancti

127 3801 335 3852 Patres
398 3794 637 3850 nullum
670 3794 839 3851 nobis
870 3794 1004 3850 inde
1036 3792 1371 3866 exemplum
1411 3794 1794 3866 reliquerunt,

128 3886 229 3956 qui
253 3884 645 3958 potissimum
662 3900 769 3938 nos
783 3882 1153 3939 concordiam
1169 3882 1495 3938 ofﬁciorum
1512 3881 1799 3956 singulari

124 3973 448 4047 diligentia
480 3988 713 4027 servare
742 3972 1085 4027 docuerunt.
1134 3972 1380 4027 Summa
1409 3975 1606 4027 tamen
1637 3972 1799 4029 festi-

127 4063 301 4132 vitas,
337 4061 390 4117 si
453 4059 691 4131 quando
736 4059 1018 4114 minorem
1046 4060 1445 4131 subsequitur,
1484 4061 1800 4116 secundam

128 4167 449 4224 vesperam
488 4148 703 4220 prioris
736 4148 863 4203 festi
894 4165 961 4203 ex
992 4153 1113 4203 toto
1165 4148 1273 4204 sibi
1310 4166 1427 4205 non
1485 4151 1805 4223 incongrue

125 4236 495 4302 vindicabit,
530 4240 595 4290 ut
626 4240 826 4291 octava
884 4235 1114 4291 Domini
1149 4239 1465 4294 secundam
1497 4255 1803 4311 vesperam

125 4328 321 4385 sancti
351 4325 652 4383 Silvestri.
676 4324 993 4396 Vesperam
1019 4325 1253 4397 quidem
1279 4326 1349 4383 de
1379 4326 1643 4399 quolibet
1659 4328 1804 4384 festo

129 4413 905 4487 uniformiterperﬁcimus,
932 4412 1142 4469 deinde
1173 4414 1414 4472 alterius
1448 4416 1602 4484 festi,
1628 4417 1677 4473 si
1710 4433 1807 4473 ne-

1896 3266 2036 3320 sunt
2066 3259 2339 3317 audiendi
2370 3260 2468 3331 qui
2504 3259 2610 3315 hoc
2642 3259 2923 3328 ofﬁcium,
2947 3278 3014 3318 eo
3044 3263 3201 3334 quod
3231 3263 3303 3320 de
3318 3264 3540 3320 Nativi-

1896 3355 2015 3408 tate
2032 3354 2188 3422 agat,
2211 3365 2514 3421 nunquam
2537 3352 2670 3420 post
2685 3352 2946 3405 octavam
2967 3351 3198 3408 Domini
3219 3351 3537 3409 dicendum

1898 3439 2252 3505 existimant,
2286 3455 2416 3492 cum
2451 3440 2645 3493 tamen
2678 3437 2790 3509 ipsi
2819 3438 3079 3512 vigiliam
3109 3440 3444 3514 Epiphaniae
3464 3443 3539 3499 de

1900 3530 2209 3587 Nativitate
2237 3525 2463 3581 Domini
2493 3542 2562 3582 ex
2589 3526 2815 3599 integro
2845 3526 3164 3585 inofﬁciare
3211 3529 3438 3587 soleant
3485 3536 3544 3589 et

1901 3619 2173 3675 debeant.
2208 3616 2323 3689 Ipsi
2356 3631 2589 3688 quoque
2618 3615 2667 3672 si
2699 3616 3001 3673 Dominica
3032 3617 3092 3674 in
3123 3622 3328 3676 octava
3354 3620 3546 3678 sancti

1904 3705 2185 3779 Stephani
2200 3704 2287 3761 vel
2307 3704 2556 3761 aliorum
2571 3706 2844 3774 evenerit,
2874 3707 3237 3764 Dominicam
3251 3709 3323 3766 de
3346 3713 3549 3766 octava

1906 3794 2248 3859 inofﬁciant,
2263 3793 2405 3848 dum
2421 3798 2619 3848 tamen
2649 3793 3041 3851 ecclesiastica
3069 3795 3414 3854 solemnitas
3434 3814 3551 3854 non

1908 3902 2013 3958 pro
2044 3887 2247 3939 octava
2275 3882 2332 3937 S.
2353 3881 2652 3954 Stephani,
2677 3883 2779 3938 sed
2801 3898 2906 3955 pro
2924 3887 3125 3940 octava
3154 3885 3385 3941 Domini
3416 3901 3557 3960 aga-

1908 3978 2026 4029 tur.
2047 3972 2160 4026 Hoc
2190 3974 2385 4025 autem
2409 3970 2594 4025 sancti
2625 3973 2827 4026 Patres
2846 3971 2905 4026 in
2926 3971 3313 4045 dispositione
3331 3973 3555 4030 ofﬁcio-

1913 4077 2043 4115 rum
2074 4074 2449 4129 summopere
2473 4064 2929 4129 procuraverunt
2954 4064 3020 4115 ut
3039 4060 3300 4118 ofﬁcium
3324 4077 3560 4135 semper

1914 4147 2157 4205 instanti
2214 4146 2531 4202 celebritati
2588 4149 2980 4217 concordaret,
3028 4167 3100 4206 ne
3149 4150 3339 4207 clerus
3394 4149 3556 4206 aliud

1914 4254 2092 4311 quam
2114 4235 2361 4309 populas
2380 4234 2439 4289 in
2474 4234 2883 4292 ecclesiasticis
2907 4236 3345 4294 celebritatibus
3365 4238 3561 4294 obser-

1914 4331 2091 4384 varet.
2123 4328 2408 4380 Praeterea
2434 4340 2640 4380 omnes
2658 4324 2970 4380 Dominicis
3002 4325 3405 4382 solemnitates
3443 4326 3559 4382 sibi

1915 4415 2162 4472 invicem
2176 4414 2383 4469 afﬁnes
2399 4412 2507 4468 hoc
2520 4412 2736 4469 habent
2756 4413 3125 4487 privilegium
3146 4418 3211 4470 ut
3234 4412 3559 4471 observatio

129 4522 297 4562 cesse
323 4504 537 4571 fuerit,
572 4507 739 4576 post:
765 4503 1153 4559 Benedicamus
1183 4504 1429 4571 Domino,
1463 4506 1807 4561 memoriam
1841 4526 1885 4591 Β
1916 4521 2120 4562 earum
2179 4503 2504 4559 adinvicem
2556 4504 2951 4573 continuetur,
2985 4509 3051 4559 ut
3098 4503 3562 4561 Resurrectionis

131 4592 420 4665 facimus,
445 4596 517 4647 ut
538 4593 608 4648 de
630 4597 831 4648 sancto
851 4590 1144 4663 Stephano
1162 4595 1218 4647 et
1247 4592 1319 4647 de
1348 4597 1551 4649 sancto
1582 4593 1809 4650 Joanne

131 4682 561 4739 observamus.

517 4771 651 4826 ΟΑΡ.
684 4769 922 4825 XXXVI.
953 4771 1026 4825 De
1045 4771 1445 4825 Innocentibus.

205 4864 277 4915 In
308 4858 642 4916 Nativitate
703 4857 1109 4914 Innocentium
1170 4857 1353 4912 Gloria
1410 4859 1467 4912 in
1499 4857 1726 4913 excelsis
1755 4860 1813 4913 et

132 4950 389 5006 Alleluia
454 4948 789 5003 secundum
850 4947 1115 5002 ordinem
1155 4945 1486 5002 reticemus.
1522 4947 1664 5001 Item
1700 4965 1712 5001 :
1749 4947 1812 5002 Te

130 5040 311 5095 Deum
343 5037 675 5102 laudamus,
708 5040 766 5091 et
799 5053 811 5090 :
845 5038 922 5092 Ite
953 5038 1124 5091 missa
1153 5044 1253 5103 est,
1284 5052 1409 5107 qua!
1441 5052 1576 5090 cum
1629 5034 1813 5090 Gloria

132 5129 191 5183 in
224 5128 476 5185 excelsis
513 5124 777 5180 Romano
807 5140 967 5181 more
997 5123 1185 5179 solent
1213 5124 1443 5180 admitti
1468 5123 1555 5179 vel
1588 5127 1818 5195 praster-

129 5215 313 5278 mvitti.
353 5211 810 5284 Haec,inquam,
845 5212 1042 5269 omnia
1071 5211 1447 5281 omittuntur,
1492 5212 1605 5269 nisi
1627 5210 1817 5268 Domi-

129 5305 267 5362 nica
298 5303 518 5361 fuerit.
547 5299 737 5357 Gloria
768 5302 924 5357 Patri
952 5316 1085 5357 vero
1103 5317 1410 5372 nunquam
1440 5298 1813 5356 dimittimus.

196 5502 283 5571 (9)
316 5495 690 5556 Infernalem
748 5513 981 5572 poenam
1031 5496 1472 5572 _rite_intellige
1527 5514 1815 5572 carcerem

120 5567 304 5635 limbi
336 5574 628 5641 Patrum,
650 5567 768 5629 seu'
783 5569 983 5628 sinum
1011 5567 1431 5646 Abrahw,quo'
1450 5569 1815 5631 anteChristi

1918 4609 2106 4665 usque
2135 4591 2208 4647 ad
2236 4591 2673 4664 Ascensionem,
2703 4595 2758 4648 et
2795 4592 3191 4649 Ascensioniis
3244 4608 3432 4665 usque
3487 4592 3562 4648 ad

1918 4683 2293 4737 Pentecosten
2307 4685 3135 4749 commemoramus,etomnes
3145 4679 3479 4737 Dominicas
3492 4681 3567 4737 iis

1919 4767 2393 4826 solemnitatibus
2407 4769 2785 4841 interpositus
2805 4770 2877 4826 de
2900 4769 3126 4826 eisdem
3147 4769 3564 4827 inofﬁciamus.

1919 4859 2013 4915 Sic
2027 4856 2663 4931 quoqueetNativitatis
2688 4858 3003 4914 Dominicas
3019 4875 3209 4931 usque
3221 4857 3294 4915 ad
3315 4857 3568 4931 Epipha-

1920 4946 2079 5001 niam
2126 4945 2470 5000 memoriam
2521 4945 2774 5018 agimus,
2807 4946 2923 5004 nisi
2974 4947 3033 5003 in
3086 4951 3373 5021 quantum
3403 4947 3570 5005 festis

1921 5039 2259 5091 sanctorum
2299 5033 2388 5089 vel
2427 5036 2644 5091 octavis
2681 5051 2884 5093 eorum
2916 5037 3250 5096 satisfacere
3279 5037 3567 5111 cogimur.

1924 5124 2139 5180 Eodem
2172 5139 2403 5195 quoque
2434 5124 2605 5180 modo
2634 5123 2787 5180 infra
2814 5126 2973 5182 hunc
3012 5126 3332 5183 terminum
3363 5142 3571 5182 occur-

1926 5215 2120 5268 rentes
2169 5211 2483 5267 Dominicas
2538 5212 2797 5269 ofﬁcium
2828 5215 2899 5270 de
2937 5215 3248 5272 Nativitate
3301 5213 3571 5287 posside-

1924 5301 2091 5357 bunt

1927 5500 2176 5569 mortem
2193 5567 2203 5569 _
2232 5496 2575 5569 Innocentes
2623 5504 2907 5569 martyres
2936 5498 3385 5569 descenderunt,
3417 5496 3575 5560 unde

1922 5572 2121 5628 tamen
2148 5567 2362 5626 Christi
2383 5572 2570 5631 morte
2596 5570 2657 5627 in
2689 5567 2901 5631 coelum
2932 5570 3147 5648 recepti
3179 5573 3341 5633 sunt.
