3920 6208
332 356 492 422 10οἽ

1703 359 2014 428 ΜΟΝΠΜ.
2060 353 2374 428 LITUBG.

3551 346 3748 424 ςιωι

329 495 464 549 CAP.
499 492 792 552 XXXVIII.
827 526 894 537 —
926 497 1001 551 De
1025 495 1208 552 eodem
1238 497 1424 570 efficio
1451 498 1511 552 in
1543 497 1658 552 alia
1695 497 1979 552 Dominica
2006 498 2062 565 Α
2095 497 2135 553 0
2164 515 2446 566 magnum.
2482 497 2938 570 Responsorium
2972 498 3219 554 :-Sa~ncta
3257 495 3308 552 ei
3355 492 3744 550 immutata.

995 569 1296 640 repetendo.

405 657 682 721 Quamvis
709 661 904 714 autem
928 658 1054 714 duis
1069 658 1380 714 Dominica:
1406 657 1704 712 multoties
1716 656 1984 712 eveniant

333 760 399 799 eo
430 748 713 818 tempore,
751 763 1052 818 nunquam
1114 752 1312 803 tamen
1371 746 1574 802 ambas
1635 746 1980 802 Dominirali

335 833 527 891 ofﬁcio
555 836 826 908 occupari
849 837 998 892 festa
1019 840 1355 891 sanctorum
1381 835 1740 907 permittent,
1773 835 1882 890 nisi
1916 851 1981 890 eo

335 926 568 979 tantum
593 941 766 991 anno,
800 927 941 980 dum
973 925 1172 997 vigilia
1200 923 1538 996 Epiphaniae
1567 923 1624 978 in
1684 923 1983 978 Dominica

337 1013 615 1068 evenerit.
646 1013 807 1069 Unde
847 1018 904 1070 et
935 1018 1176 1070 sanctus
1226 1013 1543 1085 Gregorius
1575 1011 1717 1068 satis
1747 1027 1984 1083 compe-

337 1105 526 1158 tenter
546 1119 730 1158 unum
753 1102 1114 1158 Dominicale
1127 1103 1381 1158 ofﬁcium
1401 1119 1468 1158 eo
1481 1106 1740 1174 tempore
1758 1101 1984 1156 ordina-

337 1190 525 1258 Vit,eo
573 1192 729 1264 quod
771 1195 828 1248 et
870 1192 949 1247 ibi
983 1195 1212 1248 tantum
1265 1191 1562 1247 Dominica
1617 1189 1780 1245 omni
1838 1206 1984 1261 pene

337 1295 491 1335 anno
512 1285 780 1336 occurrat
809 1297 936 1353 qua:
968 1281 1305 1352 hujusmodi
1341 1280 1533 1335 ofﬁcio
1564 1279 1839 1351 indigeat.
1870 1279 1984 1334 Nec

333 1366 445 1422 hoc
461 1368 664 1441 utique
686 1373 926 1426 sanctus
948 1370 1262 1444 Gregorius
1293 1369 1378 1426 vel
1405 1373 1535 1440 post
1575 1367 1980 1440 Epiphaniam,

333 1455 422 1510 vel
458 1462 590 1529 post
617 1459 997 1514 Pentecosten
1033 1474 1263 1514 servare
1293 1459 1538 1527 curavit,
1573 1463 1638 1513 ut
1660 1461 1744 1512 tot
1793 1457 1984 1512 officia

335 1563 568 1618 semper
586 1547 942 1603 haberemus
967 1549 1118 1620 quod
1141 1547 1453 1604 Dominicae
1470 1551 1706 1620 possent
1737 1544 1981 1602 evenire.

331 1635 476 1690 Nam
509 1636 728 1708 optime
761 1637 1025 1708 prmvidit
1048 1636 1391 1708 hujusmodi
1424 1635 1876 1708 inaequalitatem
1903 1650 1982 1688 re-

331 1725 607 1794 petitione
636 1725 965 1781 ot'ficiorum
998 1725 1166 1782 facile
1193 1726 1492 1782 emendari
1526 1741 1718 1797 posse.
1751 1724 1912 1778 Unde
1929 1727 1985 1777 et

333 1830 460 1881 nos,
489 1829 623 1868 cum
654 1813 853 1886 vigilia
882 1815 1220 1887 Epiphaniie
1254 1815 1312 1870 in
1367 1814 1668 1870 Dominica
1707 1813 1978 1878 occurrit,

330 1903 545 1974 prioris
571 1902 886 1958 Dominica:
905 1904 1162 1960 ofﬁcium
1186 1903 1435 1976 pleniter
1451 1904 1785 1975 repetimus.
1809 1902 1903 1957 Sic
1925 1907 1982 1956 et

330 1991 388 2046 in
421 1991 738 2048 Dominicis
767 1996 901 2064 post
930 1993 1313 2065 Epiphaniam
1337 1999 1393 2048 et
1425 1997 1556 2066 post
1575 1995 1977 2060 Pentecosten,

331 2081 560 2151 quoties
588 2097 824 2138 necesse
843 2081 1220 2152 fuerit,juxta
1256 2081 1580 2137 Romanam
1603 2078 1976 2136 consuetudi-

332 2187 465 2226 nem
489 2169 673 2226 l‘acere
703 2171 1006 2226 debemus.
1031 2171 1194 2226 Sicut
1225 2171 1380 2226 enim
1414 2171 1691 2226 historias
1723 2167 1976 2225 Domini-

332 2273 533 2314 carum
572 2258 630 2313 in
685 2263 971 2331 quantum
1028 2260 1275 2332 tempori
1332 2259 1570 2327 sufﬁcit,
1633 2258 1975 2331 repetimus,

332 2347 716 2404 nihilominus
765 2353 822 2404 et
869 2347 1061 2403 ofﬁcia
1116 2365 1316 2404 earum
1350 2355 1607 2421 repetere
1637 2363 1974 2420 possumus.

332 2436 478 2492 Nam
529 2440 585 2492 et
635 2436 995 2492 Dominicale
1047 2437 1305 2493 ofﬁcium
1348 2437 1445 2492 alii
1493 2437 1978 2509 Dominicae,quie

332 2525 592 2596 ejusdem
615 2526 997 2580 observantiae
1030 2530 1136 2594 est,
1167 2539 1282 2581 non
1301 2525 1983 2597 competentius[incom-

332 2615 643 2688 patentius]
667 2613 1225 2686 adhibebiturquam
1250 2614 1501 2687 singulis
1521 2613 1978 2686 privatisdiebus

333 2703 430 2776 qui
468 2703 904 2758 Dominicarum
935 2702 1131 2758 ofﬁcia
1154 2704 1298 2758 dum
1333 2703 1620 2775 recipiunt
1647 2719 1715 2757 ex
1757 2701 1978 2758 festivis

335 2791 558 2846 ferialia
576 2791 766 2846 efficio
777 2794 868 2846 nt:
886 2791 994 2846 hoc
1022 2799 1216 2846 tamen
1241 2808 1356 2846 non
1375 2795 1497 2847 tam
1515 2808 1582 2846 ex
1603 2790 1974 2847 ecclesiastici

333 2883 652 2935 conventus
679 2879 1048 2944 necessitate,
1085 2897 1259 2951 quam
1294 2897 1363 2936 ex
1415 2880 1648 2952 propria
1679 2879 1978 2936 devotione

333 2983 758 3040 usquequaque
771 2967 1081 3024 usitamus.
1096 2969 1219 3024 Non
1239 2985 1374 3042 ergo
1389 2968 1754 3041 magisincon
1763 2985 1975 3040 gruum

331 3058 616 3127 videatur,
650 3059 697 3114 si
730 3057 886 3114 idem
919 3057 1178 3114 ofﬁcium
1206 3058 1264 3112 in
1296 3057 1412 3114 alia
1442 3058 1760 3126 Dominica,
1792 3062 1858 3113 ut
1885 3073 1974 3113 ec-

333 3146 662 3203 clesiastico
693 3147 1002 3203 conventui
1033 3147 1304 3216 satisﬁat,
1333 3152 1645 3220 repetatur.

606 3255 740 3310 CAP.
771 3253 1010 3310 XXXIX.
1036 3288 1104 3296 ——
1131 3255 1207 3311 De
1235 3263 1419 3312 octava
1447 3257 1684 3312 Domini.

403 3345 465 3402 In
498 3349 701 3401 octava
731 3343 986 3416 Domini,
994 3345 1164 3416 juxta
1193 3344 1510 3400 Romanam
1547 3345 1972 3412 auctoritatem,

331 3453 447 3491 non
477 3433 773 3491 ofﬁcium:
807 3437 955 3490 Puer
1004 3442 1168 3490 natus
1223 3443 1321 3502 est,
1357 3435 1496 3490 sed:
1531 3435 1746 3490 Vult-um
1797 3439 1972 3503 tuum,

331 3526 396 3579 ut
419 3524 478 3580 in
508 3523 787 3580 Graduali
809 3521 958 3578 libro
985 3521 1254 3590 habetur,
1290 3523 1382 3577 cui
1414 3523 1655 3578 Alleluia
1691 3524 1815 3579 Post
1840 3541 1972 3596 par-

330 3618 448 3670 tum
476 3615 648 3682 virgo,
681 3616 1010 3678 cantamus,
1043 3615 1100 3666 et
1140 3611 1459 3668 orationem
1502 3611 1920 3685 Gregorianam
1957 3629 1970 3667 :

328 3703 469 3758 Deus
511 3705 608 3774 qui
653 3701 850 3756 salutis
897 3707 1138 3767 (ceterum,
1172 3717 1284 3755 non
1347 3699 1507 3754 illam
1543 3716 1555 3755 :
1587 3701 1725 3754 Deus
1755 3701 1851 3771 qui
1879 3716 1977 3756 nos

2091 586 2330 660 Antiph.
2359 586 2952 661 :Speciosus.Antiph.
2981 605 2994 643 :
3030 588 3146 642 Rex-
3171 582 3748 656 omnis.Antiphona:

2089 679 2464 748 Suscepimus.
2513 676 2992 750 Responsorium.
3030 693 3043 730 :
3095 677 3266 733 Beata
3305 678 3359 730 et
3384 671 3750 730 ueneranda.

2093 767 2576 838 Itesponsorium:
2601 766 3099 837 Congratulamiui.
3117 762 3600 836 Responsorium:
3619 761 3757 817 Gon-

2091 858 2226 910 tinct
2258 858 2316 910 in
2344 855 2816 928 gremio.Antiph.
2849 873 2862 910 :
2891 857 3058 912 Homo
3095 863 3280 910 natus.
3311 850 3601 924 Antiph.;
3634 855 3754 908 Ea:-

2090 945 2393 1000 sultabunt.
2447 943 2683 1017 Antiph.
2722 963 2734 1000 :
2767 946 2970 1001 Notum
3027 945 3181 1016 fecit.
3235 939 3750 1016 Responsorium:

2095 1033 2486 1105 Conﬁrmath
2542 1038 2639 1088 est.
2698 1032 3156 1106 Responsorium
3187 1048 3200 1088 :
3233 1032 3486 1087 Nesciens
3540 1031 3745 1091 mam.

2091 1122 2548 1195 ltesponserium
2585 1141 2598 1179 :
2637 1123 2868 1179 Verbum
2899 1137 3052 1179 caro.
3083 1117 3464 1178 Matutinales
3495 1118 3706 1174 laudes
3731 1133 3748 1171 :

2093 1212 2132 1268 0
2162 1212 2506 1278 admirabile,
2533 1230 2636 1284 per
2695 1212 2985 1270 ordinem.
3019 1211 3247 1268 Eaedem
3290 1208 3628 1282 autiphone.
3683 1207 3746 1262 in

2091 1302 2350 1357 secunda
2371 1318 2612 1374 vespera
2632 1318 2808 1373 super
2827 1299 3088 1374 psalmos
3100 1300 3171 1356 de
3182 1298 3498 1356 Nativitate
3510 1294 3749 1353 Domini

2090 1391 2382 1463 leguntur.
2405 1391 2466 1446 In
2503 1389 2799 1462 evangelio
2829 1389 3154 1463 antiphona
3185 1407 3199 1444 :
3243 1389 3350 1458 Qui
3374 1387 3440 1444 de
3469 1390 3619 1442 terra
3647 1388 3748 1441 est.

2093 1481 2152 1535 In
2192 1479 2489 1534 Dominica
2518 1484 2712 1534 autem
2746 1483 2880 1551 post
2909 1477 3286 1534 Nativitatem
3303 1474 3542 1532 Domini
3560 1475 3644 1531 ita
3657 1491 3750 1531 or-

2092 1569 2408 1624 diualiitur.
2447 1566 2851 1622 lnvitatorium
2888 1583 2900 1621 :
2938 1565 3184 1622 Christus
3214 1569 3379 1621 natus
3407 1572 3506 1620 est.
3525 1563 3747 1621 Psalmi

2096 1655 2498 1725 Uoniinicales,
2534 1673 2667 1712 cum
2701 1655 2890 1712 tribus
2921 1653 3260 1727 antiphonis
3300 1653 3370 1709 de
3428 1652 3746 1709 Nativitate

2092 1745 2342 1800 Domini.
2371 1745 2826 1817 Responsorium
2863 1763 2876 1800 :
2905 1743 3206 1800 Descendit.
3244 1741 3742 1815 Responsorium:

2012 1871 2060 1934 Β
2095 1835 2260 1904 Quem
2317 1835 2552 1890 vidistis.
2611 1835 2896 1907 Respons.
2933 1851 2944 1890 :
2983 1834 3022 1890 0
3059 1850 3342 1904 magnum.
3376 1833 3436 1888 In
3496 1849 3533 1888 ιι
3574 1834 3742 1888 noct.

2092 1925 2544 1996 Responsorinm
2575 1939 2588 1978 ε
2627 1923 2873 1980 Continet
2903 1925 2963 1978 in
2993 1923 3218 1994 gremio.
3255 1921 3740 1994 Responsorium:

2089 2013 2483 2078 Conﬁlmutum
2511 2016 2616 2066 est;
2637 2011 3126 2084 Responsorium:
3159 2011 3259 2066 llic
3285 2012 3385 2082 qui
3410 2008 3656 2065 advenit.
3676 2009 3741 2064 In

2087 2101 2257 2158 tertio
2316 2107 2600 2156 nocturno
2659 2099 3146 2172 responsorium:
3199 2099 3332 2156 Ecce
3375 2099 3740 2170 Agnus

2089 2191 2350 2262 Respons
2410 2206 2423 2245 :
2458 2189 2796 2245 Benedictus.
2828 2189 3112 2261 Respons.
3150 2205 3164 2244 :
3199 2188 3240 2245 0
3270 2203 3472 2259 regem.
3501 2185 3747 2243 Matuti-

2090 2279 2250 2334 nales
2298 2277 2501 2334 laudes
2534 2295 2547 2332 :
2584 2279 2750 2346 Quem
2799 2277 3032 2333 vidistis.
3082 2276 3145 2331 In
3195 2274 3546 2349 evangelio:
3595 2275 3744 2332 Dum

2085 2369 2346 2423 medium.
2371 2367 2703 2424 Notandum
2727 2370 2923 2422 autem
2944 2364 3005 2420 iu
3027 2368 3228 2421 octava
3260 2362 3490 2420 Domini
3511 2367 3746 2420 noctur-

2088 2456 2281 2512 nalem
2306 2461 2543 2511 cantum
2566 2455 2636 2510 de
2667 2458 2867 2510 sancta
2898 2454 3080 2510 Maria
3100 2452 3354 2509 multum
3388 2469 3579 2526 agere,
3597 2453 3744 2525 quia

2089 2551 2144 2601 et
2167 2545 2432 2601 diurnale
2455 2545 2710 2600 ofﬁcium
2735 2542 2794 2599 in
2817 2542 3098 2600 honorem
3115 2543 3244 2616 ejus
3263 2541 3744 2598 videturinstitu-

2088 2638 2236 2690 tum.
2261 2635 2323 2690 In
2352 2632 2694 2689 Dominicali
2721 2637 2916 2688 autem
2945 2637 3110 2689 nocte
3131 2648 3245 2688 non
3279 2633 3400 2687 tam
3431 2630 3505 2687 de
3535 2635 3742 2688 sancta

2090 2722 2272 2778 Maria
2292 2739 2468 2795 quam
2503 2723 2571 2777 de
2604 2722 2912 2776 Nalivitate
2944 2721 3171 2777 Domini
3224 2719 3480 2794 agimus,
3513 2720 3652 2792 quia
3683 2723 3744 2776 et

2086 2813 2144 2867 in
2175 2810 2428 2867 diurnali
2457 2811 2647 2866 ofﬁcio
2699 2809 3032 2883 specialiter
3061 2809 3132 2865 de
3162 2809 3474 2866 Nativitate
3503 2807 3744 2864 Domini

2087 2899 2754 2956 commemoramus.Est
2768 2903 2964 2954 autem
2996 2897 3234 2954 traditio
3259 2901 3600 2953 sanctorum
3630 2896 3736 2952 Pa-

2086 2995 2243 3045 trum
2269 2989 2402 3044 utin
2434 2986 3201 3058 hujusmodilestivitatibus
3223 2985 3416 3042 ofﬁcio
3438 2986 3632 3042 missae
3653 3003 3738 3042 re—

2086 3077 2631 3152 liquajconcordent
2660 3077 2872 3134 olﬁcia.

2477 3167 2606 3221 CAP.
2639 3164 2750 3221 XL.
2785 3196 2853 3204 ——
2883 3165 2958 3221 De
2995 3163 3330 3238 Epiphania.
3360 3213 3364 3216 .

2003 3234 2048 3302 C
2156 3255 2216 3312 Si
2245 3253 2444 3329 vigilia
2475 3253 2806 3327 Epiphaniae
2837 3254 2898 3310 in
2938 3234 3306 3310 Dominicam
3363 3253 3640 3321 evenerit,
3676 3255 3736 3309 in

2085 3350 2275 3412 nocte,
2308 3347 2373 3400 ut
2428 3343 2772 3416 prmdictum
2801 3347 2910 3412 est,
2942 3343 3234 3400 canimus.
3267 3343 3331 3399 In
3361 3342 3456 3398 die
3499 3358 3738 3415 quoque

2084 3434 2534 3490 omciuszum
2555 3432 2799 3489 medium
2829 3437 2896 3488 ut
2921 3433 2981 3488 in
3007 3431 3186 3506 priori
3217 3430 3527 3488 Dominica
3553 3430 3742 3505 pleni-

2083 3529 2174 3579 ter
2201 3524 2600 3579 observamus.
2619 3521 2678 3578 Si
2702 3526 2895 3578 autem
2927 3522 2986 3577 in
3015 3520 3132 3578 alia
3161 3520 3256 3576 die
3287 3522 3561 3589 occurrit,
3577 3521 3738 3578 idem

2084 3611 2323 3685 quidem
2345 3611 2626 3679 olﬁcium,
2643 3611 2743 3666 sed
2769 3627 2901 3666 cum
2925 3609 3170 3666 lectione
3188 3627 3202 3664 :
3223 3609 3456 3679 Scimus,
3477 3613 3537 3665 et
3560 3626 3734 3666 evan-

2083 3701 2232 3775 gelio
2268 3719 2280 3756 :
2314 3703 2570 3773 Defum'to
2613 3699 2836 3768 Herode,
2869 3699 3027 3756 unde
3073 3705 3129 3754 et
3177 3698 3519 3756 communio
3555 3699 3740 3756 :Tolle

328 3789 1699 3861 Nativit.,dicimus.Etnotandumhujusoctavas
1716 3789 1974 3843 ofﬁcium
2079 3807 2314 3864 puerum
2345 3793 2582 3863 sumpta
2611 3794 2720 3857 est,
2755 3793 3100 3845 cantamus:
3137 3789 3282 3861 quia
3311 3787 3422 3843 hoc
3473 3788 3742 3844 ofﬁcium

329 3877 768 3936 evidentissima
797 3877 868 3932 de
909 3881 1112 3933 sancta
1141 3878 1323 3933 Maria
1360 3893 1548 3950 agere.
1583 3877 1747 3932 Unde
1777 3882 1834 3932 et
1865 3877 1974 3933 Ro-

329 3967 491 4023 mani
514 3983 582 4022 ea
617 3965 709 4021 die
733 3966 800 4022 ad
826 3966 1100 4024 Sanctam
1125 3966 1366 4022 Mariam
1391 3965 1702 4021 stationem
1734 3965 1974 4033 faciunt,

330 4072 435 4112 nec
457 4055 784 4124 immerito;
809 4072 995 4129 nuper
1006 4055 1183 4120 enim,
1202 4072 1335 4110 cum
1361 4053 1730 4110 Nativitatem
1744 4055 1975 4111 Domini

328 4144 776 4209 celebraremus,
823 4145 1054 4200 nullum
1084 4149 1205 4199 tam
1229 4142 1481 4216 speciale
1502 4143 1764 4200 ofﬁcium
1807 4145 1978 4200 Matri

328 4236 456 4307 ejus
477 4236 790 4292 attribuere
810 4235 1136 4307 potuimus.
1159 4232 1322 4288 Unde
1346 4250 1458 4288 non
1482 4232 1974 4306 incongrueillam

331 4324 643 4397 specialius
669 4325 728 4380 in
760 4327 962 4380 octava
994 4321 1224 4378 Domini
1260 4338 1627 4392 veneramur,
1661 4341 1733 4380 ne
1763 4323 1975 4380 solem-

331 4416 512 4470 nitate
545 4413 673 4470 Filii
705 4414 795 4470 sui
829 4427 1034 4484 expers
1061 4427 1190 4468 esse
1225 4412 1508 4480 videatur,
1543 4430 1720 4484 quam
1779 4415 1975 4469 tamen

329 4504 388 4559 in
411 4505 614 4560 eadem
639 4500 1005 4558 solemnitate
1027 4504 1160 4572 post
1189 4501 1500 4556 Dominum
1522 4501 1773 4558 maxime
1793 4501 1976 4558 hono-

2084 3884 2220 3936 ante
2250 3896 2424 3936 usum
2455 3878 2635 3951 hujus
2658 3877 2868 3952 vigiliis
2900 3876 2980 3932 ibi
3010 3877 3375 3946 cantabatur,
3409 3881 3613 3951 utpote
3635 3881 3746 3933 Do-

2085 3969 2303 4025 minica
2317 3966 2581 4041 ejusdem
2612 3967 3016 4036 hebdomadas,
3039 3967 3193 4024 sicut
3222 3969 3311 4023 et:
3334 3968 3522 4022 Vocem
3537 3968 3748 4040 jucun-

2083 4059 2268 4114 ditatis
2299 4058 2530 4114 canitur
2557 4056 2617 4113 in
2661 4055 2862 4130 vigilia
2896 4055 3293 4124 Ascensionis,
3317 4059 3374 4112 et
3403 4055 3745 4112 assumitur

2085 4146 2420 4203 communio
2451 4145 2523 4202 de
2553 4145 2816 4219 ejusdem
2849 4144 2964 4201 diei
2991 4143 3390 4219 evangelio.ln
3407 4143 3746 4218 Epiphania

2085 4237 2156 4292 ad
2172 4241 2342 4292 noctu
2353 4235 2675 4307 rnas,juxta
2691 4231 3739 4303 RomanumOrdinem,invitatorium

2085 4325 2398 4382 reticemus
2431 4343 2444 4381 :
2477 4329 2540 4380 ut
2573 4342 2608 4380 a
2635 4323 2837 4380 dolosa
2865 4322 3208 4380 invitatione
3238 4321 3486 4378 Herodis
3512 4321 3738 4379 discre-

2084 4431 2294 4488 pemus
2329 4433 2342 4470 :
2376 4413 2450 4470 ab
2480 4413 2800 4486 antiphona
2833 4430 2846 4468 :
2878 4409 3084 4486 Afferte
3112 4427 3184 4468 ea
3225 4412 3394 4467 nocte
3429 4407 3740 4484 incipitur.

2085 4503 2419 4577 Antiphone.
2433 4522 2446 4560 :
2461 4503 2736 4560 Fluminis
2761 4519 2896 4558 cum
2917 4502 3146 4573 psalmo
3169 4500 3230 4556 in
3249 4499 3483 4556 tertiam
3507 4504 3748 4558 noctu!»

332 4594 576 4650 randam
610 4608 738 4648 esse
770 4607 885 4646 non
916 4589 1275 4646 dubitamus.
1311 4589 1682 4647 Matutinales
1744 4608 1977 4664 quoque
2007 4607 2056 4672 D
2088 4610 2224 4650 nam
2255 4592 2542 4659 diﬁ'ertur,
2576 4591 2717 4664 quia
2745 4591 2934 4663 major
2963 4587 3221 4646 laudatio
3268 4605 3452 4662 quam
3492 4589 3746 4646 Alleluia

331 4684 537 4739 laudes
567 4681 750 4752 hujus
780 4685 993 4736 octavae
1023 4680 1094 4736 de
1123 4685 1324 4737 sancta
1347 4681 1528 4736 Maria
1550 4685 1732 4754 agunt
1751 4699 1980 4754 expres-

331 4772 590 4832 sissime.
625 4769 788 4827 Unde
821 4775 876 4826 et
905 4769 1007 4826 illa
1037 4769 1404 4842 responsoria
1434 4769 1504 4826 de
1535 4770 1844 4827 Nativitate
1877 4776 1979 4828 Do-

331 4860 498 4928 mini,
520 4877 647 4932 quis
678 4859 748 4915 de
769 4863 973 4915 sancta
1003 4857 1186 4915 Maria
1205 4862 1686 4924 commemorant,
1701 4859 1840 4915 huic
1861 4860 1974 4916 dici

331 4965 586 5021 congrue
614 4948 1008 5015 attitulantur,
1023 4965 1096 5004 ne
1127 4965 1158 5004 a
1191 4947 1544 5020 Gregoriano
1577 4948 1842 5019 ejusdem
1860 4949 1974 5004 diei

331 5037 522 5094 ofﬁcio
547 5037 952 5109 discrepemus
982 5037 1039 5093 in
1073 5036 1452 5109 aliquo.Apte
1473 5042 1670 5093 autem
1703 5037 1974 5093 omniain

330 5125 366 5180 h
378 5142 488 5181 unc
501 5126 743 5182 modum
760 5126 1012 5181 ordinari
1031 5143 1205 5198 possu
1217 5126 1384 5180 nt.Ad
1399 5142 1701 5198 vesperam
1719 5125 1970 5198 antiph.:

331 5215 522 5270 Tecum
572 5214 932 5286 principium,
982 5231 1114 5269 cum
1161 5213 1419 5286 reliquis.
1469 5213 1972 5286 Responsorium:

334 5302 832 5374 Congrutulamim’.
884 5304 1196 5376 Hymnus:
1257 5305 1292 5358 A
1352 5303 1503 5358 solis.
1555 5303 1617 5356 1n
1679 5302 1976 5374 evangelio

332 5391 558 5463 antiph.
578 5389 862 5459 :Magnum
888 5393 1246 5450 hazreditatis.
1263 5390 1663 5448 Invitatorium
1693 5409 1706 5446 :
1733 5389 1978 5448 Christus

330 5484 496 5534 natus
521 5482 618 5535 est.
643 5478 1198 5551 Antiph.:Dominus
1219 5482 1388 5537 dixit.
1411 5479 1650 5552 Antiph.
1686 5496 1699 5533 :
1734 5479 1798 5534 In
1844 5482 1974 5536 sole.

330 5567 612 5640 Antiph.:
654 5569 974 5626 Etevamivi.
1027 5570 1202 5644 Resp.
1241 5567 1586 5628 :Descendit.
1639 5569 1925 5644 Respons.
1961 5585 1975 5628 :

402 5657 514 5732 (10)
549 5659 692 5716 Vide
723 5659 926 5716 eadem
958 5659 1030 5717 de
1061 5675 1121 5716 re
1153 5658 1307 5718 Guil.
1337 5658 1702 5716 Durandum.

2087 4686 2258 4740 sonat
2287 4682 2420 4754 (10),
2455 4682 2565 4737 sub
2596 4679 2784 4753 gratia
2813 4683 2922 4748 est,
2955 4679 3126 4750 cujus
3159 4681 3361 4751 typum
3404 4676 3580 4735 tertia
3636 4695 3744 4735 no-

2087 4776 2296 4828 cturna
2338 4769 2511 4844 gerit,
2540 4785 2719 4842 quam
2751 4773 2885 4824 ante
2914 4767 3106 4840 legem
3136 4766 3225 4823 vel
3257 4765 3370 4822 sub
3397 4765 3552 4840 lege,
3583 4767 3746 4840 quod

2087 4859 2478 4932 precedentes
2527 4860 2822 4914 nocturnae
2854 4855 3210 4929 signiﬁcant.
3242 4855 3409 4912 Unde
3436 4858 3497 4912 et
3531 4871 3750 4913 omnes

2083 4948 2337 5005 historiae
2369 4965 2496 5020 quae
2526 4947 2639 5003 sibi
2672 4947 2910 5002 Alleluia
2960 4943 3282 5014 vindicant,
3317 4942 3451 5017 plus
3497 4944 3751 5003 Alleluia

2085 5039 2143 5092 in
2203 5037 2375 5092 tertia
2429 5039 2718 5092 nocturna
2771 5035 3165 5106 frequentant.
3197 5033 3258 5089 Si
3298 5031 3635 5106 Epiphania
3682 5033 3746 5090 in

2083 5125 2448 5183 Dominicam
2469 5122 2907 5189 evenerit,nihil
2939 5122 2999 5178 in
3031 5139 3101 5179 ea
3120 5121 3214 5179 die
3243 5123 3315 5180 de
3335 5121 3531 5178 ofﬁcio
3549 5123 3751 5180 Domi-

2085 5215 2225 5272 nicae
2249 5214 2567 5286 tangimus.
2585 5213 2747 5278 Quod
2770 5215 2964 5269 tamen
2987 5211 3141 5268 infra
3159 5217 3424 5268 octavam
3451 5212 3587 5284 ejus
3611 5211 3747 5270 ideo

2085 5306 2391 5362 observare
2449 5301 2727 5371 solemus,
2760 5305 2822 5358 ut
2880 5300 3160 5358 lectiones
3207 5303 3265 5356 et
3302 5299 3612 5374 evangelia
3659 5301 3746 5358 fe-

2086 5392 2256 5450 rialia
2285 5409 2412 5464 quae
2469 5391 2540 5447 de
2570 5391 2872 5462 Baptismo
2932 5389 3163 5446 Domini
3221 5391 3456 5456 sonant,
3489 5405 3560 5446 eo
3593 5395 3746 5448 tem-

2087 5496 2227 5556 pore
2249 5479 2592 5551 recitantur,
2616 5495 2752 5537 cum
2772 5483 2830 5538 et
2858 5479 3072 5538 festum
3093 5479 3164 5537 de
3184 5477 3489 5553 Baptismo
3509 5479 3748 5539 Domini

2087 5569 2305 5646 agitur.
