3920 6208
162 335 327 409 μίοω

198 519 204 524 .
293 470 426 529 CAP.
458 468 597 527 XLI.
630 500 700 512 --
728 468 802 528 De
820 468 1119 527 Dominicis
1144 476 1265 542 post
1292 465 1681 541 Epiphaniam.

241 561 299 619 Si
327 564 524 617 autem
554 575 659 634 per
687 560 1099 631 interjacentes
1127 559 1253 614 dies
1283 558 1354 614 ab
1381 556 1711 630 Epiphania
1730 576 1823 614 us-

173 667 281 724 que
307 651 367 706 in
396 653 661 706 octavam
690 649 819 721 ejus
841 648 1148 705 Dominica
1187 648 1460 718 evenerit,
1494 647 1821 703 necessario

160 757 236 797 eo
266 739 356 796 die
387 737 784 795 ecclesiastico
819 736 1129 795 conventui
1152 753 1287 792 cum
1310 736 1657 792 Dominicali
1687 737 1822 791 ofﬁ~

174 829 259 885 cio
280 826 703 896 satisfacimus,
735 843 911 900 quem
943 843 1059 883 non
1090 843 1194 897 pro
1224 824 1571 898 Epiphania,
1590 826 1692 882 sed
1717 842 1820 898 pro

171 916 841 974 Dominica’convenisse
885 915 1131 973 scimus.
1164 913 1557 971 Dominicales
1587 931 1820 986 quoque

170 1005 381 1080 psalmi
421 1022 559 1061 cum
606 1009 785 1062 cantu
830 1006 903 1061 de
950 1004 1276 1078 Epiphania
1326 1008 1467 1060 sunt
1513 1002 1816 1060 recitandi.

171 1096 262 1152 Sic
292 1094 449 1161 enim
477 1110 713 1151 omnem
742 1092 1108 1152 Dominicam
1137 1092 1459 1150 Dominicis
1489 1092 1819 1149 solemnita-

162 1185 326 1241 .tibus
344 1183 778 1256 interpositam,
802 1198 908 1238 nec
938 1186 1132 1238 tamen
1161 1182 1465 1237 celebriori
1497 1180 1690 1237 ofﬁcio
1723 1196 1817 1235 oc-

168 1276 463 1347 cupatam,
495 1272 568 1329 de
613 1271 835 1328 eisdem
886 1270 1207 1327 inofﬁciare
1247 1270 1525 1327 solemus.
1559 1270 1819 1325 Privatos

169 1378 402 1436 quoque
418 1361 543 1418 dies
562 1360 1035 1419 solemnitatibus
1057 1359 1508 1417 intervenientes
1525 1358 1607 1417 ita
1627 1359 1820 1414 obser-

164 1468 396 1518 vamus,
428 1455 496 1507 ut
525 1449 923 1507 invitatorium
956 1453 1015 1505 et
1035 1466 1213 1505 unam
1235 1449 1621 1522 antiphonam
1643 1464 1820 1521 super

164 1540 429 1597 ferialem
452 1543 823 1606 nocturnam,
876 1537 1014 1595 item
1058 1554 1231 1606 vers.,
1266 1538 1728 1611 respousorium,
1762 1539 1820 1592 et

163 1628 547 1687 matutinales
600 1628 804 1685 laudes
851 1631 908 1683 et
957 1630 1167 1683 caetera
1208 1627 1281 1682 de
1326 1627 1474 1684 festo
1524 1626 1814 1683 dicamus.

159 1720 337 1776 Juxta
354 1718 688 1774 Romanum
710 1716 867 1773 enim
888 1715 1164 1772 Ordinem
1185 1715 1446 1772 ferialem
1468 1719 1815 1771 nocturnam

162 1823 473 1880 nunquam
505 1806 1025 1874 dimittimus,cum
1049 1805 1163 1861 tria
1191 1808 1422 1861 tantum
1444 1805 1817 1876 responsoria

162 1896 440 1964 dicimus,
472 1895 583 1951 nisi
615 1895 673 1950 in
688 1894 1062 1951 hebdomade
1093 1892 1330 1949 Paschae
1351 1898 1407 1949 et
1426 1893 1813 1948 Pentecostes.

158 1985 372 2043 Primae
403 2001 541 2057 ergo
572 1982 890 2040 Dominicze
919 1981 1176 2038 ofﬁcium
1202 1982 1353 2037 infra
1383 1980 1533 2037 hanc
1554 1984 1815 2035 octavam

160 2074 321 2131 omni
353 2090 510 2130 anno
542 2073 652 2128 rite
699 2072 1060 2138 observatur,
1093 2069 1324 2127 etiamsi
1372 2072 1607 2143 propter
1635 2067 1815 2139 pluri-

158 2163 454 2220 ralita-tem
476 2161 980 2218 hebdomadarum
1001 2176 1187 2232 usque
1200 2160 1270 2215 ad
1287 2158 1814 2232 Septuagesimam,

157 2250 552 2325 repetendum
585 2248 1032 2316 videatur,sicut
1058 2252 1114 2304 et
1145 2248 1260 2304 alia
1290 2248 1406 2303 duo
1428 2246 1622 2302 ofﬁcia
1643 2264 1657 2302 :
1680 2248 1816 2305 0m-

157 2343 245 2397 nis
290 2346 468 2406 terra,
515 2338 767 2407 Adorate,
802 2355 936 2394 cum
996 2337 1294 2393 multoties
1354 2352 1455 2393 sex
1510 2339 1818 2392 occurrant

156 2428 546 2485 hebdomadas
563 2426 655 2483 his
671 2424 879 2483 ofﬁciis
892 2424 1297 2482 inofﬁciandai.
1318 2426 1462 2481 Cum
1485 2429 1681 2480 autem
1699 2440 1817 2479 una

156 2522 394 2574 tantum
416 2516 721 2573 Dominica
759 2516 914 2572 inter
933 2514 1317 2588 Epiphaniam
1350 2518 1407 2570 et
1436 2512 1813 2585 Septuagesi-

156 2623 320 2663 mam
355 2606 590 2673 accidit,
624 2605 740 2661 duo
798 2604 1015 2674 ofﬁcia,
1046 2602 1207 2659 nullo
1259 2602 1653 2659 ecclesiastico
1683 2618 1817 2657 con-

151 2699 333 2752 ventu
357 2694 487 2751 ﬁeri
503 2694 613 2750 hoc
633 2693 916 2767 exigente,
950 2693 1008 2747 in
1029 2709 1208 2748 unam
1234 2691 1662 2747 hebdomadam
1686 2707 1816 2746 con-

143 2786 405 2858 jungere
427 2782 681 2850 debebit,
703 2782 1039 2855 quicunque
1076 2780 1305 2837 nullum
1328 2798 1393 2837 eo
1414 2796 1568 2837 anno
1598 2796 1667 2837 ex
1697 2783 1810 2835 sta-

148 2858 536 2930 tutisofﬁciis
554 2870 995 2944 praetermittere
1022 2870 1287 2926 voluerit.
1304 2871 1429 2926 Non
1459 2886 1596 2943 ergo
1616 2869 1813 2925 minus

148 2962 563 3034 competenter
579 2958 737 3014 idem
762 2958 1020 3015 ofﬁcium
1042 2958 1356 3032 aliquando
1378 2958 1446 3014 in
1479 2957 1595 3014 alia
1616 2958 1812 3014 Domi-

148 3051 285 3107 nica
317 3045 668 3121 repetimus,
701 3062 835 3102 cum
854 3046 1083 3102 nullum
1115 3046 1402 3104 celebrius
1420 3046 1677 3104 ofﬁcium
1708 3047 1810 3102 ha-

145 3136 468 3202 buerimus
499 3134 653 3191 unde
674 3134 1067 3191 ecclesiastico
1098 3136 1404 3191 conventui
1437 3136 1544 3191 rite
1580 3136 1809 3191 satisfa-

148 3243 279 3284 cere
322 3223 656 3281 valeamus.
690 3224 807 3296 Ipsi
849 3239 1081 3296 quoque
1121 3223 1327 3296 privati
1377 3224 1501 3279 dies
1549 3225 1811 3280 Romano
1842 3205 1885 3271 Ο

149 3331 318 3372 more
349 3312 617 3370 ofﬁcium
647 3312 861 3384 prioris
908 3312 1224 3369 Dominicis
1280 3312 1583 3384 recipiunt,
1617 3313 1667 3368 si
1700 3330 1815 3369 non

148 3403 401 3463 aliunde
456 3405 855 3474 competenter
899 3400 1204 3457 inofﬁciari
1240 3407 1506 3474 possunt,
1533 3406 1732 3458 tamen
1763 3406 1819 3457 et

149 3509 324 3567 aqua
348 3490 676 3549 benedictae
697 3490 1095 3564 aspersionem
1102 3491 1293 3562 ,juxta
1313 3492 1611 3548 decretum
1633 3490 1819 3547 sancti

148 3581 478 3639 Alexandri
504 3596 690 3654 papas,
736 3583 830 3636 et:
864 3579 1034 3637 Credo
1077 3582 1147 3635 in
1185 3596 1381 3646 unum,
1413 3597 1529 3636 non
1576 3580 1820 3636 dimitti-

152 3687 316 3727 mus.

146 3778 287 3835 Cap.
316 3775 490 3833 XLII.
524 3806 592 3816 ——
622 3780 705 3832 De
732 3776 941 3833 duobus
985 3777 1140 3846 fortis
1188 3778 1250 3832 in
1300 3792 1476 3833 unum
1523 3778 1669 3833 diem
1697 3794 1817 3833 con-

809 3850 1158 3905 currentibus
1169 3891 1182 3903 .

223 3938 382 3994 Cum
416 3935 551 3992 dum
580 3934 924 3992 festivitates
972 3953 1179 3993 novem
1202 3935 1519 3994 lectionum
1550 3937 1610 3993 in
1642 3954 1827 3993 unum

148 4026 314 4083 diem
350 4030 738 4091 concurrunt,
774 4042 1025 4096 quarum
1077 4029 1327 4098 utraque
1360 4026 1601 4098 plenum
1635 4044 1737 4099 per
1767 4043 1829 4083 se

148 4114 343 4189 exigit
373 4112 665 4180 ofﬁcium,
686 4113 1062 4170 celebriorem
1083 4130 1151 4170 ex
1172 4116 1398 4189 integro
1426 4117 1826 4185 observamus,

150 4202 421 4260 alterius
453 4216 587 4255 vero
612 4204 815 4272 postea
845 4203 1073 4256 tantum
1107 4205 1449 4260 memoriam
1481 4206 1733 4278 agimus.
1770 4207 1829 4262 Si

149 4296 368 4349 autem
399 4292 653 4361 utraque
684 4288 932 4361 pleniter
961 4290 1324 4347 observanda
1368 4293 1616 4362 videtur,
1641 4301 1742 4350 aut
1772 4294 1831 4349 in

154 4382 295 4454 ipsa
327 4379 435 4436 die
458 4377 751 4435 ambabus
774 4378 1007 4451 singula
1027 4380 1222 4435 ofﬁcia
1238 4380 1658 4452 persolvantur,
1667 4385 1837 4456 juxta

156 4470 324 4543 quod
358 4472 424 4526 et
454 4470 700 4524 sanctus
731 4467 1047 4541 Gregorius
1090 4468 1149 4523 in
1198 4470 1661 4528 Sacramentaric
1691 4478 1748 4527 et
1777 4474 1837 4528 in

1608 331 2141 403 MIGROLOGUS.

3416 338 3577 404 1010

1839 471 1896 538 Α
1924 469 2030 525 tim
2062 469 2484 544 compleantur,
2518 471 2605 531 vel
2633 489 2818 530 unum
2850 488 3051 530 eorum
3096 470 3155 529 in
3206 471 3388 533 alium
3417 475 3573 534 diem

1936 558 2272 619 differatur:
2307 579 2420 618 non
2450 566 2573 618 tam
2603 562 2858 636 generali
2880 563 3061 618 totius
3086 562 3356 621 Ecclesiae
3385 566 3575 623 obser-

1928 647 2353 723 vationi,quam
2384 652 2622 724 privatas
2652 650 3060 723 religiosorum
3092 652 3379 708 vacationi
3410 655 3573 726 adja-

1930 752 2057 792 cere
2084 738 2331 807 videtur,
2367 740 2467 813 qui
2499 739 2726 796 nullum
2775 741 2846 797 de
2895 738 3063 797 statis
3101 739 3310 797 ofﬁciis
3339 745 3573 814 praster-

1931 825 2160 881 mittere
2189 828 2406 883 volunt.

2019 943 2154 997 CAP.
2178 943 2371 999 XLIII.
2402 975 2470 985 —
2500 947 2574 1000 De
2602 946 2941 1072 mcgtyribus
2970 947 3227 1003 Romanis
3252 949 3486 1019 pontiﬁ-

2633 1034 2683 1071 (τι
2722 1034 2807 1072 us.

2633 1034 2807 1072 ειωιε.

1999 1129 2330 1199 Gregorius,
2365 1130 2543 1199 hujus
2574 1133 2830 1187 nominis
2854 1149 3004 1203 papa
3033 1132 3318 1204 septimus
3349 1136 3576 1207 aposto-

1927 1216 2047 1271 licae
2070 1218 2191 1273 sedi
2207 1219 2859 1290 prassidens,constituit
2876 1226 3285 1278 utsanotorum
3309 1224 3574 1279 omnium

1928 1306 2324 1361 Romanorum
2362 1307 2705 1379 pontiﬁcum
2749 1313 2806 1364 et
2862 1315 3184 1382 martyrum
3233 1311 3573 1367 festivitates

1928 1394 2265 1451 solemniter
2296 1395 2513 1467 ubique
2560 1411 2695 1451 cum
2736 1397 2908 1468 pleno
2951 1398 3141 1454 ofﬁcio
3189 1398 3571 1456 celebrentur.

1927 1483 2075 1537 Nam
2125 1498 2259 1537 cum
2307 1482 2581 1555 quaslibet
2617 1483 2862 1540 ecclesia
2910 1484 3003 1540 sui
3053 1487 3303 1557 patroni,
3339 1489 3571 1545 etiamsi

1926 1570 2227 1626 confessor
2252 1570 2668 1638 fuerit,festum
2701 1571 3042 1627 solemniter
3062 1574 3572 1647 observet,quanto
3614 1591 3619 1596 '

1927 1660 2116 1732 magis
2145 1675 2346 1716 eorum
2378 1660 2477 1731 qui
2508 1659 2690 1716 totius
2733 1659 3004 1716 Ecclesiae
3045 1677 3161 1716 non
3192 1666 3313 1717 tam
3346 1665 3571 1734 patroni

1929 1764 2103 1819 quam
2152 1750 2350 1804 Patres
2403 1748 2769 1817 exstiterunt,
2804 1766 2982 1820 quam
3041 1752 3217 1807 etiam
3266 1768 3456 1824 usque
3501 1754 3571 1809 ad

1845 1840 1893 1906 Β
1927 1837 2273 1910 martyrium
2300 1839 2492 1893 verbis
2508 1843 2565 1893 et
2608 1839 2888 1910 exemplis
2911 1840 3215 1896 instituere
3248 1858 3362 1896 non
3395 1843 3572 1898 desti-

1926 1928 2171 1981 terunt?
2189 1925 2335 1981 Nota
2350 1930 2542 1982 autem
2566 1932 2833 1983 sanctum
2862 1928 3204 2001 Gregorium
3229 1945 3441 2003 papam
3462 1931 3576 2004 pri-

1928 2029 2090 2069 mum
2124 2014 2184 2069 in
2216 2014 2491 2070 Graduali
2524 2015 2672 2071 libro
2694 2017 2765 2071 de
2795 2016 2887 2073 his
2916 2018 3273 2090 martyribus
3320 2019 3475 2075 sicut
3503 2021 3574 2077 de

1928 2102 2359 2159 confessoribus
2410 2104 2787 2176 pontiﬁcialia
2808 2105 3134 2161 instituisse
3164 2106 3376 2175 ofﬁcia,
3410 2112 3473 2162 ut
3504 2109 3574 2164 de

1928 2195 2128 2246 sancto
2153 2191 2447 2259 Marcello,
2487 2192 2749 2264 antiph.:
2805 2194 3029 2259 Statuit,
3064 2198 3121 2248 et
3169 2195 3240 2249 de
3295 2199 3349 2249 S.
3385 2195 3571 2252 Felice

1926 2279 2149 2352 antiph.
2178 2296 2190 2334 :
2222 2282 2553 2348 Sacerdotes,
2586 2286 2643 2336 et
2694 2281 2801 2336 hoc
2860 2282 3063 2354 utique
3115 2283 3258 2339 satis
3315 2300 3571 2356 congrue

1924 2373 2161 2439 propter
2214 2368 2614 2425 excellentiam
2670 2369 2976 2442 dignitatis
3043 2370 3394 2442 apostolica).
3452 2373 3569 2429 Hoc

1925 2457 2105 2512 etiam
2129 2458 2480 2514 attendendo
2514 2459 2764 2529 majores
2785 2458 2967 2514 nostri
2996 2460 3067 2514 de
3096 2459 3319 2516 eisdem
3351 2462 3569 2517 sanctis

1925 2544 2327 2601 confessorum
2357 2546 2549 2601 ofﬁcia
2569 2548 2641 2602 ad
2670 2563 2909 2603 cursum
2936 2547 3051 2602 diei
3073 2552 3129 2603 et
3158 2548 3344 2605 noctis
3366 2548 3569 2621 legun-

1923 2638 2023 2689 tur
2042 2634 2399 2703 observasse,
2433 2652 2561 2707 quae
2587 2640 2644 2691 et
2674 2635 2967 2707 pontiﬁcis
2996 2635 3339 2708 dignitatem
3366 2637 3569 2692 eodem

1924 2724 2097 2778 modo
2116 2723 2549 2791 insinuant,nec
2563 2730 2755 2780 tamen
2778 2724 2838 2779 in
2861 2724 3056 2797 aliquo
3069 2741 3271 2780 eorum
3296 2725 3571 2798 martyrio

1924 2812 2493 2883 praajudicantJdem
2506 2819 2562 2869 et
2579 2814 2649 2868 de
2662 2817 2863 2869 sancto
2874 2813 3245 2885 Appollinare
3266 2815 3574 2870 observan-

1924 2901 2065 2955 dum
2089 2917 2214 2956 esse
2232 2900 2701 2957 Gradualisliber
2718 2902 3105 2958 demonstrat.
3138 2902 3207 2957 Et
3232 2904 3310 2958 de
3337 2902 3411 2958 iis
3442 2903 3571 2975 qui-

1922 2989 2055 3044 dem
2087 2988 2305 3043 sanctis
2338 2989 2614 3062 hymnus,
2644 2989 3067 3058 invitatorium,
3099 3006 3336 3046 versus:
3384 2991 3570 3047 Gloria

1920 3080 1975 3132 et
2002 3077 2221 3141 honore,
2256 3080 2517 3141 Posuisti,
2566 3080 2814 3147 Domine,
2843 3079 3042 3147 Magna
3078 3082 3160 3134 est
3198 3080 3382 3147 gloria
3428 3080 3566 3151 ejus,

1922 3169 2328 3233 cantantur,ut
2358 3167 2428 3220 de
2458 3167 2837 3237 martyribus;
2859 3166 3086 3238 reliqua
3112 3184 3247 3225 vero
3280 3183 3383 3238 per
3414 3168 3568 3223 ordi-

1925 3271 2059 3310 nem
2082 3259 2141 3310 et
2171 3255 2243 3310 de
2274 3254 2727 3309 confessoribus.
2761 3254 3008 3317 Quidam
3035 3259 3231 3310 autem
3277 3256 3564 3324 moderni,

1925 3345 2123 3400 minus
2154 3343 2524 3399 concordiam
2556 3341 2883 3398 ofﬁciorum
2915 3344 3300 3411 attendentes,
3334 3344 3404 3399 de
3451 3343 3569 3400 illis

1926 3449 2162 3489 omnem
2187 3436 2427 3487 cantum
2451 3436 2515 3487 ut
2534 3432 2605 3487 de
2638 3432 2994 3504 martyribus
3025 3432 3573 3505 cbservant,praater

1930 3523 2001 3579 ad
2031 3521 2271 3578 Missam
2297 3539 2310 3588 ;
2336 3525 2662 3577 asserentes
2694 3536 3020 3593 congruum
3042 3538 3171 3577 esse
3192 3526 3279 3592 ut,
3313 3529 3478 3577 nocte
3503 3523 3575 3577 de

1932 3610 2209 3684 martyrio
2239 3627 2464 3678 eorum,
2496 3611 2567 3665 ad
2602 3610 2845 3666 missam
2876 3615 3094 3679 autem,
3128 3612 3199 3666 de
3233 3610 3578 3667 sacerdotali

1932 3716 2134 3756 eorum
2167 3699 2450 3771 dignitate
2480 3704 2707 3771 agatur.
2741 3699 2852 3754 Sed
2876 3698 3309 3755 convenientior
3349 3699 3583 3755 videtur

1934 3788 2301 3861 superiorum
2333 3787 2830 3843 observatio.Nam
2853 3787 3115 3843 missain
3148 3787 3410 3860 quolibet
3437 3788 3583 3844 festo

1934 3876 2161 3948 reliqua
2189 3875 2338 3931 solet
2364 3874 2681 3930 informare
2708 3875 2925 3931 ofﬁcia.

2186 3993 2322 4047 CAP.
2356 3991 2538 4047 XLIV.
2572 4023 2640 4032 —
2670 3993 2743 4048 De
2773 3995 2973 4048 octavis
3001 4001 3336 4049 sanctorum.

2009 4110 2184 4166 Juxta
2212 4109 2535 4164 Romanam
2566 4108 2974 4165 auctoritatem
3016 4108 3314 4165 nullorum
3353 4112 3589 4165 sancto-

1943 4216 2073 4256 rum
2097 4202 2331 4254 octavas
2352 4197 2656 4251 observare
2701 4196 3006 4267 debemus,
3040 4196 3155 4253 nisi
3189 4196 3343 4251 unde
3373 4200 3591 4250 certam

1942 4287 2200 4359 aliquam
2219 4284 2589 4340 traditionem
2614 4285 2878 4342 asanctis
2894 4286 3043 4342 Patri
3052 4289 3162 4341 bus
3178 4284 3596 4340 habemus.Ec-

1947 4393 2074 4432 rum
2098 4390 2331 4447 quoque
2362 4390 2611 4443 quorum
2658 4378 2888 4429 octavas
2932 4373 3317 4438 celebramus,
3369 4370 3596 4426 nullam

1945 4462 2349 4538 quotidianam
2375 4461 2732 4516 mentionem
2766 4477 2869 4535 per
2898 4462 3310 4533 interjacentes
3341 4459 3466 4515 dies
3483 4459 3600 4531 agi-

156 4555 464 4616 Graduali
488 4554 639 4610 libro
660 4554 969 4626 aliquoties
993 4554 1095 4611 uni
1121 4556 1233 4613 diei
1270 4556 1408 4613 bina
1426 4558 1698 4631 ascripsit
1721 4560 1836 4631 [as-
1868 4575 1916 4639 Β
1948 4551 2247 4623 mus,quia
2290 4548 2513 4605 nullam
2546 4549 2954 4639 auctoritatem
2986 4550 3120 4605 inde
3164 4549 3470 4614 habemus,
3503 4563 3600 4602 ex—

160 4643 374 4719 cribit]
410 4643 633 4711 ofﬁcia,
663 4647 766 4700 aut
794 4660 914 4700 una
942 4660 1145 4700 earum
1193 4645 1252 4700 in
1308 4648 1651 4717 sequentem
1682 4647 1839 4702 diem

157 4730 671 4796 differatur,sicut
694 4736 940 4789 sanctus
967 4732 1284 4807 Gregorius
1304 4750 1457 4807 papa
1476 4734 1691 4791 festum
1714 4752 1844 4791 san-

157 4820 241 4877 cti
261 4818 440 4877 Pauli
463 4822 600 4893 post
619 4820 835 4876 festum
877 4820 1063 4879 sancti
1104 4821 1255 4877 Petri
1303 4821 1487 4878 voluit
1514 4823 1839 4879 observare.

157 4910 314 4967 Nam
349 4906 529 4965 illam
564 4908 1007 4982 usurpationem
1033 4926 1165 4983 qua!
1190 4927 1260 4966 ex
1287 4911 1519 4967 duobus
1548 4912 1758 4968 ofﬁciis
1782 4912 1843 4968 in

160 5016 288 5054 una
312 4997 418 5055 die
443 4996 850 5069 observandis,
879 5015 1065 5054 unum
1085 4998 1471 5071 incomposite
1503 4998 1846 5073 compingit,

160 5091 533 5157 sanctorum
579 5086 822 5142 Patrum
873 5087 1187 5144 auctoritas
1236 5105 1353 5144 non
1407 5088 1666 5145 admittit
1695 5090 1849 5161 (qua:

163 5191 420 5249 semper
455 5189 566 5230 nos
585 5174 646 5230 in
667 5175 1259 5233 ofﬁciisconcordiam
1281 5178 1574 5233 custodire
1605 5190 1848 5250 praemo-

164 5265 354 5337 nuit),
392 5260 670 5319 videlicet
700 5269 765 5319 ut
797 5282 972 5320 unam
1016 5270 1362 5321 nocturnam
1412 5267 1483 5322 de
1532 5284 1648 5322 uno
1680 5268 1847 5331 festo,

161 5353 448 5425 reliquas
476 5351 551 5407 de
569 5351 683 5409 alio
706 5353 1101 5410 observemus.
1133 5354 1212 5411 Eo
1244 5354 1402 5412 enim
1424 5359 1591 5429 pacto
1623 5355 1672 5411 si
1704 5355 1850 5412 utri-

163 5458 289 5516 que
312 5440 480 5497 festo
500 5440 843 5497 satisfacere
868 5441 1493 5510 niteremur,neutrum
1516 5442 1711 5500 debita
1731 5444 1853 5500 ofﬁ-

160 5531 411 5589 ciorum
466 5529 796 5586 reverentia
844 5527 1172 5587 celebrasse
1222 5532 1720 5588 convinceremur.
1781 5532 1853 5587 Ut

161 5624 379 5678 autem
413 5616 676 5675 duorum
705 5618 991 5676 festorum
1021 5617 1214 5674 ofﬁcia
1242 5619 1301 5675 in
1336 5636 1452 5677 uno
1486 5620 1580 5678 die
1609 5635 1851 5693 separa-

1950 4640 2133 4714 ceptis
2165 4640 2236 4696 de
2261 4639 2321 4695 S.
2356 4639 2540 4694 Maria
2568 4642 2625 4694 et
2656 4638 2728 4693 de
2764 4640 2822 4694 S.
2857 4639 3043 4705 Petro,
3095 4653 3345 4711 quorum
3378 4652 3599 4692 memo-

1951 4731 2099 4787 riam
2123 4734 2179 4785 et
2209 4728 2322 4784 alio
2339 4732 2601 4800 tempore
2631 4744 2745 4782 non
2777 4744 3081 4782 cessamus
3112 4727 3504 4798 frequentare.
3537 4723 3601 4780 In

1952 4820 2099 4876 festo
2117 4817 2431 4890 cujuslibet
2443 4816 2630 4872 sancti
2648 4815 2826 4872 trium
2841 4815 3606 4889 responsoriorum,noctur-

1955 4926 2091 4967 nam
2124 4910 2485 4980 [nocturnas]
2508 4924 2623 4961 non
2646 4906 3036 4975 dimittimus;
3065 4910 3267 4963 sancto
3306 4908 3505 4961 tamen
3524 4901 3608 4958 in-

1952 4998 2312 5065 vitatorium,
2346 4997 2790 5069 responsorium
2822 5000 2878 5052 et
2904 4994 3289 5052 matutinales
3319 4994 3611 5061 laudes,et

1956 5087 2072 5144 alia
2098 5102 2285 5158 usque
2307 5085 2378 5140 ad
2403 5085 2576 5140 tinem
2604 5084 2799 5140 missae
2838 5084 3216 5141 concedimus
3240 5101 3254 5153 ;
3290 5082 3517 5156 reliqua
3540 5081 3613 5135 de

1960 5175 2436 5233 ferialibus.Nam
2450 5174 2474 5246 j
2487 5178 2621 5229 uxta
2636 5175 2960 5231 Romanam
2976 5173 3464 5231 consuetudinem
3488 5168 3616 5224 nul-

1963 5265 2277 5323 liussancti
2319 5264 2499 5320 trium
2532 5263 3039 5336 responsoriorum
3082 5258 3439 5319 inentionem
3475 5256 3613 5311 faci-

1962 5372 2098 5411 mus
2118 5358 2251 5426 post
2275 5352 2542 5420 missam,
2572 5352 2690 5408 sive
2715 5350 2815 5407 illa
2838 5356 3086 5407 canatur
3102 5351 3173 5407 ad
3206 5347 3464 5413 tertiam,
3497 5344 3617 5399 sive

1963 5443 2035 5499 ad
2067 5446 2309 5498 sextam.
2345 5442 2466 5497 Imo
2495 5457 2632 5496 cum
2663 5440 2793 5513 ipsa
2818 5440 3004 5497 missa
3042 5436 3399 5495 mentionem
3431 5431 3619 5491 sancti

1964 5530 2226 5586 ﬁnimus.
2260 5531 2322 5586 In
2355 5530 2502 5585 festo
2551 5532 2749 5584 autem
2797 5546 3004 5585 novem
3062 5526 3382 5583 lectionum
3422 5522 3621 5580 omnia

1962 5634 2150 5690 usque
2180 5619 2253 5674 ad
2285 5618 2604 5676 secundam
2628 5633 2931 5688 vesperam
2962 5617 3033 5672 de
3059 5616 3204 5672 festo
3238 5613 3492 5686 agimus.
