3920 6208
339 335 491 406 {Oli

475 476 610 535 CAP.
642 463 807 532 XLV.
841 506 911 518 -—
939 475 1014 534 De
1043 474 1220 550 priori
1249 493 1466 550 vespera
1497 478 1844 534 Dominicali.

402 568 541 625 Post
579 571 842 628 octavam
889 565 1249 640 Epiphaniae,
1281 566 1398 623 sive
1453 568 1675 640 privata
1723 566 1849 623 dies
1879 567 1974 634 sit,

328 657 454 714 sive
481 655 806 722 Dominica,
836 655 1112 728 leguntur
1158 655 1426 726 Epistolas
1480 655 1642 710 Pauli
1687 672 1875 727 usque
1905 657 1976 712 ad

324 743 1024 818 Septuagesimam.Prior
1051 759 1294 816 vespera
1322 743 1636 814 cujuslibet
1666 743 1979 800 Dominicae

325 833 646 891 crastinam
683 831 860 906 exigit
913 832 1262 898 orationem,
1296 831 1436 906 quia
1488 831 1814 905 capitulum
1845 838 1980 889 ante

326 923 638 995 Magniﬁcal
675 921 941 994 sequenti
1000 919 1315 976 ascribitur
1356 921 1694 988 Dominica,
1743 923 1898 980 sicut
1921 924 1980 978 in

330 1010 625 1068 dominica
664 1011 736 1066 de
782 1009 1050 1065 Adventu
1097 1008 1352 1078 Domini,
1384 1017 1437 1066 et
1486 1011 1976 1083 Quadragesimaa,

330 1099 454 1157 sive
484 1097 776 1173 passionis
803 1097 1120 1154 Dominicae
1169 1099 1606 1172 comprobatur,
1637 1100 1790 1172 quod
1833 1104 1890 1156 et
1920 1101 1978 1156 in

329 1190 464 1246 aliis
475 1186 946 1246 solemnitatibus
959 1203 1104 1260 pene
1116 1203 1541 1261 usquequaque
1554 1189 1976 1262 frequentatur.

333 1279 450 1336 Hoc
480 1278 683 1351 utique
713 1281 772 1334 et
802 1275 1172 1348 responsoria
1201 1282 1260 1333 et
1307 1277 1642 1350 antiphonae
1695 1279 1975 1345 indicant,

331 1384 461 1441 quae
489 1368 562 1424 de
590 1367 848 1424 crastina
875 1365 1118 1422 historia
1147 1366 1220 1422 ad
1253 1365 1504 1438 priorem
1549 1383 1850 1438 vesperam
1883 1385 1978 1424 so-

329 1457 452 1514 lent
478 1455 806 1529 anticipari.
839 1454 1172 1526 Aliquando
1204 1459 1402 1510 tamen
1435 1455 1640 1512 ultima
1661 1456 1978 1529 antiphona

329 1548 402 1604 de
431 1543 728 1618 evangelio
759 1543 972 1616 prioris
1003 1543 1316 1599 Dominica:
1349 1543 1423 1599 ad
1453 1559 1752 1616 vesperam
1776 1545 1977 1618 prandi-

329 1640 482 1693 ctam
513 1635 864 1700 reservatur,
895 1635 961 1687 ut
989 1630 1049 1687 in
1083 1632 1398 1688 Dominicis
1427 1637 1562 1704 post
1591 1634 1974 1706 Epiphaniam

326 1729 386 1782 et
415 1723 656 1790 Pascha,
702 1738 830 1794 quae
879 1725 1074 1778 tamen
1119 1721 1263 1776 adeo
1314 1723 1684 1794 concordant,
1721 1729 1783 1778 ut
1823 1725 1974 1780 anti-

325 1813 523 1888 phona
549 1811 928 1885 praeedentis
959 1809 1272 1866 Dominica:
1293 1810 1538 1866 orationi
1564 1812 1978 1885 subsequentis
2005 1848 2052 1914 B

325 1903 545 1976 optime
573 1900 897 1958 conveniat.

323 2012 460 2068 CAP.
490 2008 678 2066 XLVI.
709 2009 786 2064 De
814 2024 958 2079 aqua
1002 2009 1353 2079 asperrimis,
1388 2007 1583 2063 Gloria
1614 2010 1672 2064 in
1704 2007 1971 2076 excelsis,

779 2078 867 2135 Ite
894 2079 1076 2134 missa
1099 2082 1209 2148 est,
1239 2082 1292 2134 et
1321 2078 1525 2134 Credo.

395 2169 720 2227 Alexander
749 2183 920 2242 papa,
943 2185 978 2223 a
1006 2167 1174 2224 beato
1195 2166 1364 2223 Petro
1385 2167 1648 2238 quintus,
1669 2169 1974 2226 constituit

323 2263 390 2318 ut
408 2258 497 2317 sal
509 2261 568 2315 et
586 2273 741 2330 aqua
751 2256 1232 2313 benedicerentur
1253 2256 1326 2312 ad
1353 2258 1856 2332 conspergendum
1877 2276 1974 2332 po-

322 2349 554 2424 pulum,
574 2349 633 2404 et
643 2344 980 2403 habitacula
993 2361 1195 2401 eorum
1213 2363 1228 2413 ;
1251 2345 1406 2417 quod
1421 2351 1478 2401 et
1490 2361 1597 2402 nos
1609 2348 1668 2402 in
1681 2347 1839 2404 omni
1859 2349 1969 2405 Do-

320 2436 719 2509 minicajuxta
736 2450 991 2492 canones
1003 2433 1721 2507 sequimur.Symmachus
1733 2438 1971 2510 papa,in

320 2527 526 2586 ordine
555 2523 1080 2600 quinquagesimus
1120 2523 1423 2580 constituit
1461 2529 1527 2579 ut
1563 2525 1620 2580 in
1649 2525 1969 2584 Dominicis

316 2617 528 2675 diebus
547 2617 606 2672 et
633 2611 918 2670 natalitiis
939 2615 1263 2684 martyrum
1301 2611 1558 2684 hymnus
1575 2615 1760 2671 Gloria
1789 2616 1851 2670 in
1879 2633 1970 2672 ea:-

315 2706 473 2762 celsis
495 2701 904 2774 dicatur,quod
921 2705 980 2756 et
992 2716 1100 2757 nos
1120 2700 1501 2758 observamus
1523 2701 1582 2758 in
1596 2704 1755 2758 omni
1778 2703 1970 2760 Domi-

315 2793 449 2851 nica
465 2790 605 2849 etin
623 2789 788 2846 festis
809 2805 1017 2846 novem
1051 2788 1393 2857 lectionum,
1413 2797 1650 2864 excepto
1667 2792 1819 2849 infra
1846 2795 1965 2850 Ad-

311 2883 554 2940 ventum
567 2877 888 2947 Domini,et
909 2895 944 2934 a
965 2877 1410 2950 Septuagesima
1430 2879 1685 2952 usquein
1710 2881 1962 2941 Pascha:

314 2971 376 3028 in
405 2969 481 3027 iis
497 2973 698 3027 tamen
721 2967 928 3024 diebus
946 2966 1166 3024 natalia
1185 2967 1584 3040 apostolorum
1597 2975 1655 3026 et
1674 2971 1824 3028 festa
1835 2990 1967 3029 san-

315 3063 420 3120 cta
451 3057 822 3131 Marizsjuxta
833 3057 1156 3113 Romanam
1178 3058 1666 3115 consuetudinem
1690 3059 1877 3118 Gloria
1904 3063 1966 3117 in

313 3149 543 3208 excelsis
561 3146 873 3220 recipiunt.
908 3146 1150 3218 Semper
1168 3150 1364 3202 autem
1395 3163 1529 3202 cum
1579 3147 1763 3205 Gloria
1797 3151 1857 3206 in
1875 3167 1968 3207 ea:-

1705 340 2018 410 MONUM.
2063 342 2378 408 LITURG.

2009 479 2064 546 Α
2093 477 2164 534 de
2190 476 2266 535 iis
2297 477 2546 552 singulis
2575 477 2634 534 in
2657 479 2861 536 eodem
2892 477 3157 554 symbolo
3207 475 3407 553 aliqua
3453 481 3746 554 reperitur

3575 321 3754 410 'roi's

2089 569 2585 624 commemoratio.
2620 569 2736 624 Hoc
2770 585 3004 642 quoque
3053 569 3376 625 notandum
3419 570 3578 642 quod
3607 587 3739 628 cum

2091 657 2274 713 Gloria
2304 659 2364 712 in
2392 658 2618 713 excelsis
2650 674 2880 730 semper
2907 658 3234 714 dalmaticaa
3265 662 3323 714 et
3351 657 3738 716 subdiacona-

2088 743 2168 801 lia
2199 749 2602 802 resumuntur.

2389 840 2521 891 ΟΑΡ.
2543 835 2756 892 XLVII.
2791 867 2857 877 —
2887 837 2964 892 De
2991 837 3435 910 Septuagesima.

2161 927 2225 981 In
2252 925 2695 998 Septuagesima
2723 924 3191 998 Heptateuchum
3236 923 3546 998 incipiunt.
3580 926 3739 983 Unde

2085 1020 2142 1070 et
2169 1012 2492 1070 Alexander
2512 1031 2664 1087 papa
2685 1015 2982 1070 secundus
3013 1013 3320 1070 constituit
3347 1019 3417 1070 ut
3437 1031 3742 1088 responso-

2088 1103 2175 1158 ria
2203 1103 2273 1158 de
2295 1103 2496 1160 eadem
2519 1102 2766 1159 historia
2786 1103 2845 1157 in
2886 1102 3090 1158 eadem
3113 1101 3418 1160 Dominica
3447 1103 3739 1176 incipiano

2087 1195 2338 1264 tur,quae
2361 1197 2418 1248 ct
2439 1192 2498 1247 in
2523 1191 2788 1264 sequenti
2811 1191 3116 1247 Dominica
3133 1194 3738 1264 repetantur.Alleluia

2089 1281 2265 1336 etiam
2299 1280 2357 1334 in
2389 1281 2640 1336 Sabbato
2672 1279 2742 1336 ad
2777 1296 3076 1352 vesperam
3091 1280 3276 1352 jussit
3326 1281 3549 1337 dimitti
3603 1290 3736 1339 ante

2087 1369 2702 1442 Septuagesimum.Ab
2735 1367 2874 1424 hinc
2904 1385 3091 1441 usque
3123 1369 3182 1424 in
3215 1373 3450 1426 Coenam
3481 1371 3732 1438 Domini,

2089 1461 2151 1515 Te
2180 1460 2370 1524 Deum,
2407 1459 2589 1514 Gloria
2613 1460 2674 1513 in
2717 1458 2962 1525 excelsis,
2987 1460 3061 1514 Ite
3100 1461 3269 1514 missa
3295 1463 3394 1516 est.
3429 1463 3573 1516 Item
3601 1460 3732 1516 dal-

2087 1545 2310 1601 maticae
2332 1550 2390 1602 et
2409 1563 2475 1601 su
2486 1545 2852 1601 bdiaconalia
2867 1545 3110 1618 antiquo
3143 1561 3304 1602 more
3335 1547 3730 1604 dimittuntur.

2085 1634 2148 1690 In
2178 1633 2462 1691 bissextili
2495 1651 2650 1690 anno
2681 1633 3040 1691 nativitatem
3073 1635 3259 1691 sancti
3309 1635 3564 1693 Matthiae
3594 1655 3733 1710 apo-

2085 1723 2218 1781 stoli
2249 1723 2496 1780 colimus
2519 1724 2578 1778 in
2601 1723 2703 1780 illa
2737 1724 2830 1779 die
2865 1740 2994 1796 quae
3018 1723 3282 1798 vigiliam
3311 1727 3438 1797 ejus
3467 1727 3734 1798 proxime

2085 1814 2372 1886 sequitur,
2406 1831 2522 1870 non
2579 1813 2640 1868 in
2683 1813 2819 1880 alia,
2850 1830 2977 1886 quae
3027 1819 3266 1886 propter
3307 1814 3630 1873 bissextum
3663 1833 3734 1874 eo

2083 1919 2236 1959 anno
2266 1902 2324 1958 in
2354 1903 2556 1960 eodem
2589 1903 2936 1960 Kalendario
2966 1903 3230 1960 iteratur.

2081 2008 2214 2065 CAP.
2239 2009 2478 2065 XLVIII.
2509 2039 2580 2083 -_—
2607 2011 2682 2065 De
2717 2009 2873 2080 festis
2929 2011 3080 2081 infra
3136 2010 3602 2083 Septuagesimum
3649 2015 3736 2071 vel

2419 2081 2939 2152 Quinquagesimam
2971 2081 3401 2138 occurrentibus.

2151 2170 2209 2225 Si
2231 2169 2560 2226 Puriiicatio
2591 2173 2802 2224 sanctae
2834 2168 3024 2225 Mariae
3047 2170 3200 2226 infra
3224 2171 3728 2246 Septuagesimam

2080 2257 2354 2326 evenerit,
2369 2258 2516 2314 nihil
2539 2258 2597 2314 in
2621 2275 2689 2313 ea
2695 2259 2720 2330 j
2730 2262 2866 2314 uxta
2887 2261 3210 2315 Romanam
3241 2263 3729 2320 consuetudinem

2078 2353 2286 2422 praeter
2324 2349 2563 2403 Alleluia
2591 2348 2663 2402 de
2708 2345 2879 2402 solita
2936 2346 3356 2420 gloriﬁcatione
3405 2354 3728 2408 mutamus.

2077 2438 2316 2510 Sergius
2347 2453 2518 2510 papa,
2551 2453 2585 2492 a
2631 2437 2798 2492 beato
2837 2437 3004 2492 Petro
3064 2437 3461 2511 octogesimus
3507 2445 3730 2507 sextus,

2077 2526 2382 2583 constituit
2400 2529 2464 2581 ut
2485 2525 2694 2581 diebus
2722 2525 3200 2583 Annuntiationis
3222 2527 3480 2595 Domini,
3511 2532 3568 2584 et
3593 2530 3732 2586 Dor-

2075 2614 2336 2672 mitionis
2367 2617 2424 2670 et
2453 2613 2779 2671 Nalivitatis
2817 2619 3028 2670 sanctae
3077 2615 3291 2684 Mariae,
3324 2621 3384 2672 et
3418 2618 3606 2674 sancti
3638 2619 3729 2675 Si-

2073 2705 2320 2769 meonis,
2353 2703 2510 2776 quod
2541 2703 2718 2760 Graeci
2754 2711 2948 2772 ὑπαντή
2977 2709 3204 2771 vocant,
3235 2705 3463 2763 Litania
3499 2711 3666 2764 exeat
3697 2724 3734 2764 a

2075 2795 2287 2850 Sancto
2317 2792 2592 2860 Adriano,
2625 2796 2684 2848 et
2718 2792 2789 2847 ad
2841 2792 3118 2848 Sanctam
3164 2793 3410 2849 Mariam
3471 2793 3732 2867 populus

2073 2885 2357 2938 occurrat.
2383 2889 2606 2956 ’Ύπᾳντὴ
2627 2885 2822 2937 autem
2835 2883 3732 2956 nuncupaturobviatio,quiave-

2073 2970 2362 3028 nerabiles
2409 2953 2670 3043 personae
2700 2969 2938 3026 Simeon
2975 2953 3248 3026 etiAnna
3289 2987 3356 3028 eo
3405 2953 3729 3029 dievobvia-

2073 3064 2212 3116 runt
2238 3059 2504 3126 Domino,
2537 3058 2679 3114 dum
2728 3062 3180 3130 praesentaretur
3209 3059 3268 3114 in
3307 3059 3546 3132 templo.
3582 3062 3727 3118 Item

2073 3149 2423 3204 Cathedram
2473 3146 2660 3203 sancti
2715 3146 2866 3203 Petri
2920 3147 3095 3203 etiam
3150 3147 3302 3204 infra
3359 3148 3734 3222 Septuagesi-

317 3240 476 3298 celsis
503 3217 776 3294 etiam—Te
819 3235 992 3292 Deum
1041 3217 1100 3292 et
1147 3236 1223 3292 Ite
1274 3237 1445 3292 missa
1490 3245 1569 3293 est
1625 3240 1963 3312 recitamus,
1993 3217 2038 3286 (ἶ
2075 3255 2233 3294 mam
2265 3241 2322 3292 et
2347 3235 2865 3292 Annuntiationem
2892 3239 2950 3290 S.
2983 3235 3175 3292 Maria:
3206 3236 3358 3292 infra
3387 3217 3727 3312 Quadi-age-

323 3328 440 3387 nisi
471 3327 543 3384 de
585 3325 897 3383 Nativitate
925 3323 1158 3381 Domini
1182 3323 1244 3380 in
1275 3329 1444 3382 nocte
1484 3326 1622 3382 etin
1655 3330 1827 3384 Coena
1854 3330 1966 3386 Do-

323 3417 490 3485 mini,
519 3419 578 3473 et
603 3415 663 3472 in
691 3413 890 3488 vigilia
917 3413 1152 3471 Pascha:
1181 3417 1240 3470 et
1283 3414 1670 3472 Pentecostes.
1699 3416 1967 3491 Congrue

319 3510 519 3566 autem
549 3505 692 3562 etin
730 3503 955 3560 festivis
1003 3501 1212 3558 diebus
1266 3505 1346 3558 Ite
1372 3505 1542 3560 missa
1595 3510 1675 3561 est
1727 3507 1961 3577 dicitur,

319 3595 460 3670 quia
481 3598 624 3652 tunc
649 3590 941 3666 generalis
983 3593 1304 3648 conventus
1343 3591 1620 3650 celebrari
1663 3594 1830 3662 solet,
1863 3597 1964 3670 qui

315 3681 773 3758 perhujusmodi
792 3679 1295 3737 denuntiationem
1313 3679 1608 3738 licentiam
1623 3683 1962 3742 discedendi

309 3772 578 3844 accipere
603 3769 772 3827 solet.
801 3769 889 3824 Ad
920 3767 1266 3840 quotidiana
1294 3774 1490 3826 autem
1522 3771 1838 3830 missarum
1866 3793 1960 3832 so-

310 3859 528 3918 lemnia
551 3875 667 3915 non
695 3855 1046 3932 generaliter
1073 3858 1148 3914 ab
1177 3859 1587 3927 omnibus,sed
1609 3878 1644 3916 a
1671 3861 1958 3936 religiosis

307 3945 775 4020 convenitur,qui
797 3945 931 4019 plus
950 3946 1359 4022 spiritualibus
1379 3948 1627 4021 negotiis
1649 3967 1826 4022 quam
1853 3970 1956 4008 saa-

306 4036 608 4095 cularibu
635 4035 1068 4110 invigilant,qui
1100 4040 1160 4092 et
1191 4035 1584 4108 reliqua,dum
1606 4037 1956 4108 1icet,ofﬁcia

303 4126 566 4202 quotidie
593 4126 986 4200 frequentant.
1018 4125 1170 4198 Ergo
1220 4125 1629 4183 convenienter
1667 4127 1785 4184 illis
1823 4136 1956 4202 post

300 4217 571 4286 missam,
599 4219 664 4272 ut
692 4232 811 4273 non
839 4214 1044 4272 statim
1073 4213 1398 4282 discedant,
1424 4217 1522 4272 sed
1553 4220 1618 4272 ut
1637 4217 1952 4276 Dominum

299 4305 666 4373 benedicant,
699 4303 1102 4361 denuntiatur.
1132 4302 1280 4359 Huic
1327 4305 1635 4362 assertioni
1683 4311 1740 4362 et
1764 4307 1951 4365 eccle-

297 4394 536 4454 siastica
555 4392 918 4451 consuetudo
937 4391 1168 4449 videtur
1183 4392 1510 4466 astipulari,
1543 4395 1682 4468 quia
1719 4413 1853 4454 cum
1875 4400 1950 4455 Ile

293 4487 462 4543 missa
490 4489 570 4542 est
598 4482 875 4549 dicimus,
905 4481 978 4537 ad
995 4480 1280 4554 populum
1301 4483 1606 4551 vertimur,
1628 4501 1804 4558 quem
1827 4487 1946 4543 dis-

2073 3327 2287 3384 simam
2317 3323 2746 3382 solemnissime
2785 3341 2920 3381 cum
2967 3323 3297 3382 dalmaticis
3354 3330 3414 3382 et
3444 3325 3630 3383 Gloria
3665 3331 3730 3385 in

2072 3417 2297 3474 excelsis
2320 3417 2580 3472 Romano
2602 3431 2762 3470 more
2777 3413 3159 3471 celebramus.
3177 3413 3494 3471 Sciendum
3525 3421 3729 3473 autem

2073 3506 2227 3579 quod
2261 3504 2614 3560 Laodicense
2637 3501 2972 3574 concilium,
3004 3519 3131 3576 cap.
3179 3504 3272 3570 51,
3305 3503 3616 3561 constituit
3659 3511 3732 3562 ut

2074 3587 3234 3666 natalitiamartyrumin’Quadragesima
3271 3610 3386 3648 non
3426 3591 3730 3651 celebren-

2070 3689 2188 3750 tur,
2216 3683 2317 3740 sed
2341 3697 2544 3739 eorum
2566 3681 3044 3738 commemoratio
3070 3681 3172 3738 fiat
3193 3681 3251 3736 in
3272 3681 3482 3738 diebus
3503 3682 3730 3739 Sabba-

2071 3779 2286 3840 torum,
2315 3769 2404 3828 vel
2429 3770 2890 3826 Dominicorum.
2924 3769 3087 3836 Quod
3136 3769 3230 3826 hic
3272 3769 3384 3826 soli
3435 3775 3736 3844 martyres

2069 3862 2469 3928 nominantur,
2502 3859 2612 3914 hoc
2643 3859 2771 3917 ideo
2802 3857 2943 3931 quia
2973 3859 3235 3914 nondum
3261 3859 3417 3932 apud
3446 3861 3736 3932 antiquos

2069 3949 2354 4008 memoria
2391 3948 2794 4005 confessorum
2842 3947 2986 4002 adeo
3035 3945 3281 4002 celebris
3339 3947 3472 4002 fuit.
3524 3948 3732 4005 Sancti

2065 4055 2298 4112 quoque
2327 4037 2526 4093 Patres
2559 4035 2620 4091 in
2661 4034 2941 4092 Toletano'
2983 4035 3231 4092 concilio
3277 4036 3350 4092 de
3393 4036 3736 4093 Annuntia-

2062 4129 2221 4186 tione
2251 4127 2310 4183 S.
2341 4125 2532 4181 Maria:
2563 4125 3000 4181 constituerunt
3032 4127 3098 4179 ut
3145 4123 3217 4180 de
3260 4125 3736 4198 Quadragesima

2061 4218 2121 4273 in
2152 4217 2222 4272 l5
2247 4215 2539 4272 Kalendas
2559 4213 2825 4270 Januarii
2843 4213 3388 4282 transferretur,ubi
3410 4215 3734 4271 annuatim

2058 4305 2398 4363 solemniter
2408 4307 2467 4361 et
2477 4301 2886 4360 convenienter
2897 4306 3032 4357 ante
3044 4300 3245 4358 Natale
3261 4301 3498 4358 Domini
3521 4307 3736 4375 posset

2056 4393 2338 4451 celebrari
2363 4411 2375 4462 ;
2407 4395 2474 4446 ut
2494 4396 2635 4464 puta
2654 4406 2789 4447 cum
2811 4389 3011 4446 omnia
3031 4388 3190 4446 illius
3211 4391 3497 4462 temporis
3526 4391 3733 4448 ofﬁcia

2057 4485 2127 4540 de
2147 4483 2351 4540 eadem
2367 4485 2635 4538 resonent
2649 4477 3127 4546 Annuntiatione,
3148 4483 3212 4534 ut
3239 4479 3298 4534 in
3321 4479 3727 4536 Ambrosiana

291 4574 496 4632 cedere
517 4572 801 4645 jubemus
829 4595 846 4638 ;
875 4585 1011 4626 cum
1057 4573 1252 4627 autem
1297 4571 1689 4629 Benedicamus
1715 4575 1946 4632 Domino
1974 4589 2022 4656 Β
2055 4573 2396 4628 observatur
2418 4568 2795 4626 ecclesia.Sed
2824 4568 3152 4640 nos,magis
3183 4572 3399 4624 sanctae
3433 4568 3725 4625 Romanis

288 4663 568 4730 dicimus,
600 4677 717 4718 non
748 4659 822 4716 ad
853 4657 1156 4732 populum,
1191 4659 1291 4716 sed
1315 4660 1387 4716 ad
1419 4657 1623 4731 altare,
1658 4661 1714 4718 id
1749 4669 1840 4720 est
1868 4667 1940 4721 ad
1980 4655 2001 4656 ί
2050 4661 2319 4720 Ecclesiae
2368 4674 2590 4716 morem
2635 4661 2924 4730 gerentes,
2971 4655 3124 4712 infra
3183 4656 3728 4730 Quadragesimam

285 4751 602 4810 Dominum
632 4749 1176 4822 vertimur,nosque
1205 4749 1364 4822 ipsos
1396 4766 1510 4806 non
1533 4752 1604 4808 ad
1637 4752 1940 4811 disceden-

284 4841 452 4912 dum,
485 4840 588 4897 sed
619 4840 693 4896 ad
731 4838 1195 4896 benedicendum
1240 4840 1486 4896 Domino
1534 4840 1936 4900 adhortamur.

283 4929 604 4986 Sciendum
624 4932 822 4986 tamen
853 4928 1009 5002 quod
1043 4933 1120 4985 Ite
1146 4929 1319 4984 missa
1337 4933 1414 4984 est
1437 4929 1590 4986 infra
1607 4931 1936 4988 Adventum

281 5017 516 5074 Domini
533 5022 593 5074 et
627 5018 1132 5091 Septuagesimam
1153 5034 1271 5074 non
1292 5017 1567 5074 recitetur
1591 5037 1605 5086 ;
1629 5037 1744 5076 non
1765 5022 1936 5092 quasi

281 5121 349 5162 eo
362 5111 626 5179 tempore
647 5103 848 5162 nullus
869 5107 972 5162 ﬁat
983 5110 1302 5162 conventus
1319 5107 1418 5178 qui
1433 5107 1510 5163 sit
1524 5107 1932 5180 dimittendus,

279 5194 383 5250 sed
414 5193 612 5266 potius
633 5207 737 5262 pro
758 5192 1006 5250 tristitia
1026 5193 1310 5266 temporis
1347 5194 1724 5250 insinuanda.
1755 5197 1846 5252 Sic
1878 5203 1937 5253 et

278 5282 467 5340 Gloria
493 5282 556 5334 in
583 5279 812 5336 excelsis
840 5281 1178 5338 dimittitur.
1215 5283 1382 5339 Credo
1429 5285 1490 5338 in
1547 5300 1744 5354 unum,
1764 5285 1936 5355 juxta

273 5365 618 5433 canones,in
649 5369 806 5426 omni
827 5370 1133 5426 Dominica
1153 5376 1210 5427 et
1228 5372 1290 5427 in
1313 5371 1588 5428 omnibus
1611 5371 1932 5430 Dominicis

271 5453 922 5527 solemnitatibus,item
954 5458 1014 5513 in
1047 5459 1210 5516 festis
1234 5463 1448 5516 sanctae
1479 5460 1674 5517 Maria:
1707 5466 1764 5518 et
1791 5480 1929 5536 apo-

268 5543 646 5611 stolorum,et
673 5550 887 5602 sanctae
919 5546 1133 5616 crucis,
1158 5552 1215 5604 et
1243 5547 1520 5604 Omnium
1555 5551 1924 5620 Sanctorum,

2047 4751 2209 4808 illam
2223 4749 2607 4812 celebramus,
2631 4745 2786 4802 sicut
2805 4749 2862 4800 et
2883 4744 3132 4802 aliorum
3151 4761 3267 4816 quo
3285 4745 3562 4802 rumdam
3587 4764 3732 4804 san-

2049 4845 2298 4897 ctorum.
2332 4835 2699 4912 Synodaliter
2735 4839 2932 4890 autem
2964 4833 3180 4908 legitur
3201 4837 3494 4891 statutum
3523 4839 3594 4892 ut
3623 4853 3728 4893 ea-

2047 4931 2182 4986 dem
2210 4925 2671 4993 Annuntiatio,si
2701 4924 2762 4979 in
2793 4921 2988 4979 triduo
3010 4925 3146 4980 ante
3169 4923 3398 4982 Pascha
3415 4930 3731 4992 occurrat.

2045 5019 2104 5074 in
2139 5017 2394 5074 Sabbato
2434 5019 2568 5070 ante
2613 5011 2844 5069 Palmas
2897 5010 3283 5083 anticipetur;
3335 5011 3440 5083 qui
3497 5011 3628 5069 dies
3661 5018 3730 5070 et

2044 5106 2278 5179 proprio
2311 5103 2502 5160 ofﬁcio
2533 5105 2709 5170 caret,
2739 5104 2796 5156 et
2825 5115 2929 5172 per
2961 5103 3155 5155 totum
3203 5116 3430 5156 annum
3459 5117 3720 5159 venera-

2045 5194 2186 5251 tioni
2221 5195 2280 5250 S.
2315 5191 2508 5248 Mariae
2541 5189 2688 5246 solet
2717 5187 3152 5246 obsecundare:
3182 5206 3310 5262 qua:
3357 5189 3718 5263 anticipatio

2042 5288 2100 5340 et
2127 5281 2288 5339 omni
2319 5279 2650 5336 necessaria
2669 5277 2967 5334 videretur
2993 5293 3171 5345 anno,
3203 5277 3347 5334 dum
3378 5279 3592 5336 eadem
3622 5279 3720 5339 fe-

2041 5370 2270 5427 stivitas
2301 5369 2459 5424 idem
2489 5367 2812 5424 Sabbatum
2840 5365 3244 5438 subsequitur,
3278 5383 3347 5422 eo
3379 5367 3544 5439 quod
3573 5369 3720 5426 duas

2039 5461 2468 5530 subsequentes
2497 5455 2838 5529 septimanae
2864 5454 3118 5529 propriis
3137 5454 3359 5526 .officiis
3385 5455 3448 5511 in
3466 5460 3718 5515 tantum
3813 5481 3818 5484 ν

2040 5551 2180 5605 sunt
2201 5551 2514 5618 occupatae,
2548 5550 2612 5600 ut
2633 5548 2810 5600 tantm
2824 5543 3183 5600 solemnitati
3206 5543 3380 5618 digne
3401 5552 3719 5618 nequeant

265 5639 322 5690 et
353 5628 939 5704 dedicationis,debet
956 5635 1310 5707 cantari,nec
1341 5636 1635 5697 immerito
1661 5657 1676 5712 ;
1701 5655 1840 5697 nam
1864 5644 1923 5696 et
2035 5635 2342 5695 deservire.
2369 5635 2482 5695 Sed
2513 5651 2620 5692 nos
2651 5633 2797 5690 nihil
2831 5632 2890 5689 in
2921 5633 3028 5690 hac
3061 5633 3314 5690 editione
3343 5637 3574 5693 temere
3603 5651 3714 5692 ea-
