3920 6208
163 372 321 450 Π)ιῦ

1585 362 2113 445 MICROLOGUS.

3395 354 3567 446 ίοηί

162 516 489 576 ncnizatum
518 508 1031 586 deprehendimus.
1055 508 1201 566 Cum
1226 511 1421 567 autem
1452 508 1797 568 festivitates
1824 513 1880 581 Α
1909 513 2129 586 Patres,
2163 513 2273 570 Leo
2300 509 2888 591 Magnus,,Gelasius,
2913 512 3224 588 Gregorius
3253 532 3405 591 papa
3431 508 3575 590 pri?

163 622 359 666 novem
384 603 705 661 lectionum
733 599 793 656 in
826 599 1285 673 Quadragesima
1315 599 1566 673 agimus,
1599 600 1799 656 omnia

162 699 229 754 de
256 697 427 763 festo,
447 692 543 749 die
571 708 638 748 ac
667 693 920 759 nocte,et
944 688 1188 744 missam
1219 688 1289 743 de
1319 686 1447 760 ipso
1480 689 1549 744 ad
1564 688 1795 744 tertiam

161 785 354 844 festive
382 780 742 838 dicimus.De
773 775 1232 850 Quadragesima
1261 793 1394 833 vero
1426 781 1559 849 post
1578 778 1800 834 Benedi-

158 891 338 934 camus
368 869 748 943 antiphonam
780 865 1043 922 ferialem
1073 882 1209 921 cum
1239 865 1511 938 precibus
1559 872 1617 923 et
1664 884 1796 923 ora-

159 967 329 1029 tione,
359 960 557 1018 ethoc
605 957 677 1013 ad
721 954 1079 1012 matutinum
1112 958 1170 1010 et
1198 971 1504 1026 vesperum
1542 959 1796 1027 tantum,

160 1053 397 1112 missam
427 1063 658 1121 quoque
688 1046 760 1101 de
790 1043 1249 1115 Quadragesima
1296 1044 1366 1098 ad
1407 1044 1631 1100 Nonam
1662 1061 1796 1100 cum

161 1138 573 1219 genuflexione.

463 1228 597 1283 CAP.
628 1223 816 1280 XLIX.
845 1253 914 1261 —
945 1225 1023 1277 De
1059 1222 1235 1292 capite
1264 1222 1484 1293 iejunii.

227 1322 289 1377 In
318 1315 520 1389 Capite
548 1310 766 1385 Jejunii
806 1311 1050 1367 missam
1082 1308 1333 1366 dicimus
1364 1311 1433 1365 ad
1468 1311 1711 1379 Nonam,
1745 1314 1801 1366 et

158 1408 354 1466 omnia
383 1404 631 1462 facimus
660 1405 728 1458 ut
756 1400 815 1455 in
847 1399 1326 1469 Quadragesima.
1351 1398 1495 1453 Cum
1527 1398 1683 1454 enim
1714 1398 1798 1454 illi

154 1499 407 1570 quatuor
465 1491 590 1548 dies
638 1507 740 1563 pro
791 1486 1220 1559 complemento
1266 1486 1800 1559 Quadragesimalis

145 1583 362 1659 jejunii
409 1580 787 1652 recipiantur,
838 1573 1171 1631 necessario
1223 1573 1798 1647 Quadragesimalem

152 1671 585 1730 observantiam
617 1665 983 1731 obtinebunt,
1003 1661 1270 1717 videlicet
1300 1667 1367 1717 ut
1393 1663 1629 1719 tandem
1660 1665 1799 1735 [non

151 1762 285 1833 nisi]
320 1762 456 1833 post
481 1771 788 1828 vesperam
809 1752 1106 1826 jejunium
1138 1750 1412 1821 solvatur,
1436 1751 1587 1807 sicut
1615 1750 1674 1807 in
1707 1769 1801 1807 ca-

154 1849 406 1908 nonibus
436 1842 952 1920 praecipitur,quod
975 1844 1171 1896 tamen
1204 1838 1316 1895 alio
1329 1842 1800 1912 temporestatim

152 1944 280 2013 post
308 1938 539 1994 Nonam
572 1932 976 2000 solvitur,cum
1003 1933 1060 1985 et
1088 1929 1271 1984 missa
1300 1929 1370 1984 ad
1404 1929 1634 1986 Sextam
1660 1929 1803 1986 cele-

154 2030 374 2086 bratur.
411 2025 475 2080 In
506 2024 618 2080 hoc
649 2021 805 2078 enim
851 2017 1367 2091 Quadragesimale
1383 2018 1677 2089 jejunium
1729 2020 1800 2075 ab

157 2115 284 2173 aliis
315 2114 516 2170 differt
544 2112 773 2181 diebus,
805 2108 961 2181 quod
1007 2107 1065 2161 in
1114 2105 1244 2162 aliis
1291 2111 1423 2179 post
1463 2108 1706 2175 Nonam,
1740 2107 1799 2161 in

152 2206 259 2263 hoc
308 2208 509 2261 autem
556 2205 688 2274 post
732 2213 1037 2271 vesperam
1069 2197 1302 2251 reﬁcere
1351 2196 1653 2252 debemus.
1686 2197 1801 2252 Nec

141 2298 310 2368 juxta
321 2308 578 2349 canones
592 2284 1208 2362 Quadragesimaliterj
1217 2285 1265 2356 ej
1276 2300 1454 2340 unare
1471 2300 1800 2349 censemur,

145 2386 193 2442 si
225 2388 359 2441 ante
385 2396 695 2454 vesperam
726 2376 1045 2433 reﬁcimur.
1077 2379 1226 2448 Ergo
1257 2378 1313 2428 et
1342 2373 1401 2427 in
1434 2371 1528 2427 his
1552 2375 1803 2444 quatuor

144 2473 354 2530 diebus
388 2468 667 2526 similiter
688 2467 959 2539 jejunare
990 2463 1348 2529 debemus,si
1381 2478 1514 2517 cum
1544 2460 1614 2517 iis
1645 2462 1802 2525 Qua-

145 2559 541 2635 dragesimale
562 2556 861 2630 jejunium
893 2552 1212 2626 adimplere
1240 2550 1530 2608 volumus.
1564 2549 1728 2605 Unde
1749 2552 1806 2603 et

143 2651 332 2708 missa
361 2650 426 2706 in
457 2648 532 2705 iis
560 2646 770 2704 diebus
801 2661 915 2700 non
947 2643 1018 2698 ad
1051 2643 1307 2711 Sextam,
1343 2639 1442 2696 sed
1474 2640 1545 2696 ad
1577 2639 1802 2694 Nonam

143 2738 359 2796 merito
387 2737 738 2793 celebratur.
783 2734 885 2790 Est
919 2732 1076 2788 enim
1124 2729 1515 2787 ecclesiastica
1560 2743 1802 2783 consue-

144 2828 286 2884 tudo
322 2830 391 2882 ut
422 2826 497 2882 ad
527 2825 752 2880 Nonam
784 2822 1099 2888 reficiatur,
1134 2837 1267 2876 cum
1294 2819 1366 2875 ad
1397 2819 1630 2875 Sextum
1661 2817 1802 2871 mis-

144 2933 274 2972 sam
308 2914 714 2979 celebramus;
748 2912 819 2966 ad
848 2924 1149 2982 vesperam
1180 2914 1398 2975 autem,
1432 2924 1565 2963 cum
1597 2907 1669 2962 ad
1700 2907 1808 2962 No-

140 3022 284 3061 nam
318 3001 831 3067 sacriﬁcamus;ut
861 3016 997 3072 ergo
1029 3003 1085 3054 et
1111 2998 1170 3054 in
1202 2999 1274 3054 iis
1304 2998 1511 3054 diebus
1534 2995 1805 3069 usquead

139 3106 463 3165 vesperam
489 3088 1210 3161 jejunemus,canonicum
1244 3091 1352 3155 est,
1386 3091 1452 3141 ut
1479 3090 1536 3140 et
1562 3085 1806 3140 missam

138 3182 213 3238 ad
247 3181 489 3237 Nonam
517 3176 1211 3233 diﬁ‘eramus.Sciendum
1244 3180 1439 3231 autem
1468 3184 1582 3229 nOn
1615 3172 1805 3229 solum

1908 608 2125 671 mus,et
2153 604 2530 675 secundus,et
2553 602 3549 679 septimus,constituisseleguntur.

1908 694 2184 749 Tractum
2216 708 2230 748 :
2263 696 2503 761 Domine,
2538 710 2646 748 non
2673 693 3171 765 secundum,quem
3206 695 3262 749 in
3296 696 3551 758 Quadra-

1907 784 2132 855 gesima
2164 783 2624 855 frequentamus,
2659 800 2773 839 non
2801 785 2920 837 tam
2950 799 3018 838 ex
3048 782 3309 839 Romano
3340 784 3556 843 Ordine

1908 889 2086 944 quam
2108 889 2176 927 ex
2206 877 2407 928 nostra
2434 872 2855 928 consuetudine
2872 889 3248 945 usurpamus.
3274 872 3581 935 Melchiaa.

1908 961 2011 1016 des
2029 978 2199 1033 papa,
2230 979 2264 1017 a
2287 962 2348 1016 Β.
2372 962 2537 1017 Petro
2560 961 2894 1017 tricesimus
2913 960 3142 1027 tertius,
3164 961 3469 1017 constituit
3485 964 3556 1022 ut

1908 1049 2108 1105 nullus
2137 1049 2198 1103 in
2232 1050 2552 1119 Dominica,
2586 1066 2691 1105 nec
2734 1051 2792 1105 in
2825 1050 3032 1121 quinta
3068 1050 3212 1106 feria
3234 1051 3552 1122 jejunaret.

1910 1138 2072 1194 Unde
2100 1142 2338 1195 sanctus
2379 1139 2691 1211 Gregorius
2726 1140 2783 1195 in
2816 1139 3196 1212 dispositione
3226 1140 3554 1196 ofﬁciorum

1909 1226 2175 1299 quintam
2208 1227 2410 1282 feriam
2441 1228 2594 1283 infra
2624 1229 3141 1301 Quadragesimam
3157 1233 3457 1286 vacantem
3471 1228 3555 1285 di-

1909 1315 2093 1380 misit,
2126 1320 2191 1369 ut
2237 1316 2375 1386 quia
2421 1316 2627 1371 festiva
2665 1320 2805 1382 erat,
2841 1318 2991 1373 sicut
3023 1318 3339 1386 Dominica,
3375 1318 3551 1374 etiam

1909 1403 2099 1458 ofﬁcio
2148 1403 2492 1459 Dominicali
2540 1404 2939 1461 honoraretur.
2994 1408 3103 1461 Sed
3163 1408 3303 1479 quia
3348 1409 3552 1463 eadem

1909 1493 2054 1548 feria
2083 1491 2328 1563 jejuniis
2360 1494 2738 1564 postmodum
2769 1495 3060 1565 applicata
3083 1500 3264 1564 est,ut
3293 1495 3550 1568 reliquae,

1911 1581 2222 1646 Gregorius
2253 1581 2461 1637 Juuior
2489 1582 2694 1637 statuit
2724 1582 2915 1653 [Greg.
2948 1583 3157 1639 Junior
3204 1589 3269 1638 ut
3298 1584 3555 1655 reliquas

1911 1670 2138 1741 statuit]
2157 1687 2285 1727 esse
2314 1670 2636 1727 solemnem
2652 1671 2861 1727 ofﬁciis
2873 1672 3264 1743 undecunque
3278 1671 3553 1738 collectis,

1912 1763 1968 1814 et
1998 1759 2249 1815 maxime
2270 1775 2339 1814 ex
2364 1759 2718 1815 aestivalibus
2748 1760 3090 1827 Dominicis,
3124 1761 3279 1816 unde
3317 1764 3374 1816 et
3404 1760 3558 1815 anti-

1831 1882 1878 1946 B
1911 1847 2116 1920 phonae
2163 1864 2231 1903 ex
2280 1847 2744 1904 Dominicalibus
2797 1848 3112 1921 evangeliis
3143 1849 3365 1921 quintis
3395 1849 3556 1905 feriis

1910 1937 2103 1992 adhuc
2135 1937 2400 2008 ascriptae
2436 1937 2826 2008 reperiuntur,
2860 1943 2924 1993 ut
2953 1955 3020 1994 ex
3050 1938 3557 2010 evangeliozHomo

1909 2026 2133 2097 quidam
2160 2035 2278 2082 erat
2307 2026 2474 2094 dives,
2505 2030 2561 2082 et
2595 2045 2607 2081 :
2641 2027 2757 2082 Ibat
2783 2029 2965 2089 Iesus;
2992 2031 3049 2082 et
3097 2027 3157 2081 in
3188 2027 3559 2083 hebdomada

1910 2131 2143 2186 quoque
2174 2115 2540 2171 Pentecostes
2572 2116 2779 2187 quinta
2826 2117 2971 2171 feria
3018 2116 3208 2171 ofﬁcio
3248 2116 3556 2172 Dominicas

1908 2203 2282 2259 inofﬁciatur.
2316 2204 2571 2259 Sabbata
2618 2207 2749 2259 ante
2778 2204 3295 2276 Quadragesimam
3339 2208 3397 2258 et
3425 2208 3559 2259 ante

1910 2292 2142 2347 Palmas
2175 2292 2608 2348 Dominicarum
2641 2309 2881 2348 suarum
2914 2293 3106 2348 ofﬁcia
3138 2292 3558 2364 recipiunt,n_ec

1912 2382 2367 2446 immerito,cum
2400 2381 2647 2453 quilibet
2676 2381 2800 2436 dies
2817 2381 3023 2452 privati
3056 2381 3127 2435 de
3147 2381 3272 2437 suis
3302 2381 3557 2449 Domini-

1911 2470 1994 2527 cis
2026 2469 2251 2526 soleant
2280 2470 2607 2525 inofﬁciari.
2639 2471 2722 2525 Ad
2754 2486 2957 2525 omnes
2982 2470 3157 2525 horas
3188 2470 3560 2544 quadragesi-

1912 2558 2095 2616 males
2140 2576 2332 2632 genua
2378 2559 2688 2615 ﬂectimus.
2724 2559 2866 2615 Item
2908 2560 2981 2614 ad
3026 2557 3290 2625 missam,
3324 2558 3558 2616 etiamsi

1913 2648 2185 2705 salutatio
2218 2649 2505 2720 praecedat
2536 2649 2881 2714 orationem,
2915 2648 3031 2703 nisi
3074 2646 3189 2703 alia
3218 2648 3400 2704 oratio
3432 2648 3559 2704 sine

1914 2737 2262 2794 salutatione
2292 2738 2653 2809 praecesserit
2678 2754 2689 2791 :
2712 2740 2852 2791 tunc
2884 2735 3039 2792 enim
3070 2737 3141 2791 ad
3164 2737 3416 2808 priorem
3437 2740 3562 2792 tan-

1912 2831 2041 2881 tum
2086 2842 2277 2898 genua
2308 2825 2617 2891 flectimus,
2650 2829 2887 2896 excepto
2916 2823 2977 2879 in
3019 2828 3227 2895 quarta
3257 2824 3400 2880 feria
3422 2828 3562 2896 post

1916 2914 2166 2981 Palmas,
2184 2914 2283 2970 ubi
2315 2915 2385 2970 ad
2418 2919 2695 2986 utrasque
2718 2914 2890 2985 juxta
2918 2913 3252 2969 Romanum
3282 2913 3560 2981 Ordinem

1915 3018 2106 3075 genua
2131 3003 2439 3071 ﬂectimus.
3334 3066 3339 3071 τ

2121 3092 2256 3147 Car.
2290 3092 2377 3146 Ll.
2412 3121 2481 3134 —
2511 3094 2582 3147 De
2611 3094 2855 3147 oratione
2883 3108 3048 3162 super
3072 3093 3352 3162 populum.

1989 3179 2319 3235 Orationem
2352 3196 2529 3252 super
2557 3179 2839 3252 populum
2868 3178 2929 3233 in
2960 3179 3562 3250 Quadragesimaideo

137 3270 488 3336 modernos,
523 3271 591 3321 ut
637 3266 878 3338 quidam
927 3269 1155 3337 putant,
1194 3265 1294 3321 sed
1346 3268 1400 3320 et
1450 3262 1721 3334 antiquos
1770 3279 1804 3317 a
1833 3250 1874 3316 C
1913 3268 2353 3340 frequentamus
2370 3250 2508 3339 quia
2525 3250 2654 3323 cum
2676 3269 2958 3338 majorem
2976 3267 3312 3323 conﬂictum
3342 3267 3564 3339 injeju-

136 3358 347 3432 Capite
375 3354 600 3428 Jejunii
632 3354 961 3427 inccepisse,
991 3371 1123 3410 cum
1173 3360 1228 3410 et
1267 3355 1324 3409 S.
1359 3352 1673 3425 Gregorius
1720 3350 1801 3405 ibi

133 3444 691 3520 Quadragesimalia
721 3444 914 3500 ofﬁcia
937 3443 1205 3499 videatur
1235 3441 1623 3498 initiasse.Sic
1644 3440 1801 3495 enim

130 3538 194 3593 in
226 3534 619 3609 Gregorianis
650 3533 1134 3590 Sacramentariis
1166 3533 1283 3589 sive
1314 3529 1706 3588 Gradualibus
1736 3528 1803 3584 li-

132 3625 263 3682 bris
298 3622 751 3681 evidentissime
793 3620 1144 3678 declaratur.
1180 3622 1559 3692 Subsequens
1607 3624 1804 3674 tamen

135 3713 460 3771 Dominica
490 3713 723 3784 proprie
755 3711 991 3766 initium
1041 3709 1509 3783 Quadragesimaa
1550 3709 1802 3776 dicitur;

137 3804 300 3860 unde
333 3805 397 3858 et
428 3817 542 3855 XLII
590 3800 716 3856 dies
746 3817 933 3872 usque
981 3800 1041 3855 in
1082 3800 1306 3855 Pascha
1355 3801 1804 3872 computantur;

135 3892 366 3965 quibus
399 3905 538 3945 cum
577 3905 678 3944 sex
709 3888 1043 3945 Dominicas
1075 3887 1503 3958 subtrahimus,
1535 3903 1649 3942 non
1692 3885 1804 3941 nisi

133 3981 394 4055 triginta
427 3995 528 4035 sex
556 3977 616 4033 in
648 3978 1006 4035 abstinentia
1035 3978 1434 4035 observamus.
1470 3978 1616 4049 Ergo
1646 3994 1680 4032 a
1708 3977 1807 4032 Ca-

133 4071 257 4143 pite
285 4066 520 4140 Jejunii
550 4066 879 4122 necessario
910 4066 1246 4139 incipimus,
1280 4067 1329 4122 si
1376 4083 1509 4122 cum
1560 4064 1805 4121 Domino

122 4157 445 4231 jejunium
478 4154 868 4227 quadraginta
908 4155 1139 4212 dierum
1183 4154 1475 4227 complere
1510 4154 1804 4210 volumus.

130 4248 368 4304 Exinde
397 4244 579 4300 etiam
612 4242 933 4299 orationem
966 4260 1142 4316 super
1172 4244 1456 4317 populum
1479 4244 1650 4316 juxta
1668 4244 1804 4299 Gre-

133 4337 289 4411 gorii
324 4332 767 4390 institutionem
799 4333 1155 4399 exordimur,
1187 4350 1363 4405 quam
1394 4350 1695 4405 nunquam
1730 4333 1810 4387 di-

132 4427 338 4481 cimus
372 4420 495 4479 nisi
522 4437 654 4477 cum
687 4425 745 4476 et
774 4421 1362 4495 quadragesimaliter
1392 4423 1661 4493 jejunare
1710 4422 1808 4476 de-

131 4515 393 4572 bemus.

530 4601 664 4656 CAP.
701 4601 764 4656 L.
802 4632 865 4642 —
894 4603 970 4657 De
991 4601 1437 4670 Quadragesima.

211 4695 280 4749 In
314 4690 829 4763 Quadragesimali
864 4691 1078 4746 dicitur
1107 4690 1518 4763 prefationui
1540 4690 1812 4760 corporali

124 4781 558 4856 jejuniojuxta
588 4783 877 4836 statutum
908 4779 1121 4852 Pelagii
1152 4796 1335 4852 papaz,
1370 4795 1483 4834 non
1519 4779 1717 4833 minus
1748 4779 1805 4832 in

134 4868 480 4928 Dominicis
509 4885 685 4941 quam
718 4870 775 4924 in
809 4886 1010 4924 earum
1043 4869 1273 4924 feriis.A
1295 4867 1596 4924 Dominica
1614 4872 1807 4924 tamen

134 4961 592 5025 Palmarum,eo
623 4959 776 5030 quod
811 4958 888 5013 ibi
922 4959 1219 5031 passienes
1250 4957 1439 5030 legere
1471 4956 1808 5029 incipimus,

136 5047 561 5123 praefationem
582 5047 652 5103 de
685 5064 854 5103 cruce
885 5047 1138 5104 dicimus
1168 5064 1356 5119 usque
1378 5047 1434 5101 in
1458 5051 1691 5102 Coenam
1710 5047 1815 5101 Do‘

137 5134 613 5209 mini,videlicet
637 5154 741 5209 per
764 5136 896 5192 illos
926 5137 1190 5209 quinque
1220 5136 1346 5192 dies
1380 5136 1817 5208 quinqueparti-

138 5233 269 5285 tam
288 5224 534 5281 Domini
552 5226 885 5296 passionem
916 5224 1817 5297 intimantes,ipsamquehebdo-

138 5317 400 5374 madam
425 5328 606 5384 quam
639 5314 826 5369 sancti
858 5314 1054 5369 Patres
1074 5314 1354 5385 Majorem
1379 5313 1813 5382 vocant,eadem

134 5402 506 5480 praefatione
533 5402 1054 5458 adornantesznam
1086 5406 1143 5456 et
1172 5401 1719 5457 convenientissime
1749 5418 1815 5457 eo

138 5500 431 5566 tempore
462 5490 678 5546 dicitur
705 5507 839 5547 cum
868 5491 938 5546 de
966 5490 1238 5562 passione
1267 5490 1499 5546 Domini
1529 5495 1649 5546 tam
1680 5508 1814 5563 spe-

134 5582 387 5641 cialiter
417 5577 704 5651 agitur.ln
736 5580 929 5652 prima
958 5579 1325 5635 hebdomada
1347 5579 1817 5652 Quadragesimze

134 5656 586 5732 celebrandum
617 5673 704 5725 est
725 5667 1023 5741 jejunium
1052 5667 1309 5739 vernale,
1341 5669 1493 5725 sicut
1538 5672 1595 5723 et
1632 5667 1819 5724 sancti

1914 3357 2030 3411 niis
2061 3361 2118 3411 et
2149 3355 2512 3411 orationibus
2537 3360 2739 3411 contra
2761 3355 3053 3428 spiritales
3067 3356 3359 3427 nequitias
3381 3356 3563 3411 sumi-

1913 3462 2066 3514 mus,
2103 3444 2428 3500 necessario
2460 3462 2567 3500 nos
2616 3444 2933 3500 instantius
2981 3444 3098 3500 Deo
3149 3444 3560 3515 commendare

1914 3534 2213 3589 debemus.
2233 3534 2378 3588 Nam
2410 3533 2592 3589 oratio
2625 3537 2757 3605 post
2785 3534 3257 3589 communionem
3289 3549 3392 3605 pro
3419 3531 3563 3603 solis

1914 3622 2486 3677 communicantibus
2519 3621 2664 3677 solet
2694 3639 2879 3677 orare.
2913 3621 3172 3694 Populus
3202 3626 3423 3693 autem,
3454 3620 3564 3676 etsi

1915 3711 2176 3783 quotidie
2230 3711 2287 3765 in
2342 3711 2803 3784 Quadragesima
2850 3711 3173 3779 conveniat,
3211 3728 3327 3779 non
3368 3714 3568 3766 tamen

1917 3800 2197 3872 quotidie,
2232 3805 2296 3853 ut
2325 3801 2580 3865 deberet,
2615 3800 3118 3856 communicat.Ne
3147 3816 3285 3873 ergo
3318 3798 3573 3872 populus

1915 3889 1998 3943 ita
2045 3888 2305 3944 oratione
2354 3893 2419 3943 ut
2465 3890 2881 3944 communione
2938 3893 3181 3955 careret,
3216 3889 3445 3959 adjecta
3490 3892 3581 3960 est

1915 3977 2098 4033 oratio
2129 3966 2305 4049 super
2329 3977 2701 4050 pOpulum,in
2731 3995 2849 4049 qua
2865 3995 2978 4033 non
2995 3979 3066 4033 de
3099 3977 3583 4033 communicatio-

1917 4084 2008 4135 ne,
2044 4067 2143 4122 sed
2177 4067 2248 4121 de
2280 4065 2475 4138 populi
2510 4065 2871 4139 protectione
2902 4066 3237 4139 specialiter
3268 4069 3492 4122 oratur.
3519 4066 3583 4120 In

1917 4155 2237 4211 Dominicis
2264 4160 2457 4211 tamen
2486 4155 2694 4212 diebus
2716 4172 2833 4212 non
2857 4154 3241 4227 dicitur,quia
3259 4154 3585 4227 genuﬁexio

1915 4244 2151 4310 vitatur,
2185 4261 2310 4314 quae
2345 4243 2479 4299 huic
2512 4244 2757 4301 orationi
2793 4262 2826 4300 a
2857 4243 3075 4317 populo
3108 4243 3441 4315 antiquitus
3459 4257 3586 4315 per-

1917 4332 2281 4401 solvebatur;
2312 4332 2397 4386 vel
2434 4332 2627 4404 potius
2660 4334 2787 4389 ideo
2818 4333 2960 4404 quia
2992 4332 3397 4402 omnes,juxta
3431 4332 3583 4384 atte-

1919 4422 2231 4477 stationem
2261 4422 2448 4476 sancti
2480 4421 2857 4490 Ambrosii,in
2876 4420 3196 4478 Dominicis
3210 4419 3584 4474 diebuscom‘

1921 4510 2221 4566 municare
2251 4510 2550 4579 deberent,
2585 4510 2802 4582 quibus
2835 4514 2893 4565 et
2942 4509 3126 4565 oratio
3159 4513 3296 4581 post
3324 4523 3586 4562 commu-

1842 4620 1889 4684 Ι)
1921 4600 2157 4655 nionem
2192 4616 2294 4671 pro
2326 4600 2731 4656 benedictione
2761 4599 3031 4655 sufﬁcere
3046 4596 3585 4671 posset.Sciendum

1921 4693 2011 4745 est
2041 4689 2441 4759 autem,juxta
2471 4689 2747 4760 antiquos
2781 4687 3163 4759 Patres,quod
3196 4682 3589 4752 solicommu-

1918 4779 2181 4833 nicantes
2230 4776 2445 4832 divinis
2479 4777 2773 4849 mysteriis
2807 4776 3087 4832 interesse
3137 4776 3591 4832 consueverunt!

1922 4867 2075 4921 unde
2108 4870 2165 4921 et
2197 4871 2331 4921 unto
2363 4865 2721 4922 oblationem
2748 4867 2923 4937 juxta
2954 4880 3207 4920 canones
3228 4863 3594 4935 jubebantur

1872 5034 1877 5035 γ
1922 4955 2075 5012 exire
2108 4955 2511 5011 catochumeni
2550 4960 2607 5009 et
2660 4956 3028 5027 poenitentes,
3071 4952 3337 5009 videlicet
3367 4950 3467 5024 qui
3504 4948 3594 5025 [ut

1924 5044 2045 5116 qui}
2067 5045 2327 5099 nondum
2352 5061 2413 5099 sc
2432 5048 2783 5115 paraverunt
2802 5045 2871 5099 ad
2889 5041 3594 5099 communicandum.Hoc

1926 5150 2159 5205 quoque
2193 5134 2320 5206 ipsa
2342 5133 3057 5188 sacramentoruminnuit
3083 5132 3457 5200 confectio,in
3476 5148 3594 5201 qua

1925 5223 2194 5278 sacerdos
2226 5239 2343 5277 non
2371 5239 2473 5295 pro
2506 5220 2629 5278 sola
2662 5239 2769 5278 sua
2800 5222 3091 5279 oblatione
3114 5226 3170 5278 et
3199 5219 3633 5299 communica‘.

1923 5312 2104 5380 tione,
2140 5313 2241 5368 sed
2275 5316 2333 5367 et
2364 5311 2618 5368 aliorum
2653 5316 2842 5384 rogat,
2874 5314 2931 5366 et
2962 5312 3213 5367 maxime
3244 5310 3300 5364 in
3334 5307 3594 5363 oratione

1926 5405 2059 5474 post
2086 5401 2588 5470 communionem,
2604 5417 2707 5473 pro
2722 5400 2862 5455 solis
2875 5397 3449 5455 communicantibus
3463 5411 3590 5480 ora:

1927 5507 1987 5546 re
2026 5491 2281 5545 videtur.
2317 5491 2431 5545 Nec
2466 5488 2697 5561 proprie
2730 5488 3064 5544 communio
3087 5488 3201 5543 dici
3235 5488 3444 5558 potest,
3480 5484 3594 5541 nis1

1929 5578 2146 5650 pluries
2173 5579 2247 5634 de
2270 5578 2472 5647 eodem
2497 5576 2782 5633 sacriﬁcio
2804 5574 3345 5649 participent.Apud
3369 5574 3597 5630 Graecos

1930 5667 2108 5724 etiam
2143 5671 2208 5722 ut
2242 5666 2478 5738 legitur,
2509 5664 3107 5721 excommunicandus
3142 5668 3250 5733 est,
3278 5662 3379 5736 qui
3410 5678 3597 5735 usque
3634 5680 3641 5685 ·
