3920 6208
185 310 343 379 101'!

1626 309 2161 379 MICROLOGUS.

3438 323 3604 397 i048

182 447 241 504 in
274 446 624 516 Sahbatum,
645 445 700 504 iL
737 444 919 519 Albis,
950 450 1007 504 et
1041 464 1075 504 a
1102 444 1197 503 die
1244 446 1610 504 Pentecostes
1648 461 1836 519 usque
1865 448 1919 516 Α
1948 442 2324 517 sponsorium
2357 459 2372 500 :
2404 445 2612 518 Dignus
2638 462 2715 519 es,
2744 447 3593 528 Domine.Responsorium:Au-

182 537 243 596 in
261 536 589 594 Sabbatum
611 538 875 609 ejusdem
896 536 1420 604 hebdomadze,tres
1441 536 1698 609 psalmos
1716 540 1838 591 tan-

183 633 307 683 tum
337 627 413 683 ad
444 627 792 693 Nocturnus,
825 631 1061 699 tresque
1106 625 1386 682 lectiones
1405 625 1647 697 antiquo
1679 641 1839 680 more

186 720 495 773 cantamus
523 720 580 772 et
607 715 879 788 legimus.
900 715 1187 772 Omnibus
1225 715 1358 771 aliis
1385 709 1592 770 diebus
1622 731 1723 785 per
1750 718 1835 768 to-

187 810 313 861 tum
343 822 595 873 annum,
645 805 694 861 si
742 806 1030 862 festivitas
1073 809 1182 872 est,
1224 820 1432 860 novem
1487 802 1746 875 psalmos
1784 808 1839 858 et

189 911 398 950 novem
430 894 706 951 lectiones
739 899 795 950 et
838 896 1122 966 Respons.
1155 894 1449 955 dicimus;
1482 891 1614 947 aliis
1645 896 1838 946 autem

189 983 401 1039 diebus
429 983 739 1039 duodecim
767 983 1027 1054 psalmos
1058 988 1115 1038 et
1154 989 1273 1038 tres
1313 981 1589 1037 lectiones
1638 981 1839 1036 recita-

194 1088 345 1127 mus.
382 1072 447 1128 In
480 1071 686 1128 diebus
716 1072 1039 1128 Dominicis
1069 1071 1389 1128 octodecim
1434 1069 1714 1141 psalmos,
1745 1087 1839 1124 ex-

193 1164 359 1232 cepto
390 1160 487 1216 die
517 1159 773 1231 Paschzs,
804 1165 862 1216 et
887 1161 979 1216 die
1012 1165 1463 1225 Pentecostes,et
1495 1176 1699 1215 novem
1726 1158 1840 1213 lec-

193 1250 383 1306 tiones
414 1249 814 1306 dicimus.Hoc
844 1249 1023 1305 etiam
1075 1266 1499 1321 usquequaque
1530 1249 1701 1318 juxta
1732 1249 1839 1303 lto-

194 1355 437 1394 manum
460 1338 736 1394 Ordinem
768 1338 851 1393 ita
880 1338 1002 1393 fieri
1034 1338 1445 1403 statuimus,ut
1466 1354 1646 1409 supra
1677 1342 1839 1391 nota-

192 1427 409 1483 vimus.
441 1427 505 1483 In
536 1432 736 1483 octava
766 1427 998 1483 Pascha:
1028 1426 1334 1482 historiam
1373 1443 1384 1480 :
1417 1428 1630 1496 Dignus
1649 1428 1842 1492 es,Do-

190 1518 427 1585 πέπερι
451 1515 840 1588 Apocalypsin
856 1517 1025 1587 juxta
1056 1516 1317 1571 ordinem
1353 1515 1683 1586 incipimus.
1724 1538 1749 1561 ››

328 1604 467 1660 CAP.
496 1603 610 1659 LV.
646 1635 691 1646 -
745 1610 822 1661 De
849 1607 999 1676 [estis
1030 1606 1178 1675 infra
1209 1604 1466 1676 paschale
1487 1608 1713 1675 tempus.

264 1694 351 1749 Ab
380 1698 585 1749 octava
612 1693 848 1750 Pascha
878 1710 1064 1765 usque
1094 1693 1153 1747 in
1184 1693 1579 1758 Pentecosten,
1616 1692 1673 1746 in
1700 1692 1843 1745 festo

196 1784 380 1840 trium
415 1783 1136 1855 responsc.iorum,unum
1169 1783 1407 1837 Alleluia
1428 1786 1655 1836 tantum
1694 1798 1707 1845 ;
1741 1796 1841 1835 no-

193 1889 325 1929 rem
354 1887 489 1928 vero
520 1871 709 1928 lectio:
734 1888 857 1941 um,
890 1872 1006 1927 duo
1034 1873 1269 1927 Alleluia
1289 1871 1361 1926 ad
1384 1870 1629 1925 missam
1652 1875 1845 1925 canta-

197 1978 356 2029 mus,
388 1960 507 2018 sive
537 1962 610 2018 de
640 1961 1082 2025 resurrectione,
1115 1961 1234 2016 sive
1279 1960 1349 2014 de
1404 1959 1518 2015 alio
1577 1961 1745 2015 festo.
1778 1960 1843 2013 Et

196 2067 330 2107 cum
364 2051 480 2106 duo
509 2050 749 2106 Alleluia
778 2049 1175 2116 dicimus,non
1206 2049 1601 2122 primum,sed
1634 2065 1840 2104 secun-

194 2139 338 2196 dum
370 2140 705 2211 repetimus.
739 2138 1139 2194 Praefationem
1171 2155 1401 2210 quoque
1423 2154 1611 2209 usque
1642 2137 1698 2191 in
1730 2141 1840 2193 As-

192 2227 529 2285 censionem
553 2227 787 2284 Domini
819 2244 936 2283 non
966 2227 1458 2299 omittimus,quia
1480 2228 1572 2281 die
1598 2231 1654 2281 et
1675 2231 1842 2282 nocte

191 2316 474 2374 Paschale
520 2315 782 2374 ofﬁcium
813 2316 1196 2373 celebramus.
1244 2321 1637 2389 Incongruum
1685 2316 1839 2371 enim

190 2411 351 2465 esset
378 2409 446 2462 ut
473 2406 598 2463 sola
625 2406 888 2479 praefatio
909 2404 1206 2471 ferialiter,
1235 2412 1293 2461 et
1322 2405 1521 2460 omnia
1549 2404 1664 2460 alia
1702 2422 1841 2477 pas-

190 2495 438 2553 chaliter
466 2497 937 2552 observerentur.
978 2495 1040 2549 In
1082 2495 1383 2550 nativitate
1422 2499 1615 2549 tamen
1667 2510 1840 2565 apos-

189 2582 448 2641 tolorum
479 2584 709 2657 Philipp
762 2588 820 2640 et
846 2584 1048 2640 Jacobi
1081 2583 1477 2655 prmfationem
1509 2584 1580 2638 de
1610 2590 1838 2656 aposto-

189 2673 267 2730 lis
296 2672 571 2741 dicimus,
597 2673 719 2729 sicu
777 2678 835 2728 et
864 2674 935 2728 de
963 2689 1133 2728 cruce
1165 2672 1224 2727 in
1260 2672 1592 2728 Inventione
1630 2672 1837 2745 ipsius.

189 2762 313 2819 Hoc
338 2766 600 2835 tempore
629 2759 851 2817 nullius
884 2762 1012 2817 festi
1043 2760 1300 2833 vigiliam
1325 2762 1595 2831 jejunare
1624 2760 1710 2816 vel
1744 2762 1841 2816 ob-

192 2866 428 2907 servare
445 2850 859 2921 jubemur,oisi
874 2850 1249 2905 Ascensiouis
1262 2854 1317 2905 et
1330 2853 1714 2905 Pentecostes.
1724 2850 1839 2905 Hoc

192 2954 438 3012 quoque
457 2954 710 3011 congrue
740 2941 796 2994 in
826 2940 1103 2995 omnibus
1138 2938 1353 3011 vigiliis
1382 2938 1740 3006 observatur,
1776 2944 1841 2994 ut

188 3029 362 3085 Neue
379 3028 453 3083 de
483 3027 679 3084 futuro
710 3030 855 3085 testo
886 3027 1276 3101 peragatur,si
1305 3032 1501 3083 tamen
1536 3032 1667 3099 post
1695 3028 1837 3083 mis-

189 3132 322 3173 sam
363 3117 647 3183 differtur,
679 3115 945 3173 videlicet
973 3121 1040 3172 ut
1068 3123 1380 3189 postquam
1413 3118 1484 3171 de
1515 3116 1665 3172 festo
1707 3123 1839 3189 post

1943 535 2076 590 divi.
2112 535 2462 606 Responsor.
2501 553 2514 592 :
2547 537 2713 592 Dulce
2742 538 2976 608 lignum.
3010 541 3071 597 In
3102 541 3270 602 tertio
3309 554 3595 607 nocturno

1946 621 2267 693 antiphona
2297 638 2310 676 :
2345 622 2598 679 Salvator
2626 626 2841 682 mundi.
2872 627 3209 701 Antiphone
3241 651 3253 689 :
3287 636 3449 692 Salva
3476 656 3593 695 nos.

1945 710 2279 783 Antiphone
2311 729 2323 767 :
2358 712 2398 765 0
2459 730 2736 784 magnum.
2788 715 3052 775 Psalmi:
3101 722 3340 789 Canlale,
3398 727 3592 797 prim.:

1948 803 2209 855 Dominus
2240 806 2508 871 regnavit,
2540 806 2793 871 exsultet,
2848 808 3101 876 Cantate,
3150 816 3388 870 secund.
3423 833 3593 875 vers.:

1947 889 2081 945 Mihi
2108 899 2289 945 autem
2318 893 2458 947 absit
2482 894 2733 963 gloriari.
2771 896 3075 968 Rospons.:
3112 903 3319 957 Bonum
3364 910 3442 960 est
3469 924 3597 962 con.-

1949 980 2090 1049 ﬁtcri
2119 982 2362 1036 Domino.
2417 982 2722 1053 Respons.:
2755 986 2947 1041 Dicant
2995 1005 3161 1045 nunc.
3214 993 3524 1065 Respons.:
3560 1000 3599 1053 0

1948 1086 2089 1124 crux
2121 1068 2411 1126 benedicta.
2446 1072 2530 1126 Ad
2564 1072 2767 1130 laudes
2798 1078 3193 1136 matutinales.
3227 1084 3596 1156 Antiphona:

1952 1160 2153 1213 Helena
2212 1160 2572 1215 Constantini.
2632 1164 2967 1237 Antiphona
3030 1184 3042 1222 :
3110 1172 3252 1225 Tunc
3312 1179 3593 1247 prave/iit.

1952 1248 2190 1319 Antiph.
2224 1250 2426 1303 Helena
2452 1255 2660 1306 sancta.
2685 1253 3019 1326 Antiphone
3041 1298 3053 1312 .
3090 1258 3332 1331 Cumque
3376 1266 3593 1321 aseend.

1951 1336 2329 1425 Antiphone:
2384 1339 2584 1394 Orabat
2632 1341 2816 1397 ludas.
2870 1344 2933 1398 In
2992 1348 3286 1419 evangelio
3344 1353 3592 1425 antiph.:

1955 1424 2089 1479 Cum
2114 1430 2317 1480 orasset
2362 1427 2547 1482 ludas.
2583 1432 2658 1482 De
2691 1434 2891 1486 sancto
2934 1438 3126 1490 autem
3170 1424 3493 1497 Alexandro
3542 1448 3598 1498 et

1952 1514 2125 1569 sociis
2157 1516 2285 1585 ejus
2332 1521 2463 1586 post
2510 1518 2896 1575 Bmzedicamus
2942 1539 3399 1585 commemorare
3449 1532 3596 1589 sole-

1955 1620 2108 1657 mus.
2139 1603 2419 1660 Exaltatio
2452 1610 2646 1661 autem
2679 1612 2889 1663 sanctae
2910 1612 3098 1669 crucis
3122 1631 3233 1670 non
3260 1618 3401 1674 adeo
3432 1636 3601 1691 gene-

1955 1691 2154 1747 raliter
2179 1696 2237 1747 et
2268 1692 2609 1749 solemuiter
2636 1695 2981 1770 celebratur,
2996 1706 3051 1755 et
3082 1701 3188 1758 hoc
3212 1704 3455 1763 fortasse
3474 1709 3600 1765 ideo

1956 1780 2095 1852 quia
2126 1780 2354 1836 nullum
2390 1782 2523 1838 inde
2554 1787 2672 1839 tam
2706 1786 2957 1857 speciale
2986 1793 3270 1848 statutum
3305 1799 3370 1849 ut
3409 1797 3480 1853 de
3512 1798 3599 1853 in-

1951 1871 2218 1926 ventione
2251 1873 2553 1943 reperitur.

2244 1960 2377 2016 CAP.
2413 1961 2551 2016 LVI.
2586 1995 2651 2005 —
2684 1966 2754 2019 De
2782 1968 2987 2023 Pascha
3019 1974 3301 2027 annotino.

2027 2050 2268 2105 Romani
2300 2050 2648 2107 annotinum
2677 2053 2898 2111 Pascha
2936 2060 3100 2129 quasi
3135 2063 3597 2124 anniversarium

1951 2137 2172 2227 Pascha
2204 2138 2426 2207 dicunt,
2452 2141 2592 2211 quia
2635 2143 2964 2215 antiquitus
3008 2151 3163 2220 apud
3214 2150 3365 2221 illos,
3400 2156 3498 2227 qui
3538 2157 3596 2212 in

1950 2226 2125 2298 priori
2142 2228 2362 2282 Pascha
2374 2228 2648 2301 baptizati
2662 2233 2912 2301 erant,in
2930 2239 3195 2308 sequenti
3218 2257 3370 2296 anno
3394 2246 3595 2301 eadem

1950 2316 2043 2370 die
2074 2317 2143 2371 ad
2177 2316 2481 2371 ecclesiam
2516 2334 2851 2388 convenere,
2873 2339 3109 2396 suaeque
3141 2334 3597 2399 regenerationis

1950 2403 2411 2459 anniversarium
2442 2406 2597 2462 diem
2645 2424 2778 2465 cum
2827 2411 3219 2473 oblationibus
3258 2419 3600 2479 solemuiter

1950 2492 2603 2566 celebraverunt.Cujus
2632 2498 2746 2553 diei
2778 2499 2886 2555 hoc
2924 2507 3047 2557 erat
3086 2506 3365 2563 officium:
3403 2514 3596 2567 Resur-

1949 2583 2090 2648 revi,
2125 2599 2226 2654 per
2256 2586 2463 2639 totum.
2512 2584 2723 2653 Lectio,
2768 2589 2887 2644 Vidi
2924 2594 3148 2648 ostium.
3198 2596 3434 2670 Evang.:
3467 2600 3600 2657 Erat

1950 2672 2104 2727 homo
2127 2688 2196 2727 ex
2225 2673 2548 2741 Pharisazis,
2572 2691 2705 2730 cum
2737 2678 3100 2736 orationibus
3132 2683 3201 2738 ad
3234 2683 3343 2740 hoc
3373 2702 3597 2761 compe-

1948 2761 2209 2816 tentibus
2239 2780 2250 2825 ;
2286 2779 2413 2833 quae
2445 2763 2642 2819 omnia
2668 2766 3037 2837 apertissime
3059 2771 3128 2826 de
3159 2771 3346 2845 gratia
3369 2792 3600 2849 regene-

1950 2854 2211 2904 ratorum
2267 2866 2435 2922 agere
2466 2851 2756 2910 videntur.
2782 2855 2892 2911 Sed
2941 2860 3211 2928 quamvis
3254 2862 3597 2934 hujusmodi

1948 2939 2384 2996 anniversarius
2415 2957 2449 2995 a
2478 2942 2682 3013 paucis
2705 2944 2936 3017 uspiam
2969 2948 3326 3019 observetur,
3347 2954 3595 3011 authen-

1946 3025 2042 3082 tici
2066 3032 2261 3117 tamen
2288 3028 2420 3083 libri
2450 3030 2644 3102 ipsum
2668 3034 3184 3093 observaridebere
3210 3039 3593 3117 innuunt,qui

1946 3116 2117 3171 nobis
2148 3116 2452 3173 lectionem
2484 3124 2540 3174 et
2577 3123 2943 3193 evangelium
2994 3126 3104 3180 sub
3150 3127 3317 3184 titulo
3361 3116 3594 3188 Paschzs

187 3205 435 3262 missam
464 3206 1030 3279 incipimus,nullam
1062 3206 1335 3278 deinceps
1364 3222 1499 3260 cum
1541 3222 1693 3261 nona
1722 3207 1838 3260 dis-
1868 3182 1912 3251 α
1948 3205 2211 3261 annotini
2243 3208 2546 3262 annuatim
2597 3182 2999 3281 prmscrihurit.
3050 3214 3105 3267 Si
3138 3216 3294 3270 enim
3348 3218 3597 3290 quilibet

184 3295 518 3351 sonantium
530 3296 857 3352 ciliciorum
871 3295 1359 3367 faciamus;quam
1376 3294 1627 3350 maxime
1647 3294 1835 3350 sancti

183 3387 386 3440 Patres
414 3385 475 3440 in
506 3383 888 3457 dispositione
917 3385 1256 3441 eorumdem
1298 3383 1552 3439 devitarc
1593 3384 1833 3439 studue-

183 3474 666 3530 runt.Sciendum
694 3478 891 3530 autem
923 3474 1079 3546 quod
1093 3473 1409 3546 antiquide
1440 3473 1659 3529 sanctis
1675 3488 1831 3528 com-

182 3562 439 3619 muniter
466 3563 527 3618 in
576 3542 959 3619 Paschalibus
990 3542 1559 3632 cantareﬁlsolehant,
1590 3563 1747 3617 unde
1777 3566 1835 3617 et

182 3651 375 3709 adhuc
404 3651 476 3707 de
506 3668 625 3707 uno
655 3668 783 3723 qua
816 3652 887 3707 ad
920 3652 1115 3724 plures
1154 3652 1463 3724 pertinent,
1496 3654 1829 3714 cantantur,

182 3743 250 3797 ut
279 3741 518 3797 Alleluia
559 3740 831 3808 Gaudete;
864 3746 923 3796 et
960 3740 1353 3796 olfertorium:
1380 3740 1831 3809 Conﬁtebuntur;

180 3833 240 3885 et
267 3829 726 3902 Responsorium
760 3846 778 3886 ι
810 3831 870 3885 In
909 3832 1078 3885 servis
1104 3832 1237 3885 suis.
1272 3832 1340 3885 Et
1380 3829 1488 3885 hoc
1537 3830 1663 3885 ideo
1695 3829 1832 3901 quia

181 3915 499 3974 universali
546 3918 989 3983 resurrectione,
1021 3919 1193 3990 cujus
1243 3923 1415 3991 typus
1471 3933 1538 3973 eo
1569 3922 1831 3989 tempore

181 4007 397 4081 agitur,
427 4022 764 4064 communis
791 4012 881 4063 est
908 4007 1106 4063 lmtitia
1121 4012 1179 4063 et
1206 4007 1490 4063 festivitas
1506 4009 1827 4079 justorum.

180 4097 317 4153 Ideo
345 4095 524 4152 etiam
553 4096 849 4153 invemtur
876 4098 935 4153 in
958 4096 1383 4170 Martyrologiis
1412 4097 1600 4153 sivein
1633 4097 1832 4153 Sacra-

1944 3310 2119 3348 suum
2151 3294 2427 3359 natalem,
2460 3312 2577 3367 quo
2608 3298 2679 3352 ad
2711 3305 2985 3355 aeternam
3014 3307 3260 3359 mortem
3289 3311 3461 3362 natus
3482 3315 3590 3376 est,

1942 3383 2229 3450 observat,
2264 3389 2484 3454 quanto
2531 3386 2718 3457 magis
2765 3387 2930 3443 illum
2981 3390 3287 3448 observare
3334 3394 3590 3468 deberet,

1943 3487 2058 3543 quo
2088 3472 2160 3527 ad
2192 3477 2466 3528 aeternam
2496 3472 2672 3529 vitam
2706 3483 3078 3547 regeneratus
3111 3483 3237 3536 est?

2350 3562 2484 3617 Car.
2520 3563 2680 3619 LVII.
2712 3596 2779 3605 —-
2808 3567 2883 3621 De
2913 3568 3167 3623 Litaniis.

2015 3646 2200 3720 Major
2229 3648 2450 3706 Litania
2480 3668 2512 3708 a
2540 3653 2709 3709 beato
2757 3654 3031 3729 Gregorio
3073 3675 3221 3732 papa
3250 3661 3439 3733 primo
3484 3682 3589 3737 pro

1942 3738 2272 3810 pestilentia
2291 3738 2774 3815 ipsiustemporis
2788 3744 3056 3802 instituta
3070 3749 3285 3821 est,qui
3303 3736 3359 3806 et
3378 3736 3589 3810 Joanni

1940 3827 2213 3899 episcopo
2248 3829 2565 3886 Ravennati
2595 3832 3041 3901 scribens,diem
3074 3838 3311 3895 Litanies
3360 3847 3591 3915 tempus

1940 3916 2152 3972 cineris
2184 3921 2240 3972 et
2270 3918 2440 3974 cilicii
2472 3920 2745 3993 appellat.
2772 3923 3085 4003 :I‘riduaua:
3126 3932 3318 3983 autem
3354 3931 3590 3988 Litaniaa

1940 4009 2074 4060 ante
2105 4006 2518 4064 Ascensionem
2542 4009 2775 4066 Domini
2807 4029 2922 4069 non
2958 4015 3251 4085 Romanae,
3282 4019 3383 4074 sed
3412 4019 3589 4076 Galli-

1939 4109 2095 4147 canae
2127 4098 2301 4163 sunt;
2336 4095 2472 4168 quia
2504 4099 2697 4170 [quas]
2727 4100 2858 4157 illas
2908 4110 3151 4161 sanctus
3205 4107 3591 4166 Mammertus

180 4184 489 4242 mentariis
517 4185 800 4242 festivitas
830 4191 1169 4243 sanctorum
1192 4186 1395 4241 Jacobi
1417 4190 1474 4241 et
1496 4185 1832 4257 Pbilippi,et
1936 4181 2287 4239 Viennensis
2314 4185 2627 4259 episcopus
2652 4188 3383 4266 instituisselegitur;quas
3405 4201 3589 4254 sancti

177 4274 449 4332 omnium
477 4275 1188 4348 apostolorum.Eusebius
1219 4292 1368 4347 papa
1398 4293 1431 4329 a
1460 4275 1629 4331 beato
1662 4276 1829 4331 Petro
1939 4271 2138 4328 Patres
2159 4288 2275 4328 non
2293 4274 2751 4345 equitando,non
2775 4280 3036 4337 vestibus
3054 4283 3326 4354 pretiosis
3351 4287 3587 4355 utendo,

176 4361 515 4419 tricesimus
546 4362 1256 4431 secundus,constituitut
1283 4377 1487 4418 omnes
1517 4359 1827 4418 Christiani
1938 4358 2038 4415 sed
2074 4360 2132 4414 in
2158 4360 2348 4417 cinere
2378 4367 2435 4417 et
2464 4363 2674 4433 cilicio,
2700 4367 2853 4422 sicut
2881 4374 2939 4424 et
2958 4371 3238 4443 majorem
3273 4372 3586 4444 Litaniam,

177 4450 582 4509 Inventionem
613 4467 825 4509 sacrae
847 4453 1037 4508 crucis
1067 4470 1103 4505 v
1123 4452 1319 4509 Nonas
1341 4449 1831 4506 Maiisolemniter
1938 4449 2231 4504 observari
2262 4454 2613 4508 statuerunt.
2641 4454 2701 4509 In
2736 4472 2984 4527 quarum
3027 4458 3235 4514 ultima
3266 4461 3383 4530 die,
3416 4460 3472 4516 id
3499 4470 3590 4519 est

177 4538 696 4597 celebrarent.Und
762 4536 819 4596 et
847 4557 954 4597 nos
986 4541 1146 4596 illam
1169 4556 1301 4596 cum
1324 4539 1495 4612 pleno
1516 4538 1705 4595 ofﬁcio
1728 4540 1829 4595 ob-
1862 4550 1909 4614 ι)
1938 4537 1998 4591 in
2029 4536 2225 4609 vigilia
2252 4539 2625 4597 Ascensionis
2651 4543 2906 4614 Domini,
2935 4547 3168 4602 canitur
3194 4548 3587 4608 ofﬁciumzl’o-

176 4643 411 4684 servare
432 4628 717 4685 debemus
772 4631 927 4701 quod
960 4647 1074 4685 non
1099 4630 1416 4701 incongrue
1448 4629 1529 4683 ita
1558 4627 1829 4684 ordinare

174 4717 857 4791 possumusAntip-iona
890 4737 903 4775 :
938 4720 1160 4775 Helena.
1196 4717 1602 4773 lnvitatorium
1633 4732 1647 4771 :
1683 4718 1828 4771 Alle-

176 4805 318 4871 luia,
345 4806 541 4877 Regem
587 4806 936 4875 cruciﬁxum.
972 4808 1035 4863 In
1067 4825 1085 4862 1
1119 4810 1425 4873 nocturno,
1457 4805 1780 4879 antiphona
1813 4823 1825 4860 :

173 4891 491 4951 Adomuus.
519 4895 890 4967 Antiphane:
917 4897 1235 4953 Adoramus.
1267 4895 1601 4967 Antiphone
1625 4912 1637 4950 :
1665 4896 1828 4950 Tuam

172 4997 410 5037 crucem.
442 4982 620 5039 Psal.:
654 4986 882 5041 Demine
914 4988 1052 5041 Deus
1096 4992 1278 5041 noster
1328 4986 1570 5055 [Domini
1614 4988 1692 5039 est
1721 4992 1827 5039 ter-

172 5071 281 5141 ra].
316 5071 590 5127 Conserva
617 5086 723 5130 me.
755 5074 983 5131 Domine
1030 5077 1091 5129 in
1137 5076 1353 5130 virtute.
1405 5072 1589 5128 Vers.:
1642 5072 1829 5127 Omnis

172 5161 344 5215 terra.
377 5163 843 5234 Responsomum
878 5179 892 5220 :
925 5166 1031 5219 Hoc
1070 5164 1292 5233 signum
1333 5164 1534 5217 crucis.
1568 5162 1826 5233 Respon-

171 5247 399 5304 sorium
435 5265 451 5305 :
484 5250 630 5319 Agni
666 5252 768 5308 Dei
822 5251 1088 5308 Christus.
1151 5249 1606 5323 Responsorium
1652 5265 1665 5303 ε
1700 5251 1829 5303 Ecce

165 5337 299 5393 vicit
330 5338 433 5394 leo.
477 5338 546 5393 In
574 5341 832 5396 εθουμᾶο
863 5346 1148 5397 nocturno
1190 5339 1518 5411 antiphona:
1554 5356 1567 5393 :
1603 5339 1826 5393 Crucem

160 5430 436 5483 sanctam.
476 5427 584 5484 Per
621 5430 844 5501 sig-num
890 5432 1089 5495 crucis,
1129 5431 1234 5485 Nos
1291 5432 1494 5483 autem.
1555 5425 1772 5481 Psalmi
1808 5442 1821 5479 :

158 5515 392 5573 Domini
416 5524 503 5572 est
529 5520 701 5585 terra,
734 5517 955 5590 Magnus
989 5519 1267 5586 Dominus,
1300 5516 1555 5572 Jubilate.
1576 5518 1819 5570 Versus:

158 5605 342 5663 Dicite
370 5607 435 5661 in
482 5605 832 5675 nationibus,
867 5609 1130 5663 Dominus
1168 5606 1419 5674 regnavit
1450 5622 1485 5658 a
1516 5604 1682 5673 ligno.
1713 5601 1822 5655 Re-

1937 4641 2051 4681 cem
2083 4628 2493 4697 jueumlitatis;
2525 4630 2885 4689 olfertorium
2916 4651 2929 4689 :
2989 4637 3104 4691 Viri
3148 4637 3371 4695 Galilwi
3390 4656 3402 4706 ;
3434 4628 3589 4696 com-

1940 4715 2142 4771 munio
2176 4730 2188 4770 :
2226 4721 2393 4773 Pater
2415 4735 2539 4774 cum
2559 4736 2749 4776 essem.

2102 4809 2233 4858 CAP.
2268 4806 2457 4863 LVIII.
2491 4840 2560 4848 —
2590 4811 2662 4865 De
2692 4811 3025 4869 hebdomada
3056 4817 3404 4873 Pentecostes.

2006 4893 2307 4963 Jejunium
2340 4897 2592 4954 zestivale
2622 4915 2855 4973 semper
2889 4901 3039 4959 infra
3092 4905 3468 4965 Penteeosten
3502 4914 3591 4966 est

1938 4981 2528 5043 celebrandum.Nam
2560 4990 2851 5048 orationes
2875 4996 2931 5048 et
2960 4993 3236 5052 lectiones
3283 4998 3353 5053 de
3383 5000 3589 5056 eodem

1929 5072 2158 5161 jejunio
2189 5079 2371 5146 agunt
2402 5076 2472 5131 de
2502 5078 2722 5150 Spiritu
2755 5087 2956 5138 sancto
2988 5085 3156 5155 [festo
3187 5087 3373 5142 sancti
3404 5088 3589 5161 Spiri-

1940 5159 2077 5234 tus].
2111 5160 2274 5217 Sicut
2303 5179 2438 5236 ergo
2457 5165 2754 5236 jejunium
2769 5172 3001 5228 vernale
3025 5191 3256 5246 semper
3274 5175 3423 5231 intra
3445 5159 3591 5239 Qua-

1938 5249 2328 5321 dragesimam
2361 5258 2450 5308 est
2476 5253 2985 5324 celebrandum,eo
3015 5262 3169 5331 quod
3202 5262 3587 5334 Quadragesi-

1936 5338 2113 5394 malia
2134 5338 2346 5396 habeat
2365 5343 2665 5409 officia,ita
2683 5345 2907 5402 ctistud
2934 5347 3089 5401 infra
3100 5349 3314 5402 festum
3336 5350 3587 5420 Spiritus

1936 5426 2305 5496 sancti,unde
2336 5430 2512 5487 habet
2527 5432 2737 5501 ofllcia,
2773 5440 2904 5507 apte
2926 5435 3265 5492 celebratur.
3301 5437 3397 5492 Sic
3425 5440 3582 5501 enim

1934 5515 2121 5569 sancti
2150 5520 2353 5575 Patres
2384 5520 2454 5575 de
2484 5523 2733 5592 utroque
2742 5523 2968 5593 jejunio
2982 5524 3356 5583 constituisse
3386 5526 3587 5602 legun-

1933 5605 2120 5657 tur.1n
2131 5605 2359 5677 jejunio
2372 5609 2738 5664 Pentecostes
2751 5627 2943 5683 genua
2966 5629 3079 5670 non
3104 5613 3587 5693 ﬂecti‘mus,juxta
