3920 6208
281 343 440 408 1019

1645 334 1958 403 ΜΟΝΠΜ.
2002 336 2315 406 LITUBG.

3531 343 3718 411 ωισ

281 480 607 536 Romanum
639 474 1191 542 Ordinem.0uidam
1222 475 1397 532 etiam
1419 475 1491 532 ad
1522 475 1766 531 missam
1781 473 1930 544 jeju-
1954 473 2008 541 Α
2039 475 2347 548 tum,quod
2379 479 2438 534 et
2479 493 2583 551 per
2622 480 2806 536 totam
2855 478 3314 553 subsequentem
3361 477 3700 537 hebdoma-

280 569 357 623 nii
394 585 497 624 nec
529 567 714 623 Gloria
744 570 799 623 in
821 567 1049 623 excelsis
1092 566 1560 640 prmtermittunt,
1595 564 1696 620 sed
1723 563 1918 618 incon-

278 674 583 730 grue,cum
605 658 805 713 eadem
823 657 1007 712 missa
1026 657 1097 711 de
1117 654 1287 710 tertia
1301 658 1558 710 mutetur
1583 653 1653 707 ad
1677 655 1918 707 sextam.

279 747 426 802 Sunt
455 747 611 801 enim
643 751 762 802 tres
807 746 960 801 horae
992 745 1051 800 in
1083 745 1174 800 die
1203 761 1271 799 ex
1315 742 1615 799 Dominica
1654 740 1925 813 passione

277 836 351 890 ad
381 834 728 890 celebranda
756 833 1030 906 mysteria
1059 829 1924 899 consecratis,videlicet,tertia,

279 924 336 979 in
371 941 488 996 qua
533 922 751 995 linguis
795 922 1173 990 Judazorum;
1208 920 1455 986 sexta,in
1505 935 1622 991 qua
1651 917 1926 973 manibus

276 1011 586 1084 gentilium
619 1011 932 1066 cruciﬁxus
963 1013 1050 1064 est
1077 1027 1090 1076 ;
1120 1010 1358 1075 nona,iu
1392 1025 1507 1080 qua
1536 1006 1733 1064 emisit
1761 1005 1930 1078 spiri-

275 1104 587 1156 tumJnter
613 1115 760 1170 quas
781 1098 924 1153 hora
937 1097 1176 1152 tertiain
1192 1096 1414 1153 festivis
1445 1095 1653 1152 diebus
1675 1095 1926 1150 maxime

275 1189 636 1255 observatur,
661 1205 728 1242 ea
775 1187 1024 1242 fortasse
1055 1187 1282 1242 ratione
1314 1187 1452 1258 quia
1489 1186 1642 1240 inter
1671 1183 1926 1255 reliquas

274 1276 564 1351 passionis
597 1277 791 1343 horas,
827 1277 1074 1347 tempori
1126 1274 1436 1331 Dominica:
1482 1272 1925 1329 resurrectionis

275 1367 394 1422 sive
417 1365 738 1421 nativitatis
763 1365 1143 1437 propinquior
1164 1381 1290 1420 esse
1307 1363 1769 1418 videatur.Sexta
1793 1379 1926 1416 vero

272 1456 354 1510 vel
387 1455 922 1526 nonajejuniorum
948 1453 1158 1509 ofﬁciis
1179 1452 1808 1524 deputantur.Excepto
1831 1468 1926 1506 au-

272 1551 388 1599 tem
422 1543 478 1598 in
511 1543 686 1597 Coena
717 1541 968 1609 Domini,
999 1541 1058 1595 in
1090 1541 1341 1596 Sabbato
1373 1545 1574 1595 sancto
1607 1539 1838 1595 Pascha:
1870 1544 1928 1594 et

272 1635 976 1701 Pentecostes,nunquam
1011 1629 1185 1684 alicui
1217 1630 1412 1685 missae
1432 1629 1926 1684 Gloriaincxcclsis

273 1719 728 1786 ascribitur,nisi
758 1718 840 1773 illi
869 1735 1048 1789 quam
1081 1723 1139 1774 et
1164 1719 1363 1774 festive
1395 1719 1466 1778 ad
1499 1718 1752 1772 Tertiam
1785 1717 1928 1773 cele-

273 1809 441 1864 brare
471 1807 935 1880 debemus.Ergo
968 1825 1080 1864 non
1114 1807 1432 1880 incongrue
1455 1812 1510 1863 et
1531 1806 1924 1878 missishujus
1951 1839 2000 1904 Β

266 1897 474 1969 jejunii
507 1897 692 1953 Gloria
722 1899 778 1950 in
807 1897 1036 1951 excelsis
1061 1896 1486 1960 subtrahimus,
1512 1913 1658 1968 quas
1690 1913 1805 1950 non
1841 1896 1920 1950 fe-

271 1987 416 2042 stive
448 1987 519 2041 ad
551 1985 939 2051 Tertiam,sed
973 1985 1044 2040 ad
1061 1987 1295 2042 Sextam
1318 1986 1624 2042 observare
1643 1984 1918 2040 solemus.

271 2077 520 2141 Quidam
580 2079 777 2131 autem
824 2075 966 2130 satis
1022 2079 1156 2148 apte
1207 2075 1264 2130 in
1339 2074 1447 2130 hoc
1497 2074 1724 2144 jejunio
1775 2073 1922 2129 duas

272 2165 486 2221 missas
508 2168 965 2229 cantant,unam
998 2165 1068 2218 ad
1103 2165 1359 2219 Tertiam
1391 2163 1751 2228 solemniter,
1785 2179 1919 2216 cum

272 2255 456 2309 Gloria
486 2255 543 2308 in
584 2253 832 2321 excelsis,
869 2256 934 2308 ut
968 2253 1112 2308 festo
1159 2252 1410 2324 Spiritus
1461 2251 1647 2306 sancti
1695 2251 1920 2306 satisfac

270 2342 462 2409 ciant;
501 2341 742 2396 alteram
777 2345 910 2413 post
938 2345 1169 2396 Sextam
1194 2358 1297 2413 pro
1310 2340 1538 2412 jejunio
1563 2340 1743 2409 ;sicut
1772 2340 1918 2395 festo

271 2433 327 2486 S.
361 2431 598 2487 Thema:
628 2430 1001 2486 satisfaciunt
1028 2429 1088 2484 in
1136 2430 1360 2502 jejunio
1396 2429 1654 2497 hiemali,
1685 2433 1742 2484 et
1772 2429 1918 2485 festo

269 2520 456 2577 sancti
479 2519 732 2576 Matthazi
765 2519 824 2574 in
849 2518 1078 2590 jejunio
1127 2519 1450 2574 autumnali
1489 2537 1500 2574 :
1533 2519 1672 2574 item
1715 2521 1918 2574 sancto

270 2611 460 2666 Marco
492 2609 552 2663 in
583 2607 810 2663 Litania
853 2609 1096 2679 majore,
1127 2611 1184 2663 et
1231 2607 1666 2664 annuntiationi
1705 2611 1917 2664 sanctae

270 2699 463 2754 Mariae
493 2697 553 2752 in
585 2695 1063 2769 Quadragesima,
1111 2696 1380 2753 videlicet
1427 2701 1491 2752 ut
1539 2697 1700 2768 prior
1737 2697 1920 2752 missa

271 2788 436 2853 festo,
471 2787 731 2841 secunda
778 2802 912 2840 vero
955 2785 1278 2841 satisfaciat
1319 2784 1568 2857 jejunio.
1615 2785 1700 2840 Ad
1739 2802 1918 2857 quam

273 2875 472 2947 [quod]
507 2873 681 2930 etiam
715 2890 828 2928 non
861 2872 1184 2946 gradualia,
1208 2877 1274 2929 ut
1299 2873 1648 2946 antiquitus,
1690 2874 1792 2930 sed
1822 2875 1920 2930 Αι-

271 2965 443 3020 leluia
468 2965 797 3018 cantamus.

525 3053 658 3108 CAP.
693 3051 830 3106 LIX.
863 3081 932 3092 —-
961 3053 1036 3107 De
1066 3053 1269 3107 octavis
1298 3053 1654 3108 Pentecostes.

341 3140 618 3212 Sequitur
649 3139 948 3196 Dominica
971 3156 1204 3209 vacans,
1237 3139 1330 3196 cui
1379 3139 1712 3198 attitulatur
1750 3139 1919 3197 lectio

2031 563 2168 618 dam
2201 565 2520 624 observand
2531 586 2563 623 u
2573 585 2629 624 m
2661 573 2890 642 putant,
2906 569 3008 626 sed
3021 587 3140 626 non
3153 573 3243 626 est
3257 569 3669 626 authenticum
3680 617 3700 630 .

2032 655 2176 707 Nam
2210 654 2449 726 quidam
2482 656 2851 714 Leodicensis
2871 657 3204 730 Stephanus
3226 658 3383 715 idem
3404 657 3698 718 officium.

2032 741 2186 798 sicut
2216 747 2272 798 et
2299 743 2602 801 historiam
2643 747 2714 802 de
2763 747 3095 804 inventione
3143 748 3331 804 sancti
3382 747 3697 820 Stephani,

2033 832 2436 904 composuisse
2469 835 2784 901 asseritur;
2819 853 2946 908 qua:
2977 838 3228 907 utraque
3255 836 3330 891 ab
3371 835 3706 909 apostolica

2033 919 2169 976 sede
2191 922 2736 993 respuuntur.Unde
2753 923 2860 995 piae
2884 924 3176 980 memoriae
3192 923 3518 981 Alexander
3538 937 3700 998 papa

2033 1008 2105 1064 de
2136 1007 2244 1064 hac
2275 1026 2335 1065 re
2364 1009 2704 1082 inquisitus,
2726 1011 3029 1084 respondit
3040 1013 3211 1084 juxta
3233 1013 3567 1069 Romanum
3583 1013 3693 1069 0r-

2034 1097 2230 1153 dinem
2262 1097 2491 1155 nullum
2505 1099 2660 1156 diem
2675 1099 3006 1172 specialiter
3017 1100 3228 1156 ascribi
3245 1100 3458 1157 debere
3480 1099 3694 1158 solem-

2035 1185 2202 1242 nitati
2234 1187 2455 1243 Sancta:
2487 1187 2810 1255 Trinitatis,
2841 1189 2996 1245 sicut
3027 1205 3131 1244 nec
3161 1193 3378 1245 sancta:
3413 1189 3688 1258 unitatis,

2034 1277 2324 1350 praecipue
2363 1294 2498 1332 cum
2551 1277 2611 1334 in
2643 1279 2804 1334 omni
2859 1277 3182 1344 Dominica,
3236 1277 3356 1334 imo
3397 1279 3688 1350 quotidie,

2034 1364 2340 1436 utriusque
2394 1366 2676 1421 memoria
2731 1365 3071 1422 celebretur.
3121 1366 3438 1422 Sciendum
3489 1370 3692 1422 autem

2034 1454 2348 1525 quemdam
2379 1452 2657 1510 Albinum
2690 1454 3037 1526 magistrum
3082 1453 3268 1510 Caroli
3301 1454 3448 1527 imp.
3480 1459 3698 1528 rogatu

2035 1543 2218 1597 sancti
2252 1543 2530 1598 Bonifacii
2574 1542 3019 1616 archiepiscOpi,
3075 1547 3140 1598 ut
3180 1543 3367 1611 aiunt,
3419 1542 3696 1600 missales

2033 1630 2327 1686 orationes
2358 1631 2429 1686 de
2459 1631 2674 1688 Sancta
2723 1631 3006 1688 Trinitate
3054 1631 3479 1705 composuisse,
3528 1636 3588 1689 et
3631 1633 3693 1690 in

2034 1719 2292 1775 secunda
2321 1719 2466 1775 feria
2493 1720 2564 1775 de
2597 1719 2970 1792 sapientia,in
2999 1720 3169 1776 tertia
3199 1720 3271 1776 de
3303 1719 3526 1793 Spiritu
3555 1739 3694 1778 san-

2033 1812 2147 1876 cto,
2171 1809 2230 1863 in
2261 1812 2470 1880 quarta
2488 1809 2559 1864 de
2597 1808 2977 1877 charitate,in
3011 1808 3217 1881 quinta
3244 1809 3316 1866 de
3343 1809 3594 1883 angelis,
3623 1809 3693 1867 in

2034 1901 2193 1952 sexta
2223 1897 2293 1951 de
2326 1897 2582 1963 cruce,in
2619 1897 2870 1952 Sabbato
2901 1897 2973 1953 de
3009 1900 3212 1953 sancta
3239 1896 3440 1954 Maria.
3459 1898 3544 1956 .Et
3570 1897 3694 1954 hoc

2034 1984 2162 2040 ideo
2193 1988 2257 2040 ut
2312 1986 2632 2059 presbyteri
2675 1985 2832 2041 illius
2873 1985 3156 2058 temporis
3183 2002 3370 2058 nuper
3401 1987 3476 2042 ad
3505 1985 3690 2064 fidem

2031 2073 2312 2141 conversi,
2346 2075 2607 2130 nondum
2660 2073 3073 2131 ecclesiasticis
3128 2073 3338 2130 ofﬁciis
3386 2075 3690 2142 instructi,

2031 2163 2291 2218 nondum
2319 2161 2494 2219 etiam
2527 2163 2810 2219 librorum
2860 2163 3027 2237 copia
3057 2163 3306 2236 praediti,
3336 2161 3426 2220 vel
3459 2161 3692 2236 aliquid

2027 2250 2456 2308 haberentcum
2469 2270 2586 2325 quo
2603 2253 2862 2309 officium
2878 2269 3052 2308 suum
3069 2250 3436 2324 qualibetdie
3448 2257 3694 2325 possent

2027 2339 2274 2412 explere.
2312 2341 2473 2397 Unde
2503 2346 2560 2397 et
2588 2341 2779 2398 adhuc
2826 2341 3069 2413 quidam
3102 2341 3342 2397 easdem
3390 2340 3691 2398 orationes

2026 2429 2307 2500 quotidie,
2340 2430 2518 2486 etiam
2567 2447 2700 2486 cum
2728 2435 2754 2496 λ(
2781 2430 3014 2502 proprio
3065 2428 3346 2502 [propria]
3385 2429 3694 2490 abundent

2026 2517 2218 2573 ofﬁcio
2249 2517 2507 2588 [officia],
2538 2517 2746 2574 nolunt
2793 2519 3256 2591 praetermittere.
3309 2518 3376 2574 In
3425 2516 3689 2592 singulis

2027 2622 2261 2678 quoque
2289 2605 2950 2676 hebdomadibus,sexta
2979 2605 3120 2663 feria
3146 2606 3218 2662 de
3247 2622 3441 2675 cruce,
3459 2609 3518 2662 et
3549 2606 3692 2662 Sab-

2028 2695 2163 2752 bato
2193 2695 2264 2750 de
2295 2699 2499 2752 sancta
2526 2695 2712 2751 Maria
2741 2711 2889 2768 pene
2934 2711 3358 2768 usquequaque
3396 2699 3686 2763 servatur,

2029 2800 2145 2838 non
2192 2788 2314 2838 tam
2342 2799 2412 2838 ex
2441 2783 2786 2840 auctoritate
2817 2800 2996 2856 quam
3048 2799 3117 2839 ex
3148 2783 3476 2840 devotione.
3520 2782 3692 2840 Sicut

2029 2872 2209 2946 igitur
2237 2871 2581 2944 bujusmodi
2602 2871 3038 2928 observationes
3069 2870 3216 2927 nulli
3251 2871 3443 2946 magis
3473 2870 3694 2928 hebdo-

2031 2961 2215 3018 madas
2247 2977 2426 3033 quam
2459 2959 2559 3017 alii
2591 2959 3078 3030 ascribuntur,ita
3101 2959 3494 3018 nihilominus
3513 2965 3574 3016 et
3591 2959 3697 3016 illa

2029 3051 2102 3107 de
2131 3053 2337 3106 sancta
2360 3048 3070 3122 Trinitate.lncongruum
3093 3065 3230 3122 ergo
3255 3048 3492 3105 videtur
3509 3065 3694 3106 unam

2032 3137 2398 3195 Dominicam
2428 3154 2562 3192 cum
2589 3136 2951 3194 orationibus
3000 3136 3218 3208 Albini,
3253 3141 3311 3193 et
3337 3141 3514 3194 cantu
3563 3139 3693 3194 Ste-

273 3230 392 3288 Vidi
411 3231 648 3296 ostium;
682 3229 1002 3285 orationem
1032 3245 1184 3296 vero,
1218 3227 1276 3284 id
1309 3232 1399 3284 est
1427 3229 1918 3301 deprecationem,
1951 3205 1996 3274 (ἶ
2033 3227 2212 3300 phani
2251 3227 2324 3283 de
2371 3231 2577 3284 sancta
2622 3225 2906 3282 Trinitate
2954 3224 3258 3294 celebrari,
3297 3242 3431 3282 cum
3481 3242 3691 3283 omnes

267 3337 335 3376 ex
365 3317 842 3390 Quadragesima,
875 3321 932 3372 et
973 3317 1354 3390 Evangelium
1383 3318 1452 3374 de
1483 3318 1708 3374 Pascha
1737 3335 1919 3374 anno-

266 3409 388 3464 tino
421 3407 713 3464 mutuavit
745 3423 758 3461 :
790 3406 1051 3464 ofﬁcium
1097 3411 1294 3464 autem
1323 3407 1396 3463 de
1435 3407 1562 3480 ipso
1591 3407 1685 3464 die
1714 3411 1920 3464 Pente-

267 3500 477 3566 costes,
497 3513 562 3553 eo
593 3496 748 3568 quod
775 3499 978 3552 octava
1003 3497 1132 3568 ejus
1162 3495 1664 3568 sit,competenter
1687 3495 1916 3570 accipit.

265 3585 354 3640 Ad
406 3585 787 3650 Nocturnum,
822 3600 1028 3640 novem
1078 3583 1357 3640 lectiones
1379 3584 1553 3656 juxta
1588 3584 1917 3641 Romanum

267 3673 542 3730 Ordinem
576 3671 989 3740 dicimus,licet
1019 3671 1260 3728 totidem
1295 3674 1665 3744 responsoria
1693 3673 1764 3730 de
1791 3672 1917 3745 Spi-

266 3763 382 3819 ritu
406 3766 607 3820 sancto
651 3761 709 3816 in
752 3761 1013 3833 antiquis
1043 3759 1484 3832 Antiphonariis
1516 3777 1631 3817 non
1661 3761 1918 3817 invenia-

266 3867 421 3907 mus.
455 3851 522 3904 Et
549 3849 656 3904 hoc
689 3849 934 3904 fortasse
964 3848 1094 3903 ideo
1125 3849 1264 3920 quia
1294 3849 1538 3906 Romani
1573 3866 1690 3905 non
1722 3850 1917 3923 singu-

264 3939 340 3994 lis
369 3935 727 3993 lectionibus
749 3935 981 4009 singula
1011 3953 1243 4010 semper
1268 3938 1640 4010 subjungunt
1677 3955 1916 4012 respon-

267 4026 599 4094 soria,nam
643 4024 882 4080 tertium
913 4025 1035 4082 sive
1059 4043 1282 4083 nonum
1341 4026 1642 4084 multoties
1681 4032 1916 4100 praeter-

266 4113 650 4172 mittunt.Nos
681 4117 875 4169 tamen
906 4116 1200 4188 praedictis
1221 4131 1426 4172 novem
1453 4115 1804 4174 lectionibus
1836 4121 1918 4172 to-

264 4205 445 4260 tidem
471 4201 844 4274 responsoria
872 4202 1188 4271 alleluiata,
1222 4205 1612 4276 undecunque
1655 4203 1914 4272 collecta,

266 4291 622 4365 Gregoriano
656 4307 815 4347 more
844 4292 1334 4359 subnectimus,id
1364 4298 1452 4348 est
1471 4293 1917 4350 communiones

265 4398 370 4456 pro
397 4379 787 4453 responsoriis
818 4380 1192 4454 accipientes,
1215 4385 1281 4435 ut
1326 4381 1385 4435 in
1425 4378 1721 4454 aliquibus
1751 4380 1919 4438 libris

265 4469 644 4544 reperitur.ln
677 4469 999 4525 crastinum
1033 4472 1229 4525 autem
1278 4469 1350 4524 de
1380 4467 1548 4526 libris
1587 4469 1812 4543 Regum
1845 4471 1918 4526 ad

2029 3315 2340 3374 Dominica:
2372 3313 2727 3372 authenticis
2777 3313 3081 3370 abundent
3127 3313 3363 3384 officiis,
3409 3332 3538 3388 quae
3570 3331 3688 3372 non

2029 3405 2226 3462 minus
2258 3405 2428 3462 nobis
2478 3403 2755 3460 intimant
2783 3403 3065 3460 honorem
3111 3408 3327 3460 sancte
3354 3403 3684 3461 Trinitatis.

2025 3493 2432 3550 Praefationem
2482 3497 2675 3550 autem
2708 3493 2780 3549 de
2835 3497 3038 3550 sancta
3072 3492 3375 3558 Trinitate,
3418 3509 3598 3566 quam
3621 3493 3682 3549 in

2029 3583 2236 3639 diebus
2267 3581 2587 3639 Dominicis
2616 3582 3202 3654 frequentamus,non
3229 3597 3300 3638 ex
3321 3581 3556 3650 Albino,
3575 3581 3680 3639 sed

2028 3689 2097 3727 ex
2148 3671 2412 3728 Romana
2457 3669 2804 3726 auctoritate
2832 3669 3224 3742 suscepimus.
3259 3670 3405 3726 Nam
3437 3669 3562 3726 haec
3589 3675 3683 3727 est

2029 3776 2146 3816 una
2171 3775 2239 3815 ex
2270 3758 2385 3816 illis
2416 3774 2622 3814 novem
2651 3775 2800 3830 quas
2829 3757 2986 3815 solas
3016 3758 3287 3832 Pelagius
3317 3774 3491 3832 papa,
3518 3761 3682 3814 ante-

2025 3865 2222 3905 cessor
2250 3846 2534 3921 Gregorii,
2564 3847 2872 3905 constituit
2917 3847 3238 3904 observari.
3273 3846 3431 3904 Fecit
3478 3851 3682 3903 tamen

2026 3938 2182 3994 idem
2231 3936 2478 3993 Albinus
2521 3936 2583 3991 in
2627 3941 2833 3992 sancta
2863 3935 3121 3992 Ecclesia
3151 3952 3266 3993 non
3307 3938 3689 3993 contemnen-

2025 4029 2167 4086 dum
2193 4041 2504 4100 opus,nam
2535 4026 2926 4098 Gregorianas
2956 4026 3250 4082 orationes
3280 4025 3342 4082 in
3372 4024 3542 4082 libris
3585 4025 3685 4083 Sa-

2025 4118 2459 4173 cramentorum
2492 4113 2800 4188 collegisse
2829 4113 3134 4184 asseritur,
3168 4113 3373 4188 paucis
3419 4113 3556 4172 aliis
3587 4114 3686 4170 ad-

2018 4205 2367 4278 jectis,quas
2391 4208 2589 4260 tamen
2621 4201 2731 4260 sub
2761 4202 2926 4260 obelo
2975 4203 3265 4259 notandas
3295 4217 3426 4260 esse
3453 4201 3684 4259 indica-

2026 4293 2350 4350 vit.Deinde
2366 4291 2512 4350 alias
2539 4292 2832 4349 orationes
2862 4291 2983 4348 sive
3010 4291 3398 4364 praefationes,
3422 4291 3536 4348 etsi
3562 4307 3681 4348 non

2027 4379 2850 4456 Gregorianas,ecclesiastieae
2879 4385 3076 4437 tamen
3098 4378 3423 4437 celebritati
3439 4379 3682 4437 idoneas

2027 4470 2279 4545 collegit,
2313 4470 2466 4527 sicut
2524 4467 2802 4542 prologus
2851 4473 3104 4526 testatur
3151 4485 3329 4542 quem
3377 4471 3512 4541 post
3540 4469 3682 4526 Gre-

265 4562 614 4615 nocturnam
647 4557 900 4630 legimus
919 4561 977 4613 et
998 4555 1351 4626 canimus,et
1373 4557 1637 4617 ofﬁcium
1663 4559 1736 4614 ad
1770 4558 1916 4616 mis-
1945 4577 1996 4643 D
2026 4560 2300 4635 gorianas
2329 4559 2618 4617 orationes
2659 4558 2718 4614 in
2751 4558 2943 4616 medio
2985 4559 3254 4631 ejusdem
3279 4557 3415 4614 libri
3441 4556 3684 4615 colloca-

264 4663 392 4703 sam
427 4663 440 4702 :
471 4647 719 4713 Domine,
747 4646 807 4700 in
837 4644 1071 4711 tua,nisi
1105 4643 1344 4716 aliquod
1377 4643 1668 4702 celebrare
1699 4646 1915 4703 festum

265 4735 586 4792 habeamus
599 4733 836 4806 [festum
849 4731 1141 4790 celebrare
1153 4733 1514 4806 debeamus].
1525 4734 1722 4808 Ipsum
1741 4735 1916 4792 etiam

264 4822 525 4880 officium
556 4823 615 4878 in
649 4821 918 4895 sequenti
950 4821 1256 4879 Dominica
1286 4823 1547 4879 Romano
1591 4839 1751 4880 more
1780 4841 1912 4897 pos-
1990 4862 1994 4866 -

265 4929 474 4968 sumus
501 4917 780 4984 repetere,
809 4911 859 4968 si
889 4914 1085 4969 tamen
1115 4928 1182 4968 eo
1213 4928 1364 4968 anno
1396 4928 1583 4984 usque
1603 4911 1662 4968 in
1691 4913 1914 4970 Adven-

265 5007 395 5057 tum
425 5000 656 5056 Domini
688 4999 887 5073 plures
917 5000 1297 5057 hebdomadw
1328 5001 1672 5058 fuerint.Sin
1695 5006 1914 5070 autem,

265 5086 458 5145 ofﬁcio
490 5105 502 5143 :
535 5089 784 5155 Domine,
809 5092 865 5144 in
899 5093 1015 5160 tua,
1049 5089 1182 5146 solm
1217 5089 1368 5146 feriae
1403 5089 1700 5146 sufﬁciant
1733 5091 1915 5159 [suffi-

267 5175 477 5246 ciunt],
509 5177 661 5232 sicut
690 5176 928 5232 cuilibet
961 5178 1300 5233 Dominicali
1335 5177 1525 5233 officio
1567 5178 1722 5234 feriae
1754 5181 1916 5236 suffi-

267 5265 451 5328 ciunt,
473 5265 643 5333 cujus
669 5263 1033 5323 Dominicam
1064 5266 1298 5339 aliquod
1331 5265 1625 5322 celebrare
1657 5268 1916 5326 officium

269 5351 660 5420 occupaverit.

475 5441 606 5491 CAP.
641 5439 751 5494 LX.
784 5473 850 5482 —
879 5444 954 5498 De
973 5445 1150 5516 ofﬁcio
1181 5449 1386 5502 sanctae
1416 5445 1718 5499 Trinitatis.

344 5519 593 5584 Quidam
621 5532 812 5586 autem
847 5531 1105 5588 ofﬁcium
1161 5533 1232 5588 de
1285 5535 1488 5589 sancta
1531 5530 1814 5591 Trinitate
1861 5536 1919 5596 in

271 5613 477 5669 octava
506 5610 872 5678 Pentecostes
903 5618 1381 5689 instituunt,licet
1401 5636 1517 5676 non
1548 5618 1628 5677 sit
1657 5619 1919 5683 alleluia-

2025 4650 2127 4707 vit.

2111 4739 2245 4795 CAP.
2280 4737 2414 4793 LXI.
2447 4767 2516 4776 —
2546 4741 2627 4794 De
2653 4737 2941 4793 concordia
2969 4744 3020 4793 et
3045 4736 3236 4794 ordine
3263 4735 3594 4808 ofﬁciorum.

2095 4826 2410 4884 Sciendum
2441 4828 2637 4882 autem
2667 4825 2822 4898 quod
2855 4829 3095 4882 sanctus
3123 4823 3440 4898 Gregorius
3477 4825 3563 4880 ita
3590 4839 3682 4880 ec-

2025 4915 2351 4974 clesiastica
2375 4914 2665 4970 ordinavit
2679 4913 2890 4982 ofﬁcia,
2906 4919 2972 4970 ut
2987 4912 3178 4986 prima
3188 4913 3373 4970 oratio
3394 4913 3455 4968 in
3473 4912 3680 4982 missa,

2026 5002 2478 5075 officioJectioni
2509 5007 2568 5058 et
2594 5002 2892 5076 evangelio
2923 5017 3156 5076 semper
3184 5001 3516 5072 concordet,
3529 5000 3685 5058 sicut

2025 5095 2084 5151 in
2111 5092 2388 5151 omnibus
2417 5091 2894 5148 solemnitatibus
2927 5090 3283 5164 deprehendi
3326 5093 3539 5163 potest.
3569 5090 3681 5148 Sed

2026 5184 2180 5240 hanc
2209 5179 2580 5238 concordiam
2595 5178 2654 5235 in
2667 5179 3024 5238 aastivalibus
3054 5178 3376 5237 Dominicis
3395 5178 3481 5235 illi
3502 5178 3686 5235 maxi-

2026 5289 2122 5329 me
2151 5266 2646 5340 confundunt,qui
2661 5270 2994 5327 vacantium
3013 5269 3453 5327 Dominicarum
3475 5267 3685 5324 oratio-

2027 5376 2133 5417 nes
2190 5359 2510 5430 incongrue
2560 5361 2896 5415 assumunt.
2955 5356 3134 5414 Verbi
3174 5356 3384 5430 gratia,
3425 5358 3494 5412 ut
3516 5353 3680 5412 illam

2027 5446 2960 5518 orationem:Deprecationem,etsi
2987 5447 3047 5503 in
3080 5450 3283 5504 octava
3309 5449 3684 5504 Pentecostee

2029 5539 2162 5612 post
2190 5535 2488 5608 jejunium
2547 5534 2808 5600 Quatuor
2853 5537 3209 5610 Temporum
3266 5535 3532 5610 legitime
3589 5551 3684 5608 po-

2029 5622 2530 5696 natur,multoties
2561 5627 2758 5682 tamen
2790 5630 2849 5684 et
2877 5625 3026 5685 inter
3057 5625 3390 5686 Dominicas
3417 5625 3480 5682 in
3512 5623 3684 5682 tertio
