3920 6208
217 314 355 396 ΙὈΞΙ

1225 328 1701 396 RADULPHUS
1744 325 2384 394 BURGUNDIONUM
2429 326 2609 390 REX.

3456 329 3614 392 1022

213 469 328 526 loco
357 466 650 541 reperitur
711 470 769 525 et
797 467 907 524 hoc
937 467 1066 524 ideo
1097 467 1234 541 quia
1255 471 1310 523 et
1329 467 1670 539 praedictum
1696 466 1852 538 jeju-
1882 466 1939 534 Α
1968 462 2103 518 CAP.
2136 462 2296 519 LXII.
2321 494 2386 504 —
2417 463 2491 518 De
2518 462 2875 541 Dominiciali
2902 463 3080 541 ofﬁcio
3120 482 3229 521 non
3265 468 3429 538 facile
3462 482 3610 541 prac-

213 557 365 615 nium
398 558 458 613 in
491 558 748 614 secunda
775 557 1143 613 bebdomada
1174 561 1304 630 post
1332 560 1710 611 Pentecosten
1743 553 1854 609 ali-

216 646 463 722 quando,
492 645 627 702 licet
668 646 1007 719 incongrue,
1044 646 1384 703 celebretur.
1411 647 1518 712 Qui
1549 660 1685 715 ergo
1718 662 1856 716 proe-

214 735 419 793 dictam
452 736 773 791 orationem
803 735 974 791 tertio
1006 734 1351 790 Dominicali
1379 734 1568 789 officio
1600 732 1853 804 applica-

214 826 370 892 verit,
411 824 782 880 concordiam
830 823 1155 880 officiorum
1206 839 1391 895 usque
1440 822 1497 876 in
1544 822 1854 877 adventum

215 913 437 972 Domini
456 914 781 970 secundum
795 913 1057 968 ordinem
1073 912 1440 969 disturbabit.
1456 911 1669 966 Eodem
1684 909 1856 964 modo

216 1008 269 1059 et
310 1002 408 1058 ille
456 1002 737 1074 peccabit,
758 1001 807 1057 si
843 1002 974 1073 quis
1006 1006 1135 1073 post
1170 999 1465 1073 jejunium
1517 997 1858 1054 autumnale

217 1091 458 1148 orationi
490 1090 747 1146 vacantis
792 1090 1121 1156 Dominicae,
1156 1090 1274 1145 sive
1305 1087 1389 1142 illi
1422 1088 1670 1143 orationi
1707 1104 1719 1142 :
1756 1088 1856 1141 Ab-

215 1183 370 1249 solve,
404 1196 532 1253 quae
557 1180 851 1251 jejunium
896 1179 1167 1250 praecedit
1214 1178 1432 1249 aliquid
1481 1177 1759 1248 [aliquod]
1793 1193 1861 1230 ex

218 1268 669 1326 Dominicalibus
701 1268 909 1324 ofﬁciis
932 1268 1310 1339 adaptaverit.
1342 1267 1415 1321 lis
1437 1283 1571 1337 ergo
1606 1266 1862 1338 praemis-

218 1358 314 1424 sis,
348 1358 428 1413 ita
459 1356 726 1413 Missales
759 1358 1049 1412 orationes
1082 1354 1329 1427 singulis
1369 1354 1575 1409 officiis
1608 1353 1857 1409 feriatim

217 1446 574 1520 copulentur,
619 1449 685 1502 ut
730 1445 832 1501 illa
878 1445 1106 1500 oratio:
1143 1445 1487 1515 Omnipotens
1536 1446 1862 1514 sempiterna

216 1538 371 1601 Deus,
418 1538 515 1607 qui
561 1534 903 1590 abundantia
945 1536 1186 1606 pictatis,
1235 1532 1317 1586 illi
1369 1532 1664 1605 evangelio
1699 1548 1712 1585 :
1747 1533 1862 1587 Duo

216 1626 476 1691 homines,
501 1624 777 1690 societur,
803 1640 929 1694 quae
953 1622 1025 1677 ad
1052 1622 1294 1677 invicem
1319 1622 1460 1679 adeo
1484 1621 1858 1686 concordant,

216 1716 279 1769 ut
305 1712 531 1769 devotio
557 1712 851 1784 publicani
883 1712 942 1766 in
970 1711 1097 1783 ipsa
1127 1710 1387 1765 oratione
1410 1710 1653 1781 exprimi
1678 1710 1864 1763 videa-

216 1809 327 1859 tur.
362 1801 504 1858 Item
536 1799 637 1857 illa
668 1805 889 1855 secreta
918 1816 929 1854 :
961 1800 1097 1855 Deus
1119 1801 1213 1869 qui
1243 1799 1507 1867 legalium
1534 1804 1560 1864 ῒ
1597 1799 1861 1869 differen-

216 1895 292 1948 tia
336 1890 734 1961 sacriﬁciorum
790 1889 1175 1960 [differentiam
1228 1888 1576 1957 hostiarum],
1633 1904 1865 1958 semper

206 1981 511 2054 jungenda
559 1984 648 2034 est
691 1977 778 2033 illi
827 1977 1164 2045 oil'ertorio:
1219 1977 1367 2031 Sicut
1420 1978 1474 2030 in
1525 1976 1856 2031 holocausta.

215 2071 358 2127 Nam
389 2067 659 2141 quamvis
679 2070 737 2124 et
757 2066 880 2123 alias
903 2066 1245 2137 hujusmodi
1276 2065 1565 2120 orationes
1596 2065 1719 2119 suis
1742 2065 1863 2118 olli-

216 2159 318 2215 ciis
360 2156 762 2214 indubitanter
809 2155 1176 2224 concordent,
1211 2154 1270 2209 in
1322 2154 1616 2225 praedictis
1666 2158 1861 2206 tamen

215 2246 531 2305 evidentior
561 2245 869 2302 concordia
909 2248 1180 2300 notatur:
1206 2259 1381 2314 quam
1415 2241 1513 2313 qui
1554 2240 1865 2312 diligenter

213 2335 625 2403 observaverit,
656 2346 762 2390 nec
793 2338 981 2399 antea,
1006 2349 1111 2387 nec
1142 2337 1344 2404 postea
1371 2330 1741 2386 concordiam
1775 2331 1861 2386 of-

215 2426 481 2482 ficiorum
512 2423 887 2490 disturbabit,
921 2422 968 2477 si
1003 2438 1105 2493 per
1131 2422 1396 2477 ordinem
1425 2419 1633 2475 officiis
1661 2419 1867 2475 oratio-

218 2531 321 2573 nes
352 2512 568 2570 viritim
600 2512 824 2569 sociare
852 2510 1120 2567 voluerit.

2618 535 2975 591 termittendo.

2034 669 2210 723 Juxta
2245 668 2567 723 Romanam
2601 669 3107 739 consuetudinem,
3140 669 3198 726 in
3233 673 3392 726 omni
3423 674 3616 729 Domi-

1966 757 2098 812 nica
2140 756 2535 812 ecclesiastico
2583 758 2891 813 conventui
2943 776 3076 814 cum
3124 760 3315 816 officio
3361 760 3619 816 Domini-

1965 864 2041 900 cae
2074 846 2464 917 [Dominicali]
2499 847 2918 915 satisfacimus,
2957 848 3071 904 nisi
3120 850 3318 921 aliqua
3368 850 3619 906 multum

1967 935 2211 990 celebris
2243 936 2522 991 festivitas
2556 936 2612 990 in
2646 935 2776 1008 ipsa
2828 937 2921 993 die
2969 944 3255 1006 occurrat,
3294 944 3360 995 ut
3407 940 3621 995 festum

1964 1023 2212 1077 Joannis
2273 1023 2569 1095 Baptistae,
2600 1024 2688 1079 vel
2735 1026 2919 1080 sancti
2983 1027 3131 1081 Petri
3185 1028 3433 1099 apostoli
3470 1046 3483 1084 :
3520 1046 3621 1101 pro

1968 1112 2182 1182 quibus
2231 1129 2343 1164 non
2397 1113 2593 1167 minus
2624 1131 2805 1184 quam
2860 1133 2963 1187 pro
3021 1116 3321 1173 Dominica
3372 1117 3624 1189 populus

1970 1199 2116 1254 solet
2149 1201 2512 1271 congregari,
2546 1219 2693 1272 quas
2722 1207 2779 1257 et
2811 1203 2869 1258 in
2901 1205 3030 1259 aliis
3074 1206 3281 1261 diebus
3314 1206 3621 1261 solemnis-

1970 1288 2118 1343 sime
2158 1288 2603 1343 celebraremus.
2641 1293 2782 1346 Item
2831 1310 2963 1347 cum
3019 1294 3215 1365 plures
3267 1296 3384 1349 siut
3437 1298 3620 1366 [sunt]

1974 1376 2285 1433 Domiuieae
2316 1395 2494 1449 quam
2526 1378 2734 1443 officia,
2765 1398 2877 1434 non
2913 1387 2977 1436 ut
3002 1383 3238 1453 quidam
3271 1384 3619 1452 differimus,

1972 1467 2071 1521 sed
2132 1466 2359 1537 quoties
2414 1484 2649 1522 necesse
2704 1469 2831 1534 fuit,
2892 1470 3092 1541 aliqua
3150 1473 3487 1543 repetimus,
3523 1474 3621 1529 illo

1972 1556 2255 1610 duntaxat
2288 1556 2592 1611 observato
2636 1562 2701 1611 ut
2743 1557 3015 1614 ultimum
3050 1560 3308 1616 officium
3340 1562 3400 1615 in
3436 1562 3623 1633 proxi-

1974 1661 2068 1699 ma
2114 1648 2341 1698 tantum
2405 1644 2770 1702 hebdomada
2827 1651 2958 1702 ante
3012 1650 3335 1703 Adventum
3397 1650 3625 1705 Domini

1972 1737 2258 1787 cantetur.
2294 1735 2391 1787 Est
2436 1736 2591 1788 enim
2639 1736 2981 1807 praeparatio
3028 1738 3256 1792 Domini
3305 1739 3624 1805 Adventus,

1893 1838 1940 1902 Β
1972 1822 2071 1893 qui
2106 1838 2336 1892 semper
2378 1822 2436 1877 in
2484 1823 2690 1894 quinta
2736 1825 3037 1881 Dominica
3085 1831 3218 1881 ante
3267 1827 3467 1884 Natale
3516 1829 3626 1883 Do-

1974 1910 2114 1965 mini
2160 1911 2332 1967 debet
2380 1911 2618 1982 initiari,
2658 1913 2920 1969 videlicet
2951 1920 3016 1969 ut
3046 1914 3198 1970 sicut
3246 1916 3471 1989 antiqui
3519 1922 3628 1972 Pa-

1970 2003 2088 2054 tres
2120 2016 2220 2070 per
2250 2001 2514 2071 quinque
2548 2006 2783 2057 aetatum
2823 2003 3137 2070 curricula,
3173 2005 3291 2060 sive
3322 2022 3425 2078 per
3453 2006 3628 2078 quin-

1973 2105 2084 2159 que
2119 2088 2296 2143 libros
2329 2090 2567 2161 Moysis,
2592 2092 2661 2145 de
2704 2092 2966 2147 Adventu
2999 2093 3209 2148 Christi
3245 2095 3434 2149 edocti
3467 2100 3625 2163 sunt,

1973 2177 2357 2232 nihilominus
2389 2186 2443 2232 et
2475 2196 2580 2233 nes
2623 2197 2724 2251 per
2755 2181 3015 2251 quinque
3046 2183 3382 2239 Dominicas
3410 2184 3481 2239 de
3512 2186 3628 2239 Ad-

1972 2272 2143 2320 ventu
2178 2267 2305 2335 ejus
2346 2268 2728 2336 instruamur,
2766 2273 2828 2323 ut
2868 2270 3037 2338 juxta
3084 2271 3449 2343 evangelium
3500 2273 3624 2343 eju-

1974 2356 2134 2410 sdem
2169 2355 2303 2415 diei,
2339 2356 2408 2411 de
2452 2356 2712 2427 quinque
2752 2358 3002 2429 panibus
3033 2375 3166 2414 cum
3199 2359 3458 2433 quinque
3492 2362 3624 2431 mil—

1972 2443 2130 2499 libus
2161 2444 2470 2501 hominum
2494 2446 2746 2501 saturari
2780 2462 3127 2503 mereamur.

1638 2660 1751 2730 Exp
1761 2658 1878 2713 licit
1905 2667 2215 2731 Μικρόλογος.

218 2810 3632 2845 2W

1247 2961 2204 3130 SfECULI
2344 2963 2613 3130 XI

673 3219 1814 3360 MONUMENTA
1921 3218 3187 3357 DIPLOMATICA

1096 3562 2005 3657 IMPERATOBUM
2068 3561 2757 3656 GERMANIZE

1770 3743 2080 3802 NECNON

1332 3881 2059 3970 FRANCORUM
2117 3884 2519 3971 REGUM

479 4066 1151 4181 DIPLOMATA
1218 4069 1360 4178 ET
1412 4065 2370 4182 CONSTITUTIONES
2438 4068 3349 4187 ECCLESIASTlCzE

644 4346 723 4399 θ

1323 4388 2216 4492 ΒΑυυιειυε
2308 4391 2511 4490 III

1072 4579 1609 4640 COGNOMENTO
1654 4579 1851 4649 PIUS,
1900 4577 2538 4641 BURGUNDIONUM
2586 4583 2765 4642 REX.

1678 4727 1808 4797 (An.
1838 4727 2163 4798 994-1032.)

1236 4951 1787 5045 BADULFI
1876 4951 2603 5045 DIPLOMATA

1016 5155 1037 5209 Ι

182 5248 508 5318 Conﬁrmat
531 5260 654 5316 quae
693 5245 1024 5318 mmmﬁterio
1054 5244 1109 5318 β.
1143 5243 1729 5318 Andrechnnensis
1771 5245 1864 5298 do-

603 5323 831 5371 naverat
860 5315 1138 5371 Conradus
1162 5319 1323 5387 pater
1350 5317 1480 5387 ejus.

856 5422 1042 5494 (Anno
1077 5422 1225 5494 994.)

423 5511 654 5586 [Edidit
686 5512 936 5580 Acnsav,
967 5512 1161 5583 Spicil.
1198 5515 1238 5567 t.
1274 5511 1368 5578 IlI,
1401 5528 1457 5582 p.
1490 5511 1639 5580 380.]

284 5605 359 5661 In
389 5601 637 5660 nomine
667 5600 738 5656 Dr
757 5601 900 5657 mini
932 5600 1031 5657 Dei
1060 5600 1280 5669 aeterni,
1315 5600 1624 5656 RADULFUS
1655 5614 1772 5655 rex.

1896 5158 1938 5223 C
2048 5155 2106 5210 Si
2138 5154 2301 5209 locus
2333 5159 2671 5212 sanctorum
2715 5178 2873 5216 more
2920 5160 3372 5232 praecedentium
3423 5176 3626 5231 regum

1977 5242 2394 5299 catholicorum
2419 5242 2640 5316 aliquid
2662 5247 3011 5321 compendii,
3034 5247 3187 5302 unde
3206 5249 3325 5304 vita
3344 5247 3485 5303 inibi
3510 5248 3625 5303 Deo

1976 5330 2389 5387 famulantium
2405 5337 2895 5404 sustentetur,con
2906 5337 3049 5391 ferre
3067 5337 3393 5407 studemus,
3412 5354 3524 5392 non
3540 5355 3627 5393 so-

1974 5420 2099 5474 lum
2122 5420 2180 5473 in
2198 5420 2307 5475 hac
2324 5421 2439 5476 vita
2457 5422 2681 5479 diutius
2700 5442 2830 5479 cum
2855 5423 3233 5496 prosperitate
3256 5431 3625 5501 regnaturos,

1974 5525 2175 5563 verum
2198 5507 2256 5562 in
2280 5510 2520 5580 perenni
2547 5530 2580 5566 a
2601 5513 2714 5567 Deo
2740 5512 3339 5584 recompensationem
3371 5517 3625 5591 recipere

1974 5595 2345 5653 confidimus.
2397 5599 2677 5663 Quocirca
2728 5601 2949 5659 noverit
3005 5606 3218 5661 sanctas
3273 5607 3375 5666 Dei
3430 5607 3623 5666 Eccle-
