3920 6208
302 327 472 413 ¹ηερ.

1676 327 1992 399 MONUM.
2044 328 2366 398 DIPLOM.

3579 327 3749 397 1034

314 467 409 523 size
430 468 885 537 nostrorumque
907 463 1169 522 ﬁdelium
1190 464 1561 533 universitas,
1584 467 1959 540 praesentium
1990 470 2046 537 Α
2077 470 2148 526 ad
2168 484 2465 526 summam
2481 465 2755 525 duxerint
2768 466 3260 544 diguitatem,nos
3276 462 3750 541 quidem,exem-

312 554 535 611 scilicet
549 570 615 609 ac
632 554 1133 626 futurorum,quia
1148 554 1497 611 venerabilis
1516 555 1695 611 abbas
1716 556 1966 612 Haimoi-

315 662 426 700 nus
459 644 530 699 de
561 643 913 699 monasterio
947 642 1145 698 Sancti
1175 643 1416 700 Andreae
1439 643 1707 717 apostoli,
1731 644 1792 700 in
1824 645 1932 700 civi
1953 676 1967 686 -

311 739 429 790 tate
457 734 719 807 Vigenne
773 731 894 798 siti,
917 749 1052 788 cum
1093 733 1397 788 monachis
1447 734 1558 788 sibi
1608 733 1964 799 commissis,

313 828 447 880 ante
479 823 846 897 prementium
878 826 1141 878 nostram
1174 827 1528 894 praeceptum
1567 824 1749 895 patris
1782 825 1965 878 nostri

312 911 933 985 deferens,postulavit
954 915 1020 966 ut
1041 928 1131 966 res
1156 928 1284 982 quas
1314 910 1371 966 in
1397 912 1523 983 ipso
1557 912 1626 966 ad
1660 914 1965 985 praefatum

313 1002 735 1059 monasterium
760 1019 794 1056 a
815 1018 874 1057 se
896 1001 1252 1071 jamdudum
1277 1005 1667 1056 restauratum
1688 1002 1965 1075 delegata:

311 1098 477 1149 erant
498 1108 601 1164 pro
624 1091 835 1146 animm
858 1090 1064 1145 matris
1085 1095 1297 1145 nostra:
1323 1089 1619 1146 Mathildis
1644 1091 1854 1162 reginas
1878 1108 1966 1146 re-

312 1182 503 1238 medio
535 1197 603 1236 ac
633 1197 772 1245 suae,
797 1184 1009 1234 nostrae
1041 1179 1406 1235 auctoritatis
1436 1184 1720 1252 praecepto
1744 1181 1813 1235 ad
1835 1198 1967 1235 sus-

310 1270 687 1326 tentationem
713 1268 827 1323 Deo
852 1268 931 1323 ibi
965 1266 1341 1323 servientium
1367 1269 1739 1324 corroborarc
1761 1269 1966 1341 digna-

310 1376 525 1415 remur.
552 1359 702 1414 Sunt
731 1362 926 1412 autem
960 1374 1051 1413 res
1083 1357 1221 1429 ipsa:
1260 1355 1317 1410 in
1360 1373 1507 1430 pago
1538 1357 1781 1429 Vigcnni
1818 1358 1968 1435 sitae,

307 1449 364 1504 in
396 1448 535 1504 villa
561 1447 826 1503 Vitrosco
871 1445 1119 1502 ecclesia
1148 1462 1280 1501 cum
1324 1446 1685 1518 appendiciis
1733 1447 1878 1513 suis,
1912 1452 1968 1501 et

308 1536 596 1610 quidquid
616 1535 673 1590 in
692 1534 821 1607 ipsa
843 1533 1093 1601 villa,vel
1112 1534 1170 1588 in
1188 1533 1357 1589 Arelo
1376 1539 1539 1607 pater
1560 1540 1758 1591 noster
1776 1541 1834 1591 et
1851 1552 1970 1592 ma-

310 1633 398 1683 ter
429 1630 631 1681 nostra
660 1626 730 1680 de
761 1624 1121 1679 Teudowino
1160 1623 1580 1695 acquisierunt,
1606 1629 1664 1679 et
1700 1624 1756 1679 iu
1789 1627 1966 1680 Arcas

309 1732 584 1773 mansum
602 1730 808 1777 unum,
824 1719 880 1767 et
898 1713 952 1766 in
977 1712 1239 1768 Masiano
1261 1712 1520 1768 colonica
1542 1731 1679 1769 una.
1700 1714 1816 1769 Nos
1833 1731 1963 1769 vero

308 1822 424 1861 non
456 1804 647 1861 solum
682 1804 739 1857 in
772 1802 879 1857 hoc
922 1802 974 1858 ei
1017 1819 1327 1857 assensum
1361 1804 1703 1873 praebentes,
1728 1804 1829 1859 sed
1872 1804 1961 1858 in-

306 1910 484 1967 super
513 1910 615 1966 per
643 1891 954 1947 consilium
985 1891 1206 1946 dilecta
1248 1891 1515 1964 conjugis
1561 1896 1772 1946 nostra)
1802 1892 1957 1964 Agil-

304 1982 511 2040 drudis
541 1981 773 2055 reginae,
808 1997 876 2036 ac
909 1981 1103 2035 fratris
1143 1980 1327 2035 nostri
1369 1980 1689 2035 Burchardi
1723 1981 1954 2052 Lugdu-

309 2072 517 2128 nensis
534 2068 976 2142 archiepiscopi,
1001 2068 1320 2141 quamdam
1342 2068 1539 2123 villam
1567 2068 1956 2125 Crisinciacus

308 2161 666 2217 nominatam
690 2175 823 2214 cum
855 2156 1097 2213 familiis
1121 2156 1431 2229 utriusque
1458 2174 1631 2213 sexus
1663 2163 1719 2213 et
1748 2160 1955 2227 aetatis,

303 2255 365 2307 et
392 2251 569 2306 rebus
597 2248 873 2305 omnibus
905 2247 975 2301 ad
1008 2246 1194 2318 ipsam
1232 2246 1706 2318 respicientibus,
1734 2264 1860 2319 quae
1889 2264 1955 2303 ex

306 2340 493 2396 multo
522 2343 783 2411 tempore
804 2337 875 2392 de
906 2335 1143 2407 prazl'ato
1171 2335 1526 2391 monasterio
1556 2336 1789 2392 abblata
1820 2336 1951 2404 fuit,

306 2447 408 2503 pro
438 2426 694 2485 remedio
725 2426 935 2481 animas
968 2424 1153 2497 patris
1184 2425 1387 2491 nostri,
1411 2425 1565 2481 sicut
1594 2426 1718 2497 ipse
1751 2426 1807 2481 in
1843 2426 1955 2482 ﬁne

304 2520 499 2575 obitus
531 2517 621 2573 sui
651 2513 924 2582 reddidit,
950 2517 1152 2569 sancto
1173 2514 1411 2569 Andreas
1440 2519 1758 2586 sanctoque
1780 2515 1956 2571 Maxi-

305 2624 401 2663 mo
433 2606 734 2663 reddimus
765 2608 822 2659 et
852 2602 1250 2669 concedimus,
1273 2607 1330 2659 et
1356 2620 1459 2674 per
1487 2603 1595 2660 hoc
1625 2608 1834 2659 nostra:
1857 2621 1956 2659 au-

305 2695 590 2752 ctoritatis
622 2697 976 2766 prmceptum
1010 2691 1331 2762 sancimus,
1356 2696 1421 2747 ut
1451 2692 1725 2764 deinceps
1755 2692 1955 2749 nullus

305 2785 442 2854 dux,
462 2782 745 2852 marchio,
765 2797 980 2846 comes,
995 2779 1081 2835 vel
1105 2779 1377 2852 quaelibet
1396 2781 1637 2853 grandis
1658 2786 1758 2837 aut
1779 2799 1956 2853 parva

305 2872 469 2944 regni
499 2871 682 2927 nostri
711 2886 958 2942 persona
985 2870 1057 2925 de
1088 2886 1269 2941 supra
1289 2869 1607 2925 nominatis
1627 2871 1802 2926 rebus
1829 2870 1955 2927 nul-

304 2962 426 3017 lum
452 2959 768 3027 teloneum,
788 2958 876 3014 vel
905 2957 1163 3029 aliquam
1184 2958 1531 3014 fonctionem
1555 2959 1780 3031 exigere
1808 2977 1952 3032 pra:-

2081 556 2176 630 pla
2196 558 2459 630 priorum
2481 557 2904 631 perpendentes
2926 574 2993 614 ac
3009 554 3225 613 molem
3245 559 3583 612 nostrorum
3610 573 3745 630 pec-

2078 646 2398 718 caminum,
2423 663 2494 703 ne
2525 646 2611 703 ira
2630 645 2877 702 districti
2892 644 3116 717 judicis
3136 643 3331 718 pavidi
3355 644 3737 711 damnamur,

2077 735 2639 808 archiepiscopatum
2685 733 2958 792 Hibernis
3007 731 3447 789 incursionibus
3496 732 3740 809 penitus

2078 824 2518 899 depOpulatum,
2551 841 2726 897 quem
2767 824 2990 891 Amizo,
3022 826 3198 895 prout
3239 820 3392 877 vires
3423 822 3739 896 appetunt,

2076 914 2411 969 ordinatum
2444 912 2692 979 vestivit,
2738 911 3017 968 comitatu
3067 911 3378 979 donamus,
3412 925 3503 977 ac,
3552 909 3741 984 hujus

2078 1004 2421 1059 auctoritate
2442 1001 2624 1059 nostri
2653 1000 2949 1075 praecepti,
2971 999 3129 1057 hunc
3152 1003 3350 1056 autem
3376 999 3540 1069 juste
3559 1003 3621 1057 et
3650 999 3739 1056 le-

2076 1092 2285 1166 galiter
2308 1108 2436 1148 esse
2466 1092 2671 1147 datum
2703 1092 3029 1158 ﬁrmamus,
3055 1093 3121 1145 ut
3142 1088 3294 1145 sicut
3317 1088 3737 1160 praedictorum

2078 1181 2345 1254 malignae
2387 1179 2708 1236 incursioni
2760 1178 3082 1253 saepissime
3134 1176 3353 1233 decidit
3399 1175 3619 1245 furore,
3652 1178 3739 1233 ita

2078 1271 2262 1327 nostri
2314 1269 2636 1342 juvaminis
2696 1268 3032 1324 sublevetur
3088 1266 3327 1322 honore.
3360 1264 3481 1321 Hoc
3532 1269 3735 1323 autem

2077 1358 2233 1416 omni
2266 1357 2727 1415 consideratione
2757 1356 2916 1412 cordi
2939 1354 3364 1422 commitimus,
3390 1353 3736 1411 Dominum-

2077 1465 2190 1521 que
2210 1448 2506 1503 Christum
2526 1451 2727 1503 Jesum
2752 1445 2880 1501 ﬁxis
2901 1443 3149 1517 genibus
3181 1441 3594 1516 imploramus,
3611 1458 3737 1515 quo

2077 1538 2168 1594 his
2200 1536 2448 1609 peractis
2480 1535 2549 1591 ad
2582 1534 2833 1592 coalestis
2862 1532 3063 1605 patrias
3100 1529 3404 1587 valeamus
3434 1531 3737 1603 deportari

2074 1643 2343 1699 regnum,
2365 1641 2429 1681 ac
2458 1627 2805 1698 potestatem
2832 1627 3045 1677 sanctae
3077 1620 3174 1676 Dei
3205 1618 3478 1677 Ecclesiae
3509 1621 3735 1677 Taren-

2074 1715 2235 1771 tasiae
2265 1714 2558 1787 integrum
2589 1710 2946 1768 conferimus
2976 1707 3341 1775 comitatum,
3364 1723 3481 1780 quo
3510 1708 3736 1769 beatis-

2075 1806 2361 1861 simorum
2392 1800 2790 1875 apostolorum
2823 1797 3104 1873 principis
3127 1797 3255 1871 jam
3285 1796 3507 1854 dictum
3539 1795 3736 1854 comi-

2068 1899 2252 1950 tatum
2286 1898 2398 1949 Deo
2430 1891 2767 1959 deferimus,
2802 1892 2869 1945 ut
2896 1889 2954 1943 in
2987 1887 3265 1944 omnibus
3295 1886 3561 1943 eamdem
3595 1886 3737 1959 ipse

2067 1983 2379 2055 przedictus
2408 1978 2885 2052 archiepiscopus
2933 1978 3279 2049 potestatem
3323 1973 3539 2032 habeat
3566 1974 3733 2048 regi-

2066 2088 2199 2128 men
2233 2071 2352 2128 sive
2400 2067 2786 2125 ordinationis
2833 2080 3078 2123 suorum
3128 2063 3311 2119 tantis
3356 2063 3730 2137 temporibus

2065 2161 2337 2233 episcopo
2359 2154 3092 2225 committere.Quicunque
3118 2151 3297 2225 igitur
3314 2149 3488 2208 istius
3509 2155 3728 2211 nostras

2064 2247 2392 2305 donationis
2415 2246 2624 2302 seriem
2646 2243 2952 2317 temerario
2971 2258 3118 2297 ausu
3135 2245 3420 2297 temerare
3437 2257 3728 2314 pressum-

2066 2337 2265 2411 pserit,
2283 2336 2557 2393 omnibus
2578 2334 2676 2390 Dei
2703 2330 3214 2389 maledictionibus
3234 2329 3557 2402 subjaceat,
3584 2346 3728 2389 sau-

2063 2434 2408 2499 ctorumque
2438 2421 2834 2497 apostolorum
2882 2419 3148 2476 omnium
3189 2417 3361 2477 nodis
3390 2422 3449 2475 et
3477 2417 3730 2477 nexibus

2063 2515 2344 2577 irretitus.
2369 2512 2739 2568 anathemate
2786 2512 3068 2582 perpetuo
3115 2506 3448 2562 damnetur.
3483 2507 3554 2565 Et
3599 2506 3730 2562 haac

2064 2608 2265 2661 nostra
2288 2600 2605 2658 auctoritas
2652 2599 2843 2667 ﬁrma,
2886 2595 3117 2653 stabilis
3166 2598 3402 2652 maneat
3448 2610 3727 2667 semper;

2062 2694 2419 2766 iusuperque
2441 2688 2651 2746 sentiat
2681 2704 2744 2743 se
2775 2684 3239 2758 compositurum
3269 2687 3509 2740 centum
3537 2682 3728 2740 libras

2062 2782 2267 2855 optini
2299 2780 2447 2847 auri,
2476 2776 2847 2834 medietatem
2879 2790 3122 2830 camera:
3155 2774 3389 2840 nostra,
3413 2776 3471 2829 et
3499 2771 3725 2828 medie-

2061 2875 2241 2927 tatem
2272 2866 2732 2939 archiepiscopo,
2752 2863 2843 2920 vel
2866 2861 3307 2920 successoribus
3328 2858 3475 2917 suis.
3498 2863 3723 2917 Verum

2062 2965 2126 3016 ut
2154 2959 2263 3015 hoc
2296 2956 2549 3013 credatis
2578 2952 2810 3020 melius,
2843 2966 3098 3024 praesens
3128 2953 3483 3022 praeceptum
3517 2949 3718 3006 ﬁrma-

305 3052 521 3117 sumat,
554 3048 655 3104 sed
700 3048 773 3103 ad
807 3046 1072 3103 subsidia
1109 3046 1529 3104 monachorum
1562 3047 1620 3103 in
1654 3048 1951 3121 prazlibato
2058 3049 2273 3114 vimus,
2305 3049 2623 3117 nostroque
2651 3040 2844 3115 sigillo
2872 3038 3143 3112 insigniri
3162 3038 3480 3111 jussimus.

305 3138 659 3195 monasterio
680 3138 796 3193 Deo
829 3135 1229 3203 servientium,
1249 3137 1513 3191 omnium
1536 3136 1842 3193 hominum
1870 3139 1955 3193 in-

304 3227 643 3301 quietudine
674 3230 915 3293 remota,
938 3228 1145 3281 cuncto
1177 3230 1557 3298 permaneant
1586 3230 1866 3300 tempore.

371 3317 427 3372 Si
460 3316 593 3389 quis
624 3320 820 3372 autem
852 3314 1033 3385 hujus
1064 3314 1249 3370 noetri
1280 3315 1552 3389 praecepti
1580 3315 1949 3395 violatorpx-

301 3404 687 3475 stiterit,sciat
698 3420 758 3461 se
771 3402 1234 3476 compositurum
1254 3402 1382 3459 auri
1395 3403 1601 3477 optimi
1622 3404 1803 3461 libras
1817 3423 1950 3474 xxx,

302 3495 675 3553 medietatem
702 3508 945 3550 cameras
987 3492 1190 3565 palatii
1242 3493 1446 3559 nostri,
1479 3498 1535 3549 et
1577 3494 1950 3550 medietatem

303 3583 609 3641 monachis
657 3582 1032 3655 supradictis.
1067 3582 1138 3637 Ut
1195 3586 1391 3637 autem
1448 3582 1641 3638 verius
1692 3600 1728 3637 a
1782 3583 1953 3639 nobis

304 3675 521 3731 factum
553 3673 846 3737 credatur,
877 3674 935 3726 et
964 3671 1036 3726 ab
1068 3670 1343 3726 omnibus
1382 3670 1721 3744 diligentius
1752 3688 1951 3727 succe-

304 3763 578 3820 dentibus
608 3760 974 3833 temporibus
1023 3761 1382 3826 observetur,
1418 3777 1628 3816 manus
1674 3759 1816 3816 illud
1849 3778 1950 3817 no-

304 3857 437 3909 stris
485 3850 914 3922 subscriptione
967 3850 1326 3915 roborantes,
1376 3848 1551 3920 sigilli
1603 3848 1786 3904 nostri
1835 3849 1951 3904 im-

303 3940 602 4014 pressione
627 3938 888 3993 adnotari
913 3937 1208 4009 jussimus
1234 3953 1246 3993 :
1270 3940 1328 3993 et
1350 3937 1422 3991 ad
1450 3936 1952 3994 conﬁrmationem

301 4029 663 4103 praelibatam
708 4027 1174 4083 conﬁrmandam
1223 4025 1496 4081 addimus
1544 4024 1851 4082 ecclesiam
1881 4027 1954 4082 de

299 4117 592 4174 Masclatis
633 4132 767 4171 cum
822 4115 1185 4189 appendiciis
1239 4114 1363 4170 suis
1422 4114 1494 4169 ad
1543 4114 1952 4186 praedictorum

302 4204 726 4263 monachorum
759 4203 1043 4260 subsidia.

371 4296 602 4368 Signum
628 4294 818 4349 damni
844 4292 1061 4361 Radulﬁ
1087 4292 1421 4346 nobilissimi
1450 4293 1611 4362 regis.

370 4383 671 4440 Paldolfus
702 4380 1107 4448 cancellarius,
1142 4379 1469 4452 recognovi.

371 4474 517 4530 Data
535 4489 573 4527 ιι
597 4471 735 4527 Idus
761 4467 1051 4535 Januarii,
1076 4485 1228 4523 anno
1262 4468 1687 4526 lncarnationis
1720 4467 1958 4536 Domini

2131 3137 2379 3209 Signum
2410 3132 2631 3189 domini
2661 3128 3021 3188 serenissimi
3052 3129 3207 3201 regis
3239 3126 3553 3200 Rodulphi.

1979 3205 2023 3272 (ἶ
2130 3205 2445 3282 Anselmus
2474 3221 2628 3294 regis
2659 3218 3038 3279 cancellarius
3077 3216 3187 3273 hoc
3234 3215 3471 3289 scripsit
3499 3233 3719 3289 prisce-

2060 3320 2227 3390 ptum
2258 3329 2413 3370 anno
2445 3310 2672 3368 Domini
2699 3304 3126 3365 lncarnationis
3151 3305 3602 3379 nongentesimo
3620 3322 3723 3361 no-

2062 3403 2361 3479 nagesimo
2392 3404 2574 3464 sexto,
2603 3396 2922 3453 indictione
2965 3411 3099 3451 vero
3130 3393 3378 3461 decima,
3414 3393 3582 3466 regni
3614 3411 3720 3450 au-

2060 3500 2175 3551 tem
2210 3488 2502 3562 Rodulphi
2535 3487 2729 3544 tertio.

2130 3584 2343 3637 Actum
2375 3580 2434 3634 in
2458 3582 2706 3649 Agauno
2736 3573 2997 3630 feliciter.

2841 3681 2938 3736 III.

2153 3776 2448 3834 Ecclesium
2476 3772 2531 3827 S.
2564 3771 2777 3827 Nicolai
2803 3770 2868 3825 de
2896 3770 3179 3826 Poliniaco
3211 3766 3267 3822 S.
3302 3766 3525 3824 0diloni
3553 3783 3620 3823 ac

2391 3844 2719 3901 monasterio
2750 3842 3097 3897 Cluniacensi
3119 3838 3381 3896 concedit.

2690 3932 2876 4003 (Auno
2906 3929 3093 3999 1029.)

2063 4029 2228 4099 [Dom
2260 4024 2557 4099 Mauricus,
2592 4021 2843 4099 Thesaur.
2874 4017 3176 4099 Αηεοὰερ]ι
3210 4016 3335 4087 1η,
3367 4014 3726 4099 ex‘archivis

2309 4087 2561 4151 Camers:
2588 4095 3011 4163 Computorum
3054 4087 3471 4158 Divioaeusis.]

2133 4204 2197 4260 In
2229 4202 2467 4258 nomine
2492 4202 2702 4255 sanctis
2727 4201 2784 4253 et
2813 4194 3125 4251 individua:
3144 4192 3470 4261 Trinitatis,
3494 4192 3729 4250 RABUL-

2066 4310 2195 4357 PUS,
2230 4291 2330 4347 Dei
2360 4288 2550 4362 gratia
2578 4284 3053 4358 Burgundiorum
3084 4298 3203 4338 rex.

2136 4382 2303 4438 Sicut
2332 4381 2557 4434 certum
2601 4379 2691 4431 est
2737 4372 2876 4449 quia
2921 4372 3024 4427 Dei
3074 4369 3328 4453 pote‘s
3378 4386 3518 4426 non.
3558 4410 3572 4425 .
3609 4412 3622 4425 .
3661 4412 3674 4424 .
3712 4412 3726 4424 .

2065 4469 2285 4543 quippe
2313 4468 2441 4524 sine
2461 4481 2576 4538 quo
2599 4467 2857 4538 potestas
2887 4478 3003 4517 non
3036 4463 3145 4527 est,
3170 4459 3252 4514 ita
3272 4474 3508 4531 quoque
3538 4457 3733 4531 liquet

297 4563 423 4631 994,
448 4560 651 4617 indict.
670 4576 728 4628 v,
751 4574 905 4613 anno
927 4573 1060 4613 vero
1082 4557 1282 4613 domui
1308 4557 1538 4613 Radulﬁ
1561 4558 1716 4631 regis
1739 4559 1951 4631 primo.
1989 4573 2036 4639 ί)
2065 4559 2219 4633 quod
2252 4560 2556 4631 potentum
2585 4568 2761 4625 opera
2788 4548 3190 4622 interrogabit.
3306 4547 3378 4604 ob
3411 4546 3522 4639 hoc
3550 4547 3726 4639 nobis

377 4655 584 4707 Actum
612 4646 889 4721 Vigennze
923 4646 981 4701 in
1012 4645 1112 4703 Dei
1143 4646 1380 4702 nomine
1409 4646 1672 4704 feliciter.
1704 4649 1909 4705 Amen.

299 4830 571 4897 Amizoni,
602 4827 1002 4899 archiepiscopo
1035 4826 1457 4894 Tarantasicnsi,
1479 4827 1797 4883 comitatum
1813 4828 1958 4899 ejus-

872 4916 995 4971 dem
1024 4915 1178 4972 urbis
1207 4916 1392 4971 donat.

948 5006 1137 5077 (Anno
1171 5004 1323 5075 996.)

632 5097 978 5162 [Munxrom,
1011 5096 1195 5164 Antiq.
1233 5094 1381 5161 παι,
1414 5092 1457 5159 Ι,
1494 5094 1643 5164 415.]

378 5187 441 5241 In
473 5183 710 5240 nomine
731 5188 943 5237 sanctae
973 5187 1031 5239 et
1054 5181 1367 5238 individuis
1392 5181 1716 5253 Trinitatis,
1740 5181 1966 5239 Reum.-

308 5290 478 5340 puus,
502 5270 703 5328 interni
725 5268 945 5340 judicis
979 5270 1382 5326 misericordia
1413 5286 1530 5325 rex.

2069 4661 2443 4719 summopere
2474 4641 2799 4699 curandum
2828 4642 2918 4696 est
2946 4642 3013 4694 ut
3036 4653 3173 4693 cum
3203 4635 3293 4693 vel
3321 4635 3625 4709 prodesse,
3639 4636 3731 4693 vel

2068 4738 2294 4802 obesse,
2326 4734 2455 4807 ipso
2485 4732 2857 4804 disponente,
2876 4742 3219 4801 possumus,
3249 4727 3522 4783 nostrum
3554 4741 3733 4797 posse

2070 4826 2181 4883 sub
2211 4825 2339 4896 ejus
2365 4825 2513 4879 nutu
2542 4819 2777 4893 penitus
2805 4814 3168 4889 subigentes,
3190 4818 3249 4871 et
3278 4813 3487 4871 honori
3512 4818 3734 4871 sancta

2070 4916 2200 4987 ejus
2229 4911 2495 4969 Ecclesia
2542 4906 2829 4983 proﬁciat,
2861 4903 3131 4962 certatim
3180 4902 3490 4960 faciamus.
3527 4903 3736 4977 Itaque

2070 5004 2276 5078 prisca
2297 5000 2507 5059 seriem
2530 4993 2994 5063 consuetudinis,
3015 4992 3389 5066 regalemque
3398 4990 3739 5048 Christiana

2073 5091 2373 5165 religionis
2390 5104 2613 5146 morem
2628 5084 3065 5143 considerantes
3085 5081 3223 5139 totis
3240 5079 3474 5137 nisibus
3491 5083 3737 5153 totoque

2074 5180 2290 5237 mentis
2324 5179 2534 5235 affectu
2558 5173 2778 5232 imitari
2808 5170 3101 5244 cupimus,
3129 5174 3187 5226 et
3215 5168 3372 5243 quod
3405 5168 3523 5242 ipsi
3552 5169 3737 5225 duxe-

2077 5270 2214 5324 runt
2238 5266 2311 5322 ad
2341 5261 2744 5322 ecclesiasticis
2771 5257 3138 5316 celsitudinis
3168 5272 3396 5329 curam,
3420 5272 3531 5315 nos
3565 5256 3741 5329 spis-iv

380 5365 526 5418 Dum
543 5358 602 5412 in
625 5356 944 5429 primordio
963 5358 1307 5415 Christianae
1331 5357 1635 5430 religionis
1663 5346 1968 5415 constituti
2074 5355 2336 5413 tualibus
2365 5351 2567 5422 armis,
2588 5355 2649 5407 et
2673 5348 2877 5422 clypeo
2895 5345 3211 5404 Dominis»
3228 5344 3613 5418 protectionis
3634 5344 3737 5401 de-

306 5452 447 5509 sunt
475 5457 660 5515 reges,
700 5443 1093 5502 Ecclesiarum
1134 5444 1591 5505 sollicitudinem
1639 5460 1959 5520 curamque

2078 5443 2235 5503 fendi
2274 5442 2541 5499 eamdem
2595 5455 2747 5496 curas
2797 5434 3254 5497 sollicitudinem
3302 5433 3735 5504 subintremus,

306 5532 649 5611 pontiﬁcum
690 5531 806 5588 Deo
849 5533 1263 5591 famulantium
1306 5533 1770 5604 considerantes,
1819 5552 1970 5609 aug-
2079 5526 2928 5603 sicutquiDeofamulantibus
2943 5522 3262 5599 placabiles
3278 5522 3742 5585 misericorditer

309 5619 624 5690 mentando
656 5625 945 5678 terrarum
976 5622 1145 5678 donis
1177 5622 1551 5698 pontiﬁcatus
1581 5623 1965 5699 quamplures

2078 5620 2443 5680 exstiterunt.
2464 5620 2828 5693 Quapropter
2856 5612 3106 5684 cunctis,
3121 5616 3254 5673 tam
3275 5611 3542 5688 regibus.
3555 5628 3741 5686 quam
