3920 6208
206 350 369 415 1025

1311 348 1703 416 HENRICUS
1746 351 1782 414 1-
1813 348 2298 418 FRANCORUM
2342 353 2524 419 REX.

3459 357 3485 418 1
3498 354 3618 416 026

202 485 594 560 reliquarum,
645 484 1001 559 dignitatum
1044 485 1724 558 personis,przesentibus
1770 486 1857 542 vel
1885 490 1940 556 Α
1971 487 2219 559 campis,
2252 488 2507 559 pascuis,
2539 486 2703 544 omni
2723 488 2962 544 omnino
2993 491 3146 543 terra
3166 488 3323 544 culta
3350 489 3619 545 videlicet

198 574 445 642 tuturis,
468 577 675 630 notum
704 574 784 631 sit
812 574 967 646 quod
992 570 1159 648 petiit
1175 591 1209 631 a
1230 574 1398 632 nobis
1418 574 1657 647 quidam
1674 575 1862 633 ﬁdelis

204 669 410 723 noster
439 663 762 722 Reinaldus
785 680 1001 735 comes,
1026 662 1185 721 ﬁlius
1214 664 1459 721 Othonis
1477 670 1860 738 cognomento

201 752 513 823 \Villelmi,
562 754 671 809 viri
716 752 1127 823 illustrissimi,
1160 758 1453 826 quatenus
1490 754 1861 811 Cluniacensi

203 842 470 901 cmnobio
503 843 559 899 in
576 843 797 900 honore
822 841 1147 916 primorum
1166 842 1318 909 cmli,
1342 842 1492 899 Petri
1513 842 1781 899 videlicet
1806 848 1862 899 et

202 931 371 989 Pauli
386 936 742 1004 constructo,
765 931 859 988 cui
882 936 1089 1004 praeest
1116 931 1467 988 reverendus
1488 932 1858 1000 PaterOdilo,

204 1022 664 1085 concederemus
713 1038 815 1095 per
863 1021 970 1077 hoc
1002 1026 1213 1078 nostra:
1261 1021 1625 1078 auctoritatis
1655 1039 1862 1093 praece-

196 1115 378 1185 ptum
410 1110 716 1175 ecclesiam
749 1108 868 1167 sive
898 1110 1321 1168 monasterium
1354 1111 1411 1166 in
1439 1110 1658 1166 honore
1682 1110 1783 1166 Dei
1806 1115 1865 1167 et

206 1200 531 1257 Salvatoris
561 1199 703 1256 Jesu
738 1194 974 1269 Christi,
996 1199 1380 1272 ejusdemque
1405 1198 1713 1256 Genitricis
1747 1200 1862 1255 Ma-

205 1289 326 1357 riae,
355 1289 664 1362 sanctique
694 1288 842 1347 Petri
874 1287 1147 1361 apostoli,
1170 1305 1395 1344 necnon
1417 1292 1474 1344 et
1494 1288 1678 1344 sancti
1700 1288 1863 1344 Nico-

204 1377 284 1434 lai
308 1376 664 1435 confessoris
684 1375 822 1433 almi
845 1380 1273 1445 consecratum,
1290 1376 1362 1432 ad
1376 1375 1761 1431 habitandum
1782 1374 1861 1430 ibi

204 1466 625 1524 Cluniacenses
656 1465 994 1530 monachos,
1025 1462 1127 1537 qui
1152 1469 1272 1521 tam
1305 1480 1409 1538 pro
1451 1468 1655 1521 nostra
1683 1481 1859 1536 quam

204 1555 477 1613 omnium
506 1554 695 1614 salute
727 1555 842 1610 Deo
881 1555 1117 1611 assidue
1150 1570 1346 1626 preces
1392 1559 1449 1608 et
1478 1558 1609 1609 vota
1640 1552 1861 1625 persol-

200 1652 365 1702 vant.
394 1645 783 1702 Concedimus
805 1660 941 1718 ergo
956 1646 1083 1716 jam
1102 1643 1255 1698 dicto
1274 1642 1532 1698 cmnobio
1556 1643 1861 1715 praefatum

203 1734 426 1803 locum,
445 1732 627 1790 situm
649 1732 707 1787 in
729 1731 1066 1806 episcopatu
1087 1730 1861 1802 VesuntionensijuxtaPol-

202 1824 513 1890 liniacum,
547 1822 604 1878 in
630 1821 754 1878 loco
785 1822 886 1894 qui
916 1826 1069 1877 recte
1100 1818 1284 1875 Vallis
1315 1824 1555 1876 vocatur
1588 1818 1864 1875 constitu-

203 1917 359 1983 tum,
393 1929 527 1968 cum
556 1914 711 1969 terra
740 1915 797 1967 et
824 1910 1088 1979 decimis,
1113 1926 1216 1966 seu
1248 1909 1524 1965 omnibus
1556 1910 1663 1966 sibi
1694 1909 1864 1982 perti-

204 2001 505 2068 nentibus,
538 2004 595 2060 et
624 2018 659 2057 a
680 2000 845 2057 bona:
878 1999 1171 2056 memoria:
1199 1999 1444 2064 Othone,
1478 2002 1860 2072 cognomento

205 2090 525 2158 Willelmo,
541 2090 659 2147 sive
677 2088 958 2147 Reinaldo
975 2090 1103 2160 ejus
1135 2088 1277 2154 ﬁlio,
1308 2086 1397 2144 vel
1430 2088 1503 2143 ab
1522 2086 1716 2159 aliquo
1736 2104 1862 2159 pos-

203 2196 436 2238 sessore
467 2178 547 2236 ibi
585 2177 817 2235 collatis
848 2195 952 2235 seu
1001 2175 1387 2242 conferendis,
1421 2181 1479 2233 et
1520 2175 1750 2232 cunctis
1782 2175 1863 2232 ibi

204 2269 601 2343 undecunque
629 2267 690 2325 in
723 2282 902 2343 regno
933 2270 1130 2325 nostro
1160 2265 1489 2339 acquisitis,
1519 2264 1610 2321 vel
1641 2265 1699 2321 in
1730 2281 1859 2338 per-

203 2362 455 2433 petuum
490 2356 883 2430 acquirendis.
930 2357 1017 2412 Ad
1048 2372 1304 2429 praesens
1337 2371 1572 2429 quoque
1612 2359 1864 2428 quatuor

202 2449 430 2505 ferreas
460 2445 769 2512 caldarias,
804 2446 1073 2519 situsque
1104 2461 1304 2501 earum
1336 2444 1397 2500 in
1429 2443 1654 2510 salinis,
1685 2448 1742 2499 et
1778 2443 1860 2499 vi-

207 2554 358 2595 neas
388 2554 517 2610 qua;
536 2536 833 2610 quondam
856 2535 1095 2591 fuerunt
1114 2534 1413 2602 Beatricis,
1438 2538 1495 2589 et
1514 2532 1713 2589 omnia
1733 2551 1861 2606 quae

201 2625 621 2683 Cluniacenses
650 2623 924 2681 monachi
960 2623 1019 2679 in
1053 2623 1327 2697 praedicto
1361 2624 1543 2696 burgo
1574 2623 1859 2696 acquisie-

201 2716 347 2772 rint.
383 2715 447 2772 ln
476 2715 664 2788 burgo
695 2713 870 2771 etiam
899 2712 1262 2781 Giosonensi,
1297 2712 1452 2785 quod
1485 2712 1627 2785 quia
1659 2712 1737 2766 ibi
1768 2729 1861 2767 ac-

199 2804 560 2878 quisierunt,
584 2801 672 2860 vel
691 2806 967 2875 praeterea
988 2801 1287 2874 acquirere
1310 2804 1647 2874 potuerunt,
1664 2800 1861 2857 villam

199 2890 466 2965 denique
514 2884 860 2958 Glenonem,
902 2906 1037 2945 cum
1069 2889 1313 2945 ecclesia
1344 2894 1399 2944 et
1429 2889 1693 2957 decimis,
1728 2907 1863 2946 cum

202 2980 395 3039 servis
408 2984 466 3037 et
478 2978 726 3047 ancillis,
740 2978 1091 3045 cumvineis,
1110 2977 1360 3045 silvulis,
1376 2976 1580 3049 pratis,
1605 2978 1863 3044 ruribus,

1969 580 2025 631 et
2049 576 2288 643 inculla,
2322 593 2454 634 cum
2486 577 2717 635 cunctis
2746 577 3081 647 ubicunque
3115 577 3319 649 positis
3351 579 3423 633 ad
3455 596 3618 634 eam-

1968 666 2100 722 dem
2123 664 2387 721 villulam
2406 665 2854 739 pertinentibus.
2876 664 3085 720 Villam
3102 681 3333 737 queque
3348 666 3619 724 Mediola-

1969 772 2133 822 num,
2166 754 2609 828 ecclesiamque,
2662 772 2796 811 cum
2827 754 3070 810 decimis
3102 758 3158 810 et
3188 755 3462 812 omnibus
3492 757 3618 813 suis

1969 843 2359 915 pertinentiis,
2374 845 2744 916 maximeque
2765 844 3539 900 zeternamconsuetudinem
3561 845 3618 901 in

1969 931 2113 987 silva
2144 933 2523 1006 Maydunensi
2552 933 2783 989 :villam
2808 949 3040 1005 quoque
3061 933 3617 1003 Vesanensem,cum

1968 1020 2212 1077 ecclesia
2241 1024 2298 1076 et
2346 1022 2609 1091 decimis,
2643 1026 2701 1078 et
2754 1022 2981 1078 cunctis
3019 1022 3088 1077 ad
3122 1023 3389 1078 eamdem
3420 1022 3621 1079 villam

1969 1110 2416 1181 pertinentibus,
2452 1110 2646 1166 locum
2699 1111 2875 1167 etiam
2911 1112 3010 1182 qui
3065 1112 3280 1167 dicitur
3310 1112 3533 1180 Mutua,
3567 1115 3624 1168 et

1969 1197 2168 1253 omnia
2197 1199 2269 1253 ad
2303 1215 2364 1254 se
2398 1199 2771 1272 pertinentia.
2807 1201 2919 1255 Sed
2952 1206 3007 1256 et
3034 1200 3421 1256 Guntherium
3453 1201 3622 1273 Popi-

1970 1284 2313 1354 lianensem,
2347 1304 2479 1342 cum
2499 1287 2772 1343 omnibus
2790 1306 2915 1360 qum
2936 1290 3057 1361 ipse
3086 1292 3249 1344 visus
3279 1288 3619 1357 esthabere,

1969 1379 2089 1430 tam
2109 1375 2167 1431 in
2201 1374 2388 1432 alodis
2406 1393 2582 1448 quam
2609 1376 2669 1432 in
2690 1377 2990 1433 beneficiis
3021 1378 3624 1443 comitum,etcuncta

1969 1465 2208 1521 omnino
2240 1465 2609 1537 possessione
2627 1467 2777 1537 ejus,
2806 1466 3116 1537 piscarium
3138 1483 3370 1538 quoque
3400 1466 3623 1522 Guiria-

1970 1571 2224 1622 censem,
2258 1570 2391 1609 cum
2418 1555 2576 1609 omni
2601 1560 2754 1610 terra
2777 1556 2847 1609 ad
2876 1570 3003 1609 eam
3038 1554 3368 1626 pertinenti.
3393 1555 3621 1610 Prasfati

1970 1643 2150 1716 igitur
2176 1643 2441 1699 Reinaldi
2465 1643 2716 1709 comitis,
2742 1642 2825 1698 vel
2852 1643 3099 1698 aliorum
3122 1642 3382 1698 ﬁdelium
3403 1647 3626 1699 nostro-

1970 1748 2100 1787 rum
2115 1732 2584 1804 obtemperantes
2600 1731 2886 1804 petitioni,
2903 1749 3035 1786 cum
3051 1747 3339 1787 consensu
3358 1732 3626 1804 conjugis

1969 1822 2413 1894 Yrmengardis,
2433 1820 2829 1888 concedimus,
2857 1820 3011 1877 sicut
3031 1821 3255 1876 dictum
3277 1826 3384 1889 est,
3400 1820 3629 1877 Clunia-

1972 1910 2130 1966 censi
2162 1910 2423 1967 omnobio
2455 1912 2651 1966 omnia
2684 1911 2954 1983 superius
2998 1916 3340 1977 memorata,
3379 1928 3445 1966 ac
3472 1910 3631 1966 velut

1964 2001 2088 2070 jam
2122 1999 2379 2055 diximus
2412 2000 2686 2072 deinceps
2713 2000 3088 2071 acquirenda,
3123 2001 3193 2055 ad
3226 2000 3547 2056 tenendum
3571 2004 3627 2056 et

1964 2089 2096 2159 jure
2110 2093 2388 2161 perpetuo
2406 2088 2848 2161 possidendum,
2867 2090 2991 2145 sine
3017 2089 3331 2160 cujuslibet
3345 2104 3627 2161 personas,

1970 2177 2058 2232 vel
2091 2178 2260 2233 nobis
2293 2177 2661 2233 succedentis
2704 2178 2763 2232 in
2804 2194 3001 2246 regno,
3033 2177 3119 2232 vel
3154 2177 3394 2232 alterius
3426 2178 3629 2248 cujus-

1971 2282 2202 2338 cunque
2226 2266 2448 2321 ordinis
2478 2283 2579 2321 seu
2612 2266 2867 2339 dignatis
2891 2266 3366 2331 contradictione,
3396 2264 3485 2321 vel
3509 2264 3631 2322 ulla

1971 2356 2044 2411 ab
2075 2354 2270 2427 aliquo
2291 2354 2370 2410 ibi
2388 2359 2613 2411 retenta
2645 2355 3086 2410 consuetudine.
3117 2355 3185 2410 Et
3202 2354 3312 2410 hoc
3326 2359 3391 2409 ut
3412 2354 3629 2411 anobis

1969 2444 2166 2500 verius
2185 2444 2473 2514 credatur,
2505 2450 2562 2500 et
2586 2461 2619 2499 a
2650 2444 2899 2516 posteris
2931 2443 3148 2500 nostris
3167 2460 3279 2498 non
3301 2444 3626 2516 frangatur,

1973 2533 2205 2606 propria
2233 2549 2412 2589 manu
2443 2539 2644 2589 nostra
2673 2532 3095 2602 roboravimus,
3146 2538 3203 2588 et
3235 2531 3415 2605 sigilli
3444 2533 3630 2590 nostri

1971 2623 2357 2694 impressione
2385 2622 2655 2695 insigniri
2682 2622 2996 2694 jussimus.

2043 2711 2293 2784 Signum
2324 2711 2523 2767 domui
2555 2710 2781 2767 Radulﬁ
2815 2712 2987 2784 regis.

2043 2803 2249 2856 Actum
2284 2799 2478 2873 Logis,
2515 2818 2668 2857 anno
2701 2800 3127 2857 lncarnationis
3160 2801 3318 2870 1029,
3354 2804 3632 2873 regnante

1974 2889 2220 2946 Radull‘o
2253 2907 2387 2962 rege
2418 2907 2569 2945 anno
2598 2907 2765 2946 xxxv.

608 3227 1483 3331 nmvmcus
1564 3229 1626 3329 ι
1711 3173 2794 3332 rnanconom
2880 3229 3229 3330 nux

1622 3418 1764 3499 (An.
1804 3420 2210 3498 1032-1060.)

1449 3672 2394 3808 DlPLOMATA

1717 3910 2114 3921 ——_—————

203 4114 313 4168 Pro
373 4109 713 4166 monasterio
769 4107 825 4163 S.
889 4106 1067 4163 Salvii
1123 4106 1267 4179 apud
1334 4107 1736 4163 Monsterolum.
1793 4140 1860 4148 —

278 4184 548 4239 Henricus
577 4181 674 4235 eoi
699 4180 792 4234 sui
837 4180 1078 4249 [lagonis
1119 4180 1406 4250 patrisque
1444 4180 1660 4236 Roberti
1698 4179 1865 4235 dona-

280 4255 453 4309 tiones
483 4251 662 4308 eidem
693 4250 806 4306 loco
830 4252 1006 4322 factas
1034 4251 1340 4321 conﬁrmat.

838 4334 1029 4402 (Anno
1063 4330 1248 4402 1042.)

281 4414 455 4485 [Dom
486 4411 733 4485 Manut.
764 4410 968 4485 Annal.
1023 4410 1259 4485 Ben_ed.,
1303 4413 1346 4485 ξ.
1383 4408 1479 4485 lV_,_
1506 4410 1793 4482 Append.,

544 4501 604 4556 p.
633 4483 762 4549 733,
793 4498 863 4538 ex
893 4480 1185 4538 chartario
1214 4486 1272 4535 8.
1306 4479 1525 4547 Salvii.]

282 4572 348 4629 In
378 4571 623 4628 nomine
666 4574 879 4628 sanctae
922 4574 982 4625 et
1018 4569 1333 4625 mdividuae
1385 4568 1714 4636 Trinitatis,
1761 4585 1867 4643 ego

210 4660 524 4719 Heinricus
548 4660 739 4735 gratia
767 4660 869 4715 Dei
898 4657 1255 4715 Francorum
1283 4675 1403 4725 rex,
1435 4663 1544 4714 etc.

281 4751 451 4807 Unde
478 4749 695 4806 loco.S.
714 4747 1037 4822 Wingaloei
1056 4747 1388 4804 Monsteroli
1418 4747 1580 4803 sitoa
1600 4747 1868 4820 pluribus

208 4838 445 4911 collata,
494 4841 782 4911 precepto
826 4841 1025 4893 nostro
1072 4836 1437 4893 auctoritatis
1475 4837 1783 4892 ﬁrmamus
1812 4842 1869 4893 et

208 4926 392 5001 sigilli
424 4925 1053 5000 nostriimpressione
1084 4925 1317 4998 signare
1366 4925 1757 4998 praecipimus.
1805 4928 1867 4981 In

208 5016 423 5088 primis
452 5033 521 5072 ea
551 5032 678 5089 quae
710 5034 744 5070 a
793 5019 995 5071 nostra
1022 5012 1376 5070 liberalitate
1402 5013 1489 5070 vel
1523 5015 1708 5086 patris
1751 5016 1866 5071 mei

209 5102 473 5169 Roberti,
505 5100 596 5159 vel
622 5102 713 5159 avi
731 5102 846 5158 mei
870 5100 1132 5174 Hugonis
1154 5100 1426 5173 praedicto
1446 5100 1572 5157 loco
1592 5118 1871 5160 concessa

208 5194 373 5258 sunt,
406 5189 634 5249 scilicet
661 5189 1031 5247 molendinos
1055 5186 1205 5245 duos
1236 5189 1490 5246 cervisiaa
1522 5191 1730 5248 usibus
1760 5193 1869 5249 de-

205 5280 553 5345 servientes,
588 5296 622 5335 a
655 5296 749 5336 me
778 5278 1029 5335 alterum
1070 5294 1205 5334 cum
1237 5278 1498 5352 quinque
1545 5278 1779 5347 accolis,
1810 5286 1869 5338 et

1891 4039 1933 4105 C
1971 4036 2278 4093 Atimaeho
2329 4052 2631 4107 usque.....
2679 4032 2968 4089 Addimus
3017 4035 3298 4105 przeterea
3340 4032 3633 4087 ﬁrmando

1977 4141 2045 4181 ea
2074 4143 2202 4199 quas
2233 4129 2403 4198 pater
2432 4140 2599 4181 meus
2629 4123 2900 4189 contulit,
2955 4126 3078 4178 tres
3118 4120 3418 4188 ecclesias,
3451 4137 3630 4176 unam

1977 4212 2202 4269 scilicet
2232 4214 2290 4267 in
2322 4213 2541 4269 honore
2567 4213 2755 4268 sancti
2788 4211 2960 4279 Petri,
2985 4210 3161 4266 aliam
3183 4210 3243 4264 in
3269 4210 3488 4265 honore
3505 4225 3636 4265 san-

1976 4303 2053 4358 cti
2085 4302 2432 4375 Wingaloei,
2451 4301 2764 4358 tertiamin
2793 4300 3011 4357 honore
3032 4297 3220 4354 sancti
3242 4296 3626 4353 Salviisacra-

1978 4397 2089 4461 tas;
2104 4396 2161 4462 et
2177 4391 2492 4446 transitum
2521 4407 2680 4445 novae
2696 4387 2865 4445 villae.
2877 4428 2909 4444 ..
2925 4385 3338 4445 ..Inculcamus
3352 4388 3635 4457 praeterea

1958 4480 2405 4549 corroborando
2453 4495 2519 4535 ea
2566 4494 2693 4551 quae
2725 4496 2760 4534 a
2812 4477 3020 4550 primis
3068 4473 3478 4531 ftmdatoribus
3518 4470 3632 4528 loci

1977 4573 2116 4625 sunt
2146 4567 2377 4635 collata,
2406 4567 2626 4623 scilicet
2673 4585 2708 4622 a
2737 4566 2981 4638 Hilgodo
3011 4564 3241 4629 comite,
3289 4562 3389 4634 qui
3423 4560 3631 4635 pradi-

1977 4661 2136 4712 ctum
2167 4661 2436 4712 sanctum
2465 4671 2652 4728 nuper
2692 4673 2727 4710 a
2758 4655 3026 4728 partibus
3056 4650 3367 4708 Britanniae
3396 4653 3633 4721 propter

1977 4751 2201 4803 metum
2234 4746 2553 4818 piratarum
2584 4745 2953 4816 deportatum
2987 4740 3240 4814 hospitio
3262 4756 3396 4795 cum
3428 4738 3634 4794 libera-

1975 4836 2137 4891 litate
2165 4840 2222 4890 et
2247 4834 2646 4889 muniﬁcentia
2665 4838 2924 4904 tempore
2953 4829 3226 4886 Ludovici
3260 4826 3632 4900 imperatoris

1980 4924 2080 4980 ﬁlii
2130 4923 2315 4980 Caroli
2370 4923 2523 4979 Calvi
2574 4921 2926 4995 suscipiens,
2978 4921 3140 4977 dedit
3170 4918 3273 4988 illi,
3328 4917 3388 4973 in
3418 4917 3629 4991 primis

1977 5013 2191 5069 atrium
2225 5011 2551 5084 publicum,
2568 5011 2933 5084 sepulturam
2956 5009 3181 5066 scilicet
3200 5007 3558 5064 advenarum
3577 5010 3635 5063 et

1977 5100 2439 5176 peregrinorum,
2473 5100 2682 5157 deinde
2714 5116 2919 5157 novem
2948 5115 3187 5154 mansos
3202 5096 3413 5153 subtus
3427 5095 3635 5151 Firmi-

1976 5197 2248 5248 tatem....
2284 5189 2386 5245 His
2436 5190 2710 5246 addimus
2759 5193 2961 5245 nostra
3006 5186 3350 5243 auctoritate
3400 5200 3467 5239 ea
3503 5199 3629 5255 qua:

1977 5281 2349 5338 contulerunt
2396 5278 2787 5336 Herlewimus
2841 5293 3056 5343 eomes,
3102 5276 3421 5346 Raynerus,
3456 5272 3624 5335 llato,

208 5369 465 5428 alterum
502 5369 577 5427 ab
609 5384 714 5469 avo
744 5384 874 5425 meo
906 5366 1444 5470 przedicto‘Hugone
1475 5385 1609 5424 cum
1641 5369 1866 5427 decimo
1902 5405 1948 5470 Β
1978 5362 3394 5470 Scylaldus,wenerannus,glarboldus,Aqunus
3408 5374 3624 5424 comes,

206 5460 408 5532 pontis
437 5456 706 5525 denario,
733 5462 793 5514 et
812 5458 1044 5515 duabus
1074 5454 1410 5514 ecclesiisin
1438 5458 1725 5515 memoria
1743 5475 1874 5515 san-

207 5548 290 5605 cti
318 5546 536 5606 Judooi
566 5547 834 5616 sacratis,
868 5562 1119 5620 quarum
1147 5561 1267 5601 una
1295 5549 1387 5602 est
1412 5545 1567 5603 infra
1595 5547 1871 5604 munitio-

207 5653 368 5709 nem,
403 5636 526 5696 alia
545 5650 728 5712 super
747 5635 1106 5695 ﬂuvium.....
1135 5651 1270 5693 cum
1292 5634 1604 5711 piscatoria
1619 5652 1784 5713 aqua
1801 5638 1873 5698 ab

1981 5461 2294 5524 Anseerus,
2337 5455 2560 5523 Saleco,
2606 5453 2892 5510 Arnulfus
2934 5466 3150 5515 comes,
3183 5443 3500 5503 Balduinus
3530 5460 3625 5499 co-

1985 5561 2129 5613 mes,
2152 5544 2491 5613 Gonfridus,
2508 5540 2874 5611 Benzelinus,
2891 5538 3170 5607 Alfridus,
3194 5535 3451 5606 Hagano,
3482 5536 3626 5589 Aut-

1983 5650 2159 5713 gerus
2208 5632 2476 5703 clericus,
2508 5629 2832 5690 Balduinus
2876 5625 3231 5698 marchisue,
3264 5622 3627 5699 Iugerannua
