3920 6208
232 332 236 337 .
285 281 440 342 1027

1641 277 1953 342 MONUM.
2004 275 2322 338 DIPLOM.

3533 276 3702 366 mea

281 432 497 482 comes,
528 415 832 483 Rodult‘us,
860 412 1454 486 Landricus-Largus,
1487 414 1652 478 Hato,
1689 415 1919 468 Frame-
1953 413 2006 478 Α
2037 411 2228 465 nitens
2261 411 2598 482 compulsus
2650 410 2876 467 annuit.
2910 410 2970 467 Si
3020 411 3213 468 abbati
3247 416 3348 469 aut
3401 413 3696 472 ministris

279 505 458 572 ricus,
498 504 682 576 Hugo,
716 503 1037 574 Walterus,
1068 501 1474 572 Herleboldus,
1507 519 1758 574 quorum
1809 500 1926 573 pri-

281 611 413 650 mus
447 593 815 649 Herlewinus
847 609 1042 648 comes
1069 593 1228 647 dedit
1259 593 1314 647 in
1345 591 1480 647 villa
1512 591 1722 662 Sguira
1751 589 1928 645 eccle-

279 683 427 739 siam
463 699 642 739 unam
667 684 725 738 in
759 683 975 738 honore
999 681 1182 736 sancti
1207 680 1462 746 Vedasti,
1487 685 1543 735 et
1570 679 1765 734 villam
1800 697 1924 750 qua}

279 773 544 844 Longum
575 776 807 843 pratum
839 770 1072 832 dicitur,
1088 787 1218 824 cum
1239 769 1383 823 silva
1399 774 1456 823 et
1475 767 1679 823 arabili
1698 772 1852 822 terra
1872 772 1928 822 et

277 862 480 934 pratis.
515 861 682 916 Dedit
703 860 955 931 denique
986 858 1183 913 villam
1216 857 1613 922 Silviniacum,
1646 861 1752 912 etc.

346 952 552 1006 Actum
585 947 917 1005 Monsteroli
969 947 1198 1020 publice
1253 963 1404 1002 anno
1436 945 1723 1001 incarnati
1755 943 1924 1000 \‘erbi

277 1039 589 1094 millesimo
621 1035 1069 1109 quadragesimo
1102 1035 1378 1098 secundo,
1415 1038 1470 1088 et
1499 1033 1658 1104 regni
1694 1031 1924 1087 llenrici

277 1129 428 1201 regis
461 1127 786 1183 undecimo.
825 1127 938 1196 Ego
991 1124 1310 1180 Balduinus
1347 1121 1728 1178 cancellarius
1770 1122 1924 1193 regis

275 1217 582 1290 relegendo
616 1213 937 1286 subscripsi
970 1215 1065 1285 (1).

378 1396 650 1452 Placitum
680 1409 778 1465 pro
805 1393 1044 1448 mmobz’o
1063 1393 1263 1465 Sancti
1291 1389 1532 1444 Medardi
1559 1388 1816 1444 adversus

699 1467 1013 1520 Rotberlum
1045 1463 1489 1517 Codiciacenscm.

895 1554 1081 1624 (Anno
1115 1552 1296 1621 1047.)

273 1646 460 1716 [Βοω.
514 1645 781 1716 Μειιιςηληἶ
812 1642 886 1697 De
925 1657 986 1716 re
1013 1640 1274 1716 lelQm.,_
1311 1639 1412 1716 lib.
1443 1656 1540 1716 _v1,

1713 1639 1795 1668 1n].
1855 1655 1918 1668 ηι.

735 1682 778 1708 ,.,
812 1642 886 1697 De
925 1657 986 1696 re
1013 1640 1260 1766 dgilomq
1311 1640 1412 1694 lib.
1462 1656 1540 1704 γι,
1594 1656 1650 1711 p.
1695 1640 1922 1704 60/1,ex

735 1713 1024 1768 chartario
1101 1754 1112 1766 .
1150 1710 1457 1781 Medardi.]

343 1807 420 1860 Eo
455 1820 638 1875 usque
681 1800 948 1856 inclitum
989 1801 1376 1857 humanitatis
1418 1799 1623 1854 vitium
1656 1798 1920 1852 videmus
1951 1781 1997 1846 Β

273 1893 603 1966 prolusum,
636 1895 699 1946 ut
721 1888 1040 1962 principale
1067 1889 1221 1960 quod
1255 1893 1344 1943 est
1373 1892 1596 1943 natura:
1627 1887 1752 1942 suis
1773 1903 1916 1958 quo-

271 1983 584 2037 dammodo
617 1978 848 2035 nebulis
875 1979 1158 2042 obfuscct,
1183 1983 1238 2032 et
1261 1978 1486 2048 abjecta
1506 1977 1758 2048 puxitate
1776 1976 1916 2030 sim-

271 2071 568 2144 plicitatis,
601 2069 794 2142 girum
825 2067 1044 2122 laboris
1075 2066 1494 2122 delectabiliter
1522 2066 1631 2120 sub
1658 2066 1802 2137 jugo
1825 2063 1920 2120 cui

271 2176 332 2216 se
365 2163 569 2232 sponte
602 2157 930 2230 supposuit,
969 2161 1176 2228 portet.
1213 2156 1373 2210 Unde
1405 2154 1728 2210 necessario
1759 2153 1926 2209 testi-

271 2249 483 2304 moniis
513 2245 1001 2320 egetsimplicitas
1025 2261 1155 2300 rara
1173 2245 1383 2312 fulciri,
1408 2244 1685 2315 quoniam
1718 2243 1922 2314 nequit

271 2337 436 2393 aliter
467 2337 736 2391 humanae
778 2333 1014 2389 malitiae
1046 2332 1434 2405 multiplicata
1459 2331 1716 2388 versutia
1744 2331 1914 2390 vinci.

270 2427 386 2482 Hac
418 2443 486 2481 ex
517 2441 696 2480 causa
727 2423 1004 2495 Raynoldi
1055 2422 1284 2478 abbatis
1325 2421 1521 2477 Sancti
1577 2421 1830 2476 Medardi
1865 2423 1921 2475 et

271 2513 529 2570 Rotberti
557 2514 628 2568 de
659 2512 959 2568 Codiciaco
1007 2511 1302 2566 altercatio
1357 2510 1531 2583 longa
1570 2509 1627 2565 in
1670 2527 1916 2582 praesen-

273 2605 414 2659 tiam
461 2617 648 2674 usque
687 2600 914 2655 Henrici
950 2598 1317 2654 invictissimi
1365 2599 1516 2670 regis
1567 2600 1917 2654 Francorum

270 2693 568 2764 perducta,
600 2691 728 2761 ejus
758 2693 845 2744 est
875 2688 934 2742 in
959 2687 1365 2758 justojudicio
1387 2691 1442 2742 et
1461 2687 1638 2759 regali
1670 2687 1919 2742 auctori-

272 2786 387 2836 tate
403 2781 584 2835 ﬁnita.
614 2783 686 2833 De
701 2777 968 2850 pluribus
983 2793 1107 2847 quae
1124 2776 1488 2848 tyrannicavi
1505 2777 1783 2847 facereinj
1797 2781 1922 2832 uste

272 2869 499 2925 valebat
516 2869 572 2922 in
591 2865 842 2933 abbatia,
861 2865 1359 2936 regequejubente
1381 2881 1472 2919 res
1485 2865 1749 2920 eamdem
1777 2864 1920 2920 ratio

273 2959 449 3013 ﬁnita:
463 2953 854 3011 altercationis
868 2953 959 3008 his
977 2953 1254 3008 conclusa
1270 2957 1328 3008 et
1343 2953 1573 3008 ﬁrmata
1603 2959 1692 3009 est
1714 2953 1922 3010 litteris

273 3047 344 3102 ad
359 3043 764 3101 testimonium
777 3041 1134 3109 veritatis,ne
1157 3041 1310 3096 ultra
1322 3043 1474 3114 praed
1487 3043 1632 3098 ictus
1647 3042 1816 3098 miles
1835 3043 1921 3098 vel

272 3135 397 3204 ejus
423 3131 804 3206 posteritasin
827 3129 1024 3202 aliquo
1047 3131 1507 3190 submurmurct.
1541 3133 1920 3203 quemadmo-
1952 3151 1994 3218 ρ

273 3223 415 3277 dum
446 3219 770 3294 saepissime
806 3237 984 3292 super
1030 3219 1302 3276 ecclesias
1335 3220 1686 3275 insatiabilis
1709 3221 1920 3293 cupido

275 3311 609 3368 mort-alium
657 3309 844 3364 facere
896 3308 1060 3364 solet.
1112 3308 1326 3364 Notum
1359 3310 1436 3364 sit
1483 3327 1618 3380 ergo
1645 3309 1920 3365 omnibus

274 3405 486 3456 sanctae
516 3397 616 3455 Dei
647 3397 914 3454 Ecclesiae
953 3396 1086 3453 ﬁliis
1130 3402 1188 3453 et
1219 3397 1510 3464 ﬁdelibus,
1557 3403 1676 3454 tam
1707 3399 1920 3456 futuris

273 3507 450 3562 quam
481 3487 888 3562 praesentibus,
940 3487 1218 3559 quoniam
1251 3487 1572 3543 Rainaldus
1601 3487 1790 3559 gratia
1823 3487 1919 3544 Dei

271 3579 625 3636 constitutus
683 3577 864 3632 abbas
923 3577 1170 3632 caanobii
1227 3577 1382 3648 quod
1439 3581 1648 3649 prazter
1703 3578 1919 3632 mcenia

269 3667 654 3724 Suessionicaa
685 3665 850 3722 urbis
895 3665 1204 3720 fundatum
1245 3669 1334 3720 est
1382 3665 1443 3720 in
1482 3665 1700 3721 honore
1731 3667 1917 3721 sancti

272 3757 554 3823 Medardi,
593 3771 808 3826 magna
838 3753 1180 3810 necessitate
1219 3753 1559 3826 compulsus
1603 3753 1915 3810 Ilenricum

273 3863 468 3918 regem
499 3845 645 3899 adiit
693 3843 752 3897 in
802 3843 1037 3898 abbatia
1091 3843 1284 3899 Sancti
1337 3843 1638 3916 Stephani,
1700 3843 1758 3898 in
1789 3843 1916 3899 loco

273 3933 374 4006 qui
406 3933 619 3988 dicitur
643 3931 1002 4000 Codiciacus,
1053 3949 1249 3988 coram
1286 3932 1575 4004 epiSCOpis
1605 3936 1661 3987 et
1691 3933 1914 3988 abbati-

270 4025 386 4078 bus
415 4039 482 4078 ac
515 4020 810 4077 nobilibus
842 4019 1046 4076 multis
1077 4020 1178 4092 qui
1208 4021 1360 4076 infra
1391 4020 1573 4075 notati
1605 4025 1743 4076 sunt
1775 4021 1915 4076 asti-

274 4111 541 4184 pulandte
581 4127 758 4166 causa
795 4110 1091 4177 veritatis;
1129 4114 1186 4165 et
1229 4125 1407 4180 supra
1446 4109 1763 4164 Robertum
1814 4127 1916 4182 p10

273 4200 562 4258 custumis
580 4199 1054 4273 quamplurimis,
1077 4199 1393 4269 contrajus
1423 4203 1480 4254 et
1509 4198 1596 4253 fas
1621 4197 1682 4254 in
1713 4200 1916 4255 eadem

274 4291 508 4348 abbatis
537 4289 759 4347 scilicet
789 4290 860 4345 ab
892 4290 1018 4362 ipso
1050 4287 1275 4356 levatis,
1301 4287 1698 4359 querimonias
1717 4287 1920 4344 intulit

274 4381 518 4437 auribus
549 4379 798 4453 piissimi
823 4377 996 4450 regis,
1019 4375 1318 4432 adfuitille
1334 4376 1493 4448 regia
1521 4380 1758 4433 coactus
1779 4394 1920 4450 pra;-

273 4471 556 4544 ceptione,
575 4474 778 4541 etquae
801 4467 1020 4537 injuste
1045 4471 1498 4538 praesumpserat
1527 4470 1584 4522 et
1613 4465 1916 4536 levaverat,

273 4560 407 4616 licet
437 4558 536 4615 diu
553 4559 772 4613 frustra
789 4555 982 4611 nitens
1007 4554 1336 4623 defendere,
1351 4555 1588 4611 tandem
1599 4555 1725 4627 jam
1741 4557 1916 4628 jussu

273 4647 664 4722 potentissimi
697 4644 980 4718 principis
993 4660 1170 4716 quam
1190 4644 1566 4716 praesentium
1585 4645 1806 4701 ratione
1819 4646 1918 4700 ﬁr-

273 4737 544 4794 missima
567 4733 854 4791 nobilium
884 4733 1096 4798 victus,
1128 4733 1184 4788 id
1207 4732 1396 4790 solum
1427 4734 1579 4806 quod
1606 4733 1758 4790 infra
1787 4735 1922 4790 sub-

272 4827 641 4900 scripsimus,
667 4824 725 4878 in
756 4822 994 4880 abbatis
1010 4821 1120 4878 sibi
1138 4821 1358 4891 deberi,
1377 4823 1448 4878 de
1465 4822 1772 4895 praeteritis
1801 4840 1919 4896 poe-

345 4953 435 5024 (l)_
451 4951 715 5024 Sequitur
740 4951 802 5024 in.
817 4949 1159 5024 chartularz’o
1181 4947 1380 5024 charta
1401 4947 1670 5003 Widonis
1691 4947 1922 5024 cornitis

271 5020 497 5079 Pontivi
532 5020 918 5078 concedentis
977 5020 1238 5076 caanobio
1296 5023 1634 5075 sanctorum
1667 5020 1917 5075 confess.

273 5091 452 5151 Salvii
495 5096 553 5148 et
596 5092 926 5164 Wingaloei
970 5107 1175 5164 omnes
1223 5091 1448 5164 hannos
1501 5095 1558 5146 et
1603 5107 1806 5146 omnes
1851 5091 1922 5146 de

274 5165 726 5238 quibuscunque
747 5162 1378 5238 lbrfacturisjustitias,
1412 5177 1561 5232 quas
1591 5166 1922 5238 antecesso-

274 5231 370 5292 res
395 5234 490 5290 sui
521 5231 856 5304 tenuerunt,
887 5239 1022 5302 etc.,
1048 5231 1141 5288 an.
1175 5251 1254 5288 MC
1284 5231 1556 5304 Romanae
1588 5233 1745 5304 sedis
1777 5249 1922 5304 prte-

275 5308 504 5386 siden'te
523 5302 738 5382 domno
761 5320 911 5386 papa
935 5303 1648 5386 Psaynerohcognominato
1669 5302 1920 5386 Pascha-

275 5379 387 5444 sio,
432 5372 1041 5446 Remensisecclesiae
1075 5372 1644 5446 archiepiscopatum
1690 5377 1922 5431 tenente

276 5443 572 5522 Manasse,
623 5448 834 5522 sancta:
862 5445 1166 5522 Ambianis
1219 5443 1474 5522 ecclesiae
1526 5445 1918 5522 Perrevinojl.

275 5511 548 5588 Gemino]
589 5515 875 5581 pontiﬁce,
912 5515 1265 5588 Emmaan
1303 5515 1482 5586 hujus
1529 5513 1639 5570 loci
1678 5511 1918 5588 abbate,

275 5581 550 5653 Philippo
577 5595 706 5663 rege
735 5602 874 5646 cum
901 5584 1020 5644 ﬁlio
1057 5585 1343 5646 Ludovico
1371 5581 1524 5644 anno
1553 5603 1642 5648 xc.
1673 5581 1920 5652 France;

2037 501 2163 570 ejus
2195 500 2265 554 de
2293 499 2630 556 hominibus
2690 499 3040 566 forensibus,
3089 500 3260 556 sicuti
3311 501 3384 558 de
3413 501 3566 559 ledis
3593 509 3700 560 aut

2037 587 2166 644 aliis
2188 588 2650 655 tortitudinibus,
2672 589 2975 662 quidpiam
3012 593 3313 664 potentum
3349 595 3453 647 aut
3474 592 3699 648 vicino-

2036 695 2166 732 rum
2193 677 2416 750 aliquid
2447 679 2642 734 fecerit
2679 679 2967 750 injustum
3003 683 3060 735 et
3090 679 3273 736 abbas
3302 685 3404 735 aut
3437 679 3702 737 ministri

2035 766 2162 837 ejus
2177 783 2278 839 per
2300 784 2361 822 se
2383 772 2656 840 poterunt
2679 768 2894 824 habere
2909 772 2966 824 et
2983 767 3236 840 recipere
3249 773 3498 836 rectum,
3513 770 3576 824 in
3591 769 3702 826 hoc

2035 871 2150 910 non
2184 855 2494 911 Rotbertus
2534 873 2722 928 neque
2744 857 2959 929 posteri
2993 858 3122 929 ejus
3145 857 3292 913 nihil
3315 857 3702 915 clamandum

2035 943 2354 1000 habebunt.
2389 946 2448 1000 Si
2471 951 2666 1002 autem
2695 946 2891 1002 abbati
2923 951 3024 1001 aut
3056 931 3307 1003 ministri
3340 949 3472 1018 ejus
3503 948 3579 1004 ad
3603 948 3706 1004 ob-

2035 1033 2335 1088 tinendam
2359 1033 2653 1105 justitiam
2686 1034 2963 1089 defecerit
2993 1034 3200 1101 virtus,
3238 1039 3296 1090 et
3323 1036 3396 1090 ob
3436 1035 3549 1091 hoc
3569 1036 3700 1109 ipse

2036 1121 2346 1177 Rotbertus
2379 1127 2477 1178 aut
2511 1123 2723 1195 posteri
2757 1124 2886 1194 ejus
2919 1125 2992 1178 ab
3023 1123 3232 1180 abbate
3261 1129 3365 1180 aut
3395 1124 3696 1181 ministris

2034 1211 2218 1282 ipsius
2249 1211 2452 1266 moniti
2486 1210 2702 1268 fuerint
2725 1217 2782 1266 et
2806 1211 3030 1268 invitati
3055 1214 3126 1268 ad
3150 1213 3478 1274 faciendam
3496 1214 3698 1271 defen-

2035 1299 2300 1368 sionem;
2350 1301 2398 1355 si
2451 1317 2552 1372 per
2588 1318 2686 1356 eos
2712 1301 3010 1372 justitiam
3056 1303 3403 1376 receperint,
3453 1307 3594 1360 tunc
3623 1321 3694 1361 ex

2025 1387 2280 1458 justitia,
2301 1405 2477 1460 quam
2497 1387 2670 1461 vulgo
2683 1395 2890 1444 vocant
2915 1390 3144 1463 Legem,
3179 1391 3417 1448 tertiam
3451 1397 3692 1449 tantum

2036 1478 2328 1532 habebunt
2359 1484 2602 1549 partem.
2649 1479 2796 1541 Quia
2847 1479 3030 1552 igitur
3058 1480 3127 1535 de
3147 1481 3332 1550 justis
3363 1486 3420 1537 et
3449 1481 3696 1552 injustis

2031 1568 2319 1622 custumis
2349 1567 2420 1622 ad
2453 1567 2602 1622 hanc
2635 1567 2819 1624 solam
2851 1567 3172 1626 multorum
3212 1569 3571 1628 testimoniis
3602 1588 3692 1628 re-

2029 1672 2386 1728 cognoscens
2398 1660 2486 1712 est
2502 1656 2818 1712 adductus‘:
2835 1657 3178 1714 idoneorum
3191 1659 3433 1716 testium
3450 1659 3700 1717 nomina

2030 1745 2244 1816 quibus
2277 1745 2663 1816 praesentibus
2694 1744 2750 1800 id
2785 1750 2982 1802 actum
3014 1751 3103 1803 est
3151 1751 3209 1802 et
3238 1747 3560 1820 ﬁrmatum,
3596 1749 3696 1806 hic

2029 1833 2270 1888 inferius
2319 1833 2703 1905 signavimus,
2755 1851 2828 1890 ne
2877 1836 3055 1907 (quod
3101 1835 3340 1912 posthac
3373 1855 3691 1910 nunquam

2031 1921 2148 1977 ﬁeri
2164 1923 2478 1992 credimus)
2509 1922 2577 1976 ad
2593 1922 2850 1994 amplius
2869 1924 3289 1995 requirendum
3316 1925 3544 1998 velipse
3558 1941 3694 1982 res-

2027 2012 2218 2083 pirare
2250 2011 2481 2078 audeat,
2505 2010 2592 2066 vel
2616 2027 2855 2068 suorum
2875 2011 3091 2084 aliquis
3114 2017 3508 2086 posterorum.
3527 2015 3600 2071 Et
3614 2031 3691 2071 ne

2029 2100 2275 2154 ulterius
2308 2101 2487 2167 ﬁeret,
2513 2101 2690 2170 jussu
2723 2100 2876 2174 regis
2908 2101 2964 2157 in
2999 2103 3444 2174 praesentiarum
3476 2120 3690 2160 omnes

2029 2188 2282 2261 episcopi
2315 2189 2414 2260 qui
2449 2189 2762 2261 subscripti
2805 2195 2966 2257 sunt,
3020 2191 3684 2261 anathematizaverunt,

2029 2278 2181 2349 quod
2214 2295 2309 2332 rex
2328 2278 2563 2350 propria
2586 2295 2764 2334 manu
2797 2279 3072 2348 ﬁrmavit,
3101 2285 3273 2353 atque
3295 2281 3488 2354 sigillo
3511 2283 3689 2356 regie

2029 2367 2394 2423 auctoritatis
2425 2366 2754 2439 consignari
2791 2368 2942 2424 fecit.

2101 2457 2346 2528 Signum
2360 2455 2569 2511 Widon
2581 2456 2628 2512 is
2643 2456 2956 2512 Remorum
2973 2457 3415 2532 archiepiscopi.
3437 2458 3686 2532 Signum

2029 2543 2254 2601 Beraldi
2284 2549 2642 2600 Suessonum
2686 2545 2965 2618 episcopi.
2999 2547 3246 2619 Signum
3275 2547 3524 2604 Walteri
3545 2548 3690 2604 Mel-

2029 2635 2300 2689 densium
2331 2633 3110 2707 episcopiSignumGibuini
3129 2635 3540 2693 Laudunensis
3563 2639 3694 2710 epi-

2030 2724 2209 2795 sc0pi.
2280 2724 2522 2796 Signum
2567 2723 2853 2796 Drogonis
2913 2723 3352 2781 Belvacensium
3401 2725 3686 2800 episcopi.

2031 2814 2276 2884 Signum
2330 2813 2537 2885 Rogeri
2586 2811 3033 2870 Catalaunensis
3090 2813 3368 2886 episcopi.
3430 2815 3685 2888 Signum

2031 2900 2299 2956 Frolandi
2322 2899 2774 2957 Silvanectensis
2805 2901 3084 2975 episcopi.
3119 2902 3366 2975 Signum
3408 2903 3683 2960 Rainaldi

2031 2989 2526 3062 comitis.Signum
2545 2989 2828 3046 Guidonis
2843 2989 3359 3064 ﬁliiejus.Signum
3371 2992 3681 3066 Drogonis.

2032 3079 2278 3152 Signum
2309 3079 2626 3134 Godel‘ridi.
2654 3078 2850 3135 Sancti
2881 3079 3141 3145 Quintini
3173 3079 3400 3136 militis.
3431 3081 3684 3154 Signum

2034 3167 2326 3224 Balduini.
2351 3169 2598 3241 Signum
2621 3167 2858 3226 Walteri
2879 3167 3110 3226 Albani.
3127 3167 3374 3242 Signum
3389 3168 3687 3226 Willermi

2029 3258 2226 3314 fratris
2257 3259 2406 3330 ejus.
2441 3257 2684 3330 Signum
2718 3257 2990 3314 Widonis
3024 3258 3397 3315 vicecomitis.
3431 3259 3686 3332 Signum

2028 3346 2314 3402 Guidonis
2346 3347 2415 3402 de
2465 3345 2722 3402 Cerchia.
2767 3347 3014 3418 Signum
3060 3347 3343 3404 Wazelini
3385 3348 3457 3404 de
3502 3348 3686 3405 Chas-

2028 3452 2190 3509 neyo.
2225 3435 2473 3508 Signum
2502 3434 2774 3490 Widonis
2801 3434 3162 3492 marescalci.
3185 3435 3434 3509 Signum
3465 3437 3690 3510 Drogo-

2028 3525 2119 3580 nis
2178 3523 2492 3597 prazposili.
2543 3523 2790 3596 Signum
2841 3524 3078 3580 Odardi.
3141 3525 3388 3598 Signum
3449 3525 3685 3582 Odelini

2026 3614 2362 3670 Camerarii.
2411 3613 2656 3685 Signum
2709 3611 3030 3669 Gunzelini.
3076 3613 3322 3688 Signum
3375 3613 3678 3671 Fulconis.

2027 3703 2273 3774 Signum
2323 3700 2551 3756 Evraldi
2597 3701 2698 3756 ﬁlii
2745 3701 3051 3758 Hesselini.
3109 3702 3356 3771 Signum
3411 3702 3679 3759 Gerardi.

2026 3793 2272 3863 Signum
2291 3789 2794 3862 Vivieni.Signum
2825 3789 3095 3846 Aeilberti
3125 3808 3137 3846 :
3170 3789 3418 3864 Signum
3441 3791 3679 3848 Henrici

2025 3879 2178 3952 regis
2211 3880 2562 3934 Francorum
2593 3877 2984 3935 invictissimi.

2096 3967 2394 4040 Descripta
2419 3968 2543 4022 vice
2591 3966 2859 4023 Rainoldi
2890 3967 3219 4024 cancellarii
3251 3969 3499 4040 jubente
3531 3969 3670 4026 Rai-

2026 4057 2199 4114 naldo
2217 4057 2448 4125 abbate,
2481 4073 2634 4112 anno
2665 4056 2950 4112 incarnati
2979 4056 3155 4113 Verbi
3185 4057 3500 4114 millesimo
3531 4075 3679 4131 qua-

2026 4146 2354 4220 dragesimo
2403 4145 2652 4218 septimo
2694 4147 2792 4217 (2),
2823 4145 3141 4202 indictione
3184 4146 3389 4220 quinta
3426 4147 3678 4219 decima,

2027 4237 2191 4310 regni
2216 4252 2347 4291 vero
2381 4233 2608 4290 Henrici
2641 4235 2794 4307 regis
2827 4252 2980 4292 nono
3011 4235 3259 4293 decimo.

2803 4369 2899 4426 IlI.

2029 4461 2292 4516 Henricus
2336 4460 2358 4514 1
2403 4475 2503 4514 rex
2549 4459 2882 4514 Francorum
2929 4461 3207 4516 canonicis
3255 4461 3684 4518 Camotcnsibus

2292 4532 2527 4586 liberum
2553 4529 2799 4586 concedit
2824 4531 3016 4601 ﬁscum
3049 4532 3407 4603 Unigradum.

2653 4629 2840 4698 (Anno
2873 4628 3058 4699 1048.)

2385 4717 2550 4788 [θαιι.
2585 4715 2781 4772 Christ.
2817 4719 2858 4772 t.
2893 4716 3040 4784 VIII,
3083 4735 3140 4790 p.
3171 4719 3320 4789 300].

2101 4825 2163 4880 In
2193 4823 2428 4880 nomine
2468 4827 2682 4879 sanctae
2709 4826 2766 4878 et
2793 4823 3104 4880 individua:
3134 4824 3460 4895 Trinitatis,
3494 4827 3687 4884 Patris

2031 4966 2162 5006 rum
2194 4953 2424 5020 sceptra
2439 4951 2689 5003 tenente.
2714 4947 3027 5020 EgoWido
3058 4949 3434 5005 Pontivorum
3460 4963 3686 5017 comes,

2031 5027 2138 5077 etc.
2171 5018 2732 5093 SinggnetisAmeae
2759 5018 2917 5093 ﬁlim.

2102 5094 2179 5163 (2)
2213 5089 2275 5146 1a
2335 5089 2622 5163 chartario
2658 5091 2944 5163 scriptum
3003 5093 3146 5157 erat,
3201 5106 3348 5148 anno
3403 5091 3694 5146 incarnati

2033 5161 2190 5220 Verbi
2215 5161 2514 5234 millesimo
2541 5161 2954 5234 quadragesimo
2977 5177 3154 5226 nono;
3186 5166 3245 5218 at
3275 5163 3691 5234 reponendum

2029 5237 2276 5308 septimo,
2311 5233 2362 5308 si
2391 5232 2640 5308 i_ndictio_
2663 5232 2759 5308 hic
2791 5237 2944 5308 recte
2975 5235 3194 5308 scripta
3212 5237 3323 5300 est,
3342 5232 3537 5290 ducto
3569 5232 3694 5308 cal:
3725 5281 3730 5290 .

2031 5303 2160 5362 culo
2196 5303 2422 5376 Henrici
2481 5303 2642 5376 regni
2676 5305 2748 5360 ab
2779 5306 2906 5376 ejus
2937 5303 3328 5376 coronatione,
3361 5305 3695 5376 anuog1027

2031 5379 2200 5433 facta.
2234 5375 2442 5449 Confer
2467 5373 2749 5449 placitum
2767 5373 3018 5449 Philippi
3051 5376 3206 5448 regis
3235 5379 3440 5449 contra
3461 5374 3695 5449 Alb_eri-

2030 5464 2166 5526 cum
2194 5445 2658 5526 Cauciasensem.
2683 5447 2786 5526 Hic
2816 5445 2979 5526 extra
2991 5445 3256 5526 ordinem
3277 5447 3516 5526 signum
3535 5445 3693 5526 Hen-

2031 5519 2132 5580 rici
2165 5517 2320 5593 regis
2342 5517 2596 5591 positum
2623 5521 2730 5590 est,
2765 5519 2919 5594 quod
2937 5519 3197 5593 primum
3227 5517 3360 5580 essé
3385 5518 3694 5579 debuerat.
