3920 6208
214 285 379 374 £029

1305 304 1696 371 HENRICUS
1739 308 1786 371 Ι.
1834 303 2317 372 FRANCORUM
2363 305 2548 372 REX.

3468 317 3496 375 1
3507 314 3627 376 030

213 440 506 506 videlicet,
539 442 597 496 et
628 437 779 511 Filii,
810 440 867 497 et
896 438 1140 514 spiritus
1172 442 1380 509 sancti,
1413 458 1517 515 ego
1574 442 1869 499 Hasmcus
1899 445 1954 511 Α
1982 442 2229 498 libenter
2258 443 2643 498 succedendo.
2678 443 2877 515 Neque
2921 443 3075 501 enim
3106 445 3299 502 locum
3329 447 3505 503 ofﬁcii
3534 448 3623 501 vel

211 530 576 586 Francorum
608 546 709 587 rex
733 531 837 589 Dei
867 530 1076 604 gratia.

288 620 349 676 Si
382 635 523 692 erga
550 618 775 676 cultum
808 624 1146 678 sanctorum
1175 625 1231 677 et
1262 621 1568 678 utilitatem
1601 621 1870 678 ecclesia-

213 724 350 764 rum
382 709 761 781 antiquorum
786 709 1078 766 institutio
1111 727 1216 766 nos
1243 709 1426 766 voluit
1454 727 1582 767 esse
1612 711 1868 777 devotos,

212 801 438 870 quanto
468 798 660 872 magis
692 815 832 872 erga
881 798 1240 872 singularem
1273 800 1617 856 memoriam
1660 804 1871 855 nostris

212 886 579 952 salvationis,
602 887 871 944 videlicet
898 888 997 944 Dei
1019 888 1291 956 Genitris,
1325 905 1502 961 quam
1526 892 1657 961 post
1689 893 1870 944 Deum

212 975 514 1033 credimus
543 981 601 1032 et
630 977 983 1033 conﬁdimus
1015 995 1130 1033 non
1162 977 1352 1034 solum
1400 983 1612 1033 nostrae
1663 978 1871 1033 salutis

214 1065 692 1133 amminiculum,
719 1066 821 1121 sed
851 1070 909 1122 et
937 1066 1176 1139 plenum
1207 1066 1475 1122 effectum
1505 1068 1516 1122 !
1552 1066 1714 1122 Unde
1767 1083 1869 1139 pro

212 1153 607 1225 acquisitione
637 1158 859 1211 aeternae
890 1154 1186 1211 felicitatis
1212 1157 1532 1212 admodum
1561 1154 1868 1223 sollicitus,

212 1242 606 1316 circumspexi
638 1244 688 1300 si
719 1244 872 1300 circa
897 1260 991 1300 me
1021 1243 1241 1316 aliquid
1263 1244 1718 1317 haberem,quod
1742 1246 1872 1315 ejus

214 1330 598 1389 famulatuiet
609 1334 1006 1405 promerendae
1026 1333 1223 1405 gratiae
1246 1334 1582 1406 impendere
1605 1350 1866 1406 possem;

215 1424 274 1475 et
301 1420 414 1477 hoc
445 1420 593 1477 mihi
626 1420 1057 1494 aliquantisper
1086 1423 1361 1494 cogitanti
1395 1424 1465 1478 ad
1525 1425 1869 1481 memoriam

214 1508 392 1565 rediit
447 1508 867 1566 canonicorum
924 1512 1300 1567 Carnotensis
1354 1510 1631 1578 ecclesiae,
1693 1529 1869 1584 quam

214 1599 435 1671 saepius
465 1598 921 1667 inculcaverant,
952 1599 1173 1671 petitio,
1207 1616 1309 1672 per
1338 1617 1514 1672 quam
1550 1618 1583 1656 a
1624 1601 1871 1656 diversis

213 1686 678 1743 exhibitionibus
698 1690 755 1742 et
783 1687 1082 1743 exactione
1110 1687 1366 1758 illa,quze
1389 1688 1610 1761 vulgari
1636 1690 1871 1745 nomine

1984 531 2180 588 sedem
2213 532 2581 587 celsitudinis
2610 534 2947 605 usurpando
2978 540 3247 607 appetere
3299 537 3492 602 debet,
3524 538 3623 610 qui

1979 621 2109 691 ejus
2139 620 2405 676 effectum
2437 621 2730 677 vindicare
2759 639 2873 678 non
2903 624 3096 678 audet.
3115 623 3275 678 Unde
3298 643 3402 681 nos
3423 626 3624 681 libera-

1980 708 2203 764 litatem
2255 714 2313 765 et
2343 711 2805 767 muniﬁcentiam
2837 728 3039 784 regum
3091 720 3147 767 et
3184 714 3621 784 imperatorum,

1981 797 2194 869 quibus
2228 815 2359 853 cum
2392 800 2581 855 ofﬁcio
2607 804 2733 855 tum
2765 800 3172 873 dignitate,Dei
3205 803 3391 873 gratia
3420 820 3627 874 praeve-

1982 887 2196 954 niente,
2232 889 2646 957 successimus,
2707 907 2811 962 pro
2842 907 3010 962 posse
3056 895 3459 962 exsequentes,
3491 909 3628 965 erga

1979 974 2104 1031 loca
2136 980 2471 1032 sanctorum
2504 984 2559 1033 et
2606 981 3087 1051 congregationes
3134 980 3391 1035 ﬁdelium
3422 982 3627 1036 divinas

1981 1065 2271 1135 majestati
2309 1066 2740 1134 famulantium,
2774 1068 2856 1122 ita
2900 1068 3168 1124 liberales
3199 1074 3255 1123 et
3284 1071 3473 1125 devoti
3503 1071 3625 1127 cul-

1979 1158 2133 1208 tores
2163 1171 2290 1209 essc
2329 1156 2620 1224 cupimus,
2682 1161 2747 1211 ut
2801 1158 2872 1211 ab
2930 1175 3131 1212 eorum
3190 1159 3525 1215 excellentia
3572 1164 3629 1215 et

1979 1241 2245 1314 largitate
2276 1245 2505 1300 desides
2535 1251 2593 1301 et
2621 1247 2933 1318 degeneres
2965 1265 3091 1302 esse
3148 1266 3261 1303 non
3303 1249 3624 1305 videamur.

1981 1331 2047 1386 Et
2076 1331 2207 1387 licet
2237 1332 2345 1387 hoc
2374 1332 2432 1387 in
2457 1350 2767 1389 commune
2789 1337 3062 1391 omnibus
3080 1337 3339 1393 ecclesiis
3362 1338 3627 1393 debueri-

1981 1437 2136 1488 mus,
2172 1425 2236 1475 ut
2256 1422 2339 1476 eis
2353 1421 2783 1478 amminiculari
2806 1430 2860 1478 et
2884 1425 3189 1480 subvenire
3211 1427 3628 1499 dignumjudi-

1980 1525 2271 1579 caremus,
2306 1509 2542 1565 illorum
2578 1515 2773 1567 tamen
2834 1514 3248 1569 necessitudini
3284 1516 3630 1587 propensius

1980 1599 2261 1654 debemus
2292 1600 2485 1655 debito
2515 1606 2570 1656 et
2601 1600 2821 1656 ratione
2878 1602 3335 1659 condescendere
3370 1622 3539 1675 ,quos
3571 1606 3631 1660 in

1982 1688 2213 1743 servitio
2249 1694 2448 1744 nostro
2492 1689 2817 1756 insudasse,
2878 1695 2935 1744 et
2985 1690 3045 1744 in
3104 1691 3378 1747 ﬁdelitate
3433 1697 3635 1750 nostra

214 1775 452 1831 Vicaria
479 1780 735 1844 vocatur,
767 1775 936 1832 illum
967 1776 1299 1843 ﬁscum,cui
1330 1777 1660 1849 Unigradus
1684 1780 1873 1845 [al.In-
1901 1812 1949 1878 Β
1983 1776 2228 1849 contigit
2254 1777 2661 1833 vehementius
2690 1777 3040 1834 elaborasse.
3077 1780 3292 1835 Notum
3344 1780 3631 1853 siquidem

215 1865 467 1937 greium]
484 1864 830 1922 vocabulum
849 1865 1216 1934 est,liberum
1230 1869 1285 1921 et
1306 1866 1569 1938 quietum
1594 1867 1867 1939 deinceps

218 1967 350 2009 esse
376 1954 770 2011 concederem.
805 1954 924 2027 Ego
949 1971 1083 2010 vero
1114 1954 1411 2027 petitionis
1450 1955 1712 2027 ipsorum
1773 1974 1869 2013 ex-

218 2044 557 2117 aggerando
578 2042 903 2111 cumulum,
936 2043 1208 2101 universa
1236 2044 1487 2099 concedo
1510 2060 1869 2117 quiscunque

217 2131 496 2206 quislibet
522 2137 679 2189 terra
708 2132 928 2205 praefati
964 2132 1085 2187 ﬁsci
1121 2133 1263 2188 mihi
1295 2138 1352 2188 et
1399 2133 1545 2188 meis
1590 2133 1871 2190 hactenus

216 2220 543 2294 persolvere
572 2224 972 2289 consueverat,
1027 2225 1319 2293 quatenus
1348 2221 1406 2276 in
1441 2237 1507 2277 co
1539 2222 1872 2278 habitantes

215 2309 407 2366 tutius
434 2311 642 2378 vivere,
694 2313 751 2366 et
779 2310 994 2367 idcirco
1030 2327 1394 2383 quaecunque
1424 2312 1497 2366 ab
1525 2311 1608 2366 eis
1663 2311 1871 2366 usibus

216 2399 634 2456 canonicorum
676 2398 983 2464 debentur,
1043 2397 1272 2471 plenius
1329 2399 1557 2455 valeant
1610 2400 1869 2467 reddere,

216 2487 474 2562 exceptis
505 2492 758 2560 quatuor
797 2487 1062 2543 sextariis
1091 2487 1211 2543 vini
1241 2489 1312 2543 de
1372 2505 1725 2561 unoquoque
1781 2506 1871 2544 ar-

215 2594 433 2652 penno,
468 2593 617 2649 quos
641 2576 787 2632 mihi
819 2576 1214 2632 advocationis
1245 2578 1433 2650 gratia
1462 2577 1696 2644 retinui,
1729 2595 1872 2650 qua-

216 2666 385 2723 tinus
411 2665 462 2721 si
491 2665 549 2721 in
576 2670 875 2739 posterum
908 2666 1041 2737 quis
1090 2665 1140 2721 ei
1172 2666 1312 2720 ﬁsco
1339 2665 1614 2737 injuriam
1660 2667 1873 2724 inferre

216 2755 718 2827 tentaverit,.rege
750 2754 1066 2811 auxiliante
1088 2771 1362 2827 superno,
1398 2772 1491 2811 me
1530 2756 1870 2812 advocatum

218 2842 337 2900 sibi
360 2842 576 2900 sentiat
604 2860 731 2900 esse
761 2843 1063 2899 infestum.
1087 2844 1156 2898 Et
1186 2848 1251 2898 ut
1276 2848 1484 2899 nostrae
1506 2844 1874 2902 liberalitatis

220 2932 636 2988 muniﬁcentia
660 2933 933 2989 omnibus
946 2938 1162 2989 sanctae
1177 2932 1382 2988 matris
1398 2933 1667 2989 Ecclesiae
1689 2933 1873 2990 ﬁdeli-

216 3021 337 3077 bus
363 3023 422 3076 et
451 3020 667 3076 nostris
690 3025 843 3077 esset
864 3026 1020 3087 nota,
1044 3037 1275 3076 summo
1319 3021 1512 3076 studio
1542 3027 1600 3077 et
1629 3021 1873 3095 diligen-

211 3110 302 3166 tia
327 3108 700 3182 praacipimus
731 3108 953 3165 exarari
983 3114 1042 3167 et
1071 3108 1249 3182 sigilli
1276 3109 1456 3165 noslri
1486 3109 1873 3183 impressione

188 3198 482 3272 -signari:
518 3202 808 3270 quatenus
840 3200 994 3270 quod
1028 3215 1206 3254 manu
1238 3198 1473 3272 propria
1494 3199 1659 3271 signo
1680 3201 1871 3257 crucis
1903 3177 1945 3243 (ἶ

213 3289 505 3361 impresso
535 3288 856 3345 statuimus
885 3304 1013 3343 esse
1046 3291 1260 3353 ratum,
1296 3304 1398 3359 per
1427 3287 1720 3344 curricula
1740 3306 1870 3345 suc-

212 3377 551 3433 cedentium
582 3380 915 3448 temporum
958 3380 1192 3432 maneat
1240 3375 1669 3432 inconvulsum.
1702 3378 1774 3432 Et
1821 3378 1870 3433 si

215 3466 352 3538 quis
382 3466 566 3537 hujus
595 3464 997 3521 conventionis
1056 3481 1184 3520 esse
1241 3465 1548 3521 tentaverit
1604 3465 1869 3537 violator,

215 3555 373 3626 quod
399 3553 576 3625 absit,
610 3554 758 3610 iram
782 3553 883 3609 Dei
910 3552 1191 3621 incurrat,
1207 3558 1383 3626 atque
1412 3558 1613 3610 nostra
1642 3561 1870 3612 nostro-

216 3659 470 3716 rumque
490 3642 833 3699 auctoritate
851 3643 1148 3698 convictus
1164 3643 1524 3708 abscedat,et
1543 3660 1646 3715 pro
1668 3643 1873 3700 illicita

212 3730 674 3805 presumptione
703 3730 829 3786 auri
857 3731 1036 3787 libras
1066 3736 1301 3786 centum
1361 3731 1536 3804 regali
1570 3732 1709 3788 ﬁsco
1741 3750 1870 3804 per-

212 3819 423 3877 solvat.

283 3913 496 3966 Actum
527 3908 758 3981 publice
786 3908 1045 3965 Parisius
1076 3926 1227 3965 anno
1258 3908 1429 3965 Verbi
1452 3909 1673 3966 incarn.
1710 3910 1868 3980 1048,

206 3997 531 4055 indictione
560 3998 770 4070 prima,
803 4002 1085 4070 regnante
1112 3998 1359 4055 Henrico
1382 4014 1514 4072 rege
1530 4017 1666 4055 xvm
1694 4016 1868 4065 anno,

202 4103 281 4142 xv
307 4085 606 4143 Kalendas
636 4086 791 4141 Maii.

1000 4176 1093 4231 ιν.

201 4265 576 4339 Privilegz'um
613 4280 724 4339 pro
746 4267 1083 4339 monasterio
1104 4265 1293 4339 Sancti
1351 4265 1660 4339 Theodorici
1708 4283 1874 4339 prope

279 4338 492 4408 Remos.
526 4367 596 4374 —
623 4335 851 4408 ﬁdjutus
898 4353 998 4392 rex
1029 4336 1095 4391 ab
1128 4338 1343 4392 Alberto
1372 4337 1563 4392 abbate
1616 4339 1677 4392 in
1701 4335 1872 4408 expa-

281 4407 549 4481 gnatione
609 4406 970 4481 (Icari-Novi,
1027 4409 1145 4481 ejus
1212 4410 1607 4481 monasterium
1662 4426 1695 4463 α
1737 4406 1873 4481 ᾕιρο

281 4477 673 4534 advocatorum
699 4477 1153 4534 elocutionibus
1209 4477 1748 4535 archidiaconorum'
1776 4477 1871 4535 ab-

281 4550 461 4605 solvit.

780 4619 968 4691 (Circa
997 4637 1089 4675 an.
1118 4620 1300 4691 1050.)

280 4709 452 4781 [Dom
484 4707 784 4775 MARTENE,
814 4709 991 4781 Ampt.
1021 4708 1262 4776 ϐοηθοίη
1302 4708 1343 4777 Ι,
1378 4711 1502 4776 422,
1537 4725 1604 4765 ex
1634 4725 1744 4765 ms.

795 4785 852 4835 8.
888 4780 1278 4851 Theoderici.)

276 4885 340 4942 In
371 4885 613 4942 nomine
643 4889 856 4942 sanctae
877 4889 936 4941 et
966 4885 1277 4942 individua:
1295 4887 1626 4944 Trinitatis.
1662 4888 1850 4962 Ego(3

197 4975 523 5043 HENRICUS,
556 4975 746 5047 gratia
777 4975 874 5031 Dei
906 4975 1263 5032 Francorum
1296 4978 1866 5045 rex,successbribus

199 5062 349 5120 meis
370 5064 612 5136 regibus
644 5079 849 5135 pacem
882 5068 938 5120 et
960 5064 1230 5121 salutem.

184 5188 187 5191 -
273 5152 482 5210 Omnis
514 5151 852 5225 quicunque
892 5152 1067 5209 alicui
1098 5154 1157 5209 in
1205 5153 1403 5228 aliquo
1435 5154 1739 5228 dignitatis
1769 5173 1863 5228 ge-

201 5256 338 5298 nere
368 5240 652 5311 succedit,
702 5242 832 5313 ejus
879 5241 1141 5298 imitator
1194 5258 1322 5299 esse
1380 5243 1554 5300 debet
1591 5244 1653 5298 in
1704 5244 1866 5299 omni

201 5329 531 5387 honestatis
553 5328 876 5402 proposito,
927 5330 1097 5401 cujus
1155 5330 1345 5387 ofﬁcio
1402 5348 1464 5387 se
1510 5332 1865 5405 mancipavit

247 5446 660 5538 ,‘(3lAJiqua3n
687 5450 867 5538 διῄρε
886 5451 1223 5538 ἀέριοιξιμῃίρ
1249 5454 1711 5538 partemnedidit
1739 5454 1864 5510 Ma-

200 5522 565 5600 billoniusin
577 5522 1548 5584 AnnmibusBenedictinistom.IV:
1568 5525 1863 5600 integrum

170 5595 295 5669 -hic
322 5597 562 5657 damus.

1980 1870 2065 1921 est
2098 1867 2371 1921 omnibus
2402 1884 2547 1938 pene
2577 1868 2740 1940 regni
2774 1867 3075 1923 Gallorum
3106 1869 3313 1925 incolis
3344 1875 3631 1942 quantum

1978 1954 2236 2010 laborem
2269 1955 2732 2028 impenderimus
2761 1957 2819 2011 in
2853 1959 3116 2029 captione
3138 1958 3313 2013 castri
3340 1961 3493 2031 quod
3527 1960 3635 2015 No-

1978 2060 2117 2098 vum
2150 2049 2404 2099 vocatur.
2436 2046 2520 2099 Ad
2554 2062 2729 2117 quam
2761 2051 2994 2101 strenue
3016 2051 3071 2101 et
3099 2048 3342 2103 viriliter
3357 2066 3636 2123 peragen-

1980 2134 2140 2199 dam,
2191 2150 2471 2205 maguum
2525 2134 2784 2191 solamen
2848 2136 3017 2190 nobis
3075 2136 3517 2207 przebuitlocus
3574 2143 3630 2193 S.

1982 2220 2367 2277 Bartholomei
2402 2223 2500 2293 (4),
2534 2222 2766 2277 Alberto
2798 2225 2927 2293 ejus
2986 2223 3093 2278 loci
3157 2228 3295 2279 tunc
3350 2227 3635 2297 temporis

1982 2311 2205 2376 abbate,
2234 2310 2544 2383 diligenter
2572 2316 2629 2366 et
2658 2316 2991 2367 constanter
3019 2313 3160 2367 adeo
3215 2312 3540 2381 insistente,
3571 2322 3635 2371 ut

1983 2399 2156 2455 etiam
2189 2417 2222 2454 a
2253 2399 2398 2454 meis
2431 2416 2582 2471 saepe
2629 2400 2892 2455 monitus
2948 2412 3158 2467 essem,
3213 2407 3278 2456 ut
3333 2404 3383 2457 ei
3418 2404 3631 2459 bonam

1981 2489 2163 2543 vicem
2196 2488 2519 2556 redderem,
2570 2493 2625 2543 et
2673 2489 2913 2560 dignam
2967 2491 3498 2547 remunerationem
3528 2510 3633 2565 pro

1983 2577 2188 2633 merito
2256 2577 2601 2633 conferrem.
2663 2576 2786 2640 Qua
2841 2577 3241 2650 persuasionis
3300 2580 3634 2638 inductione

1985 2684 2250 2723 meorum
2282 2671 2650 2739 provocatus,
2685 2665 3000 2722 deliberavi
3032 2684 3289 2739 quaerere
3318 2671 3458 2741 quid
3490 2688 3633 2743 prae-

1984 2755 2135 2811 dicto
2166 2756 2290 2811 loco
2321 2758 2379 2809 et
2407 2755 2604 2810 abbati
2636 2771 2869 2827 possem
2902 2754 3172 2811 exhibere
3204 2774 3307 2829 pro
3338 2759 3428 2814 sui
3461 2759 3635 2816 bene-

1985 2844 2099 2899 ﬁcii
2131 2849 2187 2900 et
2217 2844 2434 2899 laboris
2466 2844 2954 2899 remuneratione.
2988 2845 3102 2900 Sed
3155 2862 3289 2901 cum
3321 2849 3635 2919 comperis-

1983 2950 2106 2989 sem
2139 2934 2211 2989 ab
2244 2933 2453 2988 abbate
2482 2936 2538 2987 et
2562 2932 2991 2989 habitatoribus
3037 2932 3145 2989 loci
3195 2934 3634 2992 advocationem

1983 3021 2249 3089 abbatis),
2283 3038 2461 3093 quam
2493 3020 2731 3092 quidem
2761 3021 3061 3077 castellani
3087 3028 3412 3090 tenuerant,
3437 3025 3549 3080 sibi
3580 3030 3638 3080 et

1984 3111 2108 3165 suis
2127 3110 2306 3166 fuisse
2325 3110 2693 3179 infestam,eo
2712 3111 2867 3182 quod
2894 3111 3107 3166 multas
3136 3111 3383 3181 injurias
3403 3113 3636 3184 publice

1982 3206 2036 3254 et
2087 3199 2356 3271 privatim
2389 3216 2492 3270 per
2520 3215 2649 3254 eam
2677 3200 2938 3270 perpessi
2998 3200 3247 3268 fuerant,
3284 3201 3525 3259 consilio
3581 3208 3639 3258 et

1982 3287 2395 3360 astipulatione
2427 3304 2715 3354 meorum,
2760 3287 2887 3357 jam
2918 3287 3133 3342 dictam
3195 3287 3633 3346 advocationem

1981 3394 2112 3432 cum
2143 3375 2423 3433 beneﬁcio
2443 3376 2516 3431 ad
2547 3392 2674 3431 eam
2709 3375 3054 3447 pertinente,
3087 3377 3360 3446 praedicto
3394 3379 3634 3434 omnino

1981 3465 2382 3522 concessimus
2410 3464 2556 3519 loco.

2052 3554 2271 3609 Deinde
2302 3558 2513 3609 nostrae
2562 3552 2861 3609 serenitati
2894 3559 3322 3626 suggesserunt
3374 3556 3530 3627 quod
3563 3557 3634 3611 ab

1980 3642 2517 3714 archidiacono,qui
2531 3646 2871 3714 procurator
2891 3648 2947 3698 et
2962 3643 3224 3715 provisor
3238 3644 3287 3715 ej
3297 3644 3501 3700 usdcm
3523 3644 3634 3700 loci

1980 3732 2051 3786 ad
2076 3730 2386 3787 utilitatem
2443 3746 2572 3786 esse
2628 3731 2930 3797 debuerat,
2991 3731 3176 3787 multa
3224 3731 3335 3787 sub
3394 3733 3632 3801 obtentu

1979 3818 2274 3877 canonica:
2334 3819 2720 3875 institutionis
2776 3820 3151 3892 patiebantur
3207 3821 3467 3876 adversa.
3526 3822 3635 3877 Pro

1979 3910 2196 3981 quibus
2226 3908 2441 3982 saepius
2472 3909 2625 3981 apud
2671 3907 3174 3981 archiepiscopum
3210 3909 3636 3980 proclamantes

1980 3998 2359 4054 saecularibus
2388 3998 2637 4071 negotiis
2668 3996 3107 4070 archiepiscopo
3138 3997 3354 4071 saepius
3386 3998 3632 4068 intento,

1979 4104 2180 4160 pacem
2212 4088 2536 4143 secundum
2569 4087 2724 4159 quod
2757 4086 3077 4154 voluerant,
3111 4093 3166 4143 et
3226 4088 3339 4143 sibi
3398 4105 3635 4144 necesse

1979 4178 2188 4244 fuerat,
2247 4193 2365 4232 non
2423 4176 2821 4232 obtinuerunt.
2881 4176 3000 4231 Hac
3051 4177 3399 4233 necessitate
3429 4177 3632 4244 coacti,

1979 4266 2151 4321 nobis
2175 4264 2592 4320 intimaverunt
2620 4264 2759 4336 quid
2800 4264 3176 4335 patiebantur
3214 4264 3460 4320 adversi.
3489 4264 3633 4319 Huic

1978 4354 2340 4426 compatiens
2382 4352 2808 4425 conquestioni,
2869 4352 3256 4408 amicabiliter
3312 4367 3630 4424 aggressus

1980 4460 2109 4498 sum
2136 4442 2608 4514 archipiscopum
2646 4457 2778 4496 cum
2820 4440 3074 4498 ecclesiae
3126 4438 3628 4508 ministerialibus,

1898 4548 1947 4612 Β
1978 4536 2183 4605 petens
2197 4535 2262 4586 ut
2279 4532 2434 4604 quod
2450 4535 2651 4586 contra
2663 4547 2955 4586 canonum
2979 4532 3198 4584 statuta
3225 4533 3280 4585 et
3301 4527 3630 4600 apostolica

1978 4620 2135 4677 sedis
2164 4621 2394 4676 decreta
2444 4619 2750 4693 perspicue
2805 4618 3158 4690 injuriosum
3188 4621 3333 4684 erat,
3391 4617 3629 4673 omnino

1973 4710 2564 4782 praetermitterent,et
2593 4707 2882 4780 quidquid
2908 4706 3200 4762 malorum
3231 4705 3383 4779 exigi
3403 4709 3632 4777 poterat

1974 4800 2083 4855 sub
2116 4798 2307 4871 specie
2336 4797 2495 4865 boni,
2530 4814 2707 4852 causa
2739 4796 2923 4852 nostri
2969 4795 3185 4851 amoris
3215 4799 3275 4849 et
3330 4793 3630 4867 petitionis

1974 4887 2213 4944 omnino
2247 4886 2688 4942 frustrarent.Et
2717 4885 2898 4956 hujus
2922 4884 3218 4957 petitionis
3239 4882 3628 4940 conditionem

1975 4981 2282 5050 postquam
2317 4976 2388 5030 ab
2420 4974 2537 5029 illis
2568 4992 2681 5030 non
2714 4974 3039 5030 voluntarie
3097 4972 3343 5042 obtinui,
3376 4973 3486 5028 sub
3517 4973 3628 5028 im-

1974 5065 2273 5139 pressione
2312 5063 2495 5119 nostri
2527 5063 2706 5136 sigilli
2737 5064 3037 5136 scriptam,
3096 5067 3152 5119 et
3183 5062 3455 5118 manibus
3486 5062 3627 5118 ﬁde-

1973 5154 2120 5209 lium
2151 5158 2487 5209 nostrorum
2520 5152 2978 5217 corroboratam,
3039 5151 3323 5223 praedictae
3373 5148 3627 5205 ecclesiae

1974 5243 2205 5315 publice
2234 5240 2677 5308 contulimus,et
2706 5257 2810 5313 per
2829 5255 3137 5295 assensum
3161 5241 3505 5292 cunctorum
3524 5236 3625 5306 qui

1973 5331 2267 5386 affuerunt
2290 5328 2775 5385 contradidimus.
2800 5326 3062 5383 Petimus
3092 5340 3226 5395 ergo
3257 5337 3624 5377 successores

2051 5454 2128 5524 (4)
2162 5454 2346 5524 Locus
2403 5456 2462 5509 S.
2515 5450 2917 5524 Bartholomaei
2968 5452 3057 5524 est
3111 5443 3533 5524 monasterium
3564 5450 3619 5499 S.

1973 5513 2320 5599 Theoderici
2343 5541 2522 5599 prope
2545 5517 3061 5599 Remos,cujusi_l_le
3083 5513 3382 5589 apostolus
3402 5515 3620 5592 prima-

1972 5595 2096 5654 rius
2126 5592 2409 5669 patronus
2438 5592 2720 5658 Hactenus
2751 5592 3110 5671 agnoscitur.
