3920 6208
345 306 494 370 1034

1711 307 2024 372 MONUM.
2071 307 2389 372 DlPLOM.

3595 307 3763 376 μω

341 443 572 498 nostros
605 443 670 495 ut
713 440 999 512 quidquid
1033 457 1136 513 pro
1168 441 1356 498 salute
1387 441 1718 497 animarum
1751 458 1993 497 suarum
2022 444 2078 510 Α
2108 441 2256 497 duas
2275 440 2551 497 ecclesias
2572 444 2632 496 et
2659 441 3030 498 medietatem
3051 442 3246 520 lp81.’tt
3264 441 3432 498 villae.
3468 443 3531 500 In
3559 450 3762 502 castro

344 529 681 596 statuerint,
711 535 768 584 et
815 529 994 585 velint
1046 548 1174 586 esse
1217 531 1273 584 in
1335 534 1701 602 perpetuum,
1761 530 1839 584 ita
1890 530 1998 585 hoc

347 621 613 673 nostrum
647 623 933 674 statutum
959 636 1061 690 per
1089 619 1377 675 curricula
1406 625 1870 692 temporum,per
1897 636 1998 675 eos

337 711 546 762 contra
566 709 972 780 episcoporum
995 708 1266 764 alumnos
1287 715 1547 764 servetur
1569 707 1994 764 inconvulsum.

338 796 464 852 Hoc
494 802 690 852 autem
723 802 934 852 nostris
950 797 1316 854 auctoritatis
1333 801 1787 869 praeceptumme
1817 796 1997 853 alicu-

329 887 435 956 jus
467 887 766 942 temeritas
791 891 992 942 contra
1023 887 1109 941 l‘as
1125 891 1182 941 et
1203 887 1340 957 jura
1359 885 1572 941 violare
1596 890 1992 958 praesumeret,

339 975 396 1028 in
434 991 710 1030 concessu
735 975 1140 1047 episcoporum
1176 979 1514 1030 nostrorum
1545 974 1994 1040 ﬁrmavimus,et

339 1081 442 1136 per
470 1079 667 1118 eorum
700 1063 1361 1118 cxcommunicationem
1393 1064 1918 1130 corroboravimus,
1937 1068 1994 1119 et

338 1152 645 1224 praesentia
673 1153 749 1222 (5)
781 1169 939 1224 papae
973 1152 1044 1207 ad
1077 1151 1186 1207 hoc
1210 1152 1362 1208 idem
1391 1153 1724 1209 faciendum
1748 1169 1992 1224 praesen-

337 1241 446 1295 tari
471 1240 783 1311 jussimus.
818 1241 1269 1297 Conventionem
1311 1240 1561 1313 denique
1593 1258 1768 1313 quam
1803 1239 1991 1296 archi-

330 1327 644 1400 episcopus
673 1333 727 1384 et
759 1328 1211 1386 archidiaconus
1241 1331 1550 1386 nobiscum
1611 1330 1992 1384 firmaverunt

335 1422 392 1472 et
413 1416 566 1488 pacti
591 1418 976 1490 sunt,scripto
992 1419 1176 1474 nostri
1196 1419 1468 1491 prmcepti
1489 1419 1744 1474 inserere
1768 1417 1990 1490 placuit

333 1521 404 1560 ne
435 1505 568 1576 quis
601 1504 659 1560 in
692 1511 990 1578 posterum
1037 1513 1379 1579 emergeret,
1423 1507 1522 1578 qui
1579 1507 1714 1562 inde
1763 1506 1985 1579 aliquid

334 1595 546 1652 addere
592 1595 678 1650 vel
730 1596 1016 1662 minuere,
1081 1614 1184 1651 seu
1242 1600 1606 1651 commutare
1664 1595 1986 1667 aliquando

331 1687 546 1756 posset.

1110 1791 1178 1846 V.

328 1881 690 1950 Privilcgium
745 1880 970 2007 Ilenricbi
1008 1881 1050 1961 ,1
1095 1882 1429 2006 Ὲναηῖονμπι
1479 1882 1618 1951 regis
1659 1897 1758 1952 pro
1807 1880 1984 1938 Casce-

963 1967 1013 2006 ei
1043 1968 1394 2007 monaserio.

963 1967 1013 2006 el
1043 1967 1394 2007 monasterio.

981 2059 1110 2125 (An.
1151 2059 1330 2128 1052.)

830 2165 989 2232 [Gall.
1025 2166 1150 2221 Chr.
1186 2165 1254 2232 II,
1291 2166 1474 2236 1031.}

395 2287 458 2343 In
486 2289 721 2345 nomine
754 2289 1003 2355 Domini,
1034 2294 1144 2346 etc.

396 2377 1091 2435 Notumessevolumus.
1140 2420 1211 2435 ..
1905 2417 1977 2430 ..

324 2467 481 2538 quod
511 2471 772 2522 nostram
803 2467 1007 2524 adiens
1065 2467 1579 2524 mansuetudinem
1635 2464 1981 2522 venerabilis

326 2555 412 2609 vir
440 2560 498 2610 et
529 2561 640 2611 Deo
671 2556 887 2628 dignus
909 2557 1196 2612 Robertus
1219 2557 1572 2611 Brivatensis
1592 2553 1908 2610 cunonicus
1925 2558 1982 2609 et

327 2643 752 2712 thesaurarius,
785 2661 818 2700 a
849 2644 1085 2700 domino
1140 2645 1428 2700 Rencone.
1474 2686 1486 2698 .
1534 2685 1546 2698 .
1593 2685 1606 2699 .
1652 2685 1664 2697 .
1697 2647 1978 2698 Arverno-

327 2749 462 2787 rum
491 2734 764 2804 episcOpo
797 2733 1018 2788 missus
1049 2738 1103 2789 et
1134 2751 1237 2806 per
1267 2733 1489 2788 litteras
1509 2732 1976 2797 commendatus,

325 2820 583 2876 innotuit
612 2837 672 2875 se
704 2821 1000 2891 quandam
1029 2821 1334 2878 ecclesiam
1385 2822 1443 2877 in
1475 2837 1623 2894 pago
1656 2821 1978 2876 Avernensi

325 2908 382 2962 in
415 2925 606 2964 eremo
637 2909 832 2976 sitam,
867 2916 922 2964 et
953 2911 1095 2966 adeo
1129 2910 1448 2966 honoribus
1479 2909 1840 2982 ampliatam,
1875 2912 1978 2965 Ca-

325 2997 580 3053 sam-Dei
624 2998 1008 3066 nominatam,
1040 2999 1112 3055 ad
1145 2999 1376 3055 culmen
1407 2999 1772 3055 ethonorem
1800 2999 1976 3054 abba-

326 3087 415 3142 tiae
445 3102 785 3159 promovere
813 3088 980 3156 velle,
1013 3092 1226 3145 nostra;
1283 3087 1649 3144 liberalitatis
1699 3089 1872 3160 jussu
1924 3091 1982 3143 et

325 3181 629 3248 potestate,
680 3181 737 3232 et
790 3178 1050 3250 episcopi
1108 3178 1200 3234 sui
1258 3179 1664 3258 permissione.
1719 3180 2046 3250 Agentesc

322 3267 520 3338 itaque
551 3265 864 3322 consilium
896 3283 1207 3323 commune
1232 3283 1367 3323 cum
1399 3267 1737 3340 proceribus
1767 3271 1823 3321 et
1854 3265 1971 3337 pri-

321 3355 587 3411 moribus
615 3354 815 3427 palatii
875 3355 1060 3411 nostri
1118 3355 1484 3412 decrevimus
1540 3355 1668 3426 ejus
1717 3370 1973 3410 annuere

321 3443 611 3516 precibus,
643 3449 699 3500 et
729 3449 847 3500 tam
880 3461 984 3516 pro
1015 3449 1211 3500 nostro
1268 3446 1353 3516 IL,
1385 3446 1628 3515 nostra],
1661 3459 1839 3514 quam
1871 3460 1972 3515 pa-

320 3538 476 3588 trum
509 3538 842 3589 nostrorum
864 3532 1362 3606 indulgentia,per
1386 3537 1740 3606 praeceptum
1761 3537 1971 3587 nostra;

319 3622 616 3679 ﬁrmitatis
641 3621 1176 3691 authorisamus,et
1205 3622 1504 3679 abbatiam
1529 3621 1654 3677 fieri
1677 3620 1972 3693 jussimus

318 3716 376 3767 et
408 3711 805 3783 permisimus,
839 3715 950 3766 etc.

393 3801 715 3856 Omittimus
739 3801 987 3870 plurima
1043 3800 1106 3856 de
1135 3800 1236 3855 hac
1284 3816 1425 3856 nova
1453 3800 1678 3855 abbatia
1731 3797 1974 3870 ecclesia:

322 3867 770 3953 Ctaromonte-nsi'.
807 3871 1066 3953 subjecta,
1087 3889 1248 3953 ⁸σξιτη
1271 3888 1457 3953 ,οηενθ
1505 3867 1847 3953 persolyendi
1872 3883 1972 3950 pro

320 3957 481 4014 censu
515 3940 719 3996 libram
751 3939 957 3997 incensi
985 3939 1206 4014 infesto
1246 3939 1638 4014 Assumptionis
1664 3942 1726 3995 Β.
1759 3939 1968 3994 Mariae.

321 4013 548 4082 Reliqua
569 4027 693 4083 qua:
710 4014 990 4086 continent
1009 4013 1317 4084 catalogum
1329 4013 1732 4086 posSessionum
1751 4026 1974 4065 nascen-

319 4086 387 4138 tis
417 4086 739 4139 monasterii
765 4084 1171 4156 descripsimus.

390 4177 550 4228 Dona
579 4173 754 4229 etiam
787 4191 888 4246 pro
938 4174 1032 4229 Dei
1091 4189 1289 4229 amore
1337 4177 1394 4228 et
1451 4171 1659 4227 timore
1715 4169 1973 4225 ecclesiae

318 4262 612 4334 praedictas
639 4279 936 4330 concessa,
997 4261 1342 4318 auctoritate
1399 4263 1612 4316 nostris
1667 4257 1974 4332 potestatis

318 4351 701 4424 signavimus,
734 4357 792 4407 et
821 4351 1014 4423 sigillo
1045 4350 1204 4423 regio
1222 4349 1718 4417 conﬁrmavimus,
1752 4347 1976 4404 scilicet

317 4439 373 4496 in
403 4441 608 4497 eadem
639 4439 779 4495 villa
800 4439 1104 4495 ecclesiam
1123 4438 1444 4510 quamdam
1473 4438 1532 4493 in
1565 4437 1848 4494 honorem
1868 4436 1968 4492 SS.

317 4533 640 4604 martyrum
670 4528 880 4584 Vitalis
900 4532 956 4584 et
992 4527 1272 4600 Agricola:
1301 4532 1718 4585 consecratam.
1757 4528 1820 4582 In
1852 4529 1971 4582 ter-
2004 4549 2050 4614 Ι)

315 4619 515 4676 ritario
546 4617 869 4673 Brivatensi
911 4615 1220 4673 ecclesiam
1273 4633 1454 4674 unam
1482 4617 1544 4673 in
1602 4617 1880 4673 honorem
1913 4615 1972 4670 S.

312 4709 558 4764 Andreae
587 4707 659 4764 de
690 4706 922 4780 Comps.
958 4724 1092 4762 cum
1123 4707 1398 4764 omnibus
1427 4707 1498 4762 ad
1531 4722 1659 4762 eam
1680 4705 1975 4778 pertinen-

317 4797 498 4853 tibus.
533 4797 596 4852 In
628 4797 754 4853 vico
784 4796 1038 4853 Tuniaco
1071 4795 1376 4852 ecclesiam
1408 4798 1466 4852 S.
1517 4795 1791 4852 Germani
1821 4811 1974 4850 mar-

315 4886 626 4958 tyris,eum
658 4886 785 4958 ipso
818 4887 942 4943 vico
973 4891 1030 4942 et
1060 4887 1336 4942 omnibus
1369 4887 1440 4942 ad
1472 4903 1606 4942 eum
1639 4882 1977 4956 pertinenti-

316 4976 448 5040 bus,
482 4976 542 5030 in
571 4975 862 5032 territorio
894 4975 1254 5032 Fornoliensi
1290 4973 1599 5031 ecclesiam
1658 4989 1794 5029 cum
1847 4972 1976 5042 ipsa

317 5063 455 5119 villa
483 5069 540 5120 et
569 5066 848 5121 omnibus
879 5066 951 5121 ad
1003 5081 1132 5122 eam
1165 5063 1620 5136 pertinentibus.
1649 5059 1973 5118 Ecclesium

316 5152 387 5207 de
413 5152 853 5224 Bello-pomerio
883 5171 1016 5209 cum
1048 5154 1177 5228 ipsa
1207 5153 1344 5208 villa
1360 5157 1416 5208 et
1433 5151 1712 5208 omnibus
1740 5150 1813 5206 ad
1843 5165 1972 5206 eam

316 5239 768 5312 pertinentibus.
801 5241 1095 5314 Capellam
1149 5243 1221 5298 de
1265 5238 1853 5298 Castello-Bullionis.
1909 5239 1972 5294 In

315 5329 442 5383 vico
503 5327 791 5384 Luziliaco
846 5335 965 5388 tres
1019 5331 1296 5388 ecclesias
1355 5347 1490 5385 cum
1547 5329 1674 5400 ipso
1730 5327 1858 5382 vico
1916 5330 1974 5382 et

317 5415 596 5472 omnibus
627 5415 697 5471 ad
727 5432 860 5474 eum
891 5419 1418 5494 pertinentibus.1n
1437 5416 1579 5474 villa
1605 5418 1664 5472 S.
1696 5415 1972 5472 Domnini

2111 530 2179 586 de
2224 529 2779 585 Monte-Vasconum
2813 529 3119 603 capellam.
3148 535 3214 586 la
3245 529 3383 586 villa
3410 532 3471 587 S.
3505 531 3760 590 Victoris

2107 619 2255 674 duas
2303 618 2578 674 ecclesias
2605 636 2616 674 :
2639 619 2696 673 in
2727 619 3020 676 territorio
3051 620 3298 676 Roceusi
3351 619 3668 678 ecclesiam
3697 623 3758 678 S.

2106 707 2388 763 Desiderii
2411 725 2502 780 ep.
2526 713 2584 763 et
2615 712 2786 764 mart.
2809 708 2870 764 In
2912 708 3206 765 territorio
3257 709 3664 782 Lugdunensi,
3697 711 3758 768 in

2105 795 2240 850 villa
2279 813 2404 868 quae
2427 797 2644 852 dicitur
2663 797 2958 867 Sociacus,
2979 797 3287 855 ecclesiam
3318 801 3376 854 8.
3410 796 3763 856 Marieeum

2105 885 2233 956 ipsa
2288 885 2427 941 villa
2473 891 2529 942 et
2559 887 2833 942 omnibus
2890 887 2962 942 ad
3023 903 3152 942 eam
3211 887 3675 959 pertinentibus,
3705 893 3765 946 et

2099 975 2278 1028 etiam
2308 973 2582 1046 perplura
2612 975 2828 1048 praedia
2845 975 3140 1043 villarum,
3155 979 3446 1032 terrarum
3461 975 3762 1033 cultarum

2102 1069 2159 1117 et
2217 1061 2598 1132 incultarum,
2649 1064 2949 1129 silvarum,
3009 1065 3334 1132 vinearum,
3365 1081 3663 1138 aquarum
3701 1070 3761 1123 et

2101 1167 2475 1223 pascuorum.
2494 1151 2772 1224 Quisquis
2792 1158 2987 1208 autem
3015 1153 3272 1227 aliquam
3293 1154 3756 1212 controversiam

2097 1239 2184 1296 vel
2215 1241 2570 1296 calumniam
2605 1241 2741 1297 huic
2773 1241 3074 1298 donationi
3108 1243 3323 1299 inl.rre
3359 1257 3755 1315 praesumpse-

2100 1329 2176 1384 rit
2217 1370 2230 1384 .
2277 1370 2290 1384 .
2336 1372 2349 1384 .
2395 1372 2408 1384 .
2453 1330 2652 1402 petitio
2681 1330 2838 1385 illius
2864 1331 3028 1386 irrita
3049 1347 3252 1388 nos-.Io
3287 1337 3576 1405 praeepto
3604 1334 3751 1400 ﬁat;

2097 1423 2154 1473 et
2184 1419 2442 1492 episcopi
2475 1420 2870 1491 compatriota:
2893 1419 3125 1492 plenam
3167 1417 3480 1476 vindictam
3511 1421 3752 1478 faciant.

2097 1506 2319 1564 Habeat
2333 1512 2527 1564 autem
2545 1509 2822 1580 praedicta
2837 1508 3083 1565 ecclesia
3100 1509 3202 1564 liu
3213 1508 3401 1567 ntiam
3414 1511 3753 1584 adaugendi

2096 1597 2532 1652 etaccrescendi
2546 1598 2723 1668 jussu
2748 1603 2960 1654 nostra:
2987 1599 3336 1670 majestatis.
3368 1599 3435 1655 Et
3458 1599 3755 1672 quidquid

2097 1691 2350 1742 rectores
2399 1688 2528 1758 ejus
2574 1687 2631 1742 in
2677 1703 3064 1758 quascunque
3108 1691 3306 1760 partes
3351 1689 3538 1746 nostri
3590 1687 3756 1745 salvo

2089 1776 2224 1846 jure
2252 1775 2644 1831 ecclesiastico
2676 1777 3080 1849 acquisierint,
3112 1781 3230 1832 tan‘
3263 1776 3323 1832 in
3353 1776 3505 1832 villis
3565 1791 3758 1850 quam

2100 1864 2158 1918 in
2210 1864 2463 1936 praediis,
2496 1870 2597 1920 aut
2652 1863 2947 1937 aliquibus
2993 1865 3185 1936 bonis,
3221 1865 3752 1924 ﬁrmitate'nostra

2101 1953 2421 2024 majestatis
2452 1953 2815 2026 signavimus
2841 1971 2854 2020 ;
2885 1958 2944 2009 et
2973 1957 3094 2009 tam
3163 1958 3337 2010 utura
3365 1953 3753 2026 acquirenda,

2097 2058 2275 2113 quam
2335 2041 2624 2114 prieterita
2653 2047 2710 2096 et
2737 2042 3028 2114 acquisita
3087 2043 3240 2098 bona
3294 2042 3656 2100 tradidimus
3697 2048 3757 2100 et

2095 2131 2612 2198 authorisavimus,
2645 2136 2752 2186 etc.

2165 2219 2281 2274 Hoc
2313 2223 2509 2274 autem
2540 2223 2916 2292 praeceptum,
2945 2224 3010 2274 ut
3027 2219 3293 2276 validiori
3325 2219 3749 2294 astipulatiune

2093 2307 2334 2374 nitatur,
2350 2306 2568 2363 annulo
2589 2312 2788 2364 nostro
2827 2307 3204 2364 subterﬁrma
3220 2307 3420 2376 rimus,
3452 2311 3512 2364 et
3529 2309 3746 2366 Arver-

2091 2395 2258 2452 nensi
2315 2396 2586 2468 episcopo
2616 2401 2674 2452 et
2701 2397 2924 2453 caeteris
2955 2396 3138 2452 nostri
3196 2397 3361 2469 Iegni
3391 2397 3744 2455 auctoritate

2089 2483 2378 2556 episcopis
2408 2484 2834 2540 mandavimus.

2160 2575 2369 2628 Actum
2419 2572 2673 2628 Vitriaco
2705 2571 2918 2646 palatio
2957 2572 3188 2645 publico
3216 2574 3460 2630 obtentu
3489 2573 3654 2630 dom.
3687 2579 3745 2631 et

2091 2660 2439 2717 venerabilis
2499 2661 2760 2733 Hugonis
2818 2661 3192 2718 Nivernensis
3223 2662 3503 2735 episcopi,
3536 2679 3745 2720 mense

2089 2748 2593 2821 Septembri,luna
2625 2767 2706 2818 x1,
2726 2751 2800 2804 ab
2831 2751 3056 2805 lncarn.
3076 2750 3244 2805 Dom.
3268 2767 3366 2806 an.
3395 2751 3557 2822 1052,
3586 2767 3744 2808 anno

2092 2838 2253 2910 regni
2279 2837 2501 2893 domini
2533 2854 2599 2893 ac
2629 2837 2996 2894 invictissimi
3028 2838 3260 2895 Henrici
3291 2838 3448 2912 regis
3475 2855 3598 2896 ω.

2162 2927 2521 2982 Subscribunt
2543 2927 2953 3000 huicprsecepto
2973 2929 3234 3000 praesules
3262 2930 3360 3000 qui
3384 2933 3698 3000 seququ
3725 2947 3740 2984 :

2087 3001 2123 3054 A
2133 3015 2258 3070 ymo
2312 2999 2674 3054 Bituricensis
2702 2999 3138 3124 archiepisch
3169 3017 3186 3055 :
3221 2999 3392 3056 Renco
3431 2999 3746 3058 llr-vemen-

2088 3072 2164 3124 sis
2219 3085 2303 3124 eo.
2345 3071 2496 3124 Huao
2552 3071 2906 3124 Nivernensis
2961 3089 2980 3124 :
3087 3069 3357 3124 ainardus
3413 3070 3743 3124 Senonemi:

2088 3072 2164 3125 sis
2195 3085 2303 3142 κερ.
2345 3071 2496 3141 Hugo
2534 3069 2906 3142 ⁸Νίυιενηεηςςὶδὲ
2961 3089 2980 3126 .-
3035 3069 3357 3128 Mai-nardus
3413 3070 3743 3130 Senonensis

2088 3139 2332 3213 archiep.
2365 3139 2638 3216 Arnu‘lfus
2671 3142 2866 3216 Turon.
2911 3142 3260 3216 Isambardus
3302 3142 3743 3216 {inreliantepi-

2081 3228 2268 3284 scapus
2311 3228 2323 3266 :
2359 3213 2659 3268 Enselinus
2715 3213 2896 3268 Paris.
2951 3213 3246 3284 Agobertus
3295 3213 3517 3270 Carnot.
3581 3213 3741 3271 Heri-

2083 3284 2264 3410 Zelrtus
2314 3284 2606 3339 Autissiod.
2656 3285 2978 3340 Helmuinus
3025 3284 3321 3357 Augustod.
3379 3285 3568 3342 Οτιωο
3638 3285 3742 3342 Ca-

2119 3371 2258 3410 zon.

2119 3371 2234 3411 uon
2247 3396 2258 3411 .

2152 3429 2236 3481 Ea:
2259 3427 2608 3498 principibus
2638 3434 2688 3483 et
2706 3429 3056 3498 optimatibus
3093 3428 3352 3484 Robertus
3385 3426 3741 3498 Burgundio-

2081 3515 2226 3571 num
2266 3497 2390 3552 duo:
2428 3497 2572 3571 regis
2604 3497 2780 3570 frater
2809 3517 2827 3552 :
2860 3498 2968 3571 Udo
3017 3499 3258 3571 ejusdem
3285 3499 3456 3571 _regis
3479 3497 3693 3571 frater
3721 3517 3741 3553 :

2083 3568 2422 3640 Guillelmus,
2480 3568 2876 3640 Aquitanorum
2921 3568 3074 3625 dux':
3101 3568 3442 3637 Guillelmus,
3471 3568 3744 3625 Nonnun-

2080 3655 2278 3694 norum
2332 3639 2450 3693 dua:
2478 3657 2496 3693 :
2527 3641 2746 3695 comites
2803 3639 3149 3708 Guillelmus,
3208 3640 3501 3711 Rodulfus,
3565 3641 3740 3697 Theo-

2083 3711 2270 3766 baldus
2346 3711 2670 3777 Raiualdus,
2722 3711 3014 3781 Seguinus.
3083 3713 3293 3768 Sciolus
3367 3713 3595 3781 scripsit
3667 3711 3740 3768 ad

2083 3783 2253 3836 vicem
2283 3782 2547 3837 Balduini
2565 3784 2706 3853 regis
2734 3783 3058 3838 cancellarii
3082 3801 3160 3838 xu
3193 3784 3315 3838 Kal.
3351 3781 3619 3840 Octobris.

2152 3853 2349 3926 Eodem
2393 3855 2509 3926 fere
2537 3861 2773 3926 tempore
2801 3855 2903 3908 Leo
2945 3871 3089 3926 papa
3139 3854 3285 3911 idem
3331 3855 3741 3926 monasterium

2081 3925 2180 3996 sub
2210 3923 2444 3980 mitione
2483 3924 2536 3978 S.
2562 3923 2724 3996 Sedis
2779 3923 3092 3996 apostolicae
3145 3926 3402 3996 suscepit,
3435 3924 3744 3996 diplomate

2080 3995 2204 4050 dato
2233 4011 2288 4050 v1
2317 4010 2491 4050 nonas
2548 3995 2698 4059 Maii,
2727 3995 3084 4066 pontiﬁcatus
3125 4011 3208 4055 su,
3241 3995 3390 4052 anno
3423 3995 3505 4061 xv,
3538 3995 3738 4052 Indici.

2080 4083 2134 4130 ν,
2158 4073 2342 4138 postea
2378 4081 2502 4121 vero
2521 4069 2596 4120 tot
2626 4066 2943 4138 hujusmodi
2970 4067 3362 4138 diplomatibus
3381 4068 3498 4122 siue
3512 4067 3741 4138 pontiﬁ—

2081 4137 2184 4192 ciis
2202 4139 2317 4192 sive
2335 4139 2524 4206 regiis,
2545 4141 2670 4204 etc.,
2692 4137 2893 4208 donata
2903 4139 3011 4208 fuit
3035 4138 3184 4194 abba
3204 4141 3258 4194 ia
3282 4137 3650 4207 Casa-Degut
3671 4154 3741 4192 ea:

2081 4209 2194 4263 illis
2211 4209 2380 4280 facile
2408 4208 2653 4280 amplum
2685 4207 2935 4264 volumen
2962 4209 3153 4278 colligi
3181 4217 3373 4276 posset,
3406 4207 3498 4266 sed
3526 4211 3598 4270 ab
3621 4209 3740 4264 illis

2079 4280 2563 4352 commemorandis
2605 4281 2960 4352 abstinemus.
2991 4281 3175 4336 Primi
3196 4280 3582 4352 benefactores
3609 4282 3734 4352 fue-

2080 4355 2212 4406 runt
2243 4351 2545 4422 Stephanus
2585 4351 2650 4405 de
2696 4351 2972 4418 Memorio,
3001 4350 3272 4407 Gerardus
3327 4350 3394 4422 de
3431 4350 3734 4422 Turlanda,

2088 4420 2385 4494 Willelmus
2438 4421 2503 4478 de
2561 4423 2760 4492 Bai/ia,
2799 4423 2891 4478 sed
2942 4431 3260 4494 praesertim
3316 4420 3494 4478 Guido
3549 4421 3732 4477 dictus

2081 4493 2405 4548 Guillelmus
2433 4510 2508 4549 vn
2537 4494 2849 4564 Aquitania:
2877 4493 3010 4548 dux.

2851 4585 2945 4637 Vl.

2087 4671 2284 4744 Charta
2336 4686 2436 4744 pro
2458 4742 2465 4744 _
2489 4673 2819 4727 monasterio
2879 4671 2936 4728 S.
2969 4671 3197 4744 Victoris
3251 4671 3734 4744 Nivernensiss-e

2154 4741 2349 4812 Erepto
2373 4758 2402 4796 e
2449 4742 2714 4797 laicorum
2769 4759 2938 4798 manu
2994 4743 3216 4798 ιιι-’δαείω
3257 4741 3311 4798 S.
3350 4742 3580 4799 Victoris
3637 4743 3734 4798 Ni-

2157 4813 2430 4868 vernensis
2459 4816 2823 4869 restauratur.

2692 4903 2878 4973 (Anno
2904 4901 3086 4975 4055).

2085 4991 2172 5060 [Ο.
2206 4990 2500 5064 Mimans,
2535 4991 2710 5064 Ampl.
2746 4991 2986 5064 Collect.,
3019 4995 3059 5046 t.
3096 4991 3149 5064 _I,_
3177 5007 3234 5064 p.
3267 4990 3394 5064 451,
3427 5006 3499 5046 ex
3544 4989 3735 5047 archi-

2438 5035 2527 5116 vis
2555 5067 2612 5117 S.
2631 5035 2898 5118 rVictoris
2928 5035 3366 5134 Massiliensis.)

2153 5154 2219 5206 In
2250 5151 2486 5206 nomine
2517 5154 2730 5207 sanctae
2761 5155 2818 5208 et
2846 5149 3160 5227 individua;
3183 5151 3514 5224 Trinitatis,
3527 5151 3738 5208 Halm-

2081 5253 2210 5307 cus,
2242 5240 2430 5312 gratia
2460 5239 2563 5295 Dei
2595 5241 2951 5297 Francorum
2983 5257 3102 5298 rex.

2152 5327 2348 5383 Sciant
2368 5341 2572 5384 omnes
2596 5329 2972 5402 posteri,quae
2995 5330 3066 5385 ad
3087 5329 3584 5387 instaurationem
3600 5346 3734 5386 san-

2079 5417 2182 5472 ctis
2214 5414 2483 5472 Ecclesia
2537 5415 2834 5474 catholica:
2882 5416 3170 5490 pertineie
3223 5422 3576 5489 noscuntur,
3612 5417 3739 5474 sine

388 5609 468 5689 _(5)
496 5609 664 5689 Hapd
691 5613 940 5689 dubium
971 5613 1183 5689 Leonis
1194 5630 1356 5688 papa
1389 5611 1722 5687 lV,quando
1754 5613 1967 5672 Remos
1997 5609 2264 5680 accessit,
2300 5614 2358 5670 et
2389 5611 2451 5669 i-n
2484 5610 2729 5673 ecclesia
2753 5614 2814 5673 S.
2834 5613 3104 5689 Remigii,
3183 5629 3319 5672 nam
3357 5598 3746 5674 consecrave-

318 5681 430 5752 rat,
461 5681 775 5746 cendilium
805 5683 1140 5746 celebravit.
