3920 6208
133 290 287 354 1037

1222 280 1614 352 HENRICUS
1658 288 1683 350 Ι
1726 284 2209 358 FRANCORUM
2255 283 2439 351 REX.

3368 288 3537 353 4038

134 418 467 480 Theudcnis
482 416 677 475 fratris
706 418 854 489 ejus,
872 417 980 490 sig.
1002 418 1238 474 Guarini
1257 420 1453 476 fratris
1475 421 1763 492 ejusdem,
1795 427 1845 492 Α
1878 426 2168 493 quatenus
2198 422 2259 476 in
2291 422 2637 493 perpetuum
2668 416 2825 490 regio
2847 417 2982 489 jure
3004 416 3075 473 ab
3097 419 3373 476 omnibus
3410 420 3534 480 fore

132 511 235 584 sig.
261 507 570 577 Frederici,
615 508 724 579 sig.
756 505 1048 574 Balduini,
1081 507 1487 581 sig.Simonis,
1515 509 1622 582 sig.
1640 510 1783 582 Ago-

1893 512 2244 567 concedatur
2270 509 2475 577 libera,
2537 511 2658 564 tam
2716 505 2987 563 videlicet
3040 505 3195 564 intra
3242 509 3532 568 ambitum

134 599 277 657 berti
308 595 584 670 episcopi,
618 596 729 668 sig.
762 596 1025 668 Hugonis
1058 596 1283 665 decani,
1317 597 1426 669 sig.
1479 593 1777 653 Guillelmi
1888 599 2233 656 munitionis
2263 600 2412 671 ejus,
2440 614 2619 670 quam
2648 600 2808 653 extra
2835 596 2905 651 in
2926 595 3230 668 procinctu
3258 596 3439 667 illius,
3470 598 3533 655 in

132 685 436 762 prmpositi,
484 684 719 757 signum
774 684 1029 757 Sigonis,
1075 685 1313 759 signum
1357 685 1631 755 Ascelini,
1665 686 1773 760 sig,

130 774 423 835 Gencelini
452 773 673 830 decani.
886 770 895 777 ’

920 863 983 918 Χ.

123 954 382 1011 Henricus
412 954 435 1008 I
461 967 562 1007 rex
592 950 805 1005 inducit
840 953 1125 1007 canonicos
1174 953 1451 1021 regulares
1502 954 1561 1006 in
1600 951 1770 1007 eccle-

247 1027 393 1081 siam
424 1024 479 1079 S.
509 1023 735 1078 Martini
762 1038 794 1076 a
827 1022 1065 1094 Campis,
1098 1040 1131 1077 ιι
1159 1040 1215 1078 se
1246 1026 1634 1079 restauratum

738 1112 929 1183 (Anno
963 1112 1145 1182 1060.)

616 1200 783 1270 [GalL
816 1198 945 1257 Chr.
978 1200 1097 1267 vn,
1128 1201 1242 1270 32.]

192 1310 252 1365 ln
272 1307 511 1363 nomine
541 1308 753 1360 sanctae
784 1309 841 1359 et
872 1304 1185 1359 individuas
1217 1305 1543 1371 Trinitatis,
1575 1308 1684 1359 etc.

192 1397 375 1470 Igitur
404 1410 512 1467 ego
542 1393 862 1459 HENRICUS,
902 1391 996 1448 Dei
1024 1393 1212 1465 gratia
1241 1410 1340 1449 rex
1384 1394 1763 1459 Francorum,

125 1484 321 1542 sedula
347 1482 700 1555 cogitatione
723 1480 983 1536 recolens
1002 1480 1252 1553 qualiter
1267 1482 1530 1537 decorem
1555 1482 1766 1536 domus

122 1572 341 1630 Domini
371 1575 430 1627 et
446 1571 640 1625 locum
660 1568 1055 1625 habitantium
1072 1570 1194 1640 [al.,
1218 1569 1619 1640 habitationis]
1638 1570 1766 1640 ejus

121 1661 307 1726 dilexi,
338 1658 620 1716 omnibus
650 1663 771 1713 tam
795 1658 1182 1730 praesentibus
1214 1674 1394 1730 quam
1424 1658 1640 1712 futuris
1661 1674 1762 1713 no-

122 1758 239 1807 tum
267 1747 389 1804 fieri
420 1746 601 1804 volui.
637 1750 813 1801 Porro
844 1750 980 1801 ante
1008 1745 1311 1802 Parisiacae
1343 1745 1506 1801 urbis
1536 1748 1763 1817 portam
1793 1788 1840 1854 B

122 1841 133 1854 '
201 1838 215 1854 ‘|
397 1853 404 1854 κ
451 1852 464 1854 -
488 1834 792 1854 κριμμαΑμε-
825 1833 1036 1854 nL_-!_1f
1072 1834 1299 1854 Il-__13--3
1338 1833 1557 1854 ,ι,ι.,ιξΔ
1586 1833 1759 1854 ιι.-ξ,Α-

120 1841 175 1896 in
201 1838 417 1895 honore
441 1834 795 1891 confessoris
824 1833 1041 1889 Christi
1072 1834 1304 1890 Martini
1334 1833 1567 1890 abbatia
1585 1833 1767 1889 fuisse

122 1925 585 2002 dignoscebatur,
635 1939 814 1995 quam
858 1923 1162 1996 tyrannica
1212 1922 1370 1979 rabie
1427 1921 1615 1994 (quasi
1649 1938 1762 1976 non

119 2013 301 2084 fuerit)
322 2009 568 2067 omnino
595 2009 869 2076 deletam,
889 2010 960 2065 ab
976 2010 1198 2083 integro
1229 2010 1568 2081 ampliorem
1593 2010 1761 2065 resti-

120 2105 215 2169 tui,
246 2100 577 2167 ecclesiam,
611 2117 738 2172 quae
769 2099 867 2154 diu
901 2099 1116 2155 sterilis
1145 2100 1365 2155 amissa
1392 2098 1549 2171 prole
1592 2099 1762 2154 fleve-

119 2177 218 2261 rat,
248 2205 517 2264 quaerens
549 2190 790 2245 reddere
848 2189 1166 2244 secundam
1225 2188 1443 2244 caelesti
1495 2193 1757 2260 Sponso;

121 2280 520 2356 religiosorum
553 2276 796 2334 consilio
826 2277 1104 2345 virorum,
1155 2276 1467 2332 canonicos
1507 2275 1758 2348 regulari

118 2368 542 2428 conversatione
570 2366 789 2423 ibidem
818 2366 935 2421 Deo
966 2364 1319 2421 famulantes
1350 2364 1661 2432 attitulavi,
1692 2367 1763 2419 ut

115 2459 231 2515 sine
259 2454 660 2514 sollicitudine
695 2454 884 2526 magis
909 2453 1124 2509 divinis
1153 2470 1331 2526 quam
1372 2451 1571 2509 saeculi
1600 2451 1759 2507 curis

114 2549 374 2602 vacantes
400 2542 640 2599 valeant
671 2542 881 2609 vivere,
916 2542 987 2597 de
1019 2540 1397 2597 facultatibus
1445 2540 1638 2596 dotem
1673 2540 1756 2595 fa-

116 2635 261 2690 ciens
289 2630 551 2689 ecclesize
581 2632 653 2687 ob
685 2630 1012 2686 remedium
1044 2631 1226 2701 patris
1268 2630 1381 2685 mei
1438 2629 1758 2699 matrisque

117 2739 245 2778 meae
275 2722 634 2786 animarum,
658 2722 832 2790 atque
855 2733 958 2789 pro
976 2717 1090 2773 mei
1122 2717 1506 2789 conjugisque
1539 2733 1679 2772 mea:
1703 2719 1761 2771 et

115 2810 283 2883 prolis
311 2809 506 2865 salute
537 2812 594 2863 et
622 2823 763 2880 pace
814 2806 936 2862 haec
966 2806 1085 2862 illis
1129 2806 1349 2877 largior
1405 2805 1761 2877 possidenda

116 2904 381 2972 perpetuo
406 2899 587 2968 jure;
620 2895 801 2952 altare
832 2895 892 2950 in
934 2895 1142 2967 primis
1193 2895 1456 2966 ejusdem
1507 2893 1758 2949 basilicae

116 2988 264 3044 omni
296 2985 685 3042 clariﬁcatum
732 2984 1019 3049 libertate,
1062 2987 1121 3039 et
1165 2988 1352 3039 terras
1401 2999 1549 3053 quas
1607 2981 1762 3037 circa

116 3076 371 3132 eamdem
402 3072 709 3130 ecclesiam
734 3072 899 3145 prius
927 3071 1238 3139 habebam,
1270 3075 1327 3127 et
1356 3087 1502 3142 quas
1542 3070 1761 3125 ibidem

1884 689 2150 757 teloneis,
2184 689 2242 743 in
2274 686 2474 754 fredis,
2508 687 2566 741 in
2574 684 2844 759 justitiis,
2874 683 2935 740 in
2958 683 3234 741 omnibus
3254 702 3531 758 quacun-

1884 794 1998 849 que
2021 780 2125 849 jus
2154 776 2338 833 nostri
2369 775 2548 848 exigit
2573 772 2722 841 ﬁsci,
2755 790 2926 831 nemo
2957 790 3220 846 unquam
3250 772 3411 831 illam
3439 773 3530 831 in-

1883 866 2142 937 quietare
2171 866 2400 921 audeat.
2430 864 2704 920 Canonici
2762 862 2941 919 etiam
2989 862 3143 919 hanc
3180 865 3530 936 potestatem

1879 953 2153 1021 habeant,
2179 953 2489 1021 ut,abbate
2519 952 2789 1018 obeunte,
2821 967 3067 1007 assensu
3095 951 3367 1020 fratrum,
3390 951 3527 1008 boni

1878 1042 2199 1099 testimonii
2230 1043 2444 1108 virum,
2488 1040 2721 1097 nemine
2766 1040 3167 1113 perturbante,
3213 1039 3531 1097 restituant

1875 1130 2091 1186 Verum
2124 1130 2298 1186 etiam
2330 1134 2393 1185 ut
2420 1146 2489 1185 ea
2518 1130 2658 1186 ﬁsca
2687 1129 3057 1184 firmamento
3087 1132 3395 1186 teneantur
3413 1132 3530 1186 sta-

1876 1220 2001 1288 bili,
2035 1219 2185 1275 hanc
2242 1218 2505 1273 chartam
2554 1218 2613 1273 in
2671 1234 2807 1289 qua,
2840 1232 2935 1272 me
2981 1215 3370 1288 praecipiente,
3400 1217 3529 1274 huc

1876 1309 2075 1364 omnia
2104 1308 2321 1379 scripta
2344 1311 2501 1373 sunt,
2530 1305 2724 1379 sigillo
2755 1321 2886 1361 meo
2914 1304 3365 1362 subterﬁrmavi.
3407 1306 3525 1379 Ego

1876 1400 2001 1471 ipse
2031 1416 2128 1453 rex
2159 1396 2444 1452 Henricus
2501 1400 2557 1450 et
2586 1395 2789 1467 regina
2835 1394 3076 1466 pariter,
3105 1399 3164 1449 et
3214 1395 3524 1467 Philippus

1876 1487 2033 1544 filius
2062 1503 2229 1542 meus
2255 1501 2388 1540 cum
2418 1484 2696 1539 fratribus
2716 1483 2842 1538 suis
2872 1499 3053 1538 manu
3081 1482 3373 1541 firmatam
3394 1500 3520 1540 cor-

1876 1575 2300 1631 roboravimus.
2335 1573 2520 1637 Quam
2550 1571 2789 1643 quidem
2837 1569 3175 1626 Mainardus
3223 1573 3521 1628 Senonum

1876 1663 2350 1735 archiepiscopus
2380 1676 2516 1716 cum
2547 1658 2824 1714 Ymberto
2854 1656 3213 1714 Parisiorum
3250 1658 3519 1730 presule,

1875 1752 2091 1824 aliique
2121 1767 2299 1823 quam
2356 1747 2619 1821 plurimi,
2674 1751 2798 1803 tam
2828 1745 3136 1818 pontifices
3176 1762 3356 1818 quam
3385 1738 3521 1803 laici

1874 1840 2165 1912 principes
2194 1837 2620 1893 confirmarunt
2646 1839 2704 1891 et
2750 1834 3201 1891 corroborarunt
3246 1834 3522 1892 omnibus

1873 1945 2052 2000 supra
2082 1926 2428 1982 memoratis
2457 1924 2737 1980 faventes.
2770 1922 2826 1977 Si
2865 1921 2999 1995 quis
3028 1926 3226 1979 autem
3278 1923 3525 1997 posthac

1870 2016 2238 2091 privilegium
2271 2015 2379 2070 hoc
2405 2013 2620 2069 violare
2651 2011 3110 2085 praesumpserit,
3138 2012 3402 2085 primum
3426 2029 3523 2070 sa-

1869 2104 2090 2178 crilegii
2113 2104 2231 2160 sive
2244 2106 2415 2158 tanta;
2444 2099 2808 2156 auctoritatis
2825 2098 3193 2171 negligentie
3223 2116 3358 2157 reus
3373 2100 3522 2156 duro

1868 2193 2237 2251 anathemate
2268 2190 2528 2256 feriatur,
2544 2188 2754 2244 deinde
2770 2187 3033 2243 nefande
3044 2188 3523 2260 praesumptionis

1866 2285 2070 2340 irritus
2125 2279 2285 2355 gravi
2327 2295 2539 2335 census
2591 2276 2939 2332 detrimento
2987 2276 3319 2333 damnetur.
3350 2278 3519 2332 Anno

1868 2372 2030 2444 regni
2062 2386 2244 2441 supra
2273 2368 2413 2439 dicti
2445 2365 2598 2438 regis
2627 2380 2802 2420 xxvu.

1939 2460 2014 2532 (7)
2044 2461 2252 2514 Actum
2313 2472 2466 2511 anno
2498 2454 2569 2510 ab
2627 2452 3031 2510 Incarnatione
3091 2452 3322 2509 Domini
3352 2452 3515 2521 4060,

1868 2549 2070 2604 indict.
2103 2564 2197 2612 xv,
2230 2543 2472 2601 Parisiis
2501 2542 2752 2615 publice.

1938 2637 2183 2709 Signum
2214 2631 2447 2688 Henrici
2471 2622 2726 2703 rogis.S.
2760 2628 3015 2701 Philippi
3046 2628 3220 2702 regis.
3253 2630 3313 2686 S.
3336 2631 3517 2686 Annua

1869 2725 2099 2797 reginae.
2133 2723 2191 2778 S.
2234 2719 2517 2776 Mainardi
2567 2717 2991 2790 archiepiscopi
3042 2717 3421 2774 Senonensis.
3453 2717 3517 2774 S.

1869 2813 2124 2871 Gervasii
2153 2810 2459 2867 Remensis
2473 2806 2895 2880 archiepiscopi
2915 2810 2971 2861 S.
2988 2806 3251 2862 Ymberti
3262 2805 3522 2879 episcopi

1869 2900 2238 2958 Parisiensis.
2270 2903 2327 2953 Β.
2361 2896 2612 2953 Odolrici
2640 2894 3036 2951 archidiaconi
3062 2893 3429 2952 Parisiensis.
3457 2895 3520 2951 S.

1869 2989 2141 3047 Balduini
2171 2985 2521 3043 cancellarii.
2553 2988 2611 3039 S.
2644 2982 2924 3040 Viozelini
2974 2981 3280 3055 capellani.
3327 2982 3387 3038 S.
3422 2981 3520 3038 Ri-

1870 3078 2069 3137 chardi
2101 3074 2405 3148 capellani.
2440 3075 2500 3129 S.
2543 3072 2775 3128 Radulﬁ
2833 3071 3083 3128 comitis.
3117 3072 3177 3127 S.
3234 3071 3520 3128 Thebaldi

116 3164 401 3221 Ansoldus
425 3179 565 3218 cum
578 3161 887 3234 nepotibus
917 3161 1041 3216 suis
1055 3160 1269 3217 Milone
1297 3159 1520 3215 scilicet
1547 3163 1604 3214 et
1622 3158 1755 3213 Wa-
1785 3153 1828 3220 C
1866 3170 1937 3225 de
1968 3162 2441 3224 Montemorenci.
2475 3162 2533 3217 S.
2569 3158 2837 3216 Rainaldi
2867 3159 3191 3216 camerarii.
3213 3163 3270 3214 Β.
3301 3152 3521 3215 Albrici

118 3254 235 3311 rino
262 3253 408 3309 mihi
437 3250 622 3319 dedit,
646 3249 996 3305 concedente
1022 3249 1265 3321 Hugone
1295 3247 1505 3304 comite
1526 3250 1762 3319 propter

118 3341 328 3415 praefati
353 3337 596 3396 Milonis
651 3335 1202 3403 reconciliationem,
1263 3335 1364 3407 qui
1423 3340 1564 3390 tunc
1625 3350 1759 3390 reus

119 3429 303 3503 magni
335 3425 608 3484 criminis
638 3429 764 3481 erat
803 3424 1113 3480 adversum
1164 3439 1255 3479 me
1275 3440 1296 3484 ;
1328 3423 1430 3478 sed
1485 3421 1760 3495 precibus

118 3518 367 3575 Ymberti
398 3514 673 3590 praesulis
731 3518 969 3585 accepta
1007 3518 1171 3568 terrae
1224 3511 1456 3568 cultura
1485 3528 1518 3566 a
1549 3528 1761 3584 supra-

119 3608 278 3665 dictis
309 3605 626 3674 militibus,
687 3602 1070 3658 commissum
1119 3600 1265 3656 illud
1321 3601 1498 3670 (unde
1526 3604 1760 3655 centum

119 3694 284 3753 libras
306 3695 472 3767 justo
479 3691 708 3764 judicio
735 3689 1099 3758 exsolveret),
1120 3689 1338 3745 dimisi.
1358 3693 1475 3744 Has
1505 3704 1610 3761 ego
1637 3690 1759 3759 [at.,

120 3786 265 3857 ergo]
294 3788 483 3840 terras
514 3780 673 3837 circa
694 3796 895 3835 muros
918 3778 1172 3835 ecclesias
1204 3779 1348 3834 sitas
1375 3777 1565 3833 eidem
1589 3776 1765 3833 eccle-

118 3872 206 3927 sia;
232 3872 508 3936 concedo,
544 3886 613 3925 ea
639 3866 911 3923 videlicet
941 3867 1211 3923 libertate
1240 3869 1307 3921 ut
1353 3865 1551 3921 nullus
1583 3866 1640 3920 in
1673 3866 1758 3921 eis

121 3959 361 4033 aliquam
394 3955 1089 4026 redhibitionemexigere
1103 3958 1449 4028 praesumat:
1476 3955 1629 4027 apud
1657 3959 1759 4010 Pa-

120 4048 277 4104 risios
306 4064 441 4103 vero
463 4044 871 4102 molendinum
892 4060 1076 4099 unum
1102 4061 1115 4099 :
1150 4044 1210 4098 in
1223 4042 1362 4099 villa
1389 4060 1517 4115 quas
1548 4044 1764 4098 dicitur

120 4135 323 4194 Albcrti
351 4135 584 4204 villare,
616 4138 834 4189 terram
865 4149 1042 4205 quam
1076 4130 1157 4186 ibi
1184 4130 1473 4187 habebam
1498 4149 1511 4187 :
1537 4131 1761 4187 Noisia-

122 4240 244 4281 cum
271 4242 404 4281 vero
435 4238 622 4296 super
675 4222 999 4277 Maternam
1059 4221 1263 4285 situm,
1307 4236 1441 4275 cum
1476 4220 1765 4276 omnibus

120 4312 431 4369 redditibus
445 4309 1011 4368 etredhibitionibus
1034 4313 1221 4376 terrae,
1253 4308 1433 4377 silvae,
1461 4308 1764 4364 vinearum

87 4401 91 4406 ’
123 4406 285 4474 atque
313 4406 623 4474 pratorum
651 4417 664 4454 :
691 4399 750 4454 in
780 4398 1071 4455 territorio
1103 4401 1301 4454 autem
1347 4398 1629 4454 Meldensi
1660 4397 1765 4453 vil-

123 4486 232 4586 lani
259 4488 505 4586 nomine
526 4486 824 4586 Anethum
1034 4485 1311 4585 omnibus
1354 4486 1683 4542 redditibus
1712 4490 1771 4541 et
1801 4521 1847 4586 Β

125 4575 606 4633 redhibitionibus
634 4578 821 4645 terrea,
841 4574 1356 4642 silvas,vincarum,
1385 4579 1562 4647 atque
1576 4579 1771 4647 prato-

126 4681 245 4720 rum
270 4682 283 4719 :
312 4666 382 4721 de
400 4662 732 4720 redditibus
757 4663 995 4734 quidem
1018 4661 1332 4736 passionis,
1385 4663 1574 4718 vieriae
1614 4662 1770 4719 silva).

127 4752 456 4826 atqueliegii
479 4751 790 4825 [al.,leigii]
806 4768 1040 4808 omnem
1067 4752 1522 4808 decimam.ltem
1542 4752 1603 4807 in
1622 4766 1768 4824 pago

130 4839 723 4913 ParisiensiBongeias
734 4856 869 4896 cum
882 4841 1156 4896 omnibus
1168 4841 1266 4897 red
1274 4840 1417 4896 ditib
1425 4857 1493 4896 us
1509 4844 1567 4897 et
1582 4839 1772 4896 redhi-

116 4929 440 4987 bitionibus
470 4928 655 4984 libere
685 4928 795 4984 sibi
830 4930 1253 5000 adjacentibus.
1288 4929 1397 4985 Sed
1431 4935 1487 4984 et
1514 4928 1573 4984 in
1624 4944 1772 5001 pago

129 5017 493 5075 Laudunensi
529 5016 739 5073 Diciaci
771 5019 1027 5090 (excepto
1060 5018 1249 5088 altari)
1276 5018 1587 5073 dimidium
1636 5034 1771 5077 cum

108 5107 374 5178 praefatis
424 5105 904 5180 possessionibus
962 5107 1236 5176 habeant,
1281 5111 1535 5175 teneant,
1569 5114 1774 5180 regant

132 5197 297 5267 atque
325 5195 687 5269 possideant.
712 5194 862 5251 Illud
888 5212 1027 5269 ergo
1047 5196 1409 5268 praetermitti
1438 5196 1775 5253 nullatenus

106 5280 267 5352 ‘volo,
298 5284 444 5356 quia
466 5283 772 5355 praefatam
802 5283 1109 5341 ecclesiam
1140 5302 1208 5341 ea
1243 5284 1521 5340 ﬁrmitate
1552 5286 1772 5354 munio,

189 5477 263 5554 (1)
292 5480 503 5535 Annus
536 5495 683 5554 xxvu
724 5480 888 5554 regni
940 5479 1174 5537 Henrici
1227 5485 1284 5538 et
1312 5497 1506 5538 annus
1534 5481 1778 5554 AChristi

121 5548 259 5611 1060
284 5567 406 5613 non
435 5548 819 5625 conveniunt,
872 5568 1034 5614 error
1069 5556 1158 5612 est
1208 5555 1488 5630 praterea
1529 5551 1592 5612 in
1624 5550 1776 5613 indi-

1869 3251 2340 3315 conestabularii.
2372 3255 2427 3305 S.
2460 3247 2742 3304 Willelmi
2783 3245 3108 3304 seniscalci.
3163 3247 3223 3304 S.
3254 3246 3520 3319 Hugonis

1870 3341 2228 3402 buticularii.
2262 3341 2320 3395 S.
2357 3337 2593 3394 Roberti
2639 3335 2782 3391 coci.
2816 3335 2874 3391 S.
2925 3333 3156 3392 Radulﬂ
3204 3334 3516 3392 Belvacen-

1873 3436 1978 3491 sis.
2014 3434 2075 3489 S.
2112 3427 2329 3486 Yvonis
2359 3423 3132 3483 subcamerarii.S.Walteri
3162 3422 3520 3481 ﬁliiBerneri

1870 3525 1925 3580 S.
1959 3517 2234 3577 Amalrici
2266 3516 2418 3571 Ruﬁ.
2472 3514 2531 3568 S.
2583 3511 2869 3568 Willelmi
2925 3511 3121 3568 fratris
3150 3510 3422 3568 Baldrici.
3453 3514 3514 3568 8.

1869 3609 2141 3667 Widonis
2169 3602 2578 3662 Ambianensis
2607 3601 2955 3674 episcopi.S.
2988 3599 3233 3658 Walteri
3256 3600 3518 3659 Melden-

1872 3701 1954 3757 sis
1983 3695 2262 3770 episcOpi.
2287 3695 2344 3750 S.
2379 3690 2647 3749 Elinandi
2679 3689 3088 3747 Laudunensis
3141 3690 3421 3764 episcopi.
3453 3691 3514 3748 S.

1873 3784 2168 3845 Frollandi
2197 3779 2649 3839 Silvanectensis
2677 3779 2958 3853 episcOpi.
2989 3782 3044 3833 8.
3076 3779 3379 3838 Trecensis
3397 3779 3517 3853 epi-

1868 3875 2050 3948 scopi.
2078 3874 2137 3931 S.
2172 3870 2409 3928 Roberti
2441 3869 2543 3925 filii
2573 3868 2806 3925 comitis
2832 3866 3126 3924 Balduini.
3161 3868 3221 3924 S.
3253 3867 3519 3925 Widonis

1868 3961 2274 4019 Ponthivensis
2304 3957 2555 4015 comitis.
2585 3962 2641 4014 S.
2692 3955 2957 4014 Baldrici.
2992 3955 3051 4012 S.
3102 3956 3426 4029 Engenulfi.
3457 3957 3519 4014 S.

1868 4050 2141 4108 Amalrici
2176 4051 2246 4105 de
2283 4046 2636 4104 Monteforti.
2688 4047 2746 4102 S.
2778 4044 3058 4119 Stephani
3109 4045 3426 4120 praepositi.
3458 4046 3520 4104 S.

1871 4138 2182 4197 Framerici
2213 4137 2350 4195 coci.

2648 4221 2744 4278 XI.

1873 4319 2136 4374 Henricus
2192 4330 2293 4369 rex
2320 4313 2573 4369 ecclesias
2598 4364 2605 4371 ρ
2631 4310 2725 4366 SS.
2786 4309 3069 4383 Stephani,
3086 4309 3519 4383 Δ,ῖιιιίιιηίιδευιε-

1999 4388 2135 4454 rini,
2162 4394 2213 4442 et
2243 4384 2437 4440 Bacchi
2466 4382 2743 4438 canonicis
2767 4380 3177 4438 Paiisiensibus
3207 4380 3392 4437 tradit.

2551 4471 2680 4541 (An.
2710 4470 2849 4540 inc.)

2394 4561 2556 4632 [GalL
2592 4560 2718 4616 Chr.
2750 4558 2870 4627 v11,
2902 4560 3015 4629 31.]

1950 4675 2012 4724 In
2048 4667 2283 4724 nomine
2315 4670 2527 4722 sanctae
2559 4669 2616 4721 et
2642 4664 2953 4720 individua:
2985 4662 3309 4733 Trinitatis,
3323 4662 3533 4719 HENBI‘

1880 4775 2010 4826 cus,
2043 4755 2230 4829 gratia
2259 4755 2357 4809 Dei
2392 4756 2745 4810 Francorum
2770 4769 2887 4809 rex.

1950 4844 2184 4900 Noverit
2238 4843 2550 4916 posteritas
2609 4840 2876 4897 omnium
2921 4845 2977 4897 S.
3011 4839 3219 4897 matris
3262 4839 3529 4896 Ecclesia

1881 4932 2142 4989 fidelium
2174 4935 2232 4987 et
2260 4935 2619 4997 nostrorum,
2636 4930 2791 5002 quod
2814 4927 3355 5002 quidamlmhertus
3376 4929 3562 4996 Pari-~

1882 5021 2164 5079 siacensis
2212 5019 2477 5075 Ecclesiae
2543 5018 2879 5091 episcopus,
2929 5020 3140 5074 nostras
3198 5016 3532 5074 serenitatis

1884 5110 2094 5167 adierit
2124 5106 2518 5181 praesentiam,
2542 5121 2754 5178 rogans
2791 5109 2849 5161 et
2891 5105 3101 5161 obnixe
3129 5105 3437 5179 postulans
3466 5108 3537 5162 ut

1888 5197 2173 5271 quasdam
2204 5194 2479 5251 ecclesias
2507 5195 2568 5248 in
2590 5191 2871 5248 suburbio
2900 5191 3535 5258 Parisiacensi,nostras

1885 5284 2158 5359 potestati
2211 5288 2269 5340 et
2331 5286 2767 5339 antecessorum
2818 5285 3153 5337 nostrorum
3208 5279 3536 5351 antiquitus

1888 5480 2080 5538 ctione
2101 5496 2239 5609 31a:
2270 5495 2386 5536 non
2416 5494 2490 5537 xv
2529 5478 2594 5533 ut
2614 5474 2674 5530 in
2705 5473 2931 5546 charta,
2964 5473 3065 5532 sed
3094 5489 3197 5538 xm
3222 5486 3376 5530 anno
3396 5470 3540 5536 1060

1888 5566 2098 5609 numer
2177 5568 2211 5609 a
2236 5566 2328 5609 ur.

1887 5566 2328 5614 numerabatur.

3202 5646 3381 5661 «ουρ-ρ
3432 5644 3514 5669 1"—
