3920 6208
430 278 590 341 1089

1786 278 2105 346 MONUM.
2155 277 2474 344 DIPLOM.

3688 275 3857 341 ιοιο

432 379 817 484 mancipatus.
844 412 905 470 S.
936 412 1215 487 Stephani
1248 413 1490 483 scilicet,
1522 414 1742 471 Juliani
1782 414 2076 487 martyris,
2106 414 2161 480 Α
2188 412 2371 469 vitare
2400 410 3434 487 suppliciisperamusincendium,si
3463 408 3523 468 in
3545 378 3853 485 quantum

431 500 688 557 Severini
716 500 987 571 solitarii,
1006 519 1117 559 nec
1146 521 1261 559 non
1280 508 1339 560 et
1365 504 1552 560 sancti
1583 503 1804 569 Bachii,
1828 519 2078 574 quarum

434 588 708 663 quadam
738 589 880 646 olim
909 591 1279 648 abbatiarum
1305 592 1595 665 dignitate
1644 589 1992 654 sublimatae,
2025 594 2084 646 ct

436 678 573 735 ideo
600 678 1029 751 receptaculum
1061 681 1445 736 etstationem
1459 678 1894 751 congregationi
1918 694 2084 733 cano-

392 798 393 801 η
438 768 708 825 nieorum
766 768 1086 840 prehentes
1119 769 1176 823 S.
1237 768 1452 835 Marize,
1494 767 1596 822 sed
1654 770 1890 838 prepter
1923 765 2084 833 regni

437 856 935 928 perturbationem
965 856 1140 911 rebus
1169 855 1463 911 concessis
1493 854 1752 926 spoliata:
1784 851 2084 910 solitudini

436 948 728 1014 vacantes,
759 961 1003 1017 parvum
1032 949 1134 999 aut
1149 943 1379 999 nullum
1410 943 1663 1015 antiquae
1695 941 2085 1015 possessionis

437 1033 802 1089 retinuerant
830 1036 1070 1100 statum,
1106 1033 1390 1105 praedicta:
1413 1031 1848 1106 congregationi
1879 1048 2086 1086 concc-

437 1121 729 1179 deremus.
760 1121 876 1177 Sed
908 1122 1048 1193 quia
1070 1122 1226 1194 apud
1258 1138 1366 1177 nos
1397 1138 1500 1194 pro
1530 1122 1656 1177 suis
1688 1120 1912 1176 meritis
1943 1138 2086 1192 prm-

438 1210 631 1269 dtctus
652 1211 970 1284 episcopus
999 1215 1125 1268 erat
1155 1227 1426 1284 magnus,
1451 1213 1578 1281 ejus
1595 1210 1878 1266 voluntati
1896 1210 2089 1266 nolen-

433 1303 524 1356 tes
573 1298 801 1372 aliquid
860 1300 1159 1373 derogare,
1227 1299 1625 1356 concessimus
1657 1301 1786 1371 ejus
1818 1298 2086 1371 petitioni

437 1386 713 1462 pradicta
742 1387 869 1446 loca
925 1389 1105 1462 regali
1162 1393 1449 1462 praecepto
1506 1392 1563 1443 et
1606 1387 1976 1454 liberalitate,
2023 1403 2088 1442 co

395 1506 398 1509 -
434 1480 609 1550 pecte
636 1480 694 1533 et
722 1476 1073 1545 conditione,
1101 1482 1168 1533 ut
1213 1477 1475 1550 quandiu
1526 1475 1798 1531 Giraldus
1840 1474 2090 1532 clericus

438 1580 642 1622 earum
671 1581 978 1639 possessor
1006 1566 1232 1632 vixerit,
1267 1565 1394 1621 sine
1424 1565 1827 1637 inquietudine
1865 1582 1967 1637 per
1996 1581 2089 1619 as-

438 1667 682 1710 sensum
708 1653 1128 1710 eanonicorum
1154 1655 1336 1710 totius
1365 1653 1838 1727 congregationis
1875 1656 2087 1718 teneat,

438 1744 501 1797 et
530 1745 663 1813 post
684 1743 818 1813 ejus
836 1754 1142 1798 excessum
1171 1744 1380 1798 usibus
1406 1743 1819 1798 canonicorum
1847 1742 1975 1797 sine
1998 1757 2087 1796 re-
2122 1780 2169 1844 B

441 1828 794 1886 clamatione
812 1830 1213 1903 mancipetur:
1243 1834 1300 1886 et
1329 1831 1409 1887 ibi
1442 1847 1545 1903 pro
1577 1831 1832 1886 remedio
1882 1829 2091 1885 animae

446 1934 588 1976 mea:
618 1918 706 1977 vel
737 1923 1049 1992 parentum
1084 1936 1349 1975 meorum
1380 1919 1645 1975 canonici
1679 1922 2087 1991 aggregentur,

442 2007 549 2078 qui
574 2020 680 2080 pro
708 2011 866 2065 statu
892 2007 1362 2063 etincolumitate
1383 2008 1545 2079 regni
1578 2007 1765 2063 nostri
1788 2009 2092 2062 exerentes

443 2096 517 2152 ad
575 2100 892 2168 utrumque
949 2096 1265 2165 sufficiant,
1327 2095 1552 2151 scilicet
1593 2100 1649 2151 et
1678 2096 1750 2151 ad
1781 2095 2093 2151 stationem

443 2196 605 2241 more
636 2183 805 2240 solito
831 2184 1190 2242 reddendam
1221 2184 1497 2251 ecclesiae,
1530 2188 1589 2239 et
1618 2184 1689 2240 ad
1722 2182 2092 2239 serviendum

440 2271 719 2329 canonice
738 2271 973 2329 valeant
1001 2272 1392 2328 communiter
1421 2273 1647 2345 degere.

449 2466 713 2525 Henricus
738 2484 840 2525 rex
882 2468 1212 2524 abbatiolam
1242 2468 1297 2522 S.
1349 2466 1607 2524 Germani
1635 2470 1693 2524 in
1743 2470 1875 2525 Laia
1906 2468 2088 2523 Eccle-

908 2541 1013 2596 εἱιτ
1040 2541 1346 2595 Parisiensi
1369 2539 1628 2595 concedit.

1119 2628 1250 2699 (An.
1283 2628 1426 2696 inc.)

957 2717 1120 2788 [GalL
1155 2716 1282 2771 Chr.
1314 2716 1437 2783 VII,
1469 2718 1585 2787 31.]

512 2804 660 2862 Cum
684 2818 818 2860 vere
841 2804 1056 2877 gaudia
1081 2804 1545 2862 immortalitatis
1592 2807 1928 2861 sanctorum
1961 2823 2089 2878 pro-

443 2891 538 2948 cul
568 2892 751 2949 dubio
778 2907 967 2965 neque
996 2892 1127 2948 aliis
1158 2893 1442 2949 virtutum
1495 2893 1878 2965 acquirantur
1923 2896 2089 2951 obse-

441 2981 619 3054 quiis,
668 2985 728 3037 et
764 2980 1223 3037 exhibitionibus
1269 2980 1768 3054 eleemosynarum
1799 2983 1869 3037 ad
1904 2983 2090 3056 profe-

437 3075 600 3127 ctum
628 3069 997 3142 perveniatur
1025 3068 1389 3137 animarum;
1417 3087 1673 3142 cumque
1710 3072 1878 3143 regiae
1900 3072 2091 3142 digni-

436 3156 577 3214 tatis
605 3172 839 3231 semper
866 3158 1123 3231 requirat
1137 3158 1394 3214 cilicium
1427 3164 1642 3215 sanctae
1674 3161 1879 3216 matris
1898 3160 2092 3217 Eccle-
2123 3145 2172 3211 B

441 3246 560 3315 site,
588 3246 639 3303 si
671 3247 826 3320 quod
859 3246 1147 3314 imminet,
1178 3247 1563 3305 exterminare
1602 3248 1948 3321 periculum,
2001 3249 2089 3321 ip-

438 3335 681 3419 siusque
709 3335 996 3408 longeque
1026 3351 1348 3409 propagare
1405 3337 1756 3393 beneficium
1788 3338 2091 3395 defuncto-

439 3440 572 3480 rum
604 3428 838 3498 patrum
863 3424 1079 3497 pietate
1134 3424 1435 3493 eollatum,
1493 3424 1835 3482 nullomodo
1885 3427 2089 3484 teterni

2191 508 2403 558 nostra:
2439 503 2802 574 permittitur
2823 503 3107 574 facultati,
3134 502 3749 559 divinumcessamus
3760 519 3857 558 ex-

2191 589 2349 663 plere
2406 589 2822 646 ministerium.
2866 591 2967 647 His
3023 590 3204 663 igitur
3259 606 3542 646 accensus
3602 590 3856 647 monitis

2192 696 2297 749 ego
2329 678 2611 735 Henricus
2626 680 2896 751 princeps
2924 679 3059 736 licet
3088 679 3471 735 nonidoneus
3504 679 3565 735 in
3594 694 3854 752 regnum

2198 768 2572 833 Francorum,
2606 767 2719 823 Deo
2751 767 3000 833 volente,
3033 767 3414 835 constitutus,
3458 772 3583 823 tam
3616 767 3853 823 domini

2195 856 2431 910 lmberti
2466 855 2824 910 Parisiorum
2856 855 3122 928 praesulis
3139 854 3399 926 acquievi
3435 855 3849 926 petitionibus,

2195 962 2372 1017 quam
2406 944 2767 1001 Christicolis
2792 946 3067 1001 omnibus
3096 948 3216 1000 tam
3249 943 3464 1001 futuris
3492 961 3677 1016 quam
3700 960 3854 1018 pre-

2198 1034 2463 1097 sentibus
2513 1034 2894 1089 reverentiam
2925 1034 3268 1090 Christiana
3318 1032 3623 1105 religionis
3652 1034 3856 1090 debita

2198 1140 2303 1177 nec
2335 1140 2449 1177 non
2480 1123 2769 1195 condigna
2816 1122 3185 1179 veneratione
3235 1121 3587 1178 colentibus.
3620 1123 3851 1179 Sanctae

2199 1211 2404 1267 matris
2462 1212 2808 1283 supradictae
2869 1210 3111 1267 feliciter
3164 1210 3540 1267 acunahulis
3586 1211 3854 1267 educatis

2196 1300 2475 1355 uberibus
2510 1300 2871 1355 innotescere
2901 1298 3218 1366 decrevi,ut
3239 1297 3594 1355 abbatiolam
3626 1316 3853 1372 quam-

2198 1388 2334 1443 dam
2363 1388 2419 1442 in
2451 1388 2598 1443 silva
2632 1405 2759 1460 quae
2793 1390 2909 1444 Lea
2933 1388 3171 1455 dicitur,
3204 1388 3390 1465 patris
3422 1387 3535 1444 mei
3566 1387 3852 1444 Rodherti

2199 1475 2506 1531 clementia
2538 1477 2595 1531 in
2619 1476 2906 1532 honoreS.
2936 1476 3211 1533 Germani
3230 1476 3597 1545 fabricatam,
3621 1476 3854 1533 S.Pari-

2200 1564 2449 1619 siacensi
2483 1564 2748 1621 Ecclesia:
2781 1565 3180 1622 concederem.
3215 1565 3401 1631 Quod,
3432 1565 3575 1637 quia
3602 1566 3852 1638 dignum

2198 1653 2501 1707 videbatur
2528 1669 2819 1721 annuens,
2844 1670 2942 1709 ore
2975 1657 3152 1725 atque
3179 1653 3351 1710 corde
3378 1653 3634 1727 benigno
3662 1653 3855 1711 susei-

2200 1740 2388 1812 piens,
2418 1757 2552 1795 cum
2586 1758 2874 1797 consensu
2902 1758 2969 1797 ac
2999 1743 3296 1798 voluntate
3326 1741 3747 1815 episcoporum
3772 1746 3854 1798 a1-

2202 1845 2314 1901 que
2346 1830 2645 1896 abbatum,
2679 1846 2778 1885 seu
2830 1830 3097 1886 omnium
3141 1830 3538 1902 comitumque
3580 1830 3855 1888 militum

2201 1935 2463 1975 meorum
2496 1919 2552 1973 S.
2586 1918 2685 1974 Dei
2703 1919 2978 1974 Genitrici
3010 1935 3143 1975 cum
3158 1919 3431 1974 omnibus
3462 1935 3592 1991 quis
3623 1920 3703 1975 ad
3727 1937 3855 1977 eam

2202 2007 2514 2079 pertinent,
2574 2007 2764 2079 ipsam
2797 2008 3153 2064 abbatiolam
3205 2008 3446 2077 contuli,
3476 2013 3546 2064 ut
3582 2010 3852 2081 quandiu

2202 2095 2310 2151 loci
2344 2095 2501 2151 illius
2533 2097 2810 2168 praesides
2841 2097 3052 2165 vivent,
3087 2100 3347 2163 teneant,
3396 2102 3625 2170 regant,
3658 2097 3855 2155 nullo-

2204 2202 2317 2257 que
2346 2190 2676 2241 nestrorum
2709 2202 3115 2241 successorum
3147 2185 3447 2241 auferente
3489 2187 3853 2258 possideant,

2200 2273 2467 2330 videlicet
2522 2277 2739 2329 terram
2796 2273 3139 2331 Filiolicurti
3197 2274 3343 2330 etin
3376 2290 3526 2347 pago
3585 2274 3856 2332 Pinciaeo

2202 2362 2383 2418 altare
2404 2367 2606 2418 Aureae
2628 2362 2792 2418 vallis
2818 2367 2875 2419 et
2891 2364 2949 2418 in
2964 2379 3113 2436 pago
3125 2362 3437 2419 Valeasino
3454 2362 3641 2420 altare
3664 2364 3855 2432 Treoi,

2201 2452 2261 2506 in
2293 2468 2440 2524 pago
2473 2451 2799 2507 Belvacensi
2831 2452 3012 2509 altare
3064 2451 3304 2508 Borreti.
3338 2456 3399 2508 et
3445 2451 3757 2509 ecclesiam
3800 2457 3853 2509 8.

2203 2540 2438 2596 Marime
2469 2540 2527 2594 in
2558 2540 2753 2596 insula
2785 2540 3171 2608 Parisii,item
3204 2540 3443 2613 praefato
3469 2541 3710 2612 praesuli
3732 2558 3857 2614 qua:

2201 2629 2273 2684 ad
2306 2628 2611 2684 ecclesiam
2631 2629 2820 2700 ipsam
2835 2646 2950 2685 non
2966 2627 3330 2702 pertinentin
3345 2628 3631 2685 suburbio
3648 2629 3859 2686 Parisii

2200 2722 2454 2789 quatuor
2484 2734 2774 2789 arpcnnos
2794 2717 3118 2773 vinearum.
3139 2717 3252 2773 Sed
3277 2722 3342 2773 ut
3369 2716 3478 2774 hoc
3507 2722 3724 2774 nostra
3744 2717 3858 2774 cle-

2201 2806 2434 2861 mentire
2475 2806 2695 2861 donum
2737 2806 2958 2861 nostris
2999 2806 3335 2877 futurisque
3360 2805 3729 2878 temporibus
3760 2807 3859 2863 ﬁr-

2200 2911 2361 2950 mum
2377 2893 2913 2967 habeatur,placuit
2927 2895 3096 2951 nobis
3109 2900 3402 2967 quatenus
3415 2894 3627 2952 exinde
3639 2912 3856 2968 praee-

2200 2989 2367 3056 ptum
2382 2984 2503 3039 fieri
2510 2985 2534 3054 j
2545 2982 3225 3050 uberemus,videlicetut
3237 2999 3343 3039 nec
3357 2984 3715 3051 nostris,nec
3726 2983 3857 3041 mli-

2200 3072 2335 3145 quis
2360 3076 2491 3144 post
2527 3072 2859 3144 futurisque
2884 3072 3271 3145 temporibus,
3290 3071 3511 3144 aliquis
3539 3072 3854 3129 hominum

2202 3160 2502 3233 quodlibet
2530 3160 3081 3233 eiimpedimentum
3102 3161 3175 3216 de
3205 3160 3414 3217 iisdem
3432 3162 3612 3217 rebus
3641 3161 3855 3219 inferre

2201 3252 2534 3321 praesumat.
2567 3249 2638 3303 Et
2695 3252 2760 3302 ut
2797 3247 2918 3303 haec
2974 3247 3157 3303 nostri
3214 3247 3484 3320 praecepti
3532 3248 3854 3305 auctoritas

2202 3338 2428 3393 ﬁrmior
2459 3337 2765 3405 habeatur,
2800 3353 2981 3392 manu
3012 3340 3214 3392 nostra
3254 3335 3853 3406 subtertirmavimus,

2202 3432 2261 3482 et
2289 3424 2467 3499 sigilli
2491 3424 2676 3481 nostri
2707 3425 3095 3497 impressione
3124 3423 3511 3497 signavimus.

1228 3724 2080 3833 CHUONBAI

2251 3729 2367 3831 I'S
2456 3728 2590 3830 II
2681 3730 3056 3831 IMP.

489 3922 715 3991 HUJUS
750 3923 1050 3982 NOMINIS
1088 3925 1304 3984 INTER
1341 3925 1569 3983 REGES
1608 3926 2001 3997 SECUNDUS,
2042 3927 2259 3984 INTER
2296 3924 2670 3985 AUGUSTOS
2709 3926 3003 3998 PRIMUS,
3041 3924 3453 3984 COGNOMINE
3498 3925 3804 3986 SALICUS

1857 4080 1995 4161 (An.
2030 4079 2419 4160 1024—1039.)

768 4340 1735 4476 CHUONBADI
1829 4346 1949 4473 Il
2044 4285 3487 4477 CONSTITUTIONES

1120 4568 1185 4625 D.
1220 4567 1421 4638 Psn'rz,
1453 4570 1803 4627 Monumenla
1835 4568 2144 4626 Germania:
2172 4568 2455 4638 historica,
2486 4568 2619 4642 Leg.
2651 4572 2794 4626 tom.
2829 4568 2897 4635 II,
2929 4585 2987 4641 p.
3017 4567 3133 4640 38.)

613 4947 866 4990 surarum
904 4948 976 4989 ns
1016 4949 1307 4989 MANCIPIIS
1349 4946 1740 4988 ECCLESIARUM
1781 4933 1879 5005 (ι).

983 5021 1169 5094 (Circa
1201 5040 1294 5076 an.
1329 5022 1513 5092 1031.)

499 5112 909 5178 CBUONRADUS,
942 5110 1043 5166 Dei
1074 5111 1263 5183 gratia
1312 5110 1709 5166 Romanorum
1758 5110 2076 5182 imperator

420 5202 776 5271 Augustus,‘
826 5197 1209 5254 BERENHARDO
1275 5198 1446 5263 duci,
1503 5202 1795 5253 Siclraino
1854 5198 2072 5267 comiti,

417 5288 776 5342 Bsmvnmno
808 5286 1154 5354 marchioni,
1188 5287 1439 5344 salutem
1470 5290 1526 5341 et
1555 5285 1823 5357 gratiam.

492 5403 571 5471 (1)
604 5403 799 5461 Prodit
807 5407 934 5482 jam
964 5409 1155 5482 prima
1173 5410 1294 5467 vice
1325 5427 1394 5466 ex
1422 5407 1711 5482 tabulario
1733 5410 1891 5482 regio
1921 5410 2075 5466 Han-

416 5486 731 5552 nov‘erano,
765 5477 1307 5552 ubi_in_t_er_chartas
1333 5479 1716 5552 episcopatus
1762 5477 2076 5539 Verdensis

421 5538 822 5605 authentic'um
840 5547 1033 5621 sigillo
1057 5550 1346 5625 imperiali
1362 5538 1710 5624 insignitum
1722 5558 2021 5613 asservatu
2029 5570 2073 5615 r.

2251 4841 2526 4908 Quamvis
2559 4857 2663 4913 pro
2676 4839 2858 4896 totius
2888 4839 2969 4895 rei
2993 4835 3427 4911 publicmlonge
3446 4835 3690 4909 lateque
3707 4853 3844 4910 pro-

2180 4932 2441 4988 curanda
2470 4929 2742 4993 utilitate,
2767 4929 2972 5001 jugem
3005 4926 3325 4982 debeamus
3373 4922 3841 4983 sollicitudinem

2181 5038 2400 5094 gerere,
2432 5026 2630 5075 tamen
2664 5022 2731 5074 ut
2760 5033 2863 5089 pro
2891 5013 3275 5072 ecclesiarum
3304 5012 3404 5069 Dei
3436 5017 3597 5071 statu
3628 5013 3839 5073 soller-

2181 5111 2300 5166 tius
2331 5106 2730 5181 invigilemus,
2759 5122 2865 5162 nos
2890 5104 3264 5177 obligatiores
3292 5119 3423 5160 esse
3452 5119 3573 5159 non
3603 5103 3841 5177 ignora-

2183 5216 2337 5255 mus.
2374 5197 2553 5265 Unde,
2586 5196 2726 5267 quia
2753 5198 2967 5250 sanetae
3001 5191 3316 5249 Fardensis
3341 5191 3605 5248 ecclesia
3624 5192 3841 5248 manci-

2183 5287 2280 5359 pia
2307 5301 2412 5342 ceu
2444 5285 2617 5341 bruta
2645 5282 2922 5340 animalia
2951 5299 3055 5356 pro
3078 5279 3606 5354 quantulacunque
3648 5278 3840 5354 pretio

2184 5407 2602 5538 Apograghum
2634 5407 2761 5489 ejus
2792 5411 2981 5463 exstat
3008 5405 3067 5491 in
3098 5406 3369 5490 QOpiario.
3402 5406 3719 5488 Yerdensi,
3738 5405 3841 5461 ubi

2184 5487 2379 5538 tamen
2454 5479 2743 5537 huonradi
2772 5477 2899 5537 loco
2930 5483 3228 5537 Hemncus
3258 5478 3562 5536 scribitur.

2182 5477 2379 5539 ta’mén
2408 5477 2743 5538 Chuonradi
2772 5477 2899 5537 loco
2930 5477 3228 5537 Heinriciis
3258 5478 3562 5536 scribitur.
