3920 6208
80 355 242 468 ιω

80 623 258 680 illam
305 626 593 681 nefariam
625 625 1114 681 consuetudinem
1171 624 1514 689 admiratur,
1546 640 1748 679 verum

82 713 268 770 etiam
300 717 368 770 ut
397 731 521 769 rem
544 719 658 770 Deo
678 714 1136 784 hominibusque
1159 711 1559 767 detestabilem
1584 728 1748 766 exse—

81 804 614 870 cramur,maxime
639 819 774 858 cum
799 804 1122 858 secundum
1149 801 1484 856 canonicam
1509 801 1750 854 auctori-

81 895 273 946 tatem
305 890 526 946 nullius
559 889 816 946 ecclesiaa
845 890 1060 962 praedia
1082 889 1169 944 vel
1193 881 1614 960 manCipia,pro
1637 887 1752 942 alia

77 979 286 1051 aliqua
308 979 855 1048 vicissitudine,nisi
882 979 1098 1050 prsidia
1119 995 1221 1050 pro
1249 977 1741 1048 praediis,manci-

85 1067 189 1140 pia
221 1085 328 1140 pro
361 1067 694 1140 mancipiis,
729 1085 832 1139 pro
863 1084 1023 1139 aeque
1072 1066 1239 1123 bonis
1271 1067 1358 1122 vel
1403 1065 1749 1121 melioribus

86 1157 349 1212 debeant
363 1156 871 1212 mutuari.ldcirco
891 1160 1085 1211 autem
1099 1155 1506 1226 hujuscemodi
1528 1170 1751 1209 morem

85 1249 436 1301 sanctorum
455 1248 696 1299 Patrum
718 1244 1133 1299 traditionibus
1156 1247 1578 1316 repugnantem
1602 1242 1748 1297 ulte-

81 1333 209 1388 rius
237 1333 458 1390 ibidem
489 1333 761 1399 exerceri,
794 1339 994 1388 nostra
1023 1331 1311 1404 imperiali
1346 1335 1630 1404 potestate
1657 1331 1749 1385 in-

77 1419 458 1485 terdicimus,
495 1424 551 1476 et
581 1420 744 1474 vobis
787 1420 1005 1491 quibus
1056 1419 1268 1473 harum
1321 1418 1750 1489 provinciarum

81 1508 357 1580 regimen
390 1508 817 1576 commisimus,
864 1509 976 1563 sub
1028 1507 1127 1563 Dei
1186 1512 1510 1577 nostraeque
1553 1507 1749 1578 gratiae

85 1597 334 1652 obtentu
357 1597 739 1669 imperamus,
770 1599 835 1650 ut
865 1596 1222 1668 ubicunque,
1242 1596 1330 1651 vel
1353 1596 1504 1650 inter
1529 1601 1748 1650 vestros

81 1685 174 1741 vel
201 1685 356 1742 alios
395 1687 662 1756 ejusdem
720 1684 976 1740 ecclesiae
1038 1685 1330 1756 mancipia
1379 1685 1462 1739 ita
1514 1685 1750 1739 vendita

83 1774 490 1839 inveniantur,
525 1772 683 1828 illius
743 1773 851 1828 loci
896 1773 1166 1845 episcopo
1216 1777 1407 1828 vestro
1446 1772 1749 1842 juvamine

81 1862 434 1928 reddantur,
467 1878 535 1917 ea
584 1861 806 1917 scilicet
864 1862 1110 1930 ratione,
1146 1867 1211 1918 ut
1266 1862 1578 1933 episcopus
1627 1878 1747 1917 em-

82 1951 240 2023 ptori
277 1955 509 2006 tantum
541 1954 828 2022 quantum
864 1967 966 2023 pro
1006 1951 1090 2006 eis
1147 1950 1326 2018 dedit,
1358 1950 1648 2020 restituat,
1691 1955 1746 2005 et

84 2056 210 2098 sua
239 2039 498 2095 ecclesia:
521 2038 814 2110 mancipia
836 2039 1095 2110 recipiat.
1131 2039 1230 2094 Sin
1251 2055 1382 2094 vero
1405 2038 1601 2110 aliqua
1624 2055 1747 2110 per-

85 2145 238 2184 sona
266 2127 362 2183 his
393 2143 594 2199 parere
621 2126 892 2194 noluerit,
919 2131 1110 2182 vestra
1130 2126 1444 2198 judiciaria
1465 2131 1746 2198 potestate

84 2233 218 2274 eam
241 2215 597 2288 distringite,
622 2217 806 2271 donec
827 2216 965 2271 huic
988 2221 1184 2271 nostro
1200 2216 1536 2285 justissima
1559 2214 1744 2270 edicto

85 2303 176 2364 vel
229 2309 428 2360 coacta
458 2303 708 2360 obediat.
751 2304 833 2358 Ad
869 2303 1376 2359 evidentissimum
1432 2304 1628 2375 itaque
1668 2303 1744 2357 si-

86 2409 274 2466 gnum
289 2393 566 2448 omnibus
581 2397 791 2448 nostrae
803 2391 1081 2464 imaginis
1104 2393 1343 2464 proponi
1360 2391 1746 2465 praecepimus

87 2482 374 2554 sigillum.

482 2571 564 2641 (L.
600 2571 682 2642 s.)

887 2659 953 2713 ll.

485 2763 759 2804 CAPITULA
802 2764 871 2802 DE
912 2764 1223 2802 amaracus
1253 2747 1350 2817 (2).

649 2836 774 2905 (An.
809 2836 968 2902 1037,
1003 2835 1183 2905 Maii.)

162 2925 295 2981 Haec
313 2929 457 2980 sunt
484 2923 737 2996 capitula
757 2942 884 2995 quae
916 2925 930 2957 ¹
964 2925 1261 2979 Conradus
1289 2923 1421 2978 fecit
1442 2924 1500 2978 in
1529 2928 1743 2981 Ronca-

84 3013 171 3070 lia
195 3016 217 3049 ²
249 3013 324 3069 de
355 3012 674 3068 beneficiis.
707 3013 1021 3069 Constituit
1051 3011 1207 3068 enim
1241 3015 1323 3066 ut.
1745 3085 1752 3090 _

159 3104 210 3158 1.
244 3102 304 3158 Si
327 3105 461 3174 post
484 3105 728 3157 mortem
754 3102 978 3156 domini
1004 3100 1294 3156 vassallus
1323 3099 1407 3155 vel
1438 3105 1568 3172 post
1589 3117 1740 3155 mor-

80 3197 205 3248 tem
238 3189 474 3247 vassalli
509 3190 749 3246 heredes
771 3191 898 3261 ejus
920 3207 1022 3262 per
1043 3206 1264 3244 annum
1297 3194 1353 3243 et
1381 3190 1536 3244 diem
1569 3195 1740 3245 stete-

1390 397 1920 478 CHUONRADUS
1963 400 2017 466 II
2059 398 2223 467 IMP.

80 532 378 594 hactenus
403 535 741 594 venundata
771 534 952 594 fuisse
984 534 1336 603 audivimus,
1377 551 1493 591 non
1551 534 1742 591 solum
1771 535 1827 602 Α

3345 398 3506 482 1042
3533 451 3535 454 -

1927 536 1979 590 4.
2015 537 2156 592 Item
2186 535 2235 592 si
2266 534 2532 605 clericus,
2567 534 2788 595 habens
2817 535 3167 596 beneﬁcium
3197 555 3231 596 a
3258 555 3391 616 rege
3411 520 3508 599 da.

1857 628 1984 679 tum
2017 642 2130 680 non
2160 625 2350 682 solum
2374 643 2635 698 personae
2657 628 2757 684 sed
2774 626 3029 683 ecclesia:
3051 628 3511 702 datum°,ipsum.

1861 715 1997 784 per"
2029 732 2198 770 suam
2231 714 2463 786 culpam
2497 717 2764 788 perdat“,
2789 716 3014 772 vivente
3045 733 3110 772 eo
3142 721 3200 772 et
3227 717 3509 776 honorem

1858 801 2320 858 ecclesiasticum
2352 803 2623 869 habente,
2658 807 2728 861 ad
2755 822 2950 878 regem
3010 805 3322 878 pertineat,
3377 811 3511 880 post
3555 869 3558 876 ,

1860 895 2106 948 mortem
2138 908 2270 947 vero
2303 894 2432 962 ejus
2464 895 2534 948 ad
2565 911 2962 950 successorem
2997 899 3337 951 revertatur.

2261 1086 2510 1126 EDICTUM
2563 1088 2632 1126 DE
2683 1088 2998 1128 BENEFICIIS
3030 1075 3129 1145 (5).

2391 1159 2522 1228 (An.
2556 1160 2714 1224 4037,
2753 1161 2866 1216 Mai
2896 1162 3009 1228 28.)

1932 1244 1993 1298 In
2019 1246 2254 1301 nomine
2275 1252 2487 1302 sanctae
2504 1249 2590 1302 9et
2614 1249 2924 1306 individua:
2949 1252 3511 1320 Trinitatis,Chuon-

1861 1334 2036 1388 radus
2053 1334 2146 1388 Dei
2169 1335 2356 1405 gratia
2370 1337 2411 1370 ¹⁰
2434 1337 2830 1393 Romanorum
2845 1339 3161 1411 imperator
3180 1342 3506 1415 Augustus,

1860 1421 2146 1476 Omnibus
2185 1427 2396 1478 sanctae
2433 1423 2528 1478 Dei
2562 1425 2824 1481 Ecclesia:
2849 1427 3181 1500 nostrisque
3212 1430 3505 1488 ﬁdelibus.

1861 1511 2247 1582 praesentibus
2270 1513 2308 1545 “
2343 1512 2565 1567 scilicet
2595 1518 2650 1567 et
2681 1514 2920 1586 futuris,
2952 1520 3154 1572 notum
3186 1535 3314 1575 esse
3344 1518 3506 1578 volu-

1860 1614 2014 1665 mus,
2049 1599 2201 1670 quod
2226 1616 2330 1655 nos
2359 1601 2429 1655 ad
2464 1601 2922 1658 reconciliandos
2949 1604 3178 1662 animos
3209 1607 3508 1662 seniorum

1860 1691 1916 1742 et
1943 1685 2220 1754 militum,
2255 1691 2319 1742 ut
2375 1689 2445 1743 ad
2489 1690 2735 1745 invicem
2787 1707 3020 1763 semper
3050 1693 3091 1726 ¹²
3142 1693 3512 1751 inveniantur

1859 1777 2191 1842 concordes,
2226 1779 2281 1830 et
2313 1781 2377 1831 ut
2406 1777 2656 1834 ﬁdeliter
2683 1781 2739 1834 et
2769 1784 3208 1850 perseveranter
3238 1783 3406 1838 nobis
3455 1788 3514 1842 et

1859 1863 1984 1918 suis
2010 1865 2338 1920 senioribus
2369 1865 2624 1922 serviant
2654 1867 2876 1936 devote,
2910 1869 3282 1942 prmeipimus
3327 1875 3385 1926 et
3414 1871 3510 1926 ﬁr-

1858 1952 2030 2006 miter
2043 1953 2379 2021 statuimus,
2397 1958 2461 2009 ut
2483 1954 2681 2010 nullus
2708 1956 2876 2011 miles
2903 1957 3514 2030 episcoporum,abba-

1856 2051 2004 2108 tum,
2041 2041 2500 2109 abbatissarum,
2533 2047 2633 2098 aut
2663 2044 3073 2102 marchionum
3094 2046 3184 2103 vel
3206 2048 3512 2117 comitum,

1853 2127 1941 2183 vel
1976 2129 2239 2184 omnium
2274 2130 2374 2202 qui
2408 2130 2754 2186 beneﬁcium
2783 2133 2852 2188 de
2884 2135 3103 2190 nostris
3125 2125 3378 2207 publicis
3409 2136 3512 2194 bo-

1855 2218 1943 2276 nis
1978 2218 2018 2250 ¹³
2050 2221 2150 2272 aut
2180 2219 2249 2273 de
2279 2218 2658 2274 ecclesiarum
2693 2221 2929 2291 pradiis
2953 2223 2994 2255 ¹⁴
3023 2239 3178 2280 nunc
3223 2227 3380 2282 tenet
3410 2228 3515 2282 aut

1854 2306 2106 2361 tenuerit
2141 2305 2225 2361 vel
2285 2306 2570 2362 hactenus
2617 2308 2834 2377 injuste
2883 2311 3222 2382 perdidit”,
3275 2316 3395 2368 tam
3443 2313 3516 2370 de

1855 2394 2070 2449 nostris
2099 2394 2422 2465 majoribus
2445 2395 2902 2453 walvassoribus
2925 2400 2989 2466 ³⁵,
3015 2415 3193 2470 quam
3215 2403 3274 2457 et
3301 2416 3511 2457 eorum

1854 2481 2162 2547 militibus,
2187 2483 2312 2538 sine
2343 2487 2504 2538 certa
2527 2488 2584 2538 et
2615 2483 2877 2540 convicta
2897 2485 3070 2558 culpa
3091 2503 3270 2552 suum
3295 2488 3514 2550 beneﬁ-

1854 2571 2009 2625 cium
2042 2572 2265 2643 perdat,
2294 2571 2407 2626 nisi
2431 2573 2756 2626 secundum
2789 2573 3266 2631 constitutionem
3291 2577 3330 2610 ¹“¹
3353 2581 3511 2633 ante-

1853 2675 2151 2714 cessorum
2176 2663 2510 2714 nostrorum
2532 2663 2588 2713 et
2601 2659 2894 2729 judicium
2919 2661 2959 2695 ¹⁸
2985 2663 3214 2734 parium
3237 2681 3501 2720 suorum.

1853 2748 1913 2804 Si
1937 2748 1979 2782 ¹⁹
1999 2747 2292 2803 contentio
2319 2746 2495 2802 fuerit
2524 2749 2568 2782 ³ο
2599 2747 2752 2803 inter
2801 2748 3058 2805 seniores
3086 2754 3143 2805 et
3190 2751 3406 2808 milites
3435 2754 3500 2820 ³³,

1853 2836 2121 2909 quamvis
2152 2853 2321 2908 pares
2352 2835 2814 2906 adjudicaverint
2843 2835 3011 2893 illum
3053 2855 3162 2894 suo
3220 2839 3506 2898 beneﬁcio

1852 2940 2047 2980 carere
2072 2924 2302 2988 debere,
2337 2923 2386 2977 si
2412 2922 2507 2978 ille
2549 2923 2759 2979 dixerit
2785 2923 2895 2979 hoc
2953 2925 3171 2996 injuste
3229 2927 3316 2984 vel
3373 2927 3505 2984 odio

1851 3012 2068 3068 factum
2103 3028 2250 3079 esse,
2285 3011 2410 3083 ipse
2441 3029 2615 3067 suum
2659 3012 3010 3070 beneficium
3057 3019 3269 3082 teneat,
3320 3017 3504 3074 donec

1851 3101 2046 3157 senior
2070 3105 2128 3155 et
2146 3102 2190 3134 ²²
2211 3100 2306 3155 ille
2327 3117 2500 3171 quem
2533 3101 2754 3172 culpat,
2777 3117 2911 3156 cum
2938 3103 3181 3173 paribus
3210 3105 3336 3160 suis
3365 3109 3502 3162 ante

1851 3189 2221 3262 praesentiam
2255 3193 2515 3244 nostram
2547 3189 2799 3255 veniant,
2833 3194 2890 3244 et
2917 3190 2971 3224 ³³-
2991 3190 3070 3244 ibi
3119 3207 3298 3248 causa
3339 3193 3503 3263 justo

82 3280 220 3350 rint,
246 3280 402 3352 quod
425 3279 730 3336 dominum
757 3278 844 3334 vel
869 3279 1141 3334 heredem
1165 3279 1293 3349 ejus
1309 3279 1330 3311 ³
1352 3295 1468 3332 non
1493 3279 1744 3334 adierint
1775 3265 1817 3332 C
1857 3278 2094 3334 ﬁniatur
2114 3279 2175 3332 2‘.
2199 3277 2256 3332 Si
2281 3281 2474 3332 autem
2497 3293 2665 3347 pares
2683 3278 2726 3310 ’5
2749 3277 2968 3348 culpati
2987 3277 3285 3349 injudicio
3306 3279 3503 3348 senio-

84 3367 430 3425 ﬁdelitatem
466 3367 815 3440 pollicendo,
850 3367 899 3422 si
926 3365 1038 3421 tale
1075 3365 1152 3421 sit
1182 3366 1552 3433 beneﬁcium,
1588 3371 1652 3422 ut
1681 3368 1744 3421 fi-

82 3456 295 3513 delitas
326 3457 660 3528 praestanda
683 3456 759 3510 sit
782 3455 1188 3510 investituram
1209 3455 1510 3526 petendo‘,
1545 3457 1739 3527 ipsum

84 3545 290 3618 perdat
323 3545 421 3616 (3).

155 3637 210 3687 2.
247 3632 524 3688 Utliceat
569 3633 826 3689 dominis
883 3649 1086 3688 omnes
1142 3632 1524 3689 alionationes
1584 3633 1741 3689 feudi

84 3723 292 3788 factas,
324 3721 488 3777 nulla
519 3722 787 3778 obstante
819 3720 1273 3794 priescriptione,
1309 3738 1595 3777 revocare.

158 3812 212 3866 3.
247 3809 532 3866 Simlliter
562 3810 620 3864 in
641 3803 989 3865 'ostandiciis
1021 3811 1041 3844 ⁵
1072 3809 1336 3881 petendis
1370 3811 1466 3882 (Α).

1852 3367 2018 3422 ribus
2040 3367 2082 3399 ²⁸
2122 3365 2461 3429 defecerint,
2512 3363 2609 3418 ille
2639 3365 2739 3435 qui
2770 3363 3044 3436 culpatur
3074 3383 3248 3422 suum
3280 3365 3500 3434 beneﬁ-

1850 3457 2003 3510 cium
2036 3457 2248 3521 teneat,
2298 3453 2479 3507 donec
2512 3452 2634 3524 ipse
2663 3469 2797 3507 cum
2840 3470 2946 3508 suo
2977 3454 3203 3510 seniore
3232 3458 3289 3511 et
3345 3455 3503 3528 pari-

1850 3547 1960 3601 bus
1991 3545 2032 3577 ²⁷
2084 3546 2216 3598 ante
2267 3545 2529 3596 nostram
2579 3541 2948 3612 praesentiam
2995 3542 3251 3599 veniant.
3298 3543 3504 3600 Senior

1850 3637 2047 3690 autem
2075 3632 2118 3665 ’⁸
2149 3634 2251 3684 aut
2280 3628 2448 3684 miles
2480 3629 2579 3701 qui
2606 3629 2896 3702 culpatur,
2931 3631 3032 3702 qui
3060 3630 3131 3686 ad
3165 3648 3272 3706 nos
3302 3631 3504 3692 venire

1851 3719 2186 3784 decreverit,
2216 3735 2315 3774 sex
2341 3717 2742 3774 hebdomadas
2765 3723 3083 3790 antequam
3111 3720 3223 3777 iter
3238 3719 3500 3793 incipiat,

1852 3812 1904 3866 ei
1944 3826 2078 3866 cum
2111 3825 2224 3880 quo
2256 3807 2567 3879 litigaverit
2596 3808 2640 3842 ²⁹
2678 3807 3004 3864 innotescat
3049 3810 3114 3863 ³ο.
3161 3809 3280 3866 Hoc
3306 3813 3502 3866 autem

1429 3907 1667 3961 VARI/E
1710 3907 2112 3964 LECTIONES.

164 3997 178 4030 ¹
214 4011 327 4068 que
355 4013 453 4051 rex
484 3997 732 4052 coradus
763 3998 815 4052 5.
848 3997 930 4052 Ed
961 3997 1161 4066 Spung.
1207 3997 1228 4029 ²
1259 3995 1454 4051 ictalia
1492 4011 1633 4052 corr.
1668 3997 1929 4052 runcalia
1956 3998 2009 4050 5.
2031 4067 2036 4068 γ
2059 3995 2271 4068 δάεθιςι.
2305 3998 2355 4048 2.
2387 3995 2426 4068 Λ⁴
2459 3994 2494 4048 i.

2525 4011 2580 4063 p.
2639 3994 2849 4047 desunt.
2880 3993 2934 4046 6.
2986 3994 3006 4028 ⁵
3035 3992 3420 4052 hostendiciis
3445 3995 3500 4050 5.

92 4063 484 4122 hostendiciis
514 4070 568 4122 6.
614 4070 635 4103 δ
665 4068 827 4123 deest.
881 4071 936 4122 5.
994 4063 1012 4102 ῗ
1043 4063 1281 4139 propter
1307 4069 1360 4122 6.
1412 4069 1431 4102 ⁸
1465 4086 1514 4122 ν.
1547 4086 1613 4123 eo
1644 4085 1700 4139 p.
1734 4070 1796 4123 ΙΙ.
1835 4071 1856 4102 ⁹
1885 4067 2106 4139 domini
2146 4069 2206 4139 V.
2243 4069 2334 4120 Vn.
2371 4065 2489 4139 (ius,
2539 4066 2590 4139 ‘f’r
2611 4064 2703 4139 ch.
2737 4063 3200 4139 gloriosissimus
3232 4064 3376 4139 imp.
3400 4065 3500 4139 ‘Cr.

94 4139 133 4173 ¹¹
165 4143 290 4210 tam
324 4157 379 4210 p.
415 4155 591 4210 quam
622 4144 679 4194 et
708 4140 746 4193 f.
783 4141 842 4193 L.
882 4141 936 4194 V.
976 4135 1068 4194 Vn:
1104 4135 1333 4194 12'deest.
1371 4139 1457 4192 Cr.
1508 4141 1548 4172 ‘3
1582 4135 1877 4194 beneﬁciis
1907 4138 2122 4210 Herold,
2173 4138 2214 4170 ¹⁴
2242 4137 2524 4210 praesidiis
2557 4138 2610 4210 ᾖ
2639 4135 2793 4210 II.__“‘
2817 4135 3136 4210 perdiderit
3169 4139 3222 4192 V.
3264 4135 3350 4210 Vl]
3381 4136 3500 4210 Cas.

91 4210 134 4243 ¹⁶
163 4206 593 4265 walvasoi-ibus
625 4213 722 4266 Cr.
755 4211 1166 4265 vavassoribus
1198 4211 1256 4264 L.
1295 4211 1346 4264 V.
1384 4211 1487 4265 VII.
1522 4211 1900 4265 vavasoribus
1948 4209 2066 4263 Cm.
2120 4206 2538 4262 vassalloribus
2572 4207 2665 4261 Vn.
2702 4208 2741 4241 ‘7
2775 4206 3260 4263 censuetudinem
3304 4209 3364 4262 L.
3406 4209 3500 4263 Vn.

102 4283 196 4335 Vn.
231 4281 354 4335 Cas.
390 4281 432 4314 ¹³
469 4281 494 4350 j

504 4281 740 4336 udicum
775 4282 864 4335 Cr.
935 4283 976 4315 ¹⁹
1008 4282 1074 4335 Et
1101 4281 1148 4336 si
1178 4283 1239 4335 L.
1271 4280 1337 4334 V.
1379 4283 1472 4334 νη.
1510 4281 1626 4334 Cas.
1680 4282 1724 4313 ²⁰
1752 4281 2054 4336 emerserit
2091 4281 2142 4333 V.
2184 4281 2276 4332 Vn.
2331 4278 2449 4331 Cas.
2500 4279 2539 4312 ²¹
2574 4277 2861 4334 seniorem
2893 4283 2950 4334 et
2978 4277 3222 4333 militem
3249 4278 3310 4331 L.
3353 4277 3402 4332 V.
3443 4278 3500 4331 V.

91 4355 233 4423 Cas,
269 4353 316 4384 ²²
345 4352 403 4406 d.
439 4347 582 4406 suus
615 4353 810 4407 senior
832 4350 922 4406 vel
958 4351 1052 4407 ille
1087 4353 1188 4423 qui
1221 4351 1488 4422 culpatur
1523 4353 1624 4407 VII.
1673 4351 1716 4385 ’3
1746 4358 1800 4406 et
1833 4351 1935 4406 illa
1965 4368 2014 4405 c.
2065 4349 2164 4403 ibi.
2192 4350 2354 4423 juste
2382 4350 2490 4423 ΚΠ.
2543 4349 3076 4423 ’Σιθιεωωθῐιπ-(ιί)
3111 4348 3288 4423 ιζτ-ξνζζ
3316 4347 3416 4423 νηἐ
3457 4348 3503 4382 ³⁵

90 4440 148 4529 ἢ.
185 4422 320 4502 ejus
349 4439 398 4504 ο..
433 4424 493 4478 L.
533 4426 585 4478 ν.
629 4426 721 4478 Vn.
754 4425 798 4458 ²⁶
838 4417 1447 4515 εθηίοςθῐῂᾱθΐυςὶτὶηῐ
1476 4425 1535 4476 ι.
1569 4423 1611 4456 ³⁷
1641 4423 1759 4478 ἡαπ)
1783 4424 1982 4480 ultima
2011 4437 2116 4476 vox
2144 4417 2344 4474 codici:
2370 4420 2694 4474 Florentini.
2717 4421 2760 4455 2⁸
2792 4421 2926 4475 vero
2952 4417 3012 4474 L.
3040 4421 3090 4477 V.
3132 4420 3217 4474 VII
3251 4419 3342 4473 Vn.
3376 4417 3500 4475 Cas.

164 4492 418 4548 lltlEﬂVlt
449 4499 509 4548 L.
550 4495 604 4548 V.
638 4495 743 4548 Nn.
782 4495 903 4548 Cas.
937 4495 980 4529 ³ο
1011 4498 1242 4548 intunet
1278 4495 1382 4548 l'll.

164 4652 243 4722 (2)
276 4651 578 4722 Habentur
609 4651 665 4706 in
699 4652 866 4708 libris
900 4653 1229 4707 Feudorum
1260 4650 1300 4704 l.
1327 4668 1388 4718 ιι,
1413 4667 1462 4705 c.
1488 4652 1576 4721 40,
1595 4562 2126 4720 οοῐῗ9ἶίῗιλνῐθηω,
2160 4651 2334 4716 mbr.,
2367 4649 2425 4702 in
2462 4648 2581 4716 fol.,
2614 4664 2743 4703 saec.
2777 4664 2872 4703 xxv
2901 4647 3168 4711 habetur,
3227 4647 3504 4718 proponi-

239 4493 418 4565 igavit
449 4499 509 4549 L.
550 4495 604 4548 V.
638 4495 743 4549 Nn.
782 4495 903 4548 Cas.
937 4495 980 4529 ³ο
1011 4493 1242 4548 intimet
1278 4495 1382 4549 VII.

94 4723 388 4778 mentario
416 4721 696 4788 involuta,
730 4740 904 4788 quem
940 4723 1073 4777 inde
1131 4723 1449 4777 discretum
1486 4722 1544 4776 in
1596 4721 1750 4776 notis

93 4794 278 4866 textui
303 4793 586 4866 subjectis
616 4793 980 4866 exhibemus.
1001 4794 1266 4866 Capitula
1287 4810 1354 4848 ex
1372 4793 1750 4866 inscriptione

93 4863 251 4920 tituli
296 4865 368 4919 ad
400 4863 816 4920 Chuonradum
835 4866 881 4921 lI
899 4863 1218 4933 referenda,
1236 4881 1434 4920 mense
1447 4864 1596 4919 Maio
1612 4863 1750 4918 anni

97 4936 403 5008 1037,,cum
424 4936 769 5008 imperator,
794 4936 1086 5008 episcopis
1118 4935 1484 5008 Vercellensi,
1519 4939 1749 4990 Cremo-

98 5007 269 5088 nensi
319 5012 378 5088 et
423 5005 757 5088 Placentino
816 5005 1509 5088 captis,__e1rpeditionem
1538 5012 1752 5088 'contra

95 5077 470 5132 Heribertum
499 5077 1002 5150 archiepiscopum
1027 5077 1515 5133 Mediolanensem
1535 5077 1754 5150 instau-

95 5153 358 5221 raturus,
384 5149 637 5221 exercitu
648 5149 714 5204 m7
735 5154 1134 5221 congregaret,
1156 5150 1246 5221 in,
1258 5150 1502 5221 campis
1529 5149 1750 5204 Rouea-

96 5219 200 5299 liae"
201 5218 604 5299 promulgata
625 5221 825 5299 fuisse,
845 5218 1016 5299 haud
1040 5219 1308 5299 absimile
1330 5218 1506 5299 videri
1538 5224 1748 5299 potest.

169 5291 416 5345 'l‘extum
451 5290 640 5362 qualis
666 5292 724 5345 in
757 5293 1018 5362 codice2)
1051 5290 1304 5362 Halcnsi,
1328 5291 1508 5362 mbr.,
1544 5290 1610 5362 in,
1631 5290 1749 5357 fol.,

98 5377 228 5415 saec.
253 5377 378 5432 μιν,
408 5360 638 5416 collatis
657 5364 711 5432 5)
736 5360 1121 5432 Gottingensi,
1147 5361 1284 5416 olim
1319 5360 1751 5432 Schwarziano,

95 5432 156 5487 in
189 5431 316 5498 fol.,
350 5449 486 5488 saec.
519 5449 632 5501 xxv,
667 5431 723 5488 et
752 5436 808 5502 0)
841 5431 1200 5488 bibliothecae
1228 5431 1474 5503 publica:
1508 5432 1755 5487 Franco-

155 5538 236 5598 (a)
266 5537 439 5588 Medio
467 5537 569 5588 XII
597 5539 866 5588 denarium
899 5540 956 5600 2;
987 5537 1157 5586 medio
1184 5537 1283 5586 XII
1311 5536 1428 5600 den.
1459 5539 1503 5593 5,
1527 5537 1687 5600 ὅππη
1709 5537 1757 5584 et

93 5601 204 5674 "tet
234 5606 260 5650 8
292 5603 474 5674 legere
503 5601 772 5674 videntur.
793 5602 864 5650 De
891 5598 1366 5674 mgli'olan;_.\l‘lnd'e
1388 5598 1634 5674 ramalia
1656 5600 1756 5674 (ei:-

98 5659 417 5726 (iamiedit‘io
453 5666 475 5710 1
510 5663 905 5726 apuduSprang.
942 5664 1016 5710 De
1047 5660 1217 5726 "gadio
1246 5660 1348 5707 XII
1376 5659 1556 5726 denqr.
1587 5660 1754 5726 Rehd.

97 5737 182 5788 ap.
213 5725 306 5789 Sp.
339 5725 419 5774 De
450 5721 602 5772 modo
630 5721 736 5773 ΧΠ
749 5721 986 5774 denarios
1034 5723 1096 5772 ed
1129 5722 1353 5783 Sprang.
1385 5747 1443 5756 —-—
1484 5721 1760 5771 Sententia

1862 4738 2014 4777 mus.

1932 4793 2006 4863 (3)
2037 4791 2196 4863 Sicut
2225 4794 2282 4863 et
2310 4789 2636 4863 antiquitus
2667 4789 3026 4863 consuetudo
3078 4787 3211 4857 fuit,
3243 4788 3344 4844 sed
3385 4804 3501 4844 non

1860 4859 2401 4918 Mediolanensium.
2435 4859 2717 4914 Praeterea
2749 4864 2813 4914 ut
2839 4859 3001 4914 Feud.

1931 4935 2006 5002 (4)
2038 4932 2370 4988 Ostandicie
2401 4930 2675 5002 dicuntur
2704 4931 3059 5001 adjutorium
3092 4930 3249 5002 quod
3281 4928 3506 5002 faciunt

1861 4999 2138 5083 Romanis
2171 5019 2304 5083 cum
2340 5018 2473 5073 rege
2499 5002 2558 5083 in
2587 4999 2835 5083 hostem.
2853 4999 3248 5083 pergentibus.
3266 4999 3537 5083 vaesalli‘

1904 5077 1961 5130 ui
1989 5091 2124 5129 cum
2156 5074 2239 5128 eis
2294 5071 2432 5145 non_
2452 5073 2690 5145 vadunt,
2722 5071 2880 5145 verbi
2911 5071 3100 5145 gratia
3129 5073 3188 5126 in
3224 5071 3508 5145 Lombar-

1904 5094 1961 5130 lll
1989 5094 2124 5129 cum
2156 5094 2239 5128 815
2295 5094 2407 5127 [1011
2453 5094 2690 5138 γῑιαυῐιι,
2723 5094 2880 5127 VBI‘DI
2911 5094 3100 5145 gratia
3130 5094 3188 5126 In
3225 5094 3505 5127 14011103?-

1861 5094 1958 5202 gia
1987 5147 2057 5200 de
2107 5143 2432 5200 Mediolano
2462 5144 2536 5214 (a)
2593 5143 3002 5214 duodecimum
3063 5142 3393 5214 denarium,
3443 5143 3505 5214 in

1860 5217 2177 5273 ’l‘eutonica
2217 5211 2475 5271 tertiam‘
2507 5211 2727 5284 partem
2779 5213 3075 5268 fructuum
3131 5211 3506 5278 solummodo

1862 5288 2160 5370 ejus‘a‘nni
2193 5303 2307 5370 quo
2339 5286 2565 5368 hostem
2599 5285 2834 5370 faciunt.
2868 5284 3032 5370 F6254}.

1935 5360 2010 5429 (5)
2043 5353 2231 5413 Veluti
2261 5358 2572 5428 episcopus
2603 5354 2688 5409 vel
2718 5353 2917 5409 abbas.
2950 5354 3114 5409 Feud.

1865 5549 1978 5585 esse
2009 5533 2235 5590 videtur,
2275 5533 2324 5580 in
2356 5529 2674 5580 Lombardia
2697 5528 3104 5577 Mediolanensis
3133 5523 3509 5590 duodecimum

1865 5596 2165 5650 denarium,
2191 5587 2557 5641 duodecimam
2588 5591 2901 5640 facultatum
2948 5595 3172 5653 partem,
3203 5587 3512 5653 Germanice

1866 5659 1965 5707 den
1997 5655 2235 5716 zwul/ten
2258 5655 2478 5718 Pfennig
2509 5654 2729 5711 solvere,
2759 5650 3024 5703 Teutones
3053 5650 3384 5704 solummodo
3412 5656 3512 5702 ter-

1865 5722 1995 5770 tiam
2025 5717 2301 5766 fructuum'
2323 5717 2466 5766 anni.
