3920 6208
395 298 552 418 ᾱδιέ

1753 351 2065 421 ΜΟΝΠΜ.
2111 352 2431 420 DIPLOM.

3643 322 3809 418 mu

390 486 466 544 de
496 483 820 559 majoribus
845 482 1305 545 walvassoribus
1334 489 1822 545 observetur3‘.De
1852 491 2036 547 mino-
2061 490 2118 558 Α
2146 505 2387 546 camerae
2418 492 2653 561 nostrae,
2682 491 2738 545 et
2768 487 3139 546 medietatem
3196 486 3278 545 illi
3327 486 3421 545 cui
3470 488 3804 574 dampnum

387 575 555 635 ribus
584 590 719 632 vero
748 574 809 631 in
867 591 1047 650 regno
1097 580 1200 633 aut
1256 580 1387 633 ante
1445 578 1702 633 seniores
1754 582 1854 633 aut
1900 583 2033 635 ante

385 666 656 722 nostrum
686 663 939 721 missum
957 680 1158 720 eorum
1182 682 1361 721 causa
1378 666 1631 721 ﬁniatur.
1658 666 1827 721 Praeci
1836 667 2032 740 pimus

378 752 563 811 etiam
592 756 660 809 ut
689 769 825 809 cum
855 751 1070 825 aliquis
1099 753 1287 822 miles,
1317 753 1434 810 sive
1465 753 1535 809 de
1566 754 1890 824 majoribus
1913 756 2033 812 sive

380 842 456 898 de
485 840 832 909 minoribus,
860 841 931 896 de
960 841 1069 896 hoc
1099 841 1309 897 saeculo
1342 841 1698 915 migraverit,
1724 841 1880 898 ﬁlius
1903 845 2031 915 ejus

377 929 732 988 beneﬁcium
758 929 970 984 habeat
997 931 1061 985 3'.
1086 930 1147 985 Si
1172 947 1304 985 vero
1326 928 1513 986 ﬁlium
1534 932 1580 965 ³³
1600 949 1715 988 non
1738 932 2030 1000 habuerit,

378 1021 440 1076 et
459 1016 773 1074 abiaticum
802 1017 848 1052 “
866 1033 935 1073 ex
958 1016 1221 1073 masculo
1243 1016 1362 1073 ﬁlio
1385 1018 1833 1092 reliquerit,pari
1860 1021 2031 1076 modo

380 1106 732 1164 beneﬁcium
754 1104 967 1161 habeat
995 1105 1060 1174 ³⁵,
1093 1109 1317 1161 servato
1346 1124 1456 1161 usu
1481 1108 1768 1177 majorum
1787 1108 2031 1165 walvas-

380 1211 585 1253 eorum
613 1194 673 1249 in
703 1192 915 1249 dandis
952 1194 1122 1265 equis
1154 1197 1212 1250 et
1237 1194 1419 1250 armis
1448 1194 1573 1251 suis
1605 1196 2029 1253 senioribus.Si

380 1285 529 1342 forte
559 1280 878 1339 abiaticum
908 1297 976 1338 ex
1007 1282 1126 1338 ﬁlio
1159 1300 1273 1338 non
1327 1283 1646 1356 reliquerit,
1690 1289 1747 1339 et
1792 1285 2030 1342 fratrem

382 1371 714 1447 legitimum
744 1387 814 1428 ex
844 1373 1008 1443 parte
1037 1371 1219 1444 patris
1248 1371 1538 1439 habuerit,
1572 1373 1621 1427 si
1670 1374 1714 1407 ³⁸
1744 1373 2031 1429 seniorem

384 1462 674 1520 offensum
701 1460 929 1526 habuit,
961 1464 1019 1517 et
1060 1459 1172 1517 sibi
1202 1460 1329 1516 vult
1385 1461 1719 1517 satisfacere
1750 1468 1807 1517 et
1862 1462 2032 1517 miles

385 1553 516 1625 ejus
539 1548 1066 1619 efﬁci,beneﬁcium
1089 1550 1247 1622 quod
1269 1550 1453 1622 patris
1475 1550 1727 1605 sui37fuit
1748 1550 2029 1606 habeat“.

385 1644 636 1713 Insuper
654 1638 830 1695 etiam
843 1637 1119 1695 omnibus
1131 1637 1321 1694 modis
1332 1637 1733 1709 prohibemus,
1750 1642 1815 1693 ut
1834 1637 2034 1694 nullus

386 1729 584 1789 senior
620 1727 691 1783 de
719 1726 999 1784 beneﬁcio
1031 1743 1275 1783 suorum
1306 1725 1563 1782 militum
1595 1727 1891 1782 cambium
1933 1732 2035 1783 aut

386 1817 711 1892 precariam
741 1819 843 1873 aut
871 1814 1133 1872 libellum
1153 1815 1279 1871 sine
1304 1831 1504 1871 eorum
1529 1832 1814 1872 consensu
1847 1817 2034 1872 facere

387 1909 722 1982 prasumat.
757 1903 862 1961 Illa
889 1921 1023 1961 vero
1054 1904 1208 1960 bona
1236 1921 1364 1976 quae
1393 1905 1439 1940 3°
1468 1908 1624 1960 tenet
1654 1904 2034 1977 proprietario

380 1998 535 2071 jure,
568 1999 671 2052 aut
698 2009 802 2067 per
829 1998 1115 2067 praecepta
1143 1996 1245 2049 aut
1264 2009 1367 2065 per
1387 1997 1612 2049 rectum
1632 1992 1896 2049 libellum
1914 1994 2035 2049 sive

386 2101 493 2161 per
518 2081 861 2158 precariam,
890 2097 1062 2138 nemo
1088 2081 1306 2153 injuste
1336 2097 1437 2137 eos
1467 2081 1773 2137 disvestire
1803 2081 2032 2136 audeat.

385 2174 639 2234 Fodrum
659 2172 731 2229 de
745 2169 1200 2243 castellistoquod
1224 2170 1409 2226 nostri
1421 2174 1812 2226 antecessores
1824 2170 2038 2225 habue-

386 2266 547 2331 runt,
571 2260 786 2318 habere
800 2258 1247 2326 volumus,illud
1260 2275 1394 2315 vero
1408 2260 1561 2331 quod
1578 2276 1690 2314 non
1704 2259 2038 2314 habuerunt

387 2349 598 2409 “nullo
620 2345 793 2407 modo
815 2348 1191 2422 exigimus.Si
1215 2348 1845 2421 quishancjussionem
1866 2347 2038 2402 infre-

386 2439 538 2520 gerit
560 2440 626 2508 δ’,
657 2436 785 2495 auri
814 2436 996 2494 libras
1034 2441 1271 2493 centum
1300 2440 1634 2509 componat,
1665 2436 2035 2492 medietatem

2140 578 2371 634 illatum
2402 582 2489 634 est
2525 579 2588 633 ‘3.

2212 666 2458 739 Signum
2475 667 2519 700 “
2536 666 2736 721 domui
2760 665 3091 722 Chuonradi
3115 664 3479 722 serenissimi
3509 665 3806 724 Romano-

2140 771 2271 810 rum
2297 754 2669 827 imperatoris
2701 755 2958 828 augusti.

2208 842 2548 899 Kadolohus
2579 842 2965 899 cancellarius
3023 842 3146 899 vice
3206 836 3547 899 Herimanni
3609 842 3802 900 archi-

2140 928 2470 986 cancellarii
2501 930 2829 1002 recognovi.

2210 1023 2423 1073 Datum
2453 1035 2487 1073 v
2517 1018 2809 1074 Kalendas
2839 1018 3022 1086 Junii,
3074 1016 3390 1074 indictione
3417 1018 3474 1086 5,
3508 1035 3665 1076 anno
3698 1019 3801 1077 Do-

2140 1108 2367 1163 miniczn
2391 1106 2815 1162 Incarnationis
2837 1108 2975 1163 1037
2992 1107 3218 1174 “,anno
3240 1110 3437 1162 autem
3459 1106 3801 1164 Chuonradi

2139 1197 2291 1269 regis
2321 1195 2410 1262 43,
2444 1196 2813 1267 imperatoris
2849 1197 2935 1251 11.
2967 1197 3175 1251 Actum
3216 1194 3272 1250 in
3326 1194 3634 1252 obsidione
3679 1200 3802 1253 Me-

2139 1283 2355 1341 diolani
2386 1282 2650 1339 feliciter.
2681 1286 2887 1339 Amen.

2925 1371 3019 1427 IV.

2423 1475 2784 1516 assummum
2825 1476 2897 1515 ne
2943 1476 3081 1515 ωερε
3130 1476 3363 1516 ROMANA
3410 1462 3507 1531 (7).

2782 1548 2912 1620 (An.
2968 1549 3152 1620 1038.)

2212 1639 2531 1710 Imperator
2577 1641 2966 1693 CHUONRADUS
3004 1639 3048 1673 ⁸⁸
3089 1639 3389 1711 Augustus
3419 1641 3463 1674 ‘7
3512 1639 3803 1697 Romanis

2135 1725 2438 1802 judicilius
2470 1726 2534 1780 ‘3.

2211 1815 2424 1870 Audita
2454 1816 2499 1849 ‘9
2531 1814 2926 1871 controversia
2953 1830 3081 1886 quas
3112 1814 3393 1877 hactenus
3422 1816 3576 1872 inter
3605 1834 3715 1874 vos
3748 1822 3809 1875 et

2146 1903 2560 1976 Langobardos
2584 1903 2817 1974 judices
2843 1904 2888 1938 ⁵ο
2907 1904 3272 1971 versabatur,
3298 1903 3576 1977 nulloque
3598 1907 3808 1962 termi-

2144 2009 2219 2048 no
2237 1991 2905 2064 quiescebat,sancimus
2929 1995 2993 2048 ut
3016 2008 3382 2065 quaecunque
3410 1994 3738 2051 admodum
3760 1996 3803 2031 ⁶¹

2146 2080 2379 2154 negotia
2406 2084 2567 2136 mota
2582 2082 2627 2115 ⁵³
2657 2080 2875 2137 fuerint
2894 2081 2958 2148 ⁵³,
2984 2086 3104 2136 tam
3138 2082 3290 2138 inter
3326 2082 3606 2139 Romanae
3636 2084 3806 2141 urbis

2146 2169 2339 2225 menia
2352 2185 2529 2240 quam
2545 2169 2720 2224 etiam
2740 2169 2810 2224 de
2841 2168 2981 2225 foris
3003 2170 3062 2224 in
3081 2169 3362 2226 Romanis
3383 2160 3804 2243 pertimentiis,

2145 2262 2337 2313 actore
2368 2258 2747 2330 Langobardo
2797 2260 2842 2293 5‘
2871 2257 2956 2313 vel
2986 2275 3080 2314 reo
3110 2258 3174 2330 ⁸⁸,
3226 2276 3261 2313 a
3288 2259 3454 2316 vobis
3514 2260 3809 2317 duntaxat

2146 2347 2426 2403 Romanis
2472 2346 2701 2419 legibus
2750 2346 3159 2414 terminentur,
3211 2347 3490 2422 nulloque
3537 2353 3808 2423 tempore

2146 2435 2469 2492 revivscant
2500 2437 2564 2490 ⁵⁸.

1742 2569 1983 2626 νΑΗΙᾸῦ
2040 2569 2447 2625 LECTIONES.

460 2676 503 2711 ει
534 2674 804 2729 teneatur
828 2674 890 2727 L.
923 2669 969 2704 ³²
999 2668 1150 2725 ﬁlios
1170 2686 1218 2724 e.
1255 2669 1313 2723 b.
1346 2670 1542 2723 tenere
1571 2669 1631 2723 L.
1666 2669 1722 2724 V.
1758 2669 1810 2723 V.
1858 2669 1954 2723 Vn.
1987 2669 2050 2723 E.
2086 2668 2213 2724 Cas.
2244 2668 2289 2702 ³³
2315 2666 2468 2722 ﬁlios
2502 2669 2560 2722 L.
2601 2669 2654 2722 V.
2691 2667 2787 2723 Vn.
2811 2667 2873 2722 E.
2904 2668 3030 2724 Cas.
3061 2667 3109 2701 3‘
3137 2666 3421 2724 abiaticos
3446 2671 3509 2724 L.
3541 2669 3665 2727 Cas.
3698 2672 3807 2729 ab-

385 2745 728 2816 biaticosAV.
766 2739 1437 2816 Vn.-Cor.uabb_iaticum.
1466 2740 1610 2816 Glos.
1641 2739 1759 2794 Cas.
1793 2739 1850 2816 id
1878 2743 1966 2795 est
1997 2743 2259 2816 nepotes,
2299 2739 2344 2772 ³⁵
2373 2738 2626 2816 habeant
2653 2739 2803 2816 L.__V.
2843 2738 2962 2816 Cas.
3015 2738 3059 2816 3f
3089 2741 3147 2794 et
3172 2740 3244 2816 L._
3274 2741 3328 2794 V.
3366 2742 3463 2816 Vn.
3497 2740 3618 2816 Cas.
3666 2744 3710 2816 {’7
3745 2761 3806 2816 p.

389 2817 485 2873 sui
512 2812 602 2869 vel
634 2810 831 2868 fratris
862 2810 984 2866 Cas.
1007 2811 1062 2882 Α³⁸
1088 2810 1301 2882 habeat
1329 2814 1563 2882 servato
1577 2827 1698 2882 usu
1731 2811 2022 2882 majorum
2051 2808 2452 2882 Valvassorum
2486 2809 2544 2864 in
2576 2809 2785 2882 dandis
2814 2808 2982 2880 equis
3012 2812 3069 2882 et
3098 2810 3281 2865 armis
3312 2810 3437 2866 suis
3468 2808 3807 2870 senioribus

386 2889 518 2945 Her.
549 2885 595 2920 ⁸³
624 2882 727 2940 Ille
753 2897 889 2937 vero
919 2880 1021 2953 qui
1058 2883 1161 2937 VII.
1196 2882 1240 2916 ιο
1269 2881 1343 2953 de
1369 2880 1622 2953 castellis
1653 2879 1913 2953 deesth.
1950 2884 2003 2937 V.
2053 2883 2147 2937 Vn.
2219 2881 2337 2935 Cas.
2371 2881 2442 2936 de
2482 2897 2669 2953 _usque
2701 2879 2969 2953 volumus
3023 2880 3218 2936 desunt
3253 2883 3349 2937 VII

3399 2899 3637 2954 quorum
3693 2887 3809 2943 loco

391 2954 709 3017 Chuonradi
745 2950 1071 3025 rescriptum
1099 2953 1253 3022 infra
1281 2952 1489 3025 editum
1518 2951 1768 3025 habetur.
1828 2954 1869 2987 ⁴¹
1902 2952 2257 3025 habuerunt
2281 2968 2451 3023 usque
2481 2950 2823 3025 habuerunt
2843 2952 3035 3006 desunt
3071 2957 3132 3007 ν.
3164 2953 3209 2987 ⁴²
3238 2950 3566 3025 preterierit
3613 2956 3674 3011 γ.
3708 2959 3807 3014 Vn.

396 3029 516 3087 Cas.
544 3027 589 3062 ⁴³
618 3029 710 3082 est
737 3023 953 3096 reliquo

978 3021 1173 3078 desunt
1202 3025 1264 3077 in
1293 3024 1538 3078 Halensi.
1569 3022 1817 3078 illatum.
1849 3026 1921 3078 At
1950 3024 1999 3079 si
2030 3023 2163 3095 quis
2195 3021 2405 3077 aurum
2438 3038 2552 3077 non
2583 3021 2875 3095 habuerit,
2911 3027 3112 3095 nostra
3140 3021 3437 3095 sentencia
3466 3024 3712 3082 feriatur
3743 3034 3811 3085 ut

393 3099 566 3171 nobis
594 3093 878 3171 placuerit
894 3100 957 3152 L.
977 3095 1048 3171 Δν.
1079 3095 1267 3171 Vn._E.
1299 3094 1834 3171 “_re_l_2:qud_exstant
1863 3097 1929 3171 in
1954 3093 2450 3171 unoﬁrema‘fita
2478 3093 3102 3171 corrigendnmjpodeg
3139 3094 3415 3171 cremori;
3451 3095 3807 3171 ΜΧΧΧνΙΙΙ.

390 3163 767 3228 “Choradus
802 3165 923 3222 Cas.
968 3165 1273 3222 Conradus
1325 3164 1380 3220 S.
1423 3163 1524 3221 VII.
1569 3166 1612 3199 ‘7
1672 3165 1816 3221 deest
1866 3165 1977 3224 VII.
2036 3165 2080 3199 ⁴⁸
2111 3165 2150 3220 i.
2211 3163 2461 3220 salutem
2510 3163 2635 3220 VII.’
2674 3167 2720 3200 ‘9
2747 3164 2944 3219 Auditi

3014 3167 3118 3221 VII.
3176 3166 3221 3200 ⁸ο
3275 3170 3332 3221 et
3377 3165 3416 3221 l.
3450 3165 3490 3221 i.
3552 3168 3701 3226 deest
3747 3173 3805 3226 in

394 3243 518 3301 Cas.
550 3241 591 3277 ⁸¹
624 3238 835 3298 amodo
872 3238 976 3295 VII.
1004 3237 1050 3273 ⁸³
1076 3237 1222 3293 deest
1253 3236 1359 3292 VII.
1415 3237 1460 3271 ⁵³
1489 3252 1568 3292 m.
1604 3235 1641 3291 f.
1675 3236 1870 3292 desunt
1915 3239 1976 3293 in
2008 3236 2130 3292 Cas.
2163 3236 2207 3270 ³⁴
2236 3236 2403 3292 deest.
2437 3234 2555 3291 Cas.
2613 3235 2721 3291 vel.
2756 3252 2803 3291 r.
2834 3235 2874 3290 l.
2911 3237 3014 3291 VII.
3066 3237 3110 3271 ⁵⁸
3137 3235 3305 3293 deest.
3339 3236 3458 3293 Cas.
3488 3238 3534 3273 ‘9
3565 3240 3806 3298 revivis-

392 3316 529 3372 cant
556 3312 613 3369 S.

1977 3403 2205 3461 NOTIE.

466 3508 546 3590 (ﬁ)
574 3506 809 3590 Optima
836 3502 1194 3590 legisﬂhuiuls
1218 3501 1620 3590 editignexstat
1649 3502 1706 3590 in
1730 3500 2038 3590 ’φανείσῃ-.ἀὶ

393 3572 859 3650 Antiquitatibus
889 3572 1121 3641 Italicis,
1150 3578 1198 3650 rt.
1218 3573 1260 3650 I_,
1279 3590 1334 3644 p.
1358 3572 1465 3627 609
1489 3572 1591 3650 _fol.
1612 3590 1625 3639 ;
1649 3573 1795 3650 t..II.
1831 3590 1888 3644 p.
1908 3575 2037 3650 _2_87,

394 3642 838 3713 edithretinze,
871 3662 940 3701 ex
968 3642 1302 3716 pervetusta
1329 3644 1674 3716 membrana
1702 3642 1761 3716 in
1808 3642 2042 3699 archivo

395 3719 661 3792 capituli
691 3714 1104 3792 canonicorum
1159 3714 1640 3792 Cremonensium
1691 3714 2038 3792 desumpta;

436 3785 575 3847 u'am
604 3789 701 3844 hic
730 3803 866 3843 cum
897 3785 1196 3841 codicibus
1224 3785 1419 3841 seaculi
1446 3803 1503 3840 x1
1525 3785 1874 3850 Florentino,
1900 3790 2040 3840 Lon-

434 3860 646 3927 inensi,
674 3856 1133 3927 Vindobonensi,
1168 3856 1348 3927 altero
1376 3856 1833 3923 Vindobonensi,
1859 3873 1915 3910 η.
1949 3856 2038 3924 39,

388 3930 732 3997 Veronensi,
763 3927 1062 3985 Casinensi
1094 3926 1292 3983 saeculi
1320 3945 1378 3983 x1
1405 3927 1692 3992 exeuntis,
1723 3944 1780 3981 η.
1825 3927 1932 3981 328
1963 3927 2040 3981 si-

474 4006 588 4072 ato,
614 4005 671 4058 et
710 3999 941 4057 Estensi
970 4000 1139 4072 apud
1158 3998 1541 4072 Muratorium
1573 3997 2041 4072 collatam_repe—

2141 3926 2641 4009 jurisprudenti'ie,
2676 3926 2926 4009 append.
2960 3930 3093 3995 1n,§
3121 3928 3208 4008 I7,
3243 3944 3278 3998 p

2139 3999 2186 4080 j
2173 3999 2296 4052 uris
2319 3999 3115 4080 fecerat.ﬁeperiturquoque
3137 3999 3196 4053 in
3214 3999 3807 4080 codicebibliotheca

2070 3502 2114 3571 α
2153 3501 2365 3568 nentis,
2397 3500 2666 3557 Halensis
2689 3500 2909 3557 scilicet
2932 3517 3061 3558 saec.
3097 3519 3211 3571 xxv,
3245 3502 3616 3561 adnotandae
3648 3505 3811 3564 haud

2152 3571 2498 3628 existimavi.

2226 3644 2301 3714 (7)
2330 3643 2396 3697 in
2429 3641 2625 3698 codice
2654 3642 2977 3714 Casinensi,
3010 3661 3069 3698 n.
3101 3645 3228 3711 328,
3250 3644 3538 3714 membr"
3571 3662 3707 3703 saec.
3750 3667 3812 3705 x1

2151 3712 2469 3786 excunctis,
2491 3713 2683 3786 legum
2707 3712 3221 3786 Langobardorum
3245 3712 3424 3770 libros
3446 3730 3509 3771 ιιι
3531 3717 3814 3775 exhiben-

2149 3784 2246 3853 tis,
2279 3784 2338 3838 in
2368 3784 2571 3840 tenera
2596 3784 2941 3840 membrana
2979 3785 3331 3854 rescriptum
3392 3786 3612 3854 inveni,
3646 3792 3809 3854 quod

2149 3804 2246 3853 us,
2279 3804 2338 3838 ιη
2368 3804 2567 3840 tenera
2596 3804 2941 3840 memorana
2979 3804 3156 3841 rescri
3208 3804 3331 3841 tum
3392 3804 3612 3854 inveni,
3690 3804 3809 3848 uoo

2149 3860 2325 3930 antea
2347 3871 2415 3910 ex
2429 3857 2631 3930 _eodi_ce
2653 3855 2941 3930 Lipsiensi
2968 3804 3424 3930 cl.Seniienberg
3442 3857 3503 3912 in
3529 3807 3812 3918 Metbodo

3282 3944 3375 4003 ag.
3410 3930 3551 4003 1509,
3568 3932 3809 4003 publici

438 4067 593 4145 mus.
622 4072 709 4129 Ad
738 4086 889 4145 quos
918 4067 1053 4127 cum
1081 4069 1215 4125 libri
1247 4070 1318 4145 de
1357 4068 1590 4145 Feudis,
1650 4067 2039 4145 posteriorum
2146 4067 2414 4145 gestirem
2445 4067 2916 4145 Vindobonensis
2945 4067 3095 4125 inter
3123 4086 3266 4126 mss.
3291 4071 3333 4145 _J
3340 4070 3460 4125 uris
3492 4071 3709 4145 civilis,
3745 4093 3804 4131 n.

387 4144 616 4203 codices
645 4139 1015 4214 saeculorum,
1047 4159 1120 4197 ne
1150 4139 1412 4214 proxime
1440 4139 1693 4214 quidem
1738 4139 2034 4214 accedant,

383 4216 667 4275 lectiones
684 4214 902 4273 codicis
922 4213 1075 4269 inter
1093 4209 1193 4269 eos
1216 4209 1476 4284 primum
1492 4209 1660 4267 facile
1679 4209 1874 4266 locum
1890 4210 2033 4266 obti.

2145 4139 2236 4205 39,
2268 4139 2522 4212 indeque
2549 4157 2583 4195 a
2613 4140 2670 4194 b.
2706 4158 2785 4195 m.
2823 4140 3090 4197 Pirsnero
3120 4142 3477 4213 exscriptum
3507 4148 3620 4199 est.

1066 4497 1804 4594 CHUONBADI
1874 4498 1963 4591 II
2032 4497 2279 4591 IMP.
2351 4498 3103 4592 DIPLOMATA.

446 4840 763 4901 Chuonradi
785 4839 846 4897 II
862 4838 1225 4912 privilegium
1267 4851 1370 4909 pro
1399 4835 1620 4892 abbatia
1651 4835 1942 4892 Vuiscbz‘ki.

2046 4838 2094 4903 D
2127 4834 2245 4903 size,
2275 4851 2404 4907 quae
2435 4837 2524 4890 est
2553 4832 2612 4888 in
2645 4833 2949 4891 Vuiscbiki
2980 4834 3282 4903 collocata,
3315 4833 3553 4904 tradita,
3588 4834 3649 4892 in
3684 4854 3792 4895 no-

996 4945 1183 5016 (Αηηο
1214 4943 1399 5015 1025,)
2133 4927 2315 5016 stram
2348 4922 2715 5016 praesentiam
2747 4922 3014 5016 contulit,
3074 4922 3398 5016 eademque
3455 4939 3539 5016 ex_
3586 4930 3796 4983 nostra

469 5059 748 5132 [Eanum
782 5059 908 5117 Cod.
942 5059 1164 5132 dz'plom.
1197 5059 1332 5114 Hist.
1372 5057 1685 5130 Westphal.,
1714 5074 1773 5130 p.
1806 5059 1920 5130 87.]

441 5188 503 5245 Ο.
535 5189 601 5245 In
647 5190 884 5246 nomine
941 5194 1154 5247 sancta
1212 5192 1271 5245 et
1325 5188 1635 5244 individua:
1692 5188 2012 5259 Trinitatis,

367 5275 775 5344 Chuonradus,
803 5277 996 5334 divina
1028 5279 1252 5334 favente
1281 5275 1610 5345 clementia,
1637 5293 1756 5333 rex.

439 5361 656 5418 Notum
678 5363 756 5418 sit
770 5365 1045 5421 omnibus
1071 5364 1347 5420 ﬁdelibus
1372 5361 1608 5431 nostris,
1632 5369 1751 5420 tam
1768 5381 2012 5436 praesen-

363 5448 527 5503 tibus
557 5462 733 5518 quam
772 5452 1008 5523 futuris,
1058 5450 1312 5523 qualiter
1354 5450 1619 5521 quaedam
1664 5454 2009 5510 venerabilis

365 5531 683 5602 abbatissa,
715 5539 949 5596 nomine
977 5540 1167 5612 Abug,
1202 5542 1638 5595 antecessorum
1674 5545 2001 5597 nostrorum

367 5634 574 5691 regum
605 5624 828 5683 scilicet
847 5626 936 5683 vel
966 5627 1387 5698 imperatorum
1431 5624 1669 5697 scripta,
1693 5646 1810 5686 suae
1830 5629 2007 5686 eccle-

2129 5011 2311 5084 regali
2339 5014 2626 5083 potestate
2665 5010 3000 5066 conﬁrmari
3054 5027 3118 5066 ac
3174 5010 3542 5067 corroborari
3602 5028 3791 5084 quam

2128 5099 2459 5154 humillime
2489 5099 2778 5171 rogitavit.
2811 5099 2991 5171 Cujus
3026 5098 3294 5172 petitioni
3324 5099 3407 5154 ita
3438 5103 3506 5155 ut
3534 5100 3787 5173 dignum

2125 5193 2216 5243 est
2245 5203 2552 5242 assensum
2586 5188 2913 5259 prebentes,
2945 5189 3018 5244 ob
3041 5202 3301 5243 amorem
3327 5186 3426 5243 Dei
3449 5192 3787 5263 nostrasque

2123 5275 2450 5332 remedium
2482 5274 2692 5330 animae
2724 5275 2945 5332 scilicet
2974 5281 3031 5332 et
3060 5292 3164 5349 per
3184 5276 3585 5332 interventum
3618 5277 3785 5352 Sige-

2121 5364 2267 5419 berti
2294 5366 2508 5419 sanctae
2539 5360 2860 5420 Mindensis
2883 5364 3137 5422 ecclesia
3167 5364 3483 5420 venerandi
3508 5366 3784 5437 praesulis

2118 5469 2224 5507 nec
2254 5467 2369 5506 non
2392 5454 2449 5506 et
2477 5450 2818 5508 Berinhardi
2849 5454 3017 5510 ducis
3046 5457 3511 5526 ceterorumque
3541 5457 3781 5513 nostro-

2116 5555 2248 5595 rum
2280 5537 2563 5600 ﬁdelium.
2588 5541 2714 5611 jam
2762 5541 2983 5597 dictum
3043 5540 3407 5598 abbatissam
3464 5558 3589 5598 una
3645 5550 3781 5607 enm

2117 5625 2563 5701 congregatione
2594 5628 2707 5685 sibi
2735 5629 3000 5701 subjecta
3029 5627 3430 5702 omnibusque
3479 5620 3624 5689 illuc
3675 5632 3780 5691 rite
