3920 6208
106 363 330 433 1048

1437 362 2271 447 CHUONRADUSIIIMP.

3391 363 3553 434 1046
3567 393 3590 428 v.

104 499 596 577 pertinentibus,
631 497 690 556 in
721 501 985 556 nostrum
1006 499 1492 556 mundiburdium
1514 517 1578 555 ac
1610 499 1802 555 defen-
1826 499 1882 566 Α
1912 499 2104 567 nachi,
2129 500 2177 556 si
2208 499 2528 558 necessitas
2557 501 2801 567 venerit,
2834 499 3106 569 habeant,
3141 501 3410 560 abbatem
3441 501 3552 559 eli-

107 593 374 649 sionem
408 606 475 648 ex
505 591 730 662 integro
761 589 1156 662 suscepimus.
1187 588 1589 660 Praacipientes
1620 587 1800 659 igitur

101 681 424 754 jubemus
451 684 516 736 ut
545 678 744 735 nullus
766 679 949 750 judex
980 677 1250 750 publicus
1274 693 1459 748 neque
1491 676 1703 748 aliquis
1731 695 1796 730 ex

98 773 126 843 j
137 769 460 826 udiciaria
476 771 758 840 potestate
776 767 1046 823 homines
1078 767 1360 839 przedictae
1375 766 1627 821 ecclesiae
1651 765 1795 821 libe-

108 877 216 916 ros
253 877 374 914 seu
410 857 668 925 colonos,
703 856 838 912 litos
871 861 973 911 ant
1004 872 1219 921 servos,
1247 855 1300 909 in
1328 855 1522 926 aliquo
1554 855 1794 926 negocio

109 949 496 1020 distringere
545 949 865 1018 presumat,
899 945 1012 1000 nisi
1059 947 1288 1000 tantum
1339 944 1652 998 advocatus
1685 943 1792 997 loci

109 1037 704 1107 illius,habeantque
736 1031 1342 1090 sanctimonialesillae
1371 1032 1614 1087 liberam
1639 1036 1792 1104 pote-

115 1130 347 1184 statem
387 1142 493 1197 per
544 1124 972 1180 successionem
1020 1121 1299 1193 temporis
1347 1120 1495 1175 inter
1552 1137 1613 1175 se
1672 1121 1791 1176 sive

114 1215 377 1272 aliunde
415 1213 775 1270 abbatissam
802 1210 1302 1284 eligendi,nullius
1333 1209 1792 1265 saecularidomi-

117 1305 220 1361 nio
253 1303 571 1374 subjectae,
604 1304 836 1373 excepto
867 1303 1086 1367 nostro,
1121 1299 1218 1370 qui
1267 1314 1468 1354 earum
1499 1297 1786 1365 defensor,

114 1393 235 1449 Deo
267 1393 602 1458 annuente,
634 1405 761 1445 esse
788 1387 1076 1444 volumus.

187 1485 332 1536 Haec
367 1483 517 1536 sunt
565 1478 764 1551 predia
797 1494 926 1550 qua)
955 1476 1262 1549 pertinent,
1284 1477 1354 1532 ad
1377 1493 1554 1547 supra
1574 1477 1788 1531 dictam

115 1570 451 1626 ecclesiam
475 1567 828 1624 Viscbiki.ln
860 1565 956 1621 illo
985 1565 1111 1621 loco
1144 1583 1197 1620 γι
1222 1565 1410 1620 mansi
1439 1563 1787 1636 pleni.Insu-

112 1677 220 1734 per
253 1658 455 1715 etiam
477 1657 536 1712 in
560 1656 652 1712 his
670 1655 813 1710 locis
839 1655 919 1710 ita
945 1653 1280 1710 nominatis.
1299 1654 1712 1708 Vuendredesa
1743 1655 1785 1708 Ι.

114 1745 695 1821 Vuigbaldeshusun
719 1759 800 1799 nn
817 1743 1006 1798 mansi
1035 1741 1457 1798 Benneshusun
1482 1759 1498 1797 ι
1521 1758 1784 1798 mensus.

117 1836 622 1895 Haddeshusunl
675 1849 938 1888 mansus.
989 1831 1410 1886 Tiadanhusun
1457 1848 1474 1884 ι
1521 1848 1783 1886 mansus.

121 1925 568 1984 Hainauhusun
600 1939 639 1977 ιι
673 1921 884 1976 mansi.
919 1921 986 1975 Et
1016 1920 1073 1974 in
1105 1919 1236 1974 aliis
1266 1919 1409 1974 locis
1433 1920 1503 1974 ad
1522 1919 1786 1975 ministe-

121 2017 278 2072 rium
302 2012 575 2070 ecclesiae
595 2009 854 2066 Viscbiki
874 2026 1068 2064 xxvnu
1104 2008 1292 2063 mansi
1334 2008 1391 2062 in
1417 2025 1563 2080 pago
1586 2007 1784 2062 'l‘ilithi

122 2107 182 2162 in
211 2104 509 2162 comitatu
533 2097 868 2156 Herimanni
893 2097 1142 2165 comitis,
1179 2097 1506 2168 iterumque
1547 2097 1602 2150 in
1640 2113 1786 2168 pago

123 2197 404 2252 Merstem
438 2192 500 2246 in
533 2189 811 2244 comitatu
838 2187 1099 2259 ejusdem
1134 2186 1364 2241 comitis
1395 2202 1490 2240 vm
1517 2185 1788 2252 mansi,et

127 2286 182 2340 in
206 2299 359 2356 pago
379 2279 647 2352 Lapinga
674 2292 731 2332 v1
762 2275 953 2332 mansi
1000 2275 1059 2329 in
1098 2274 1374 2330 comitatu
1418 2272 1692 2338 Dodican,
1729 2275 1785 2328 in

126 2390 273 2447 pago
293 2367 592 2426 W’estfala
611 2365 669 2421 in
693 2365 970 2421 comitatu
993 2363 1243 2419 Heinrici
1292 2363 1522 2418 comitis
1553 2380 1585 2416 x
1616 2367 1673 2417 et
1688 2380 1783 2417 Vlll

128 2459 344 2526 mansi,
379 2463 441 2515 et
475 2457 533 2512 in
567 2455 845 2512 comitatu
878 2453 1264 2508 Hrodwerkes
1294 2469 1349 2506 vr
1382 2452 1593 2506 mansi.
1630 2452 1694 2504 Et
1727 2450 1784 2505 in

127 2550 262 2606 villa
291 2565 426 2621 quas
453 2549 693 2602 vocatur
713 2542 1144 2612 Hramnesberg
1166 2559 1203 2595 ιι
1237 2538 1785 2606 mansi,Fiabtthor-

128 2656 198 2713 pe
225 2656 244 2694 ι
275 2653 556 2701 mansus,
585 2634 640 2688 in
672 2632 863 2688 Anien
908 2648 992 2686 1m
1042 2628 1254 2694 mansi,
1288 2632 1344 2682 et
1395 2628 1452 2682 in
1504 2628 1783 2682 comitatu

128 2724 500 2784 Wirinhardi
534 2727 757 2778 curtem
790 2720 1026 2776 nomine
1056 2717 1375 2773 Thuliberh
1411 2735 1442 2770 v
1474 2715 1684 2771 mansi.
1719 2717 1783 2770 ln

126 2815 414 2874 Tundirin
442 2829 527 2868 vn
545 2809 752 2866 mansi.
779 2810 840 2863 In
868 2805 1347 2878 Hartingehusun
1369 2805 1506 2859 villa
1536 2805 1781 2876 integra.

128 2908 194 2963 Et
218 2911 282 2960 ut
303 2905 432 2960 haec
455 2903 658 2957 nostra
683 2895 1047 2953 confirmatio
1071 2893 1301 2950 stabilis
1351 2899 1408 2947 et
1446 2892 1785 2948 inconvulsa

129 2989 654 3069 permaneat,hanc
683 2984 865 3042 nostri
898 2982 1164 3058 praecepti
1189 2981 1461 3055 paginam
1497 2981 1629 3036 inde
1654 2999 1784 3036 con-

131 3085 416 3157 scriptam
470 3094 650 3134 mauu
698 3075 933 3149 propria
985 3073 1325 3128 roborantes
1375 3069 1550 3143 sigilli
1602 3069 1782 3126 nostri

131 3170 524 3245 impressione
554 3165 817 3238 insigniri
845 3163 1163 3234 jussimus.

1907 590 2081 662 gendi
2113 591 2182 646 de
2216 590 2492 646 fratribus
2524 591 2668 654 suis,
2692 595 2748 645 et
2777 594 2844 646 ut
2872 589 3072 646 nullus
3119 591 3427 665 episcopus
3457 595 3560 648 aut

1897 680 2083 750 judex
2105 679 2376 752 publicus
2397 679 2478 736 vel
2526 680 2774 751 quilibet
2821 679 3221 751 exjudiciaria
3249 684 3554 752 potestate,

1906 767 2019 823 nisi
2045 768 2204 823 solus
2237 767 2396 823 illius
2419 768 2526 823 loci
2562 768 2820 840 provisor
2849 771 2906 822 et
2943 768 3258 824 advocatus
3291 767 3548 840 praedicti

1905 857 2342 924 monasterii,in
2365 856 2638 912 ecclesias
2670 861 2770 911 aut
2798 856 2923 912 loca
2951 855 3038 912 vel
3071 872 3243 928 agros
3275 872 3376 912 seu
3407 856 3549 912 reli-

1904 962 2050 1017 quas
2074 946 2473 1018 possessiones
2495 946 2713 1018 praefati
2738 944 3073 1002 monasterii
3097 963 3244 1018 quas
3269 945 3549 1002 moderno

1901 1035 2328 1106 temporejuste
2349 1039 2405 1089 et
2424 1034 2845 1090 rationabiliter
2879 1035 3178 1106 possidere
3195 1035 3441 1101 videtur,
3475 1035 3547 1090 ad

1899 1139 2109 1179 causas
2133 1123 2452 1178 audiendas
2481 1123 2568 1177 vel
2601 1124 2762 1178 freda
2783 1123 3061 1195 exigenda
3082 1127 3182 1178 aut
3211 1123 3549 1179 mansiones

1898 1211 1986 1268 vel
2010 1218 2240 1284 paratas
2262 1212 2556 1268 faciendas
2585 1216 2684 1267 aut
2706 1213 3078 1283 tidejussores
3103 1212 3410 1279 tollendos,
3444 1216 3547 1268 aut

1899 1301 2050 1356 ullas
2081 1301 2501 1356 redhibitiones
2546 1300 2632 1356 vel
2682 1299 2914 1357 illicitas
2965 1302 3299 1358 occasiones
3349 1300 3540 1374 requi-

1898 1391 2240 1458 rendas,aut
2261 1389 2528 1445 homines
2548 1389 2734 1461 ipsius
2753 1389 3089 1446 monasterii
3111 1393 3231 1446 tam
3256 1391 3545 1463 ingenuos

1899 1497 2077 1554 quam
2109 1484 2165 1534 et
2195 1495 2390 1534 servos
2420 1477 2505 1533 vel
2532 1478 2666 1533 litos
2706 1479 2922 1548 injuste
2951 1479 3390 1551 distringendos
3421 1479 3542 1536 ullo

1901 1586 2163 1642 unquam
2187 1573 2444 1640 tempore
2467 1567 2676 1621 audeat
2707 1566 2950 1636 ingredi,
2983 1566 3072 1622 vel
3114 1585 3180 1622 ea
3209 1585 3335 1638 quae
3365 1585 3545 1640 supra

1901 1663 2220 1715 memorata
2250 1662 2388 1713 sunt
2406 1656 2637 1728 penitus
2669 1655 2894 1727 exigere
2917 1658 3018 1710 aut
3056 1656 3294 1711 actitare
3324 1673 3543 1728 prensu-

1899 1751 2037 1804 mat.
2070 1749 2180 1803 Sed
2212 1751 2268 1802 et
2298 1747 2366 1800 de
2389 1744 2760 1800 dominicatis
2787 1743 3011 1799 mansis
3035 1743 3124 1799 vel
3154 1761 3309 1799 nunc
3328 1744 3546 1800 habitis

1896 1837 1980 1893 vel
2012 1841 2142 1910 post
2167 1835 2561 1907 acquirendis,
2587 1851 2620 1888 a
2677 1833 2987 1888 reddendis
3036 1833 3282 1891 decimis
3308 1834 3541 1906 plenam

1898 1927 2051 1982 idem
2084 1924 2502 1981 monasterium
2549 1922 2759 1978 habeat
2801 1922 3255 1992 immunitatem,
3288 1927 3364 1988 et,
3394 1923 3546 1979 sicut

1897 2016 2184 2070 hactenus
2217 2014 2415 2080 fuit,ut
2445 2013 2656 2067 dentur
2688 2012 2757 2066 ad
2781 2015 3009 2082 portam
3034 2011 3091 2066 in
3112 2013 3542 2084 susceptionem

1896 2105 2193 2176 hospitum
2226 2107 2282 2159 et
2295 2100 2819 2174 peregrinorum,in
2835 2099 3196 2171 quibuslibet
3211 2101 3540 2173 episcopiis,

1897 2193 2062 2266 pagis
2092 2191 2178 2248 vel
2211 2190 2542 2256 territoriis,
2574 2189 2660 2244 vel
2691 2188 2970 2244 omnibus
3001 2205 3126 2260 quae
3167 2188 3384 2245 ibidem
3407 2207 3540 2262 pro-

1895 2287 2022 2354 pter
2042 2282 2304 2336 divinum
2329 2295 2587 2334 amorem
2607 2281 2663 2332 et
2693 2276 2852 2332 illius
2885 2276 3067 2333 sancti
3086 2276 3196 2332 loci
3218 2278 3538 2334 veneratio-

1895 2387 2027 2426 nem
2050 2369 2259 2426 collata
2287 2367 2522 2434 fuerint,
2555 2371 2619 2420 ut
2648 2365 2818 2420 liceat
2863 2364 3081 2420 ibidem
3109 2365 3224 2421 Deo
3254 2366 3538 2423 famulan-

1892 2459 2050 2514 tibus
2071 2458 2180 2513 sub
2205 2461 2412 2512 nostrae
2438 2453 2829 2510 immunitatis
2861 2453 3106 2509 tuitione
3129 2455 3321 2526 quieto
3336 2455 3538 2512 ordine

1891 2547 2078 2603 vivere
2133 2563 2197 2601 ac
2247 2545 2520 2610 residere,
2555 2549 2612 2599 et
2660 2541 2871 2598 melius
2921 2542 3052 2597 illos
3103 2542 3336 2599 dilectct
3378 2546 3538 2601 omni

1893 2640 2152 2706 tempore
2187 2648 2290 2705 pro
2320 2631 2487 2686 nobis
2517 2636 2572 2685 et
2602 2631 2849 2701 conjuge
2880 2634 3081 2686 nostra
3110 2635 3283 2702 atque
3315 2633 3539 2688 stabili-

1893 2729 2009 2779 tate
2033 2723 2193 2795 regni
2218 2726 2374 2776 aDeo
2394 2719 2790 2785 nobiscollati,
2826 2718 3057 2773 Domini
3080 2719 3540 2780 misericordiam

1893 2813 2174 2868 attentius
2204 2826 2458 2866 exorare.
2497 2810 2739 2879 Insuper
2767 2807 2944 2862 etiam
2986 2808 3242 2863 decimas
3273 2809 3362 2864 vel
3384 2811 3538 2869 deci.

1894 2901 2077 2957 males
2107 2899 2385 2956 ecclesias
2417 2898 2476 2951 in
2509 2897 2842 2968 quibusque
2861 2896 3174 2968 episcopiis
3195 2897 3276 2952 ita
3303 2901 3541 2956 teneant

1894 2998 2067 3064 atque
2099 2991 2430 3061 disponant,
2467 2985 2620 3040 sicut
2651 2987 2759 3039 sub
2793 2985 3265 3064 antecessoribus
3321 2989 3539 3046 nostris

1894 3061 2127 3154 regibus
2157 3077 2424 3133 videlicet
2453 3079 2509 3130 ct
2556 3073 3009 3146 imperatoribus
3035 3061 3237 3129 tenere.
3261 3091 3364 3146 per
3391 3093 3538 3148 prae-

1895 3174 2060 3241 cepta
2106 3168 2216 3222 visi
2275 3169 2415 3221 sunt
2471 3167 2645 3234 atque
2703 3163 3031 3232 disponere.
3066 3162 3367 3234 Episcopis
3408 3181 3542 3222 vero

197 3232 430 3333 gignum
462 3257 652 3312 damni
672 3232 996 3309 bhuonradi
1024 3250 1110 3320 (L.
1136 3250 1236 3316 M.)
1285 3249 1664 3316 gloriosissimi
1693 3263 1777 3302 re-

1956 3232 2111 3313 iibus
2141 3253 2444 3312 servitium
2475 3257 2532 3306 et
2570 3248 2995 3305 mansionatica
3041 3249 3256 3305 debent
3276 3232 3545 3323 tempore

167 3368 229 3406 ιδ.

167 3369 229 3406 ιδ.

135 3369 164 3421 g
202 3436 513 3494 Odalricus
544 3428 925 3487 cancellarius
954 3427 1074 3481 vice
1119 3425 1390 3480 Aribonis
1431 3423 1782 3496 archicapel-

135 3526 246 3583 lani
278 3521 608 3597 recognovi.

203 3615 346 3671 Data
373 3629 413 3669 ιι
446 3612 515 3667 Id
545 3610 812 3673 Januar.,
845 3603 1158 3660 indictione
1196 3619 1315 3669 VIII,
1349 3617 1499 3656 anno
1533 3599 1784 3654 Domini-

141 3719 213 3758 ϐω
240 3699 672 3758 Incarnationis
704 3696 865 3760 4052,
900 3709 1052 3748 anno
1084 3696 1279 3746 autem
1321 3689 1518 3744 domni
1549 3689 1778 3744 Chuon-

142 3791 258 3847 radi
288 3789 534 3846 secundi
561 3783 864 3858 regnantis
888 3795 947 3836 ιο.
982 3783 1185 3835 Actum
1220 3778 1493 3834 Corbeiae.

929 3885 998 3941 ΙΙ.

147 3984 446 4040 Chuonradi
477 3983 528 4038 II
554 3977 1036 4052 privilegia-mpm
1083 3972 1414 4052 monasterio
1448 3971 1772 4038 Corbez’e-nsz’,

529 4043 1126 4124 ﬁelentc'Truclitmaro
1157 4043 1369 4098 abbate.

749 4139 937 4205 (Anno
969 4133 1152 4202 1025.)

631 4227 908 4298 [ERHARD,
944 4223 1040 4277 ubi
1068 4219 1279 4292 supra.]

205 4320 263 4374 Ο.
315 4321 372 4375 In
426 4317 667 4376 nomine
714 4317 926 4370 sancta:
978 4315 1036 4365 et
1084 4308 1395 4364 individuus
1447 4307 1771 4386 Trinitatis,

144 4406 534 4474 Chuonradus,
565 4404 761 4461 divina
788 4402 1012 4456 favente
1051 4397 1380 4463 clementia,
1407 4412 1524 4450 rex.

205 4494 407 4553 Notum
440 4499 518 4552 sit
576 4493 847 4551 omnibus
891 4487 1107 4545 Christi
1165 4485 1463 4556 nostrique
1503 4484 1774 4541 fidelibus

1894 3347 2172 3403 circuitus
2205 3342 2318 3407 sui,
2352 3339 2677 3396 secundum
2705 3337 2924 3408 scripta
2953 3353 3062 3391 sua
3085 3337 3338 3409 singulis
3368 3340 3540 3396 annis

1893 3432 2316 3508 persolvant.Et
2349 3433 2410 3484 ut
2439 3428 2560 3482 haec
2592 3424 2908 3482 auctoritas
2939 3425 3334 3482 concessionis
3365 3432 3539 3500 atque

1892 3518 2354 3578 confirmationis
2375 3519 2583 3570 nostrae
2607 3511 2829 3567 firmior
2840 3511 3122 3567 habeatur
3141 3516 3197 3567 et
3217 3530 3320 3585 per
3340 3515 3538 3572 futura

1889 3614 2153 3680 tempora
2184 3604 2472 3661 acunctis
2534 3601 2806 3658 fidelibus
2853 3603 3071 3654 sanctae
3120 3600 3218 3656 Dei
3268 3601 3534 3679 Ecclesiae

1891 3698 2226 3769 nostrisque
2257 3690 2640 3766 praesentibus
2669 3693 2725 3746 et
2758 3688 2974 3743 futuris
3025 3687 3236 3745 melius
3265 3691 3539 3748 credatur

1889 3787 2346 3860 diligentiusque
2399 3781 2756 3844 observetur,
2809 3793 2988 3832 manu
3045 3778 3283 3850 propria
3337 3781 3538 3838 subter

1890 3895 2018 3934 eam
2051 3872 2414 3930 firmavimus
2445 3873 2500 3924 et
2531 3866 2706 3939 sigilli
2741 3866 2926 3921 nostri
2973 3865 3360 3937 impressione
3389 3871 3537 3943 assi-

1886 3965 2037 4040 gniri
2062 3963 2376 4036 jussimus.
3196 4026 3206 4034 -

1958 4056 2184 4125 Signum
2213 4049 2400 4105 domui
2429 4043 2742 4102 Chuonradi
2771 4044 2854 4114 (L.
2889 4044 2991 4114 M.)
3031 4045 3424 4118 gloriosissimi
3450 4064 3536 4105 rc-

1885 4146 1992 4213 gis-
3327 4209 3332 4212 .

1955 4229 2256 4287 Odalricus
2289 4223 2670 4281 cancellarius
2701 4221 3133 4280 vice,Aribonis
3181 4208 3535 4296 archicapel-

1883 4321 2002 4377 lani
2033 4316 2359 4388 recognovi.

1954 4411 2101 4465 Data
2127 4424 2182 4461 ιιι
2215 4404 2364 4471 Kal.,
2402 4403 2592 4468 Febr.,
2627 4399 2944 4455 indictione
2991 4415 3110 4462 VIII,
3162 4414 3314 4453 anno
3347 4401 3540 4462 Domi.

1885 4501 2024 4555 nicas
2054 4491 2473 4552 Incarnationis
2506 4491 2664 4556 1025,
2701 4505 2853 4542 anno
2892 4503 3023 4542 vero
3073 4485 3272 4542 domui
3306 4486 3541 4545 Chuon-

147 4585 515 4653 prasentibus
547 4582 769 4640 scilicet
816 4584 991 4650 atque
1036 4575 1272 4642 futuris,
1308 4571 1556 4644 qualiter
1601 4589 1770 4629 vene-
1806 4595 1853 4660 Ι)
1887 4588 2010 4646 radi
2045 4582 2286 4643 secundi
2319 4579 2616 4651 regnantis
2640 4594 2676 4631 ι.

146 4671 328 4729 rabilis
357 4674 539 4730 abbas
570 4670 806 4727 nomine
850 4666 1273 4722 Truchtmarus
1328 4665 1586 4717 nostram
1631 4663 1774 4718 adiit

149 4759 554 4826 excellentiam,
589 4756 932 4831 suppliciter
951 4769 1124 4810 orans
1154 4755 1218 4806 ut
1250 4754 1449 4806 nostra
1470 4750 1780 4821 magniﬁca

149 4847 529 4905 muniﬁcentia
544 4846 1010 4919 prospiceremus
1037 4839 1391 4897 monasterio
1414 4839 1506 4893 cui
1529 4856 1776 4910 praeesse

147 4931 443 5004 videretur,
490 4937 646 5009 quod
705 4939 795 4990 est
851 4934 1251 4988 constructum
1303 4945 1480 4998 super
1535 4928 1774 4983 fluvium

151 5017 362 5079 Wisera
388 5025 587 5082 inloco
619 5024 716 5096 qui
736 5022 950 5078 dicitur
979 5020 1135 5076 Nova
1148 5016 1387 5074 Corbeia
1413 5016 1470 5070 in
1497 5015 1776 5071 honorem

151 5105 243 5163 Dei
271 5116 324 5166 et
352 5115 536 5170 sancti
569 5112 847 5184 Stephani
909 5105 1370 5182 protomartyris,
1403 5103 1503 5158 ubi
1541 5108 1597 5159 et
1625 5105 1776 5160 beati

152 5192 254 5250 Viti
285 5204 551 5271 martyris
582 5201 837 5274 pretiosa
890 5200 1132 5271 pignora
1180 5193 1397 5250 servari
1431 5198 1774 5248 noscuntur.

154 5279 316 5352 Cujus
336 5290 597 5358 petitioni
618 5287 949 5344 rationabili
973 5289 1208 5358 propter
1237 5281 1498 5336 divinum
1521 5299 1777 5338 amorem

155 5369 205 5422 et
253 5377 674 5434 venerationem
726 5377 1030 5432 beatorum
1090 5375 1413 5443 martyrum
1472 5387 1777 5425 assensum

156 5459 480 5534 praebentes,
539 5466 646 5521 hos
721 5465 915 5536 apices
974 5459 1305 5517 serenitatis
1364 5462 1572 5513 nostra:
1631 5459 1781 5514 circa

157 5540 336 5612 iPsum
366 5553 784 5610 monasterium
812 5550 1379 5622 fierijussimus,per
1409 5562 1556 5616 quos
1585 5547 1779 5602 decer-

160 5630 338 5696 nimus
359 5643 533 5714 atque
553 5638 1158 5715 jubemus,praecipue
1187 5640 1252 5692 ut
1283 5638 1627 5710 potestatem
1660 5651 1780 5692 mo-

1953 4680 2161 4734 Actum
2193 4669 2448 4726 Goslare.
2695 4754 2736 4808 II

2663 4759 2680 4807 1

2663 4755 2758 4808 ΙΙΙ.

1887 4850 2201 4911 Chuonradi
2232 4850 2278 4903 ll
2307 4846 2486 4901 Italiae
2515 4843 2657 4913 regis
2698 4842 2959 4916 diploma,
2993 4857 3096 4916 quo
3134 4842 3423 4912 conﬁrmat
3439 4844 3537 4916 ῥα-

2099 4939 2160 4977 ra
2191 4917 2520 4974 monasterio
2559 4913 2788 4970 Luccnat'
2818 4913 3006 4970 Sancti
3038 4916 3321 4970 Pontiani.

2503 5005 2690 5074 (Anno
2725 5004 2909 5073 1025.)

2243 5095 2594 5165 [Μυηλτοιιῃ
2629 5093 2809 5163 Antiq.
2833 5095 2954 5149 Ital.
2990 5093 3032 5163 Ι,
3066 5093 3182 5164 93.]

1960 5210 2021 5263 In
2057 5203 2288 5260 nomine
2319 5204 2534 5254 sanctae
2561 5203 2615 5253 et
2648 5197 2958 5253 individua:
2988 5198 3540 5266 Trinitatis,CaUON-

1891 5314 2093 5361 RADUS,
2129 5292 2325 5348 divina
2357 5289 2583 5343 favente
2613 5286 2944 5352 clementia,
2977 5303 3095 5354 rex,
3128 5292 3263 5353 etc.,
3287 5283 3540 5356 qualiter

1890 5378 2142 5432 domnus
2171 5368 2518 5427 Ambrosius
2545 5365 2892 5422 venerabilis
2915 5365 3096 5420 abbas
3117 5369 3376 5420 nostram
3397 5379 3536 5433 sup-

1891 5464 2023 5536 plex
2039 5460 2180 5516 adiit
2203 5456 2631 5522 celsitudinem,
2665 5455 2981 5525 deprecans
3003 5456 3068 5506 ut
3090 5469 3192 5524 pro
3218 5451 3311 5506 Dei
3341 5466 3539 5505 amore

1893 5566 2116 5620 suaque
2149 5543 2574 5618 supplicatione
2605 5541 3026 5596 monasterium
3057 5541 3212 5612 quod
3255 5542 3542 5595 restaura-

1891 5641 1974 5698 vit
2004 5636 2270 5710 quaedam
2303 5635 2572 5688 matrona
2603 5629 2779 5685 Willa
2807 5633 3222 5703 vocata,mater
3250 5645 3386 5687 vero
3417 5629 3540 5686 Hu-
