3920 6208
329 364 491 441 104⁸1

1684 364 2006 442 ΜΟΝΠΜ.
2054 362 2374 439 DIPLOM.

3576 368 3751 441 1048

328 512 496 587 gonis
524 504 724 585 inclyti
749 509 1238 586 marchionis,pro
1269 530 1375 568 sua
1405 511 1602 567 anima
1625 515 1681 566 et
1710 526 1813 582 pro
1844 508 1971 565 ani-
2000 506 2057 573 Α
2087 520 2240 575 mus,
2274 511 2340 563 ut
2368 506 2567 564 nullus
2597 505 2929 576 eorum,aut
2953 520 3196 564 suorum
3226 498 3540 563 hominum
3571 507 3747 566 dein-

330 600 542 657 mabus
563 600 828 657 omnium
858 601 1329 658 Christianorum
1362 600 1764 665 fidelium,Deo
1790 599 1979 654 faven-

328 692 407 760 te,
440 688 581 745 foris
608 705 845 745 murum
877 691 1158 746 Lucensis
1207 690 1391 756 urbis,
1425 691 1484 744 in
1535 689 1717 743 honre
1747 692 1977 743 sancto-

330 794 461 836 rum
487 778 880 851 apostolorum
911 779 1162 852 Philippi
1192 782 1249 833 et
1276 778 1497 843 Jacobi,
1522 782 1578 832 et
1607 777 1791 832 sancti
1824 777 1978 832 Pon-

330 868 478 924 tiani
539 865 811 940 martyris
868 867 1104 933 Christi,
1164 867 1333 936 cujus
1390 865 1711 937 gloriosum
1768 883 1978 937 corpus

334 957 553 1014 ibidem
584 955 916 1030 requiescit,
944 960 1053 1010 etc.

406 1045 639 1114 Signum
665 1044 855 1099 domui
885 1043 1209 1099 Chuonradi
1237 1044 1378 1114 regis
1405 1045 1773 1098 invictissimi.

404 1136 573 1206 Hugo
603 1130 987 1189 cancellarius
1017 1131 1141 1187 vice
1176 1131 1446 1187 Aribonis
1489 1130 1984 1188 archicancellarii

332 1220 662 1294 recognovi.

407 1310 612 1366 Hiatus
643 1307 830 1381 Sigilli
862 1308 1011 1365 cerei
1043 1308 1348 1381 depcrditi.

407 1396 556 1454 Data
583 1412 642 1452 Ix
671 1395 966 1452 Kalendas
998 1395 1157 1463 Maii,
1190 1395 1507 1451 indictione
1535 1412 1654 1464 vm,
1690 1413 1840 1452 anno
1874 1397 1984 1452 Do-

338 1494 566 1553 minica
620 1494 1046 1550 Incarnationis
1107 1493 1266 1557 1025,
1324 1509 1477 1548 anno
1527 1497 1721 1550 autem
1779 1495 1987 1561 Domni

337 1583 672 1642 Ghuonradi
706 1583 952 1639 secundi
984 1581 1284 1654 regnantis
1313 1581 1524 1652 primo.

408 1674 619 1728 Actum
648 1674 739 1727 est
760 1670 819 1725 in
842 1672 1105 1743 Augusta
1135 1668 1379 1726 civitate.

1112 1776 1203 1832 IV.

2088 612 2223 668 ceps
2255 597 2545 665 freda,aut
2568 597 2859 653 tributum
2877 597 3074 661 donet,
3094 595 3185 653 vel
3206 596 3546 653 mansiones
3560 597 3752 654 faciat

2088 684 2286 750 invite,
2319 689 2420 740 aut
2446 686 2760 756 ﬁdejussor
2808 687 2934 741 sine
2976 703 3082 741 suo
3112 684 3259 741 velle
3289 685 3523 754 existat,
3550 690 3665 742 aut
3684 684 3753 741 in

2089 773 2284 845 aliquo
2327 775 2503 831 donet
2529 775 2955 847 portonaticum
2996 777 3098 830 aut
3128 773 3460 846 ripaticum,
3489 773 3581 830 vel
3611 774 3754 831 her-

2088 862 2369 928 haticum,
2403 868 2503 917 aut
2533 863 2955 936 glandaticum,
2987 862 3073 919 vel
3122 863 3590 935 pontonaticum,
3624 866 3755 919 tam

2090 952 2162 1007 de
2192 952 2495 1008 monachis
2526 968 2703 1024 quam
2725 951 3275 1025 clericis,quamque
3300 952 3374 1007 de
3402 951 3758 1007 hominibus

2090 1058 2267 1113 super
2294 1046 2481 1097 terras
2503 1057 2703 1097 eorum
2726 1040 3265 1108 residentibus,tam
3281 1039 3553 1113 ingenuis
3566 1056 3755 1113 quam

2090 1130 2415 1199 libellariis,
2449 1146 2625 1201 quam
2658 1133 2714 1184 et
2742 1130 2944 1185 servis.
2976 1130 3057 1184 Ac
3095 1146 3194 1185 eos
3240 1129 3352 1185 sub
3399 1133 3602 1185 nostra
3631 1130 3752 1185 tui-

2092 1218 2251 1275 tione
2281 1218 3027 1291 recipimus.Pracipientes
3060 1218 3496 1290 ergojubemus
3528 1220 3594 1272 ut
3622 1217 3761 1274 nul-

2094 1306 2187 1363 lus
2218 1308 2354 1373 dux,
2388 1306 2665 1374 marchio,
2686 1307 3017 1380 episcopus,
3042 1322 3258 1375 comes,
3280 1305 3623 1373 viceoomes,
3658 1305 3756 1362 vel

2095 1395 2310 1468 aliquis
2343 1399 2541 1451 noster
2562 1395 2780 1452 missus
2794 1393 3510 1463 discurrens,souldasius,
3530 1394 3725 1466 gsstal

2097 1485 2250 1551 dius,
2279 1482 2556 1556 nullaque
2585 1483 2767 1540 nostri
2798 1483 3030 1556 imperii
3059 1498 3272 1555 magna
3300 1498 3597 1554 parvaque
3624 1499 3759 1555 per-

2098 1573 2524 1645 sona,pradicti
2556 1572 2891 1629 monasterii
2917 1571 3006 1627 vel
3029 1570 3348 1627 monachos
3368 1574 3472 1626 aut
3490 1570 3759 1643 aliquem

2099 1662 2331 1718 ﬁdelem
2356 1660 2702 1735 inquietare,
2736 1661 3179 1729 molestare,aut
3199 1659 3270 1715 dc
3290 1658 3405 1727 his,
3432 1675 3559 1732 qua
3572 1675 3762 1739 supra

2098 1751 2317 1823 scripta
2342 1754 2498 1817 sunt,
2532 1750 2658 1806 sine
2688 1748 2861 1823 legali
2873 1748 3100 1821 judicio
3123 1747 3397 1804 divestire
3431 1751 3766 1820 praesumat

345 1866 663 1948 οιιειοηαταάξ
689 1867 733 1948 .1.
762 1866 1131 1948 Βοηξαηοῖατνξ
1183 1865 1532 1948 imperatoris
1582 1867 1844 1948 ἀέριοτηαε
1892 1885 1995 1948 quo
2025 1876 2072 1940 Β
2106 1837 2816 1948 1,1:;.:_‘3‘..‘i‘fiiqi‘i‘iff’
2835 1834 3764 1948 Ετῗίὲἷίὶίί.¹ἶῖίῗ.¹ἶῗῗέθῖἶῗῗῗ⁵ῗῗῖ

416 1938 654 2011 Guidoni
681 1938 733 1993 II
756 1936 1013 2011 Farfensi
1041 1936 1246 2011 abbati2
1264 1936 1497 2007 ejusque
1543 1936 1873 1995 monasterio
1902 1936 1995 1996 bo-

413 2027 491 2066 na
517 2025 582 2065 ac
599 2009 734 2081 jura
756 2007 1091 2081 quaecunque
1110 2007 1416 2077 conﬁrmat.

970 2096 1157 2166 (Anno
1194 2096 1374 2167 1027.)

551 2185 904 2257 [Muna'ronu
935 2185 1055 2239 Rcr.
1090 2184 1191 2239 Ital
1224 2184 1422 2256 Script.
1456 2184 1526 2252 II,
1552 2202 1611 2252 ιι,
1642 2188 1741 2241 501
1778 2186 1794 2259 1

418 2297 483 2349 In
514 2290 752 2348 nomine
780 2294 997 2347 sancta
1028 2293 1085 2345 et
1109 2289 1422 2346 individua
1453 2290 2002 2359 Trinitatis,CnUos-

346 2395 538 2439 BADUS
568 2378 741 2435 divus
770 2379 1171 2436 Romanorum
1202 2378 1525 2451 imperator
1552 2382 1871 2453 Augustus.

417 2468 747 2542 Comperiat
776 2468 1043 2524 omnium
1075 2466 1317 2523 solertia
1348 2467 1599 2540 qualiter
1628 2469 1813 2525 Guido
1836 2486 2002 2525 vene-

344 2557 549 2615 rabilis
569 2557 751 2613 abbas
780 2554 1121 2612 monasterii
1152 2555 1377 2611 Sanctae
1408 2556 1600 2611 Maria
1624 2556 1678 2611 in
1714 2556 1992 2612 comitatu

344 2644 653 2705 Sabinensi
671 2643 1101 2710 -coustructi,in
1122 2643 1249 2699 loco
1280 2644 1378 2715 qui
1411 2643 1625 2699 dicitur
1651 2644 1995 2713 Aoutianus,

344 2738 608 2793 nostram
626 2733 828 2789 adiens
868 2732 1258 2805 prasentiam,
1283 2731 1538 2786 ostendit
1556 2733 1727 2789 nobis
1767 2739 1996 2790 nostro-

345 2838 481 2880 rum
493 2825 928 2877 antecessorum
942 2836 1147 2892 regum
1166 2818 1254 2875 vel
1277 2819 1697 2891 imperatorum
1711 2827 1999 2894 pracepta

348 2910 541 2969 eidem
590 2908 944 2966 monasterio
994 2909 1172 2974 facta,
1204 2911 1385 2980 atque
1427 2908 1767 2981 suppliciter
1795 2916 1997 2983 postu-

2107 1928 2373 1984 sionibus
2402 1927 2578 1983 fiscus
2608 1929 2808 1984 noster
2833 1942 3069 1999 sperare
3114 1924 3390 1997 potuerit,
3421 1928 3617 1980 totum
3649 1941 3768 1981 nos

2107 2033 2210 2089 pro
2241 2020 2464 2072 aeterna
2494 2014 2982 2073 remunerationis
3031 2013 3272 2086 pramio
3324 2011 3603 2086 pradicto
3632 2028 3765 2069 mo-

2107 2104 2362 2161 nasterio
2394 2105 2789 2161 concedimus.
2821 2145 2834 2159 .
2872 2145 2885 2158 .
2922 2144 2935 2157 .
2971 2146 2983 2158 .
3021 2145 3033 2159 .
3070 2146 3084 2159 .
3121 2144 3134 2158 .
3172 2145 3184 2158 .

2177 2195 2409 2265 Signum
2436 2192 2623 2249 domui
2662 2192 2983 2250 Chuonradi
3026 2192 3370 2249 ,ςενεηίδείΜί
3412 2191 3768 2263 imperatoris

2107 2282 2359 2351 Augusti.

2179 2371 2344 2444 Hugo
2377 2369 2759 2427 cancellarius
2803 2369 2924 2426 vice
2963 2369 3168 2425 domni
3213 2366 3529 2424 Haribonis
3565 2367 3769 2424 archi-

2109 2458 2438 2515 cancellarii
2470 2458 2821 2532 recognovit.

2180 2548 2327 2603 Data
2357 2565 2389 2603 v
2420 2546 2656 2604 Kalend.
2692 2546 2906 2613 Martii,
2939 2562 3093 2602 anno
3136 2544 3454 2602 Dominica
3484 2548 3769 2601 Incurua-

2102 2635 2279 2697 tionis
2316 2637 2469 2706 1027,
2504 2653 2656 2692 anno
2685 2653 2820 2692 vero
2852 2635 3055 2692 domui
3091 2633 3423 2691 Chuonradi
3455 2634 3769 2706 regnantis

2104 2725 2299 2792 tertio,
2331 2724 2560 2797 imperii
2591 2740 2825 2796 quoque
2850 2723 3060 2796 primo.

2176 2814 2382 2869 Actum
2416 2814 2609 2869 Roma
2649 2812 2912 2869 feliciter.

2900 2931 2968 2983 V.

344 2999 497 3057 laus.
536 3040 549 3054 .
588 3039 601 3053 .
635 3037 701 3089 ἱ.
738 3039 752 3052 .
783 3036 799 3054 .
835 2997 1042 3089 eadem
1070 3000 1360 3089 praecepta
1388 3001 1593 3052 nostra
1623 2997 1913 3089 imperiali
1935 3016 2001 3055 ac
2111 3018 2428 3075 Chmradi
2456 3019 2507 3074 η
2531 3018 2703 3073 "alia,
2750 3018 2895 3088 regis
2942 3034 3006 3073 αο
3056 3016 3236 3089 prim,-
3288 3018 3437 3071 ίηεεν
3490 3019 3771 3085 Λυρκείας

344 3087 678 3164 praceptali
733 3086 1081 3143 auctoritate
1136 3085 1642 3142 conﬁrmaremus.
1693 3086 1811 3143 Nos
1866 3104 2001 3143 vero

341 3174 673 3251 ejusjustis
702 3174 1200 3248 postulationibus
1247 3175 1655 3243 assentientes,
1690 3177 1998 3233 confirma-

2177 3098 2512 3161 praccptum
2549 3105 2650 3160 per
2705 3089 2846 3159 quod
2880 3089 3230 3161 monasterio
3254 3089 3773 3161 sumtmnialium

2182 3159 2510 3217 Lucensium
2539 3159 2756 3216 Domini
2795 3160 3095 3217 Saluatoris
3141 3160 3326 3214 omnia
3375 3159 3613 3215 illarum
3632 3161 3771 3232 jura

342 3233 629 3337 mus'jam
650 3233 806 3321 dicto
828 3262 1184 3320 monasterio
1208 3261 1494 3336 quidquid
1514 3264 1571 3318 in
1595 3233 1999 3336 superioribus
2028 3241 2071 3309 α
2182 3249 2245 3288 αθ
2268 3233 2563 3305 privilegia
2592 3233 2896 3337 εθηβζξηαίο

343 3353 674 3413 continetur
696 3352 1203 3426 praceptis,prout
1224 3353 1386 3422 juste
1417 3355 1473 3407 et
1503 3351 1767 3425 legaliter
1796 3370 1998 3425 possu-

343 3460 498 3514 mus,
530 3440 796 3499 videlicet
825 3441 1113 3514 quidquid
1162 3440 1377 3496 habere
1429 3438 1661 3495 videtur
1701 3440 1761 3497 in
1790 3442 1993 3498 eodem

337 3529 628 3589 territorio
658 3528 1055 3598 Sabiuensi,id
1085 3532 1193 3585 est.
1230 3570 1243 3584 .
1280 3570 1293 3583 .
1332 3570 1344 3583 .
1382 3570 1394 3582 .
1435 3528 1515 3583 .in
1545 3528 1823 3585 comitatu
1857 3530 1995 3586 Hor-

337 3624 496 3678 tano.
534 3662 548 3675 .
586 3661 599 3674 .
637 3661 650 3674 .
683 3658 700 3676 .
736 3659 753 3675 .
790 3662 803 3675 .
828 3618 887 3673 in
919 3616 1199 3673 comitatu
1230 3615 1824 3685 Viturbiensi,cellam
1855 3620 1993 3675 San-

336 3708 441 3766 cta
471 3706 664 3764 Maria
687 3706 858 3778 juxta
883 3705 1126 3760 fluvium
1156 3703 1492 3761 Minionem.
1532 3748 1545 3760 .
1583 3747 1596 3760 .
1632 3747 1645 3760 .
1683 3746 1696 3760 .
1717 3706 1778 3761 In
1811 3709 1988 3763 comi-

333 3798 464 3853 tatu
493 3792 827 3866 Spoletano.
864 3833 879 3847 .
916 3835 930 3848 .
966 3835 979 3848 .
1017 3835 1031 3848 .
1068 3834 1081 3846 .
1112 3793 1173 3847 in
1206 3793 1488 3849 comitatu
1532 3794 1776 3850 Assisio.
1814 3836 1827 3849 .
1870 3838 1881 3850 .
1920 3840 1933 3853 .
1973 3840 1985 3853 .

335 3883 396 3938 in
428 3880 709 3938 comitatu
738 3879 1079 3937 Ausimano.
1119 3925 1132 3936 .
1167 3923 1179 3936 .
1219 3922 1231 3936 .
1269 3922 1282 3936 .
1310 3881 1370 3936 in
1400 3882 1677 3937 comitatu
1719 3885 1991 3958 Senogal-

335 3970 529 4027 liensi.
565 4009 582 4026 .
617 4011 632 4024 .
667 4010 680 4024 .
716 4010 730 4024 .
768 4011 781 4023 .
810 3969 871 4025 in
929 3969 1211 4026 comitatu
1264 3970 1595 4026 Camerino.
1634 4014 1647 4026 .
1682 4014 1696 4026 .
1727 4013 1739 4025 .
1777 4014 1789 4026 .
1828 4015 1841 4027 .
1872 4012 1888 4029 .
1925 3975 1987 4030 in

334 4058 617 4116 comitatu
645 4057 937 4114 Firmano.
973 4101 985 4114 .
1018 4103 1031 4115 .
1070 4101 1083 4114 .
1120 4101 1133 4114 .
1173 4103 1186 4115 .
1223 4102 1234 4113 .
1269 4059 1325 4112 in
1378 4059 1660 4114 comitatu
1701 4062 1986 4119 Asculano

333 4188 353 4207 .
387 4188 404 4206 .
439 4189 455 4205 .
492 4192 505 4204 .
541 4192 554 4203 .
590 4190 604 4204 .
637 4147 696 4203 iu
727 4147 1005 4204 comitatu
1035 4146 1392 4220 Aprutiensi.
1430 4189 1443 4202 .
1481 4189 1494 4202 .
1534 4190 1545 4201 .
1584 4188 1597 4201 .
1633 4191 1645 4202 .
1684 4190 1696 4203 .
1729 4148 1786 4203 in
1812 4152 1989 4206 comi-

330 4240 460 4293 tatu
490 4236 786 4293 Pinnensi.
816 4278 830 4292 .
868 4280 881 4293 .
919 4279 932 4293 .
968 4279 980 4292 .
1010 4276 1027 4292 .
1064 4237 1124 4292 in
1157 4234 1438 4292 comitatu
1489 4235 1781 4293 Balbensi.
1819 4281 1831 4293 .
1869 4282 1880 4294 .
1918 4283 1932 4296 .
1969 4282 1981 4295 .

330 4326 393 4382 in
427 4326 709 4383 comitatu
739 4325 1086 4382 Marsicano.
1126 4366 1138 4379 .
1176 4364 1190 4379 .
1228 4367 1241 4379 .
1282 4365 1294 4378 .
1330 4367 1343 4379 .
1382 4365 1393 4378 .
1432 4366 1445 4379 .
1483 4365 1535 4379 ..
1574 4326 1728 4382 Infra
1776 4327 1981 4384 urbem

328 4417 574 4472 Romam
605 4413 912 4472 ecclesiam
960 4414 1183 4469 Sancta
1223 4412 1435 4479 Maria,
1460 4417 1516 4469 et
1564 4414 1761 4472 Sancti
1796 4421 1982 4473 Bene-

327 4503 468 4561 di'cti
493 4519 628 4560 cum
659 4502 881 4576 cryptis
910 4507 965 4559 et
996 4499 1203 4572 muris,
1229 4505 1286 4558 et
1314 4518 1449 4557 cum
1481 4502 1717 4559 introitu
1737 4508 1794 4560 et
1823 4506 1977 4562 exitu

2730 3320 2914 3391 (Anno
2948 3318 3132 3390 4027.)

2263 3410 2615 3480 [Musarum
2645 3408 2741 3463 ubi
2767 3424 2958 3479 supra,
2986 3408 3174 3478 Antiq.
3213 3405 3341 3462 Ital.
3375 3406 3454 3474 II,
3481 3407 3602 3478 95.]

2174 3526 2236 3580 In
2267 3524 2503 3580 nomine
2535 3523 2956 3595 omnipotentis
2986 3521 3109 3589 Dei,
3132 3521 3761 3590 Chuonradus,aterni

2103 3630 2346 3669 munere
2376 3611 2713 3684 Largitoris,
2749 3626 2865 3668 rex.

2170 3702 2226 3756 Si
2259 3701 2478 3774 aliquid
2500 3700 2643 3756 locis
2662 3700 2857 3756 divino
2879 3699 3059 3755 cultui
3085 3698 3434 3771 mancipatis
3463 3698 3763 3772 largitatis

2099 3794 2311 3846 nostra
2333 3805 2573 3845 munere
2595 3787 3066 3854 conferimus,vel
3081 3786 3759 3856 collataconﬁrmamus,

2097 3878 2170 3935 ad
2194 3884 2418 3933 aterna
2449 3876 2853 3933 retributionis
2876 3876 3115 3949 pramia
3145 3873 3315 3932 nobis
3346 3876 3625 3947 prodesse
3655 3893 3760 3933 ne-

2097 3983 2395 4039 quaquam
2446 3967 2794 4022 diffidimus.
2827 3965 3105 4020 Omnium
3150 3964 3330 4036 igitur
3386 3968 3604 4021 sancta
3652 3965 3756 4023 Dei

2096 4055 2363 4111 Ecclesia
2395 4059 2730 4111 nostrorum
2759 4053 3137 4126 praesentium
3187 4058 3363 4124 atque
3412 4052 3754 4110 futurorum

2096 4144 2313 4200 notitia
2344 4147 2538 4217 pateat
2568 4142 2823 4215 qualiter
2860 4142 3191 4198 interventu
3221 4140 3443 4197 dilecta
3475 4143 3753 4217 ocnjugis

2094 4237 2304 4289 nostra
2335 4231 2527 4301 Gisla,
2562 4249 2664 4303 per
2693 4230 2845 4287 hanc
2894 4231 3081 4286 nostri
3123 4229 3393 4302 pracepti
3443 4228 3747 4302 paginam,

2093 4325 2266 4393 prout
2286 4322 2448 4393 juste
2469 4324 2525 4376 et
2561 4319 2825 4392 legaliter
2864 4335 3203 4390 possumus,
3234 4317 3661 4373 conﬁrmamus
3689 4323 3749 4373 et

2092 4411 2539 4466 corroboramus
2572 4408 2929 4464 monasterio
2962 4406 3194 4462 Domini
3224 4404 3562 4472 Salvatoris,
3587 4407 3747 4477 quod

2090 4504 2179 4554 est
2200 4499 2351 4553 intra
2372 4513 2575 4554 muros
2594 4496 2756 4553 urbis
2781 4497 2940 4552 Luca
2958 4499 3381 4563 constructum,
3401 4494 3744 4566 etejusdem

325 4591 585 4661 illarum,
617 4595 675 4649 et
704 4607 911 4663 campo
940 4591 1011 4647 de
1039 4589 1361 4663 Agonis.In
1405 4590 1635 4648 civitate
1660 4593 1981 4665 Tyburtina
2009 4604 2056 4671 D
2087 4587 2196 4644 loci
2235 4586 2565 4653 abbatissa,
2616 4602 2744 4658 qua
2800 4589 3042 4640 vocatur
3091 4583 3363 4657 Alperga,
3397 4583 3746 4656 cunctisque

324 4723 339 4739 .
375 4724 389 4737 .
428 4725 441 4738 .
478 4725 490 4738 .
528 4723 542 4737 .
587 4723 599 4737 .
638 4722 652 4737 .
687 4681 748 4736 in
797 4680 1080 4736 comitatu
1124 4678 1387 4736 Reatino.
1427 4721 1439 4734 .
1474 4723 1484 4734 .
1518 4720 1534 4737 .
1575 4723 1587 4735 .
1624 4722 1638 4736 .
1675 4724 1686 4736 .
1723 4682 1782 4737 in
1811 4683 1976 4738 Ami-

320 4773 512 4838 terno,
543 4768 603 4824 in
633 4767 918 4825 comitatu
951 4767 1297 4824 Furconino.
1337 4809 1349 4821 .
1388 4810 1400 4822 .
1438 4809 1449 4821 .
1490 4809 1501 4821 .
1533 4807 1548 4823 .
1588 4767 1821 4823 .omuia
1851 4786 1978 4841 qua

321 4858 384 4916 in
413 4856 711 4931 integrum
744 4857 815 4915 ad
849 4856 1189 4930 praedictum
1232 4855 1655 4912 monasterium
1686 4857 1976 4928 pertinere

319 4946 598 5003 videntur
618 4947 780 5018 juste
808 4951 865 5001 et
894 4945 1177 5020 legaliter,
1203 4949 1305 5000 aut
1334 4945 1406 5000 ab
1455 4944 1586 5001 aliis
1634 4945 1974 5003 hominibus

315 5035 506 5092 Deum
538 5033 888 5092 timentibus
911 5032 1268 5107 acquisierit,
1304 5038 1406 5089 aut
1448 5034 1520 5089 ab
1552 5032 1645 5090 his
1674 5033 1773 5105 qui
1803 5036 1975 5091 modo

315 5125 389 5181 de
421 5121 599 5179 rebus
622 5122 891 5180 Ecclesia
913 5123 1133 5194 injuste
1156 5126 1377 5190 tenent,
1409 5126 1466 5177 et
1496 5138 1623 5193 qua
1656 5123 1712 5177 in
1745 5122 1975 5179 civitate

315 5212 602 5278 Romana,
637 5211 816 5268 autin
841 5211 1037 5284 aliqua
1058 5215 1221 5284 parte
1262 5210 1444 5267 nostri
1468 5209 1834 5282 reguiltalici
1869 5211 1970 5267 ha-

310 5301 450 5358 bere
503 5297 757 5366 videtur,
822 5304 925 5354 aut
980 5298 1344 5371 acquisierit,
1381 5314 1484 5370 per
1543 5298 1650 5352 hoc
1705 5302 1972 5354 nostrum

310 5388 672 5462 praceptum
721 5385 912 5441 eidem
958 5393 1160 5443 sancto
1210 5387 1334 5443 loco
1387 5386 1805 5441 confirmamus
1853 5403 1973 5443 una

311 5491 451 5532 cum
476 5471 666 5538 terris;
699 5472 902 5529 vineis.
937 5516 950 5529 .
988 5515 1002 5529 .
1038 5517 1050 5532 .
1079 5517 1092 5530 .
1131 5519 1142 5531 .
1181 5518 1194 5531 .
1227 5520 1241 5533 .
1276 5480 1450 5548 atque
1490 5490 1593 5545 pro
1623 5472 1725 5528 Dei
1751 5492 1966 5545 amore,

311 5563 633 5627 nostraque
682 5561 891 5616 anima
943 5563 1129 5620 salute
1176 5564 1365 5621 eidem
1417 5562 1767 5618 monaslerio
1800 5565 1970 5620 mini-

312 5644 639 5706 strantibus
670 5665 772 5720 per
802 5649 913 5704 hoc
972 5657 1237 5708 nostrum
1286 5652 1644 5725 praceptum
1674 5653 1962 5724 perdona-

2087 4676 2486 4733 monachahus
2517 4674 2762 4731 Domino
2786 4673 2867 4729 ibi
2888 4672 3454 4729 famulantibus......
3488 4672 3623 4744 ejus
3652 4687 3747 4728 res

2088 4771 2145 4822 et
2172 4765 2555 4838 proprietates
2587 4768 2705 4818 tam
2729 4779 2876 4835 quas
2890 4779 3047 4818 nunc
3058 4762 3237 4818 habet
3259 4777 3440 4833 quam
3465 4760 3745 4832 imposta-

2087 4871 2217 4910 rum
2247 4853 2535 4921 habuerit,
2570 4869 2704 4908 cum
2726 4851 2899 4907 terris
2929 4850 3105 4907 cultis
3153 4854 3209 4906 et
3238 4848 3499 4914 incultis,
3535 4848 3739 4918 vineis,

2086 4943 2291 5015 pratis,
2325 4941 2580 5016 pascuis,
2616 4938 3440 5012 silvis,piscationibus,scrvis
3473 4943 3529 4993 σι
3558 4937 3739 4993 ancil-

2085 5032 2181 5095 lis.
2240 5033 2411 5104 aquis
2464 5046 2871 5103 aquarumque
2927 5029 3298 5098 decursibus,
3356 5025 3737 5093 molendinis,

2084 5137 2435 5192 omnemque
2463 5119 2875 5188 substantiam,
2908 5135 3086 5189 quam
3126 5116 3289 5172 locus
3320 5114 3479 5171 idem
3508 5115 3741 5171 videtur

2084 5210 2316 5265 habere.
2369 5209 2695 5264 Statuimus
2743 5206 2919 5262 etiam
2964 5212 3028 5261 ut
3083 5205 3298 5261 abhinc
3326 5204 3388 5259 in
3432 5208 3737 5275 posterum

2087 5297 2369 5370 quidquid
2395 5297 2629 5368 prafato
2647 5296 3003 5351 monasterio
3038 5310 3144 5368 per
3172 5286 3467 5349 datione‘m
3500 5290 3737 5365 religio-

2081 5403 2281 5443 sorum
2300 5385 2580 5451 virorum,
2595 5400 2697 5440 seu
2719 5384 3060 5439 devotarum
3078 5382 3429 5439 feminarum
3454 5377 3734 5436 collatum

2079 5472 2512 5540 cxstiterit,sub
2542 5471 2725 5528 nostri
2758 5472 3198 5528 confirmatione
3226 5469 3519 5543 pracepti.
3551 5468 3734 5525 Volu-

2079 5580 2213 5619 mus
2243 5562 2420 5618 etiam
2452 5566 2517 5617 ut
2564 5561 2905 5634 praedictum
2954 5562 3375 5617 monasterium
3425 5557 3652 5615 nostris
3678 5562 3735 5614 et

2078 5649 2289 5707 futuris
2318 5649 2683 5723 temporibus
2714 5664 2833 5704 una
2862 5665 2996 5731 cum
3042 5648 3316 5705 omnibus
3347 5647 3527 5708 rebus
3554 5642 3743 5720 nam
