3920 6208
172 388 363 460 ωιθ

1493 377 2025 451 CHUONRADUS
2044 430 2047 433 ι
2065 379 2122 445 II
2160 380 2317 449 1MP.

3435 383 3594 453 1060

178 528 439 587 familiis
456 526 724 586 immune
737 524 1020 586 consistat
1034 496 1528 599 ab;omnipublica
1542 521 1840 578 functione
1870 515 1926 582 Α
1952 522 2066 575 Deo
2089 518 2464 575 servientium
2486 518 2545 575 in
2571 519 2833 577 futurum
2852 519 3209 581 sufﬁcienter
3231 521 3445 584 habere
3467 543 3588 585 me-

177 622 244 675 et
273 617 696 674 redhibitione.
724 619 790 673 Et
820 619 869 674 si
899 616 1135 691 quando
1168 613 1469 671 abbatissa
1508 610 1739 676 obierit,
1770 610 1841 664 de

179 704 423 764 eisdem
451 706 599 778 ipsis
628 705 867 777 eligant,
901 722 1079 777 quam
1109 704 1274 759 bona;
1303 702 1433 757 vitae
1492 698 1836 755 invenerint.

180 794 580 865 Praecipimus
610 798 806 849 autem
828 797 893 848 ut
919 791 1120 849 nullus
1141 791 1324 863 judex
1351 787 1623 862 publicus
1655 786 1740 841 vel
1775 802 1843 840 ex

174 881 513 954 judiciaria
535 885 819 954 potestate
850 879 1049 953 aliqua
1077 879 1231 935 infra
1249 878 1393 933 illud
1420 875 1842 932 monasterium

181 986 297 1027 seu
332 969 635 1035 ecclesias,
657 969 827 1025 villas
850 973 950 1025 aut
980 967 1235 1040 reliquas
1266 965 1666 1038 possessiones
1696 980 1843 1037 quas

184 1075 361 1115 nunc
386 1058 581 1127 habet,
598 1057 686 1113 vel
703 1058 763 1112 in
786 1061 957 1113 antea
982 1054 1338 1127 acquisierit,
1354 1053 1842 1109 mansionaticum

185 1147 453 1219 exigere,
470 1150 574 1201 aut
595 1146 707 1201 (ide
720 1147 988 1216 jussores
1014 1143 1235 1211 tollere,
1258 1147 1359 1198 aut
1379 1142 1845 1213 hominesipsius

188 1232 572 1300 monasterii,
604 1237 725 1288 tam
782 1232 1069 1305 ingenuos
1128 1248 1303 1303 quam
1363 1246 1579 1297 servos,
1629 1229 1846 1300 injuste

190 1319 698 1394 distringere,aut
726 1321 1103 1376 inconsuetas
1135 1317 1469 1375 occasiones
1500 1317 1849 1390 requirendo

190 1424 334 1465 eum
359 1408 595 1481 ingredi
617 1411 952 1481 praesumat.
977 1408 1088 1463 Sed
1112 1406 1281 1462 liceat
1313 1409 1645 1461 memoratae
1675 1405 1849 1461 abba-

188 1497 510 1564 tissm,seu
532 1501 591 1552 et
620 1496 715 1552 his
739 1513 866 1568 quae
883 1499 1017 1567 post
1055 1511 1184 1551 eam
1213 1494 1478 1565 ejusdem
1508 1492 1849 1549 monasterii

191 1585 475 1660 regimen
505 1584 839 1651 habuerint,
872 1601 1006 1639 cum
1026 1582 1256 1639 ancillis
1278 1583 1374 1637 Dei
1395 1582 1475 1636 ibi
1501 1583 1849 1654 degentibus

190 1672 528 1745 tranquille
555 1672 764 1742 vivere,
796 1676 853 1728 et
883 1672 1216 1728 monasticae
1239 1672 1696 1727 conversationis
1727 1689 1853 1745 pro-

191 1764 494 1838 positum,
528 1761 722 1834 quiete
752 1777 999 1827 servare,
1035 1778 1100 1816 ac
1124 1778 1227 1833 pro
1259 1759 1449 1816 salute
1501 1764 1701 1817 nostra
1748 1778 1851 1817 seu

1949 611 2205 663 reantur.
2255 608 2338 664 0b
2393 626 2653 666 amorem
2712 610 2828 678 Dei,
2880 613 3322 686 remediumque
3378 617 3587 675 animm

1949 704 2178 765 nostra},
2213 716 2278 755 ac
2307 717 2714 756 successorum
2746 705 3080 757 nostrorum
3111 720 3315 774 regum
3347 711 3447 761 aut
3475 707 3583 763 im-

1950 791 2303 858 peratorum,
2325 790 2677 845 conferimus
2700 789 2784 845 eis
2802 791 2873 845 ad
2905 790 3315 847 sufficientiam
3350 810 3589 852 suorum

1951 875 2158 931 cellam
2178 878 2371 933 Sancti
2396 878 2684 934 Benedicti
2711 880 2768 933 in
2799 878 3036 943 Bucino,
3056 896 3121 933 cu
3132 885 3276 935 rtem
3296 882 3590 952 etplebem

1952 966 2172 1020 Sanctae
2196 966 2388 1020 Mariae
2407 966 2463 1020 in
2494 966 2755 1033 Lamule,
2782 984 2849 1021 cu
2862 975 3008 1022 rtem
3028 968 3221 1022 Sancti
3240 970 3517 1041 Stephani
3534 971 3593 1026 in

1952 1054 2262 1109 Monticolo
2322 1072 2456 1111 cum
2516 1061 2704 1111 castro
2753 1056 3213 1123 Montelatronis,
3245 1064 3491 1127 curtem,
3526 1062 3598 1117 de

1952 1142 2173 1197 Mustra
2199 1160 2332 1197 cum
2363 1150 2551 1199 castro
2584 1146 2980 1215 Montenegro,
3013 1151 3238 1201 curtem
3289 1148 3360 1203 de
3400 1150 3595 1205 Lami-

1958 1230 2152 1295 niana,
2189 1247 2320 1285 cum
2353 1233 2550 1286 Castro
2583 1233 3112 1303 Montcpenzutulo,
3145 1234 3297 1290 sicut
3342 1236 3593 1294 Ubertus

1959 1319 2029 1372 ad
2064 1335 2303 1374 manum
2336 1336 2506 1374 suam
2540 1320 2810 1387 detinuit,
2845 1328 3066 1377 curtem
3099 1324 3296 1379 Sancti
3346 1325 3593 1394 Miniati,

1959 1410 2180 1462 curtem
2235 1407 2430 1462 Sancti
2489 1409 2701 1472 Quirici
2737 1409 2794 1463 in
2827 1410 3133 1475 Piscinulc,
3167 1418 3223 1467 et
3252 1415 3447 1469 Sancti
3507 1415 3592 1470 Si-
3669 1422 3680 1433 ·

1959 1496 2203 1561 meonis,
2253 1498 2309 1550 et
2364 1497 2557 1551 Sancti
2614 1496 2924 1569 Peregrini,
2981 1503 3037 1553 et
3091 1504 3313 1556 curtem
3370 1505 3594 1559 Sancta

1958 1582 2149 1638 Mariae
2181 1584 2252 1639 de
2283 1584 2483 1639 Otl‘ena
2513 1600 2647 1639 cum
2674 1601 2862 1649 rocca,
2896 1602 3020 1656 quae
3052 1591 3289 1642 vocatur
3336 1589 3593 1658 Sanime,

1960 1676 2184 1726 curtem
2208 1673 2277 1727 de
2298 1672 2486 1740 Palea,
2508 1678 2565 1727 et
2580 1672 2776 1728 Sancti
2794 1673 3143 1739 Sebastiani,
3159 1678 3383 1731 curtem
3400 1678 3599 1734 Sancti

1962 1759 2237 1829 Stephani
2274 1761 2330 1815 in
2362 1762 2612 1828 Tutona,
2643 1766 2869 1817 curtem
2926 1762 3121 1818 Sancti
3180 1763 3494 1822 Clementis
3538 1766 3600 1823 in

191 1851 364 1925 regni
399 1849 728 1908 stabilitate
759 1849 859 1905 Dei
908 1849 1375 1905 misericordiam
1428 1847 1762 1920 implorare.
1795 1852 1849 1905 Si
1883 1878 1932 1942 B
1962 1846 2256 1903 Titiniano
2279 1865 2410 1902 cum
2435 1849 2626 1915 terris,
2651 1853 2707 1903 ot
2730 1849 3074 1920 angariales,
3102 1856 3323 1907 curtem
3348 1855 3419 1909 de
3440 1856 3602 1912 Mus-

196 1941 339 2012 quis
368 1939 561 2013 igitur
601 1937 783 2009 hujus
834 1937 1122 2010 praecepti,
1169 1936 1325 2009 quod
1374 1952 1489 1991 non
1538 1938 1851 2007 credimus,

196 2028 458 2085 violator
490 2024 932 2095 exstiterit,auri
963 2024 1169 2097 optimi
1202 2024 1384 2079 libras
1417 2023 1575 2079 mille
1606 2043 1666 2080 se
1697 2042 1853 2081 com-

201 2116 549 2190 positurum
580 2116 879 2187 agnoscat,
896 2113 1266 2168 medietatem
1286 2129 1527 2168 cameraa
1552 2118 1858 2184 nostrae,et

202 2204 591 2262 medietatem
622 2199 909 2273 praedictas
940 2199 1198 2271 Alpergae
1256 2200 1566 2257 abbatissae
1627 2202 1857 2274 sibique

205 2287 1437 2355 succedentibus.Quod,utveriuscredatur
1451 2294 1506 2345 et
1519 2290 1859 2363 diligentius

204 2381 574 2446 observetur,
600 2393 779 2433 manu
800 2376 1034 2449 propria
1053 2377 1393 2433 roborantes
1423 2379 1615 2452 sigillo
1661 2386 1858 2439 nostro

200 2469 506 2542 jussimus
535 2464 825 2539 insigniri.

238 2582 245 2587 ν
277 2557 518 2629 Signum
545 2554 735 2611 damni
766 2553 1079 2609 Chuonradi
1107 2555 1445 2609 serenissimi
1472 2560 1632 2628 regis.

568 2644 736 2698 Locus
764 2641 941 2710 sigilli
972 2645 999 2705 ’r
1033 2642 1175 2695 cerei
1201 2641 1487 2713 deperdita“.

276 2734 449 2807 Hugo
476 2728 856 2787 cancellarius
884 2728 1007 2785 vice
1036 2728 1237 2784 domui
1275 2731 1515 2787 Ariboni
1573 2735 1855 2809 archiepi-

206 2821 369 2894 scopi
390 2824 452 2877 et
481 2816 974 2875 archicancellarii
1000 2818 1348 2889 recognovit.

278 2914 500 2967 Datum
532 2922 683 2963 anno
711 2905 1030 2961 Dominicm
1052 2905 1478 2965 Incarnationis
1511 2910 1670 2980 4027,
1706 2914 1856 2970 indi-

210 2998 412 3056 ctione
436 3013 519 3064 ιι,
552 2994 713 3066 regni
741 3010 877 3049 vero
906 2993 1106 3048 domni
1135 2992 1465 3051 Chuonradi
1496 3001 1738 3056 secundi
1770 3018 1856 3057 re-

208 3086 452 3163 gnantis
483 3101 544 3140 ιι.

276 3179 492 3233 Actum
521 3173 779 3228 Verona.

979 3269 1073 3324 VI.

213 3360 535 3447 δῆμοηναάί
562 3357 1183 3447 ρΑαθιέεξέζέίηιοφςεν.
1206 3375 1321 3447 ἔξω
1369 3365 1555 3447 omnia
1603 3366 1738 3447 iuta
1794 3385 1859 3447 ac:

284 3435 426 3490 bona
447 3428 739 3502 conﬁrmd
769 3428 1276 3502 Guim'zonicbbcﬁ
1316 3428 1639 3491 monasterii
1671 3437 1858 3495 Sancti

282 3500 586 3562 Saluatoris
615 3504 677 3557 in
704 3501 917 3556 Amiate
937 3500 1173 3556 Clusina:
1193 3500 1489 3560 diwoescos.

826 3598 1012 3669 (Anno
1045 3599 1225 3671 1027).

530 3689 879 3755 [MURATORI,
905 3688 1084 3758 Antiq.
1117 3689 1267 3759 ltal.,
1298 3689 1360 3757 ν,
1395 3691 1545 3765 4259.]

274 3796 339 3852 in
360 3794 603 3852 nomine
622 3796 836 3849 sanctae
859 3798 916 3848 et
934 3793 1245 3850 individua:
1264 3794 1589 3865 Trinitatis,
1620 3800 1850 3858 CHUON-

207 3882 620 3953 nanus,divina
631 3881 855 3937 favente
870 3880 1843 3959 clementia,imperatorAugustus.

273 3970 533 4046 Dignum
562 3973 653 4025 est
678 3969 879 4041 ut,qui
910 3969 1227 4041 prudenter
1260 3971 1356 4026 Dei
1389 3973 1671 4045 obsequia
1699 3979 1851 4033 ordi-

207 4073 340 4113 nare
371 4061 714 4130 procurant,
741 4061 817 4126 et,
850 4057 959 4113 hoc
1008 4057 1079 4112 ad
1133 4058 1514 4116 stabilitatem
1563 4068 1845 4136 nostram,

207 4146 675 4203 corroboratione
704 4146 1189 4202 conﬁrmaremus
1216 4155 1557 4220 exposcunt,
1591 4157 1656 4207 ut
1685 4158 1845 4211 tanto

205 4231 481 4292 libentius
514 4234 837 4291 obaudiant
856 4239 1076 4306 quanto
1099 4235 1214 4292 Deo
1236 4236 1846 4314 placitaintelligimus

205 4324 260 4376 et
286 4323 618 4394 prudentia,
650 4323 767 4379 Deo
796 4327 1153 4395 protegente,
1185 4324 1336 4381 bono
1368 4327 1560 4383 studio
1591 4330 1662 4385 ad
1709 4334 1842 4389 effe-

205 4413 357 4465 ctum
384 4412 702 4483 perducere
722 4413 1181 4483 procuravimus.
1208 4415 1392 4485 Igitur
1410 4418 1674 4474 omnium
1707 4421 1845 4477 fide-

200 4492 343 4553 lium
357 4504 577 4556 sancta
598 4499 699 4554 Dei
726 4498 992 4556 Ecclesiae
1016 4517 1081 4556 ac
1103 4506 1459 4570 nostrorum,
1478 4509 1840 4576 praesertium

1965 1951 2109 1991 sona
2165 1952 2298 1991 cum
2357 1941 2510 1991 terra
2539 1938 2610 1992 de
2642 1936 2865 1992 Redula
2919 1940 3139 2009 majore
3164 1944 3222 1994 et
3269 1942 3513 2021 minore,
3546 1949 3605 2001 et

1964 2022 2180 2087 Bitena,
2205 2027 2261 2077 et
2317 2023 2594 2090 Canneta,
2628 2029 2685 2079 et
2715 2024 3074 2091 Herminula,
3107 2028 3474 2088 medietatem
3531 2034 3603 2091 de

1964 2114 2125 2164 curte
2180 2111 2374 2165 Sancti
2429 2112 2623 2167 Lazari
2655 2129 2789 2167 cum
2820 2130 2930 2168 sua
2960 2114 3224 2182 ecclesia,
3257 2124 3476 2177 curtem
3528 2124 3602 2179 de

1964 2199 2300 2267 Feroniano,
2334 2205 2559 2255 curtem
2619 2201 2688 2256 de
2723 2200 3012 2269 Gitiliano,
3046 2207 3103 2258 et
3131 2211 3354 2262 curtem
3407 2210 3602 2265 Sancti

1966 2286 2280 2341 Salvatoris
2334 2287 2393 2341 in
2447 2288 2814 2359 Vigugnano,
2873 2296 3098 2346 curtem
3154 2295 3351 2349 Sancti
3408 2298 3603 2353 Severi

1966 2392 2142 2445 super
2200 2375 2427 2441 Latum,
2460 2380 2516 2431 et
2572 2376 2932 2433 curticellam
2965 2379 3035 2433 de
3093 2380 3602 2452 Bisenzo,curtem

1965 2464 2159 2518 Sancti
2216 2464 2461 2519 Joannis
2493 2466 2552 2519 in
2585 2464 2876 2533 Vafriano,
2910 2472 2967 2521 et
3018 2468 3213 2525 Sancti
3272 2474 3601 2543 Satenrani,

1966 2556 2188 2606 curtem
2224 2553 2419 2608 Sancti
2442 2551 2811 2618 Columbani,
2837 2558 2894 2609 et
2923 2560 3145 2612 curtem
3178 2560 3372 2617 Sancti
3405 2563 3601 2621 Salva-

1964 2639 2107 2694 toris
2130 2640 2187 2694 in
2211 2640 2348 2696 villa
2369 2641 2621 2703 Racana.
2643 2640 2848 2697 cellam
2884 2646 3106 2699 Sanctze
3128 2645 3319 2703 Mariae
3349 2650 3409 2705 in
3433 2651 3601 2709 Vale-

1965 2728 2150 2795 riano,
2185 2728 2483 2785 curticella
2513 2729 2573 2784 in
2605 2729 2901 2786 Cartutule
2950 2749 3084 2787 cum
3147 2740 3300 2791 terra
3323 2742 3381 2793 et
3436 2740 3607 2797 vinea

1966 2833 2096 2888 qua:
2128 2823 2218 2873 est
2240 2835 2419 2890 prOpe
2440 2819 2612 2874 fluvio
2641 2819 2891 2887 Vareno,
2915 2826 3136 2876 curtem
3178 2823 3373 2881 Sancti
3406 2828 3603 2886 Salva-

1965 2906 2107 2961 toris
2152 2906 2209 2960 in
2238 2906 2947 2979 Campagnatico,curtem
2972 2909 3169 2963 Sancti
3201 2911 3349 2968 Petri
3381 2914 3441 2971 in
3473 2916 3603 2973 Cer-

1963 2995 2215 3063 varia,et
2232 2999 2455 3051 curtem
2472 2996 2665 3051 Sancti
2694 2996 2974 3068 Stephani
3006 2997 3066 3053 in
3096 2998 3603 3071 Viniano,curtem

1967 3082 2161 3139 Sancti
2221 3084 2414 3139 Severi
2443 3084 2502 3138 in
2535 3084 2782 3140 Paterna
2837 3102 2972 3141 cum
3030 3103 3235 3161 campo
3273 3091 3604 3171 Albiniono,

1965 3172 2260 3228 curticella
2290 3189 2416 3243 quae
2449 3173 2787 3228 nominatur
2813 3174 3103 3241 Croscule,
3126 3181 3183 3232 et
3204 3178 3517 3239 Curticella
3544 3186 3603 3239 in

1885 3238 1929 3305 (ἶ
1966 3262 2310 3317 Cursiniano
2341 3277 2473 3314 cum
2504 3262 2780 3317 omnibus
2808 3263 3174 3333 pertinentiis
3188 3269 3244 3319 et
3260 3268 3600 3337 adjacentiis

1966 3351 2109 3415 suis,
2126 3348 2331 3405 cellam
2353 3349 2550 3403 Sancti
2575 3349 2726 3403 Petri
2749 3349 2808 3403 in
2829 3350 3051 3419 Latera,
3078 3356 3136 3406 et
3165 3352 3373 3409 cellam
3402 3357 3598 3414 Sancti

1964 3437 2113 3494 Petri
2142 3438 2199 3492 in
2234 3437 2563 3492 Garmarita
2590 3453 2725 3492 cum
2764 3438 2974 3491 Sancto
3030 3440 3362 3509 Anastasio,
3393 3443 3598 3502 cellam

1962 3527 2157 3582 Sancti
2181 3524 2396 3589 Savini,
2416 3531 2474 3581 et
2495 3526 2720 3581 Sancta:
2762 3525 3152 3594 Restitute,et
3180 3531 3373 3585 Sancti
3424 3532 3597 3601 Petri,

1961 3622 2018 3672 et
2037 3615 2231 3671 Sancti
2248 3614 2527 3686 Stephani
2549 3614 2608 3668 in
2630 3614 2944 3686 Terquino,
2965 3614 3169 3670 cellam
3201 3618 3425 3674 Sanctae
3480 3624 3597 3678 Ma-

1960 3706 2056 3761 ria:
2090 3706 2147 3759 in
2179 3703 2424 3775 Cognitu
2474 3719 2575 3774 per
2615 3702 2742 3757 loca
2791 3702 3115 3775 designata.
3148 3705 3228 3761 De
3276 3724 3396 3762 una
3438 3714 3602 3781 parte

1960 3796 2088 3866 ripa
2120 3809 2252 3848 cum
2278 3792 2462 3857 Petra,
2483 3807 2610 3861 quae
2636 3790 2822 3845 divisa
2843 3796 2931 3846 est
2951 3808 2985 3846 a
3016 3792 3159 3862 ripa.
3183 3793 3263 3848 De
3292 3794 3411 3849 alia
3437 3800 3602 3867 parte

1957 3884 2074 3938 vita
2094 3880 2488 3954 publica,quae
2532 3878 2690 3933 venit
2719 3895 2820 3950 per
2839 3883 3089 3949 portam,
3126 3885 3183 3936 et
3213 3887 3368 3937 terra
3388 3883 3599 3941 Azonis

1958 3971 2061 4027 ﬁlii
2095 3967 2266 4025 Benzi
2295 3985 2431 4023 cum
2465 3967 2590 4022 suis
2640 3967 3031 4022 consortibus.
3066 3972 3147 4024 De
3201 3975 3412 4041 quarta
3466 3988 3598 4029 vero

1958 4064 2121 4133 parte
2148 4062 2239 4114 est
2269 4062 2442 4126 terra,
2469 4056 2569 4111 ﬁlii
2601 4054 2820 4111 Alonis.
2841 4056 2922 4111 Ea
2952 4056 3222 4115 videlicet
3254 4060 3479 4116 ratione
3534 4067 3601 4118 ut

1957 4150 2029 4205 ab
2060 4149 2169 4203 hac
2190 4146 2246 4200 in
2280 4146 2544 4200 futurum
2576 4144 2848 4216 praedicta
2874 4150 3076 4203 sancta
3106 4149 3475 4219 congregatio
3506 4149 3599 4206 his

1956 4237 2230 4294 omnibus
2261 4234 2650 4289 denominatis
2681 4231 2908 4289 cellulis
2930 4239 2987 4289 et
3012 4234 3276 4289 curtibus
3307 4252 3439 4290 cum
3472 4238 3598 4294 suis

1955 4326 2228 4383 omnibus
2288 4321 2650 4395 pertinentiis
2691 4326 2748 4376 et
2790 4322 3153 4392 adjacentiis,
3188 4324 3595 4380 tantummodo

1954 4416 2079 4472 suis
2109 4411 2462 4469 utilitatibus
2492 4409 2794 4476 habentes,
2824 4410 3043 4465 victum
3071 4410 3469 4481 vestitumque
3499 4428 3593 4468 re-

1951 4502 2231 4576 gulariter
2259 4503 2560 4554 sumentes
2591 4499 2663 4552 ab
2711 4496 2832 4552 ulla
2879 4497 3176 4565 dilatione,
3213 4497 3593 4555 solummodo

204 4583 417 4641 scilicet
435 4592 501 4643 et-
515 4588 868 4655 futurorum,
892 4591 1210 4661 oomperiat
1238 4591 1474 4648 solertia
1503 4595 1661 4665 quia,
1695 4598 1837 4654 dum
1870 4606 1919 4669 D
1947 4591 2163 4649 divinis
2193 4589 2286 4644 die
2334 4591 2626 4657 noctuque
2673 4586 2989 4656 persistant
3034 4584 3349 4657 obsequiis,
3383 4602 3449 4641 ac
3486 4603 3592 4657 pro

201 4685 302 4727 nos
329 4674 541 4731 dilecto
572 4674 731 4730 fideli
760 4681 958 4731 nostro
991 4677 1297 4733 Guinieoni
1330 4679 1528 4735 abbati
1577 4681 1834 4741 Coenobii

204 4756 423 4817 Domini
444 4762 915 4819 etSalvatorisin
941 4770 1138 4820 monte
1168 4767 1395 4823 Amiate
1426 4773 1830 4829 constructum

202 4845 270 4901 ad
287 4851 608 4920 regendum
626 4850 1120 4918 commiserimus,
1144 4857 1201 4909 et
1222 4854 1438 4911 ibidem
1463 4859 1725 4930 neglecta
1739 4865 1838 4922 Dei

203 4930 1021 5010 obsequiaetprocurationem
1040 4945 1149 4996 Deo
1162 4941 1378 4998 ibidem
1395 4944 1833 5019 famulantium,

202 5023 689 5089 predecessorum
720 5043 963 5082 suorum
991 5028 1240 5096 incuria,
1273 5032 1475 5088 multis
1517 5036 1710 5092 modis
1746 5054 1833 5093 re-

200 5107 800 5178 perissenstadiosiue
821 5114 1136 5172 decertavit
1169 5121 1678 5192 congregationem
1710 5142 1832 5180 mo-

202 5194 515 5279 nachorum
535 5205 650 5257 Deo
672 5201 893 5258 ibidem
915 5203 1293 5261 servientium
1329 5208 1675 5279 regulariter
1707 5229 1831 5268 cor-

198 5278 398 5353 risere,
419 5292 480 5344 et
493 5288 864 5347 solummodo
886 5291 1104 5347 divinis
1123 5278 1420 5366 obsequiis
1435 5296 1827 5355 deditos.......

199 5366 268 5459 ad
282 5370 702 5459 ‘snMcientiam
724 5394 966 5433 suorum
989 5378 1358 5452 largiremus’,
1378 5389 1668 5454 quatenus
1684 5404 1829 5459 prai-

198 5448 295 5546 lati
309 5459 434 5528 jam
455 5462 561 5520 fati
581 5466 921 5523 monasterii
963 5448 1197 5524 Domini
1230 5448 1564 5541 Salvatoris,
1598 5448 1703 5545 qui
1727 5491 1831 5546 per

197 5540 451 5616 ῐοωροω
478 5551 713 5620 fuerint,
747 5569 816 5611 ac
844 5571 1213 5612 successores
1245 5557 1403 5613 illius
1458 5540 1696 5617 abbates
1728 5540 1826 5617 _vel

196 5637 482 5706 propositi
508 5656 641 5703 cum
671 5642 953 5711 subiectis
996 5646 1321 5715 monachis,
1352 5645 1568 5702 victum
1608 5647 1824 5706 ibidem

1946 4679 2264 4738 stabilitate
2320 4675 2499 4732 totius
2553 4675 2783 4747 imperii
2841 4674 3074 4730 nobisa
3115 4674 3230 4729 Deo
3285 4673 3589 4732 commissi

1944 4769 2218 4825 studeant
2248 4780 2501 4821 exorare.
2530 4764 2641 4819 Sed
2674 4763 2828 4833 quod
2872 4764 3023 4817 bono
3071 4762 3286 4830 studio,
3322 4762 3592 4836 bonaque

1944 4857 2240 4913 voluntate
2289 4852 2555 4919 fecimus,
2597 4866 2910 4922 perennem
2943 4850 3156 4905 habeat
3185 4850 3587 4921 stabilitatem,

1946 4945 2112 5018 petiit
2138 4941 2412 5014 pietatem
2445 4944 2705 4994 nostram
2738 4941 2801 4993 ut
2843 4938 3108 4993 eamdem
3155 4938 3589 4999 ordinationem

1945 5037 2146 5089 nostra
2176 5030 2656 5085 confirmaremus
2695 5026 3139 5097 conscriptione,
3174 5028 3327 5083 sicut
3363 5031 3419 5083 et
3449 5028 3591 5086 {eci-

1942 5138 2097 5177 mus.
2120 5118 2377 5188 Denique
2398 5114 2572 5171 etiam
2595 5115 2969 5170 concedimus
2993 5116 3265 5186 praedicto
3288 5122 3590 5174 monaste-

1942 5210 2026 5264 rio
2066 5223 2269 5263 omnes
2301 5202 2720 5269 decimas,frea
2740 5207 2796 5256 et
2826 5203 3164 5272 judiciaria,
3205 5203 3291 5257 vel
3348 5220 3587 5263 omnem

1940 5295 2422 5367 compositionem
2456 5296 2512 5346 et
2533 5289 2945 5345 cxhibitionem
2975 5288 3271 5359 publicam
3302 5306 3369 5343 ex
3394 5293 3587 5347 omni-

1938 5387 2051 5442 bus
2067 5382 2444 5438 manentibus
2456 5380 2707 5449 desuper
2722 5377 3061 5431 memoratis
3089 5376 3313 5431 cellulis
3333 5380 3587 5435 etcurti-

1936 5474 2049 5527 bus
2060 5472 2132 5526 ob
2147 5468 2467 5525 remedium
2489 5466 2697 5522 animae
2711 5469 3476 5536 nostrae,successorumque
3490 5485 3586 5524 no-

1935 5565 2191 5617 strorum
2236 5573 2438 5629 regum
2474 5554 2562 5610 vel
2588 5553 3033 5623 imperatorum,
3059 5551 3161 5623 qui
3191 5568 3293 5623 per
3321 5556 3591 5627 tempora

1934 5645 2171 5713 fuerint,
2206 5646 2279 5700 ad
2312 5648 2541 5718 portam
2572 5640 2758 5714 ipsius
2790 5640 3128 5696 monasterii
3170 5642 3585 5701 conferendam
