3920 6208
324 345 472 410 1051

1675 343 1990 412 MONUM.
2034 342 2357 412 DIPLOM.

3558 345 3746 442 1052-

319 499 548 554 semper
577 481 648 537 ad
681 498 826 538 usus
842 481 1279 555 peregrinorum
1312 483 1742 540 sustendandos
1773 484 1831 538 in
1855 479 1959 537 ali-
1984 480 2041 551 Α
2070 483 2224 555 quod
2284 481 2439 556 apud
2498 479 2764 538 eamdem
2797 484 3022 539 curtem
3053 479 3202 539 solet
3230 479 3454 549 haberi,
3478 486 3538 539 et
3576 499 3718 542 cum

318 572 579 629 moniam
600 577 656 627 et
675 575 1060 643 augmentum
1077 573 1283 628 animae
1308 576 1518 628 nostrae
1541 576 1772 645 propter
1784 572 1960 626 ott‘en-

317 661 512 718 siones
524 660 811 716 malorum
827 678 892 714 ac
915 678 1224 732 pravorum
1240 661 1697 732 hominum,quae
1717 662 1959 716 sull‘erre

318 748 559 805 minime
608 755 935 805 sustentare
992 755 1318 820 potuerant.
1356 751 1718 820 Quapropter
1767 749 1955 804 eidem

317 843 518 895 sancto
549 837 674 893 loco
701 838 807 892 hoc
841 842 1105 893 nostrum
1129 842 1480 909 praeceptum
1505 837 1953 906 tierijussimus,

316 945 420 1000 per
449 927 602 998 quod
628 925 1098 997 praecipimus,ut
1125 926 1194 980 ab
1227 926 1335 980 hac
1367 927 1424 980 in
1460 927 1722 980 futurum
1753 927 1954 981 eadem

314 1022 518 1075 sancta
548 1015 916 1086 congregatio
966 1031 1095 1068 cum
1137 1015 1294 1068 omni
1353 1015 1694 1084 quietudine
1735 1015 1956 1085 absque

317 1104 434 1160 ullo
461 1103 690 1176 publico
723 1102 982 1174 repetita,
1007 1118 1071 1155 ac
1096 1101 1332 1157 rectoris
1354 1102 1461 1156 loci
1507 1103 1690 1174 ipsius
1722 1106 1952 1158 subtra-

315 1199 408 1249 cta
467 1193 698 1248 easdem
759 1190 997 1246 cellulas
1027 1195 1083 1245 et
1113 1196 1307 1246 curtes
1338 1191 1396 1245 in
1429 1191 1552 1246 suis
1594 1191 1951 1247 utilitatibus

311 1300 376 1337 ac
410 1280 853 1336 necessitatibus
910 1279 1182 1344 habeant,
1209 1284 1266 1334 et
1313 1279 1604 1348 ordinent,
1628 1281 1865 1345 faciant,
1897 1285 1952 1335 et

312 1371 644 1442 disponant,
680 1373 971 1440 quatenus
990 1367 1193 1422 exinde
1223 1367 1637 1421 sufﬁcientiam
1669 1367 1950 1422 habentes

310 1463 366 1516 in
391 1460 603 1516 divinis
627 1457 945 1530 obsequiis,
970 1463 1027 1511 et
1048 1457 1215 1512 nobis
1243 1473 1442 1512 eorum
1468 1456 1949 1528 famulatioperti-

309 1551 423 1605 ciat
445 1545 853 1619 sempiternale
877 1544 1218 1600 remedium.
1253 1544 1312 1598 Si
1341 1561 1458 1615 qua
1494 1561 1647 1611 vero,
1677 1545 1830 1616 quod
1865 1546 1948 1599 fu-

307 1643 505 1693 turum
539 1635 779 1690 minime
809 1634 1353 1704 credimus,magna
1375 1650 1667 1705 parvaque
1698 1651 1949 1705 persona

308 1731 508 1782 contra
538 1724 647 1779 hoc
680 1728 966 1786 nostrum,
1003 1726 1110 1776 etc.

379 1816 610 1882 Signum
639 1812 826 1867 damni
857 1809 1167 1864 Chuonradi
1199 1811 1551 1864 invictissimi
1599 1812 1944 1881 imperatoris
1979 1850 2024 1912 B

306 1905 342 1958 Α
354 1903 553 1971 ugusti.

379 1992 540 2063 Hugo
564 1987 947 2044 cancellarius
973 1986 1093 2041 vice
1121 1986 1344 2041 domini
1367 1986 1639 2041 Aribonis
1670 1987 1949 2059 archiepi-

307 2081 465 2152 scopi
500 2083 556 2133 ct
585 2075 1074 2132 archicancellarii
1104 2076 1456 2147 recognovit.

375 2170 520 2224 Data
577 2183 728 2221 anno
782 2165 1091 2219 Dominicae
1134 2164 1558 2218 Incarnationis
1596 2165 1747 2229 l027,
1783 2166 1942 2236 regni

301 2273 432 2312 vero
465 2255 662 2310 domni
685 2252 1015 2308 Chuonradi
1041 2253 1278 2307 secundi
1315 2251 1612 2323 regnantis
1644 2269 1724 2317 ιιι,
1758 2251 1941 2324 impe-

302 2347 371 2401 rii
403 2348 530 2416 ejus
563 2343 772 2416 primo,
808 2341 1124 2396 indictione
1158 2357 1211 2394 x.

371 2435 516 2489 Data
546 2434 602 2488 in
631 2431 860 2486 civitate
892 2429 1202 2495 Leoniana,
1237 2429 1413 2484 Nonis
1446 2430 1682 2501 Aprilis.

1071 2536 1193 2590 VII.

299 2628 614 2685 Chuonradi
675 2629 808 2696 imp.
865 2627 1239 2750 priv’ilcgium-
1278 2641 1379 2696 pro
1439 2626 1674 2680 Ecclesia
1737 2626 1940 2682 Puder-

1016 2712 1256 2750 ornensz.

1016 2712 1236 2752 orncnsi
1245 2737 1256 2749 .

911 2785 1096 2853 (Anno
1138 2785 1320 2853 1027.)

510 2875 795 2944 [Bassam
828 2871 949 2927 Cod.
983 2873 1209 2942 diplom.
1249 2871 1506 2942 li"estph.,
1538 2889 1594 2943 p.
1622 2873 1735 2943 89.]

379 2965 442 3019 In
458 2961 695 3018 nomine
719 2964 931 3015 sancta:
954 2964 1010 3015 et
1049 2959 1360 3015 individua:
1386 2959 1940 3029 Trinitatis,Cnuox-

296 3050 718 3118 mnus,divina
738 3049 947 3122 gratia,
972 3049 1367 3104 Romanorum
1400 3049 1716 3122 imperator
1746 3055 1940 3124 Augu-

295 3147 442 3199 stus.

370 3228 787 3301 Perpendimus
819 3232 991 3299 atque
1025 3227 1524 3282 consideravimus
1555 3228 1782 3283 animas
1833 3245 1934 3284 no-
1965 3209 2008 3275 Ο

297 3323 449 3374 stras
507 3322 874 3390 peccatorum
920 3315 1168 3372 maculis
1198 3317 1509 3372 oll‘uscatas
1542 3316 1650 3371 hoc
1682 3317 1934 3372 multum

295 3408 700 3479 possejuvare,
727 3421 832 3460 nos
855 3405 924 3460 ad
949 3404 1127 3460 divini
1158 3405 1397 3460 honoris
1428 3411 1485 3460 et
1509 3406 1704 3477 gloriae
1755 3407 1933 3477 maie-

296 3502 504 3553 statem
536 3495 824 3550 Ecclesias
855 3493 1067 3549 Christi
1098 3493 1444 3561 sublimare,
1468 3494 1846 3560 zediﬁcare,et
1863 3496 1934 3550 de

295 3585 512 3641 nostris
534 3585 708 3640 rebus
741 3583 943 3649 ditare,
974 3582 1306 3654 pariterque
1325 3583 1591 3638 novimus
1617 3583 1688 3638 ad
1723 3587 1932 3638 nostrae

294 3673 616 3746 imperialis
646 3671 914 3744 potentia:
945 3671 1292 3742 dignitatem
1352 3671 1666 3742 pertinere,
1696 3672 1781 3726 eis
1832 3671 1932 3743 qui

292 3763 461 3818 nobis
491 3759 651 3815 domi
681 3759 768 3814 vel
811 3758 1030 3812 militiae
1063 3759 1207 3814 bene
1247 3759 1551 3814 servierint
1581 3760 1932 3832 condignam

293 3847 590 3905 servitutis
620 3846 1152 3902 renumerationem
1177 3847 1464 3902 exhibere.
1494 3846 1737 3902 Proinde
1760 3865 1929 3904 nove-

291 3938 408 3992 rint
427 3935 640 3991 Christi
666 3935 964 4006 nostrique
988 3936 1186 3990 fideles
1212 3935 1487 4000 universi,
1516 3935 1768 4006 qualiter
1800 3954 1930 4004 nos,

292 4043 395 4098 per
420 4026 805 4080 interventum
820 4023 1209 4080 dilectissimaa
1226 4024 1493 4095 conjugis
1513 4028 1721 4079 nostrae
1737 4025 1927 4093 Gislzn,

293 4131 398 4170 nec
430 4131 542 4169 non
576 4113 683 4167 filii
716 4112 1161 4168 nostriHeinrici
1187 4112 1410 4183 regiset
1431 4111 1719 4168 Brunonis
1741 4115 1932 4186 Augu-

289 4201 505 4258 stensis
537 4201 790 4272 episcopi
825 4205 881 4257 et
911 4200 1252 4255 Herimanni
1287 4199 1648 4255 marchionis
1677 4205 1735 4256 et
1773 4201 1931 4272 Egil-

291 4291 458 4347 hardi
491 4290 687 4345 fratris
718 4290 829 4355 sui,
863 4291 934 4344 ad
968 4288 1221 4344 divinam
1254 4288 1503 4360 gratiam
1563 4293 1620 4343 et
1657 4289 1924 4361 gloriam,

290 4397 392 4453 pro
424 4380 678 4435 remedio
709 4384 919 4434 nostra:
940 4378 1166 4444 animae,
1203 4376 1710 4432 Paderbrunnensi
1740 4379 1930 4436 Eccle-

289 4470 386 4524 size
405 4469 463 4524 in
481 4468 761 4524 honorem
776 4471 988 4522 sanctae
1009 4465 1200 4520 Mariae
1223 4465 1317 4522 Dei
1334 4465 1642 4522 Genitricis
1657 4471 1712 4522 et
1739 4471 1925 4525 sancti

2069 573 2227 628 omni
2246 572 2494 627 utilitate
2516 588 2644 644 quas
2667 572 2800 628 inde
2823 573 3032 644 poterit
3052 571 3371 644 pervenire.
3398 572 3465 627 Et
3495 577 3561 628 ut
3589 571 3718 630 haec

2069 665 2278 715 nostra:
2300 660 2630 716 traditionis
2648 660 2965 716 auctoritas
2996 661 3166 716 ﬁrma
3191 659 3350 716 omni
3370 667 3719 731 permaneat

2067 765 2204 816 aevo,
2224 748 2374 804 hanc
2402 749 2675 821 paginam
2699 747 2832 804 inde
2863 749 3255 821 conscriptam
3278 765 3458 804 manu
3475 749 3718 821 propria

2068 838 2404 892 roborantes
2425 837 2720 908 jussimus
2751 837 3018 910 insigniri
3050 836 3264 909 sigillo.

2137 927 2365 995 Signum
2394 926 2581 982 damni
2611 927 2925 982 Chuonradi
2953 927 3304 981 invictissimi
3343 925 3717 982 Romanorum

2069 1016 2408 1085 imperatoris
2439 1017 2664 1084 Augusti
2683 1014 2767 1086 (L.
2803 1015 2904 1083 M.)

2135 1103 2438 1158 Odalricus
2465 1103 2849 1158 cancellarius
2880 1104 3228 1176 recognovit.

2133 1195 2277 1246 Data
2304 1211 2377 1247 vn
2401 1193 2536 1247 Idus
2560 1191 2799 1263 Aprilis,
2824 1191 3137 1248 indictione
3150 1208 3366 1258 x,annc
3387 1191 3708 1247 Dominicae

2059 1279 2478 1336 Incarnationis
2511 1281 2834 1348 -l027,anno
2861 1283 3058 1336 autem
3106 1280 3309 1336 domui
3362 1279 3702 1337 Chuorandi

2061 1368 2108 1423 ΙΙ
2140 1373 2433 1440 regnantis
2467 1384 2552 1434 ιιι,
2587 1368 2815 1441 imperii
2847 1385 2978 1424 vero
3010 1383 3043 1423 ι.

2128 1460 2334 1512 Actum
2369 1459 2583 1513 Romae.

2805 1546 2951 1600 Vill.

2805 1547 2850 1599 ν
2939 1589 2951 1600 .

2058 1635 2372 1690 Chuonradi
2448 1547 2969 1761 ρνιίιιίεθιάγηΝίὲξθο
3035 1636 3366 1690 monasterio
3457 1634 3704 1691 Corbeiae

2835 1722 2968 1761 ovae.

2887 1725 2968 1761 ’c'B.

2787 1722 2968 1763 novae.

2669 1796 2850 1865 (Anno
2890 1795 3074 1865 1028.)

2235 1885 2516 1953 [ERHARm
2551 1882 2674 1937 Cod.
2699 1883 2920 1954 diplom.
2964 1882 3215 1953 Westph.,
3250 1899 3378 1955 pag.
3405 1883 3518 1952 θοι]

2126 1992 2182 2042 C.
2211 1990 2271 2043 In
2333 1989 2569 2043 nomine
2626 1993 2838 2043 sancta:
2895 1991 2952 2043 et
3005 1987 3318 2043 individuis
3371 1988 3698 2044 Trinitatis.

2054 2077 2460 2141 Chuonradus,
2483 2077 2914 2132 divinafavente
2945 2075 3275 2143 clementia,
3300 2076 3702 2133 Romanorum

2055 2166 2371 2236 imperator
2399 2169 2718 2237 Augustus.

2122 2253 2179 2308 Si
2212 2254 2323 2326 piis
2355 2254 2731 2326 petitionibus
2756 2254 3014 2309 fidelium
3045 2260 3404 2322 nostrorum,
3442 2255 3698 2312 maxime

2053 2361 2200 2415 quas
2232 2361 2335 2414 pro
2368 2342 2638 2399 Ecclesiis
2669 2342 2779 2399 sibi
2809 2343 3142 2399 commissis
3181 2344 3423 2400 auribus
3481 2343 3699 2400 nostris

2052 2431 2392 2496 infuderint,
2423 2432 2744 2502 benignum
2794 2432 3216 2504 prebuerimus
3266 2433 3558 2502 auditum,
3589 2433 3699 2490 hoc

2052 2520 2252 2592 procul
2283 2520 2460 2575 dubio
2491 2525 2548 2575 et
2569 2520 2640 2575 ad
2669 2520 2972 2591 presentis
2990 2520 3217 2592 imperii
3244 2521 3428 2577 nostri
3451 2525 3695 2590 statum,

2051 2615 2108 2665 et
2145 2610 2213 2664 ad
2246 2613 2470 2664 aeternae
2520 2607 2898 2664 beatitudinis
2956 2609 3262 2680 prmmium
3322 2610 3697 2682 profuturum

2051 2698 2368 2754 credimus.
2403 2697 2566 2752 Unde
2595 2697 2859 2752 omnium
2891 2696 3151 2753 ﬁdelium
3187 2703 3524 2754 nostrorum
3576 2704 3698 2756 tam

2050 2786 2426 2858 pra‘sentium
2455 2802 2632 2857 quam
2664 2790 2722 2841 et
2752 2786 3083 2842 futurorum
3133 2787 3358 2843 noverit
3385 2787 3572 2844 solers
3603 2789 3698 2844 in-

2049 2874 2297 2940 dustria,
2329 2874 2468 2945 quia
2497 2875 2701 2930 adiens
2731 2873 3130 2930 excellentiam
3176 2876 3361 2931 nostri
3394 2875 3696 2946 culminis,

2048 2962 2436 3018 Druthmarus
2458 2961 2804 3018 venerabilis
2837 2979 2994 3019 nova:
3026 2963 3281 3019 Corbeiae
3325 2963 3527 3028 abbas,
3561 2983 3694 3022 cur-

2046 3057 2162 3107 tem
2184 3051 2500 3122 quamdam
2515 3049 2982 3106 Godelevesheim
3006 3055 3404 3124 nuncupatam
3415 3054 3694 3111 anteriori

2048 3145 2310 3212 tempore
2339 3139 2525 3195 eidem
2561 3140 2913 3195 monasterio
2934 3144 3178 3212 questus
3208 3145 3299 3196 est
3327 3141 3549 3213 injuste
3575 3143 3695 3200 fore

2047 3228 2360 3285 sublatam.
2381 3226 2595 3283 Detulit
2618 3233 2892 3300 praeterea
2920 3245 3117 3284 secum
3146 3228 3363 3285 Arnolﬁ
3395 3229 3514 3287 divi
3556 3250 3695 3305 pro-

2047 3317 2329 3390 genitoris
2378 3315 2563 3371 nostri
2609 3315 2908 3387 imperiale
2945 3317 3266 3386 decretum,
3297 3319 3390 3374 cui
3423 3320 3692 3391 ejusdem

2045 3406 2227 3461 curtis
2249 3404 2436 3460 inerat
2455 3403 2813 3471 concambia,
2829 3403 2978 3460 inter
2989 3406 3260 3461 eumdem
3275 3407 3690 3479 imperatorem

2044 3498 2218 3566 atque
2239 3493 2527 3548 Bovonem
2553 3492 2811 3563 praedicti
2831 3493 3163 3548 monasterii
3195 3498 3427 3551 Patrem
3457 3503 3694 3568 peracta

2041 3583 2218 3654 Cujus
2240 3581 2601 3654 suggestioni
2624 3581 2797 3637 ﬁdem
2827 3583 3690 3652 accommodantes,matronam

2043 3671 2361 3744 quamdam
2421 3669 2662 3726 Alvered
2711 3675 2996 3737 vocatam,
3029 3687 3156 3742 qua:
3214 3671 3404 3743 ipsam
3462 3678 3691 3732 curtem

2040 3759 2197 3816 velut
2221 3757 2583 3814 haereditario
2626 3758 2764 3828 jure
2823 3762 2962 3814 tunc
2993 3759 3274 3831 temporis
3304 3761 3588 3833 possedit,
3623 3781 3688 3819 ac

2040 3847 2323 3920 palatium
2355 3850 2622 3901 nostrum
2649 3849 2874 3902 evocari
2905 3847 3315 3920 praecepimus.
3349 3850 3508 3916 Qus,
3545 3850 3689 3908 dum

2043 3935 2268 4008 prolata
2289 3933 2549 3990 refellere
2573 3935 2950 4004 nequivisset,
2977 3936 3277 4007 prazfatam
3294 3941 3521 3994 curtem
3553 3955 3689 3996 cum

2040 4025 2317 4080 omnibus
2348 4022 2730 4096 appendiciis,
2754 4023 3158 4080 adnitentibus
3189 4024 3300 4080 sibi
3323 4025 3442 4081 filio
3456 4026 3688 4102 Osdago

2040 4118 2400 4186 patronoque
2423 4127 2529 4167 suo
2561 4111 2771 4166 comite
2801 4111 3185 4182 Frithericho,
3215 4114 3690 4185 praedictovene-

2041 4201 2206 4258 rabili
2269 4200 2465 4256 abbati
2521 4200 2744 4271 absque
2802 4199 2924 4256 ulla
2965 4203 3354 4259 controversia
3409 4203 3683 4273 reddidit,

2040 4295 2214 4361 atque
2237 4291 2386 4345 hanc
2406 4287 2576 4343 Hiddi
2601 4289 2942 4345 monasterii
2965 4290 3469 4362 advocatusjussu
3487 4298 3684 4350 nostro

2038 4378 2272 4451 recepit.
2301 4378 2436 4434 Post
2464 4393 2594 4432 vero
2629 4378 2810 4434 abbas
2869 4377 3177 4435 clementia
3228 4384 3431 4436 nostra
3479 4398 3685 4453 provo-

2037 4470 2202 4524 catus
2215 4466 2400 4523 eidem
2416 4470 2692 4521 matronze
2705 4466 3075 4538 saepedictam
3091 4485 3158 4523 cu
3166 4471 3312 4524 rtem
3325 4467 3686 4542 alteramque

287 4557 552 4630 Chyliani
571 4555 847 4628 martyris
876 4559 933 4610 et
963 4552 1148 4608 sancti
1181 4553 1393 4610 Liborii
1424 4555 1775 4610 confessoris
1797 4573 1929 4613 con-
1959 4575 2006 4639 Β
2037 4554 2413 4612 Gimundiam
2446 4558 2707 4610 vocatam
2751 4571 2818 4610 ac
2849 4555 3106 4612 familias
3138 4557 3428 4628 quasdam
3461 4558 3519 4613 i'n
3550 4559 3686 4616 villa

286 4649 546 4715 secrataa,
577 4645 824 4716 ejusque
881 4641 1162 4715 provisori
1221 4641 1592 4709 Meinwerco,
1629 4643 1727 4714 qui
1759 4645 1928 4701 nobis

285 4751 437 4806 saapc
483 4737 540 4788 et
599 4733 849 4788 multum
898 4731 1232 4802 frequenter
1262 4736 1316 4786 et
1365 4729 1612 4786 ﬁdeliter
1669 4733 1922 4800 servivit,

285 4822 604 4894 quamdam
626 4826 850 4878 curtem
875 4820 1110 4876 nomine
1129 4821 1343 4875 Ervitte
1365 4820 1436 4876 ad
1456 4824 1722 4876 nostrum
1747 4821 1926 4894 impe-

285 4909 427 4964 riale
450 4911 553 4980 jus
583 4911 993 4982 pertinentem,
1029 4909 1088 4963 in
1116 4925 1264 4980 pago
1295 4909 1535 4980 Engere,
1566 4909 1624 4962 in
1646 4910 1924 4966 comitatu

284 5001 480 5054 autem
514 4997 860 5054 Marcwardi
899 4999 1095 5063 sitam,
1129 4995 1546 5070 perpetualiter
1594 4997 1924 5053 habendam

283 5083 654 5152 tradidimus,
671 5103 804 5142 cum
830 5085 1134 5157 mancipiis
1151 5085 1454 5156 utriusque
1468 5101 1640 5140 sexus
1651 5085 1925 5142 onmibus

284 5171 357 5226 ad
391 5169 699 5242 hancjure
743 5175 1190 5244 pertinentibus,
1224 5190 1355 5228 cum
1416 5172 1636 5227 caeteris
1694 5191 1925 5245 quoque

286 5257 576 5313 universis
597 5261 980 5329 appendiciis,
997 5261 1217 5316 scilicet
1247 5260 1417 5327 arcis,
1441 5259 1722 5325 aediﬁciis,
1753 5262 1926 5316 terris

286 5342 459 5396 cultis
488 5349 546 5398 et
579 5344 839 5411 incultis,
874 5348 1076 5416 pratis,
1110 5348 1363 5420 pascuis,
1397 5347 1582 5414 silvis,
1605 5347 1925 5404 venationi-

285 5429 420 5492 b’us,
446 5429 556 5481 viis
575 5433 631 5482 et
653 5429 842 5497 inviis,
867 5433 1117 5489 exitibus
1146 5439 1202 5489 et
1228 5435 1534 5498 reditibus,
1568 5433 1735 5504 aquis
1757 5452 1929 5508 aqua-

287 5528 494 5595 rumve
516 5514 881 5584 decursibus,
907 5519 1349 5590 piscationibus,
1383 5519 1754 5591 molendinis,
1771 5540 1926 5595 quae-

285 5592 420 5648 sitis
452 5599 508 5650 et
536 5597 926 5672 inquirendis,
961 5621 1094 5663 cum
1152 5610 1344 5668 hanno
1374 5615 1431 5667 et
1467 5614 1720 5669 mercato
1751 5592 1926 5672 etiam

2039 4643 2594 4715 Brumerinchthorp
2646 4660 2714 4698 ea
2758 4644 3091 4700 conditione
3123 4644 3508 4716 beneﬁciavit,
3542 4653 3607 4703 ut
3637 4647 3683 4703 si

2035 4733 2177 4806 quid
2208 4736 2339 4805 post
2359 4732 2584 4788 obitum
2615 4732 2817 4803 ejusin
2849 4732 3058 4788 iisdem
3091 4733 3568 4805 possessionibus
3603 4753 3686 4792 re-

2035 4821 2312 4895 periatur,
2333 4819 2562 4876 abbatis
2585 4819 2823 4876 arbitrio
2847 4820 3211 4894 disponatur.
3238 4821 3382 4878 Filio
3410 4840 3545 4880 vero
3557 4826 3685 4896 ejus

2036 4916 2258 4966 curtem
2291 4909 2527 4965 nomine
2548 4907 3022 4981 Imminghusum
3051 4927 3117 4965 eo
3169 4915 3336 4983 pacto
3396 4913 3686 4970 concessit

2035 5004 2325 5072 quatenus
2346 4999 2488 5054 dum
2508 4996 2661 5053 vivat
2691 4997 2842 5053 hanc
2875 5002 3090 5066 teneat,
3112 4999 3226 5056 nisi
3257 4999 3416 5056 hunc
3449 5003 3685 5057 munifi-

2036 5087 2225 5144 centia
2277 5093 2477 5142 nostra
2534 5085 2749 5141 alicubi
2781 5087 2945 5158 prius
3004 5087 3332 5158 promoveri
3360 5089 3680 5164 contingat.

2037 5177 2172 5231 Post
2216 5193 2349 5230 vero
2409 5174 2466 5229 in
2509 5175 2611 5244 jus
2644 5173 2983 5230 monasterii
3016 5175 3234 5232 redeat.
3275 5177 3346 5231 Et
3394 5181 3460 5232 ut
3501 5177 3681 5249 hujus

2037 5263 2426 5320 restitutionis
2455 5261 2774 5318 auctoritas
2805 5262 3030 5318 firmior
3071 5263 3355 5336 perpetim
3414 5265 3685 5322 credatur

2037 5369 2217 5408 manu
2248 5350 2483 5423 propria
2508 5349 2718 5406 subtus
2770 5351 3100 5407 roboratam
3143 5351 3323 5424 sigilli
3354 5353 3541 5409 nostri
3573 5355 3683 5410 im-

2035 5439 2334 5513 pressione
2355 5437 2654 5508 jussimus
2685 5437 2975 5511 insigniri.

2107 5528 2328 5596 Testes,
2359 5525 2684 5582 Hunfridus
2742 5527 3256 5601 archiepiscopus;
3293 5529 3682 5588 Meinwercus

2037 5616 2345 5689 episcopus
2371 5633 2386 5686 ;
2417 5613 2799 5675 Godehardus
2828 5616 3174 5690 episcopus;
3207 5617 3524 5692 Sigifridus
3563 5619 3682 5693 epi-
