3920 6208
239 392 395 461 1053
1516 396 1787 463 CHUON'

2092 395 2147 460 Il
2188 397 2355 463 IMP.
3484 400 3638 464 1054

237 544 493 602 scapus;
527 526 834 587 Odalricns
864 526 1282 597 cancellarius;
1317 527 1607 597 Asculfus;
1633 529 1884 603 Sigiber-
1910 528 1968 596 Α
1998 530 2416 588 Incarnationis
2450 531 2609 600 1028,
2640 548 2793 589 anno
2826 532 3020 589 autem
3053 531 3251 589 domni
3305 531 3637 591 Chuonradi

240 620 362 687 tus;
396 617 773 675 Bernhardus
803 619 941 685 dux;
964 618 1250 675 Adalbero
1281 619 1419 687 dux;
1438 619 1721 675 Ernastus
1745 620 1884 687 dux;
1996 621 2236 676 secundi
2270 622 2573 693 regnantis
2603 640 2659 689 v,
2691 620 2921 695 imperii
2950 638 3084 677 vero
3118 638 3155 677 ι.

234 706 552 765 Liudulfus
586 723 782 764 comes
812 712 869 764 et
898 707 1204 781 privignus
1227 708 1620 781 imperatoris;
1666 707 1835 763 Hiddi
1873 726 1886 776 ;
2066 714 2275 765 Actum
2312 711 2647 783 Ratispone.

232 795 902 869 Amulunguscomes,et
916 796 1124 852 fratres
1138 798 1265 868 ejus
1291 797 1591 866 Ecbertus;
1626 797 1885 869 Wigger;
2791 802 2855 856 X.

235 884 445 953 Gerlo;
482 884 607 941 Utl‘o
634 903 647 952 ;
679 885 983 952 Tiammo;
1017 885 1212 958 Pappo
1240 904 1253 954 ;
1288 886 1473 953 Bern;
1522 886 1843 941 Thiathard
1872 903 1885 952 ;
2048 887 2362 944 Chuanradi
2383 898 2717 962 praeceptum
2746 906 2843 962 pro
2876 890 3204 945 monasteria
3233 888 3289 943 S.
3324 888 3589 944 Chiliani.

236 974 399 1031 Brun
426 992 439 1041 ;
475 973 654 1030 Gebo.
2617 981 2803 1046 (Anno
2836 979 3021 1049 1030.)

309 1062 543 1132 Signum
570 1062 759 1117 ἀωηηὶ
788 1063 1101 1118 Chuauradi
1142 1065 1498 1119 invictissimi
1527 1066 1891 1119 Romanorum
2224 1066 2503 1137 (Eamne,
2536 1067 2661 1121 Cod.
2694 1066 2918 1136 diplam.
2957 1067 3191 1138 Vestph.,
3226 1083 3281 1137 p.
3314 1066 3428 1137 91.]

239 1150 329 1222 (L.
363 1151 465 1222 M.)
500 1152 848 1223 imperatoris
881 1152 1126 1221 Augusti.
2073 1152 2132 1206 Ο.
2163 1154 2224 1208 In
2285 1156 2520 1210 nomine
2577 1160 2789 1211 sanctae
2839 1160 2896 1210 et
2950 1155 3260 1210 individua;
3318 1154 3639 1222 Trinitatis,

313 1238 622 1294 Odalricus
652 1238 1033 1295 cancellarius
1061 1240 1183 1296 vice
1203 1240 1473 1296 Aribonis
1504 1241 1891 1297 archicancel-
2000 1245 2412 1309 Cuuoxaaous,
2446 1244 2641 1299 divina
2662 1245 2884 1301 favente
2898 1243 3229 1311 clementia,
3245 1248 3642 1299 Romanorum

239 1326 374 1384 larii
406 1326 758 1400 recognovit.
2001 1328 2319 1399 imperator
2342 1332 2661 1402 Augustus.

313 1415 460 1471 Data
505 1415 632 1473 Kal.
690 1415 828 1482 Jul.,
880 1416 1197 1474 indictione
1254 1436 1330 1485 xi,
1382 1436 1533 1474 anno
1584 1418 1892 1474 Dominicze
2072 1417 2282 1472 Notum
2317 1418 2394 1473 sit
2422 1419 2694 1476 omnibus
2725 1420 2940 1475 Christi
2973 1419 3644 1493 fidelibusprazscntibus

243 1503 673 1561 Incarnationis
707 1505 865 1573 1028,
890 1521 1043 1561 anno
1075 1510 1271 1562 autem
1312 1507 1512 1562 domni
1560 1507 1893 1564 Chuonradi
2003 1504 2225 1561 scilicet
2256 1510 2430 1578 atque
2460 1508 2696 1573 futuris,
2729 1508 2978 1579 qualiter
3007 1525 3114 1564 nos
3138 1510 3209 1563 ob
3254 1510 3644 1564 interventum

246 1591 297 1648 II
328 1592 631 1665 regnantis
660 1610 737 1659 iv,
771 1592 1002 1665 imperii
1035 1611 1169 1651 vero
1202 1613 1239 1649 ι.
2004 1610 2069 1650 ac
2101 1594 2436 1666 petitionem
2469 1600 2677 1652 nostrae
2709 1596 2928 1652 dilectae
2961 1597 3227 1669 conjugis
3260 1597 3429 1652 Gisia
3460 1596 3645 1669 impe-
3712 1666 3721 1677 .

317 1681 529 1736 Actum
560 1681 955 1755 Magdeburch
990 1682 1252 1739 feliciter.
1287 1688 1492 1739 Amen.
2004 1683 2233 1738 ratricis
2258 1684 2523 1740 videlicet
2540 1686 2835 1758 Augustae,
2869 1689 2926 1740 et
2974 1684 3391 1740 amantissimae
3434 1690 3648 1740 nostras

1028 1772 1121 1827 IX.
2006 1769 2186 1842 prolis
2217 1771 2470 1827 Heinrici
2503 1772 2678 1845 regis,
2714 1789 2818 1827 nec
2849 1790 2963 1829 non
3017 1773 3396 1829 Meinwerchi
3448 1773 3650 1838 Pater-

324 1857 641 1915 Chuanradi
662 1862 1024 1932 privilegium
1049 1878 1149 1934 pro
1178 1864 1418 1917 Ecclesia
1448 1861 1503 1917 S.
1533 1865 1818 1933 Gargonii.
1927 1891 1976 1956 Β
2005 1858 2319 1956 bruti-ensis
2352 1861 2613 1916 Ecclesiae
2636 1861 2916 1934 episcopi,
2950 1863 3249 1934 quoddam
3295 1861 3648 1919 Berenbardi

872 1950 1063 2022 (Anno
1096 1952 1279 2022 1028.)
1927 1948 1972 1956 ”
2007 1948 2236 2004 comitis
2270 1950 2575 2021 praadium,
2608 1951 2906 2023 Badperch
2939 1952 3184 2019 dictum,
3240 1967 3373 2006 cum
3424 1952 3651 2007 mansis

458 2038 744 2109 [ERHARD,
778 2038 903 2094 Cod.
938 2040 1165 2110 diplom.
1206 2041 1457 2111 Westph.,
1493 2058 1547 2112 p.
1580 2042 1693 2111 90.}
2007 2037 2208 2093 decem
2238 2038 2393 2093 circa
2408 2040 2679 2095 eumdem
2700 2044 2957 2095 montem
2976 2040 3401 2110 adjacentibus,
3421 2040 3481 2095 in
3503 2056 3652 2113 pago

325 2124 385 2181 C.
435 2126 500 2179 In
555 2126 794 2181 nomine
854 2132 1065 2182 sanctae
1097 2132 1154 2183 et
1212 2128 1523 2184 individuis
1576 2130 1897 2194 Trinitatis,
2007 2126 2319 2199 Nichterga
2350 2129 2491 2183 etin
2536 2129 2813 2184 comitatu
2863 2128 3110 2185 Haholdi
3160 2128 3392 2184 comitis
3445 2129 3649 2197 situm,

250 2216 651 2281 Cauoxmnus,
683 2213 990 2271 clementia
1014 2216 1208 2272 divina
1228 2217 1471 2286 favente,
1506 2218 1899 2274 Romanorum
2011 2217 2161 2286 quod
2192 2216 2321 2272 ideo
2344 2217 2708 2273 haereditario
2733 2218 2866 2288 jure
2893 2217 2951 2271 in
3000 2220 3260 2273 nostram
3306 2222 3651 2289 potestatem

252 2301 575 2374 imperator
603 2304 922 2376 Augustus.
2011 2305 2315 2373 successit,
2349 2306 2485 2377 quia
2506 2305 2662 2360 idem
2710 2306 2837 2377 ipse
2868 2306 2929 2360 B.
2981 2321 3176 2360 comes
3208 2306 3447 2375 spurius
3505 2310 3649 2373 erat,

323 2391 559 2447 Noverit
588 2391 853 2448 omnium
885 2397 1098 2450 sanctae
1129 2395 1231 2450 Dei
1253 2395 1791 2453 Ecclesizntidelium
1807 2416 1903 2453 no-
2013 2393 2167 2463 quod
2199 2391 2372 2465 vulgo
2414 2393 2801 2449 Wanburtich
2852 2394 3074 2458 dicunt,
3131 2393 3201 2448 ad
3252 2393 3654 2451 Paterbrunne

254 2483 630 2552 strorumque
659 2483 1034 2553 praesentium
1063 2483 1283 2539 scilicet
1296 2502 1362 2541 ac
1384 2485 1715 2543 futurorum
1736 2487 1903 2543 indu-
2011 2481 2335 2553 praescripti
2367 2481 2623 2554 episcopi
2647 2480 3068 2538 monasterium
3104 2482 3163 2536 in
3190 2480 3409 2537 honore
3433 2487 3649 2538 sanctae

256 2568 421 2636 stria,
455 2568 708 2640 qualiter
738 2587 843 2626 nos
874 2572 947 2627 ob
1006 2572 1398 2629 interventum
1435 2592 1501 2630 ac
1559 2576 1901 2648 petitionem
2013 2569 2203 2624 Mariae
2230 2575 2286 2624 et
2315 2571 2499 2625 sancti
2530 2569 2779 2626 Chiliani
2806 2571 3080 2643 martyris
3111 2570 3416 2642 sanctique
3438 2570 3655 2626 Liborii

259 2656 481 2714 dilecta
494 2658 765 2731 conjugis
780 2664 994 2716 nostra?
1016 2660 1185 2717 Gislze
1200 2661 1588 2735 imperatricis
1607 2666 1903 2738 Augustae,
2013 2658 2362 2714 confessoris
2376 2664 2782 2715 consecratum
2796 2659 3173 2726 tradidimus,
3194 2676 3327 2715 cum
3347 2659 3656 2731 mancipiis

262 2750 320 2803 et
350 2745 772 2803 amantissimae
799 2752 1011 2805 nostras
1062 2750 1241 2821 prolis
1290 2752 1542 2807 Heinrici
1596 2755 1770 2826 regis,
1801 2772 1905 2811 nec
2014 2747 2320 2819 utriusque
2352 2748 2732 2815 εϐκυεννίὶιίεν
2766 2748 2939 2815 areis.
2964 2747 3247 2813 adiﬁciis.
3281 2746 3460 2819 agris,
3481 2748 3655 2803 terris

261 2852 379 2892 non
405 2837 1809 2915 BrunonisAugustensisvenerabilisepiscopiﬁc

2113 2836 2188 2892 tis
2218 2840 2276 2892 et
2334 2836 2590 2903 incultis,
2648 2836 2757 2891 viis
2782 2840 2839 2891 et
2886 2834 3079 2903 inviis,
3140 2834 3345 2907 pratis,
3402 2835 3654 2906 pascuis,

261 2928 467 2980 nostro
491 2922 777 2997 Siglberto
808 2925 1097 2982 Mindensi
1130 2929 1401 3002 episcopo
1431 2936 1488 2986 et
1526 2931 1782 2989 ecclesias
1814 2934 1906 2989 cui
2017 2924 2204 2992 δίὶνίει
2234 2924 2663 2990 venationibus,
2697 2940 2866 2996 aqms
2909 2938 3264 2995 aquarumve
3312 2922 3661 2979 ἀθουτείῦυε

266 3012 419 3085 ipse,
453 3016 567 3068 Deo
597 3013 866 3082 donante,
899 3016 1269 3087 prmsidet,in
1300 3018 1517 3075 honore
1549 3022 1909 3078 sanctipetri
2018 3013 2460 3086 piscationibus,
2531 3012 2907 3079 molendinis,
2966 3010 3214 3067 exilibus
3271 3014 3329 3066 et
3377 3011 3660 3067 reditibus

265 3100 554 3173 principis
585 3099 981 3175 apostolorum
1013 3110 1069 3160 et
1099 3106 1281 3162 sancti
1316 3107 1589 3181 Gargonii
1637 3112 1911 3184 martyris
2020 3102 2280 3175 quaesitis
2300 3107 2358 3158 et
2412 3101 2801 3174 inquirendis.
2856 3118 2960 3157 n00
3019 3117 3133 3155 ηοῐι
3188 3117 3322 3155 cum
3381 3100 3660 3156 omnibus

264 3188 485 3246 Christi
516 3194 881 3260 constructa,
900 3195 1220 3265 quamdam
1244 3195 1450 3252 silvam
1464 3197 1635 3254 sitam
1661 3200 1915 3273 singula-
1945 3256 1983 3273 η
2021 3189 2381 3263 θρρθηάίοὶίε
2413 3190 2485 3245 ad
2503 3190 2658 3245 idem
2674 3188 3094 3262 praediumjm‘e
3118 3186 3569 3258 Ρθτίίηθῐιῐίδυεν
3593 3204 3662 3244 88

265 3277 408 3334 riter
434 3277 495 3333 in
526 3256 878 3351 proprietate
912 3256 1262 3353 praediorum
1293 3286 1557 3356 ejusdem
1589 3256 1908 3346 Mindgnsis
1941 3256 1984 3322 C
2021 3256 2289 3334 videlicet
2317 3278 2537 3333 ratione
2569 3282 2633 3332 ut
2662 3256 2721 3331 in
2753 3256 3073 3349 praescripti
3120 3256 3460 3329 monasterii
3492 3279 3659 3347 pote-

262 3365 555 3435 Ecclesiae,
585 3371 643 3424 et
670 3369 729 3423 in
760 3385 908 3443 pago
955 3371 1310 3445 Entergowi,
1359 3373 1416 3429 in
1449 3376 1729 3433 comitatu
1775 3396 1909 3435 vero
2016 3370 2165 3422 state
2197 3366 2610 3438 perpetualiter
2638 3365 2865 3419 existat.
2900 3364 2969 3418 Et
3000 3366 3063 3417 ut
3092 3362 3212 3416 haec
3258 3366 3457 3417 nostra
3478 3361 3661 3416 tradi-

268 3454 595 3512 Bernhardi
627 3456 817 3529 ducis,
870 3475 1005 3514 cum
1064 3477 1352 3518 consensu
1384 3468 1440 3519 et
1484 3464 1912 3524 collaudatione
2016 3454 2096 3511 tio
2126 3454 2354 3511 stabilis
2382 3453 2790 3511 etinconvulsa
2821 3451 3331 3523 omnipermaneat
3350 3467 3487 3518 aevo,
3512 3449 3663 3505 hanc

269 3544 496 3617 praefati
528 3544 700 3601 ducis
728 3546 793 3602 B.
825 3551 883 3603 et
904 3549 994 3603 sui
1028 3549 1222 3606 fratris
1241 3553 1515 3620 Detmari,
1548 3558 1912 3613 ceterorum-
2020 3542 2844 3619 paginamindeconscriptam
2872 3539 3223 3612 Ρτορτίαίῖυθ
3247 3554 3424 3593 manu
3448 3538 3662 3594 Sumus

268 3648 387 3705 que
416 3632 631 3688 civium
662 3633 720 3688 in
742 3635 944 3691 eadem
974 3636 1119 3693 silva
1139 3643 1318 3711 utque
1349 3642 1521 3697 modo
1552 3646 1914 3701 communio.
2022 3637 2347 3693 roboratam
2378 3630 2555 3704 sigilli
2588 3630 2772 3686 nostri
2794 3628 3179 3701 impressione
3192 3627 3485 3699 jussimus
3517 3626 3659 3683 insi-

267 3736 406 3777 nem
431 3721 684 3777 venandi
716 3721 1080 3793 habentium,
1117 3727 1173 3781 in
1208 3727 1392 3795 silvis,
1426 3731 1650 3803 campis
1672 3737 1728 3786 et
1746 3733 1910 3804 palu-
2020 3725 2194 3799 gniri.

269 3810 470 3876 dibus,
500 3810 654 3867 infer
681 3811 924 3869 ﬂumina
939 3814 1292 3872 Ossembeke
1323 3821 1380 3873 et
1408 3817 1707 3886 Alerbeke,
1726 3838 1915 3895 usque
2093 3816 2325 3883 Signum
2353 3812 2541 3867 damni
2573 3808 2888 3865 Chuonradi
2916 3811 3280 3864 [lamnarum
3317 3806 3664 3877 imperatoris

266 3897 328 3954 in
361 3898 622 3955 medium
654 3899 871 3956 ﬂumen
925 3902 1305 3975 Wermonon,
1337 3909 1394 3961 et
1423 3906 1557 3963 inde
1605 3924 1793 3981 usque
1842 3911 1914 3966 ad
2025 3905 2104 3976 (L.
2136 3902 2234 3972 M.)
2266 3899 2630 3956 invictissimi.

267 3987 922 4061 Northsulerecampon,
956 3990 1026 4046 ad
1057 3997 1273 4048 cortem
1332 3995 1629 4067 pertinens
1661 3979 1916 4071 sulegon
2095 3991 2399 4047 Odalricus
2431 3984 2814 4043 cancellarius
2844 3983 2965 4038 vice
2994 3982 3265 4038 Aribonis
3314 3979 3668 4053 archicapel-

268 4076 638 4132 nominatam
669 4076 935 4133 torestari
978 4081 1376 4137 concessimus
1424 4088 1482 4138 et
1528 4084 1705 4140 banni
1732 4087 1916 4142 nostri
2023 4081 2142 4137 lani
2174 4075 2498 4151 recognovi.

267 4163 539 4221 districta
571 4162 1163 4237 circumvallavimus,
1198 4187 1265 4226 ea
1293 4171 1563 4228 videlicet
1600 4174 1815 4229 ratione

2118 4171 2238 4223 )ata
2291 4163 2414 4220 Kal.
2467 4163 2647 4227 Junii,
2681 4177 2833 4218 anno
2880 4159 3193 4216 Dominicae
3235 4156 3666 4214 Incarnationis

266 4267 443 4309 nemo
465 4251 713 4310 ulterius
740 4254 801 4311 in
833 4257 1037 4312 eodem
1090 4258 1304 4315 foresto
1363 4260 1584 4332 absque
1634 4262 1814 4334 praelii

2121 4257 2183 4324 :0,
2217 4254 2533 4309 indictione
2586 4269 2709 4317 xui,
2760 4266 2913 4305 anno
2962 4248 3162 4303 damni
3211 4244 3542 4301 Chuonradi
3572 4260 3669 4299 re-

264 4339 895 4417 cpiscopisuorumque
908 4347 1559 4405 successorumlicentia
1572 4355 1916 4421 potestatem
2024 4346 2258 4420 gnantis
2287 4361 2363 4409 v1,
2395 4340 2626 4413 imperii
2654 4354 2788 4393 vero
2818 4355 2893 4393 iv.

266 4429 480 4487 habeat
507 4431 781 4505 venandi,
813 4434 1151 4505 sagittandi,
1201 4436 1344 4492 retia
1393 4441 1496 4491 aut
1542 4437 1782 4509 laqueos
1814 4457 1914 4511 po-
2092 4437 2299 4491 Actum
2331 4428 2661 4487 Mersibuch
2684 4426 2944 4482 feliciter.
2972 4426 3174 4478 Amen.

267 4516 473 4588 nendi,
492 4523 594 4575 aut
615 4518 734 4576 ullo
761 4521 995 4603 ingenio
1018 4524 1170 4579 feras
1185 4524 1535 4597 decipiendi,
1560 4543 1686 4598 quae
1710 4528 1915 4584 merito
2800 4515 2893 4569 ΧΙ-

272 4606 382 4662 sub
402 4607 539 4678 jure
566 4608 747 4665 banni
779 4600 1173 4667 continentur.
1206 4613 1263 4667 Si
1297 4614 1430 4685 quis
1489 4617 1686 4669 autem
1735 4615 1914 4687 hujus
1944 4623 1991 4687 Ι)
2404 4613 2512 4664 Pro
2542 4605 2782 4662 EccleSia
2809 4600 3283 4659 Ραάθνῦονηθηδί-

268 4695 454 4752 nostri
478 4695 1085 4773 imperialispraacepti
1109 4702 1459 4757 temerarius
1479 4702 1725 4759 violator
1748 4705 1917 4761 exsti-
2648 4694 2833 4763 (Anno
2865 4690 2997 4745 ’1031
3012 4689 3050 4759 ο)

266 4784 424 4851 terit,
455 4784 604 4841 sciat
635 4802 697 4843 se
724 4770 1084 4863 episcopo—et
1110 4806 1217 4846 suo
1248 4791 1521 4847 advocato
1537 4792 1713 4847 banni
1732 4794 1916 4849 nostri
2225 4788 2508 4859 [ERIIABD,
2543 4781 2667 4838 Cod.
2699 4780 2925 4851 diplom.
2967 4776 3224 4869 lt’estplt?
3257 4791 3313 4846 P-
3511 4857 3522 4869 .

267 4860 1401 4949 summamcompositurum.Ethuchoc
1431 4879 1625 4936 verius
1648 4881 1918 4937 credatur
2096 4879 2154 4933 Ο.
2207 4876 2270 4932 In
2329 4874 2564 4930 nomine
2623 4872 2837 4925 sanctae
2897 4871 2953 4922 et
2995 4863 3309 4920 individua:
3364 4860 3679 4918 Trinitatis

267 4959 842 5036 diligentiusque'per
862 4966 1362 5023 futuraannorum
1394 4968 1684 5025 curricula
1716 4970 1913 5026 obser-
2024 4966 2430 5030 CBUONRADUS,
2452 4960 2650 5016 divina
2677 4953 3242 5030 disponentegratia,
3274 4954 3678 5007 Romanorum

264 5052 452 5118 vetur,
484 5050 638 5106 hanc
667 5052 933 5110 chartam
962 5054 1099 5111 inde
1147 5054 1538 5127 conscriptam
1589 5058 1916 5130 subtusque
2024 5054 2341 5126 imperator
2368 5052 2688 5121 Augustus.

267 5138 446 5194 manu
476 5140 712 5212 propria
740 5142 1073 5199 roboratam
1104 5143 1281 5217 sigilli
1314 5123 1496 5200 nostri
1529 5123 1915 5219 impressione
2096 5123 2373 5199 Omnium
2400 5138 2499 5193 Dei
2530 5135 2833 5207 nostrique
2860 5132 3124 5188 ﬁdelium
3158 5123 3526 5185 universitati
3568 5142 3678 5183 no-

258 5224 556 5295 ju'ssimus
587 5227 885 5302 insigniri.
2024 5237 2149 5289 tum
2183 5248 2309 5287 esse
2339 5227 2629 5289 volumus,
2663 5222 2911 5295 (ιιιειιίιον
2948 5237 3075 5284 ηοδο
3127 5223 3363 5290 Propter
3409 5228 3676 5311 ETorem

336 5314 573 5385 Signum
599 5316 792 5375 damni
819 5320 1135 5378 Chuanradi
1164 5323 1513 5377 invictissimi
1549 5323 1916 5378 Romanorum
2025 5321 2274 5378 caelestis
2305 5317 2502 5391 patria:
2533 5318 2707 5384 atque
2736 5309 3216 5366 obinterventum
3249 5320 3317 5391 ac
3333 5305 3677 5373 petitionem

265 5402 618 5474 imperatori:
648 5405 735 5478 (L.
768 5409 869 5481 M.)
896 5411 1146 5482 Augusti.

2122 5412 2247 5465 actae
2269 5390 2539 5477 conjugis
2553 5403 2763 5455 nostris
2780 5396 2950 5453 Gislze
2965 5390 3358 5489 imperatricis
3372 5391 3670 5489 Augustae,

335 5490 645 5549 Odalricus
674 5478 1057 5555 cancellarius
1087 5497 1209 5553 vice
1238 5496 1511 5553 Aribonis
1533 5496 1692 5553 archi
1715 5498 1912 5570 capel-
2023 5514 2130 5555 nec
2159 5513 2274 5553 non
2307 5491 2468 5551 chari
2501 5487 2604 5543 filii
2636 5485 2819 5575 nostri
2858 5478 3119 5575 Heinrici
3133 5478 3318 5575 regis,
3340 5479 3397 5532 et
3436 5478 3675 5575 ρνρριθιι

261 5577 382 5636 lani
413 5580 776 5655 recognovit.
1785 5564 1805 5570 —
2016 5589 2160 5660 juge
2190 5587 2580 5649 devotumque
2592 5574 2761 5631 nobis
2784 5569 3082 5628 servitium
3100 5564 3515 5660 Meginwerchi
3536 5580 3671 5660 san-

330 5668 480 5726 Da‘ta
510 5650 583 5725 ni
607 5669 730 5728 Kal.
762 5675 921 5745 Apr.,
944 5673 1262 5731 indictione
1286 5691 1384 5730 xu.
1414 5689 1566 5730 anno
1597 5672 1914 5732 Dominicre
2186 5661 2687 5729 Paderbrunensis
2746 5660 2900 5718 sedis
2965 5653 3314 5715 venerabilis
3391 5650 3669 5732 episcopi,
