  <div class='ocr_page' id='page_1' title='image "/cluster/home/n/w/nwhite01/storage/ocr_20150623/151/uva.x000829795/569.png"; bbox 0 0 3920 6208; ppageno 0'>
   <div class='ocr_carea' id='block_1_1' title="bbox 269 400 462 466">
    <p class='ocr_par' dir='ltr' id='par_1_1' title="bbox 269 400 462 466">
     <span class='ocr_line' id='line_1_1' title="bbox 269 400 462 466; baseline -0.005 -1"><span class='ocrx_word' id='word_1_1' title='bbox 269 400 424 466; x_wconf 72' lang='lat'><strong>1055</strong></span> <span class='ocrx_word' id='word_1_2' title='bbox 458 431 462 434; x_wconf 90' lang='grc'><strong>·</strong></span> 
     </span>
    </p>
   </div>
   <div class='ocr_carea' id='block_1_2' title="bbox 1623 392 2307 465">
    <p class='ocr_par' dir='ltr' id='par_1_2' title="bbox 1623 392 2307 465">
     <span class='ocr_line' id='line_1_2' title="bbox 1623 392 2307 465; baseline -0.006 0"><span class='ocrx_word' id='word_1_3' title='bbox 1623 392 1934 465; x_wconf 81' lang='lat' dir='ltr'><strong>MONUM.</strong></span> <span class='ocrx_word' id='word_1_4' title='bbox 1983 394 2307 464; x_wconf 83' lang='lat' dir='ltr'><strong>DIPLOM.</strong></span> 
     </span>
    </p>
   </div>
   <div class='ocr_carea' id='block_1_3' title="bbox 3511 402 3688 473">
    <p class='ocr_par' dir='ltr' id='par_1_3' title="bbox 3511 402 3688 473">
     <span class='ocr_line' id='line_1_3' title="bbox 3511 402 3688 473; baseline 0.017 -3"><span class='ocrx_word' id='word_1_5' title='bbox 3511 402 3688 473; x_wconf 64' lang='lat'><strong>105‘“</strong></span> 
     </span>
    </p>
   </div>
   <div class='ocr_carea' id='block_1_4' title="bbox 264 531 3674 614">
    <p class='ocr_par' dir='ltr' id='par_1_4' title="bbox 264 531 3674 614">
     <span class='ocr_line' id='line_1_4' title="bbox 264 531 3674 614; baseline 0.001 -23"><span class='ocrx_word' id='word_1_6' title='bbox 264 533 521 591; x_wconf 74' lang='lat' dir='ltr'><strong>ecclesiae</strong></span> <span class='ocrx_word' id='word_1_7' title='bbox 555 531 646 589; x_wconf 91' lang='lat' dir='ltr'><strong>cui</strong></span> <span class='ocrx_word' id='word_1_8' title='bbox 680 531 830 606; x_wconf 90' lang='lat' dir='ltr'><strong>ipse,</strong></span> <span class='ocrx_word' id='word_1_9' title='bbox 853 533 970 590; x_wconf 91' lang='lat' dir='ltr'><strong>Deo</strong></span> <span class='ocrx_word' id='word_1_10' title='bbox 992 532 1574 608; x_wconf 71' lang='lat' dir='ltr'><strong>donante,pr:esidet,</strong></span> <span class='ocrx_word' id='word_1_11' title='bbox 1599 532 1658 589; x_wconf 93' lang='lat' dir='ltr'><strong>in</strong></span> <span class='ocrx_word' id='word_1_12' title='bbox 1685 532 1906 589; x_wconf 80' lang='lat' dir='ltr'><strong>honore</strong></span> <span class='ocrx_word' id='word_1_13' title='bbox 1935 531 1990 598; x_wconf 81' lang='grc' dir='ltr'>Α</span> <span class='ocrx_word' id='word_1_14' title='bbox 2017 531 2236 599; x_wconf 90' lang='lat' dir='ltr'><strong>dimus,</strong></span> <span class='ocrx_word' id='word_1_15' title='bbox 2267 549 2333 589; x_wconf 86' lang='lat' dir='ltr'><strong>ea</strong></span> <span class='ocrx_word' id='word_1_16' title='bbox 2362 531 2630 590; x_wconf 79' lang='lat' dir='ltr'><strong>videlicet</strong></span> <span class='ocrx_word' id='word_1_17' title='bbox 2653 533 2897 607; x_wconf 80' lang='lat' dir='ltr'><strong>ratione,</strong></span> <span class='ocrx_word' id='word_1_18' title='bbox 2928 539 2995 592; x_wconf 90' lang='lat' dir='ltr'><strong>ut</strong></span> <span class='ocrx_word' id='word_1_19' title='bbox 3035 535 3505 610; x_wconf 71' lang='lat' dir='ltr'><strong>praenominatus</strong></span> <span class='ocrx_word' id='word_1_20' title='bbox 3543 539 3674 614; x_wconf 81' lang='lat' dir='ltr'><strong>epi-</strong></span> 
     </span>
    </p>
   </div>
   <div class='ocr_carea' id='block_1_5' title="bbox 266 625 1906 700">
    <p class='ocr_par' dir='ltr' id='par_1_5' title="bbox 266 625 1906 700">
     <span class='ocr_line' id='line_1_5' title="bbox 266 625 1906 700; baseline -0.002 -18"><span class='ocrx_word' id='word_1_21' title='bbox 266 630 480 682; x_wconf 69' lang='lat' dir='ltr'><strong>sancta:</strong></span> <span class='ocrx_word' id='word_1_22' title='bbox 513 625 612 682; x_wconf 87' lang='lat' dir='ltr'><strong>Dei</strong></span> <span class='ocrx_word' id='word_1_23' title='bbox 637 626 935 698; x_wconf 81' lang='lat' dir='ltr'><strong>genitricis</strong></span> <span class='ocrx_word' id='word_1_24' title='bbox 958 627 1150 682; x_wconf 80' lang='lat' dir='ltr'><strong>Mariae</strong></span> <span class='ocrx_word' id='word_1_25' title='bbox 1174 628 1444 700; x_wconf 80' lang='lat' dir='ltr'><strong>beatique</strong></span> <span class='ocrx_word' id='word_1_26' title='bbox 1469 625 1730 696; x_wconf 83' lang='lat' dir='ltr'><strong>Chyliani</strong></span> <span class='ocrx_word' id='word_1_27' title='bbox 1755 633 1906 680; x_wconf 78' lang='lat' dir='ltr'><strong>mar-</strong></span> 
     </span>
    </p>
   </div>
   <div class='ocr_carea' id='block_1_6' title="bbox 264 714 1908 788">
    <p class='ocr_par' dir='ltr' id='par_1_6' title="bbox 264 714 1908 788">
     <span class='ocr_line' id='line_1_6' title="bbox 264 714 1908 788; baseline -0.001 -19"><span class='ocrx_word' id='word_1_28' title='bbox 264 716 429 788; x_wconf 87' lang='lat' dir='ltr'><strong>tyris,</strong></span> <span class='ocrx_word' id='word_1_29' title='bbox 465 731 570 770; x_wconf 88' lang='lat' dir='ltr'><strong>nec</strong></span> <span class='ocrx_word' id='word_1_30' title='bbox 602 732 714 770; x_wconf 90' lang='lat' dir='ltr'><strong>non</strong></span> <span class='ocrx_word' id='word_1_31' title='bbox 747 715 1100 771; x_wconf 74' lang='lat' dir='ltr'><strong>confessoris</strong></span> <span class='ocrx_word' id='word_1_32' title='bbox 1135 715 1348 770; x_wconf 84' lang='lat' dir='ltr'><strong>Christi</strong></span> <span class='ocrx_word' id='word_1_33' title='bbox 1386 714 1603 770; x_wconf 90' lang='lat' dir='ltr'><strong>Liborii</strong></span> <span class='ocrx_word' id='word_1_34' title='bbox 1641 717 1908 770; x_wconf 87' lang='lat' dir='ltr'><strong>constru-</strong></span> 
     </span>
    </p>
   </div>
   <div class='ocr_carea' id='block_1_7' title="bbox 265 803 1910 876">
    <p class='ocr_par' dir='ltr' id='par_1_7' title="bbox 265 803 1910 876">
     <span class='ocr_line' id='line_1_7' title="bbox 265 803 1910 876; baseline -0.002 -17"><span class='ocrx_word' id='word_1_35' title='bbox 265 810 389 869; x_wconf 60' lang='lat' dir='ltr'><strong>ctis,</strong></span> <span class='ocrx_word' id='word_1_36' title='bbox 422 803 522 858; x_wconf 87' lang='lat' dir='ltr'><strong>illa</strong></span> <span class='ocrx_word' id='word_1_37' title='bbox 554 805 768 876; x_wconf 69' lang='lat' dir='ltr'><strong>praedia</strong></span> <span class='ocrx_word' id='word_1_38' title='bbox 797 821 924 876; x_wconf 68' lang='lat' dir='ltr'><strong>qua:</strong></span> <span class='ocrx_word' id='word_1_39' title='bbox 956 803 1288 858; x_wconf 86' lang='lat' dir='ltr'><strong>habuerunt</strong></span> <span class='ocrx_word' id='word_1_40' title='bbox 1320 803 1604 858; x_wconf 87' lang='lat' dir='ltr'><strong>Bernbart</strong></span> <span class='ocrx_word' id='word_1_41' title='bbox 1649 807 1706 858; x_wconf 90' lang='lat' dir='ltr'><strong>et</strong></span> <span class='ocrx_word' id='word_1_42' title='bbox 1747 819 1910 856; x_wconf 83' lang='lat' dir='ltr'><strong>soror</strong></span> 
     </span>
    </p>
   </div>
   <div class='ocr_carea' id='block_1_8' title="bbox 264 889 1908 963">
    <p class='ocr_par' dir='ltr' id='par_1_8' title="bbox 264 889 1908 963">
     <span class='ocr_line' id='line_1_8' title="bbox 264 889 1908 963; baseline -0.002 -15"><span class='ocrx_word' id='word_1_43' title='bbox 264 894 390 963; x_wconf 84' lang='lat' dir='ltr'><strong>ejus</strong></span> <span class='ocrx_word' id='word_1_44' title='bbox 422 892 685 947; x_wconf 87' lang='lat' dir='ltr'><strong>Hazecha</strong></span> <span class='ocrx_word' id='word_1_45' title='bbox 703 891 760 946; x_wconf 91' lang='lat' dir='ltr'><strong>in</strong></span> <span class='ocrx_word' id='word_1_46' title='bbox 781 892 924 946; x_wconf 85' lang='lat' dir='ltr'><strong>locis</strong></span> <span class='ocrx_word' id='word_1_47' title='bbox 937 892 1157 946; x_wconf 82' lang='lat' dir='ltr'><strong>Alflaan</strong></span> <span class='ocrx_word' id='word_1_48' title='bbox 1177 897 1232 946; x_wconf 90' lang='lat' dir='ltr'><strong>et</strong></span> <span class='ocrx_word' id='word_1_49' title='bbox 1258 891 1513 946; x_wconf 89' lang='lat' dir='ltr'><strong>Etlinum</strong></span> <span class='ocrx_word' id='word_1_50' title='bbox 1531 891 1662 957; x_wconf 90' lang='lat' dir='ltr'><strong>sita,</strong></span> <span class='ocrx_word' id='word_1_51' title='bbox 1686 889 1744 944; x_wconf 91' lang='lat' dir='ltr'><strong>in</strong></span> <span class='ocrx_word' id='word_1_52' title='bbox 1762 907 1908 961; x_wconf 93' lang='lat' dir='ltr'><strong>pago</strong></span> 
     </span>
    </p>
   </div>
   <div class='ocr_carea' id='block_1_9' title="bbox 263 979 1908 1053">
    <p class='ocr_par' dir='ltr' id='par_1_9' title="bbox 263 979 1908 1053">
     <span class='ocr_line' id='line_1_9' title="bbox 263 979 1908 1053; baseline -0.001 -18"><span class='ocrx_word' id='word_1_53' title='bbox 263 981 542 1053; x_wconf 86' lang='lat' dir='ltr'><strong>Paderga,</strong></span> <span class='ocrx_word' id='word_1_54' title='bbox 568 980 624 1034; x_wconf 91' lang='lat' dir='ltr'><strong>in</strong></span> <span class='ocrx_word' id='word_1_55' title='bbox 653 981 933 1034; x_wconf 87' lang='lat' dir='ltr'><strong>comitatu</strong></span> <span class='ocrx_word' id='word_1_56' title='bbox 960 979 1300 1052; x_wconf 88' lang='lat' dir='ltr'><strong>Amulungi,</strong></span> <span class='ocrx_word' id='word_1_57' title='bbox 1321 997 1452 1034; x_wconf 92' lang='lat' dir='ltr'><strong>cum</strong></span> <span class='ocrx_word' id='word_1_58' title='bbox 1481 980 1612 1035; x_wconf 87' lang='lat' dir='ltr'><strong>aliis</strong></span> <span class='ocrx_word' id='word_1_59' title='bbox 1633 980 1908 1034; x_wconf 89' lang='lat' dir='ltr'><strong>omnibus</strong></span> 
     </span>
    </p>
   </div>
   <div class='ocr_carea' id='block_1_10' title="bbox 262 1067 1907 1141">
    <p class='ocr_par' dir='ltr' id='par_1_10' title="bbox 262 1067 1907 1141">
     <span class='ocr_line' id='line_1_10' title="bbox 262 1067 1907 1141; baseline -0.002 -17"><span class='ocrx_word' id='word_1_60' title='bbox 262 1069 399 1124; x_wconf 89' lang='lat' dir='ltr'><strong>illuc</strong></span> <span class='ocrx_word' id='word_1_61' title='bbox 431 1067 878 1141; x_wconf 75' lang='lat' dir='ltr'><strong>pertinentibus,</strong></span> <span class='ocrx_word' id='word_1_62' title='bbox 910 1075 966 1123; x_wconf 87' lang='lat' dir='ltr'><strong>ct</strong></span> <span class='ocrx_word' id='word_1_63' title='bbox 996 1085 1125 1123; x_wconf 90' lang='lat' dir='ltr'><strong>cum</strong></span> <span class='ocrx_word' id='word_1_64' title='bbox 1161 1069 1318 1124; x_wconf 90' lang='lat' dir='ltr'><strong>omni</strong></span> <span class='ocrx_word' id='word_1_65' title='bbox 1373 1068 1621 1123; x_wconf 85' lang='lat' dir='ltr'><strong>utilitate</strong></span> <span class='ocrx_word' id='word_1_66' title='bbox 1664 1085 1791 1140; x_wconf 68' lang='lat' dir='ltr'><strong>quze</strong></span> <span class='ocrx_word' id='word_1_67' title='bbox 1821 1067 1907 1122; x_wconf 88' lang='lat' dir='ltr'><strong>vel</strong></span> 
     </span>
    </p>
   </div>
   <div class='ocr_carea' id='block_1_11' title="bbox 261 1155 1907 1227">
    <p class='ocr_par' dir='ltr' id='par_1_11' title="bbox 261 1155 1907 1227">
     <span class='ocr_line' id='line_1_11' title="bbox 261 1155 1907 1227; baseline -0.001 -16"><span class='ocrx_word' id='word_1_68' title='bbox 261 1157 434 1212; x_wconf 87' lang='lat' dir='ltr'><strong>scribi</strong></span> <span class='ocrx_word' id='word_1_69' title='bbox 467 1161 567 1211; x_wconf 89' lang='lat' dir='ltr'><strong>aut</strong></span> <span class='ocrx_word' id='word_1_70' title='bbox 597 1155 886 1210; x_wconf 91' lang='lat' dir='ltr'><strong>nominari</strong></span> <span class='ocrx_word' id='word_1_71' title='bbox 909 1155 1028 1210; x_wconf 91' lang='lat' dir='ltr'><strong>ullo</strong></span> <span class='ocrx_word' id='word_1_72' title='bbox 1060 1157 1416 1220; x_wconf 88' lang='lat' dir='ltr'><strong>modovalet,</strong></span> <span class='ocrx_word' id='word_1_73' title='bbox 1441 1174 1572 1211; x_wconf 92' lang='lat' dir='ltr'><strong>cum</strong></span> <span class='ocrx_word' id='word_1_74' title='bbox 1600 1155 1907 1227; x_wconf 80' lang='lat' dir='ltr'><strong>mancipiis</strong></span> 
     </span>
    </p>
   </div>
   <div class='ocr_carea' id='block_1_12' title="bbox 259 1245 1904 1317">
    <p class='ocr_par' dir='ltr' id='par_1_12' title="bbox 259 1245 1904 1317">
     <span class='ocr_line' id='line_1_12' title="bbox 259 1245 1904 1317; baseline -0.002 -17"><span class='ocrx_word' id='word_1_75' title='bbox 259 1245 565 1317; x_wconf 89' lang='lat' dir='ltr'><strong>utriusque</strong></span> <span class='ocrx_word' id='word_1_76' title='bbox 594 1262 788 1310; x_wconf 84' lang='lat' dir='ltr'><strong>sexus,</strong></span> <span class='ocrx_word' id='word_1_77' title='bbox 819 1261 950 1300; x_wconf 89' lang='lat' dir='ltr'><strong>cum</strong></span> <span class='ocrx_word' id='word_1_78' title='bbox 986 1247 1158 1312; x_wconf 90' lang='lat' dir='ltr'><strong>areis,</strong></span> <span class='ocrx_word' id='word_1_79' title='bbox 1191 1245 1468 1312; x_wconf 67' lang='lat' dir='ltr'><strong>aediliciis,</strong></span> <span class='ocrx_word' id='word_1_80' title='bbox 1521 1246 1697 1316; x_wconf 86' lang='lat' dir='ltr'><strong>agris,</strong></span> <span class='ocrx_word' id='word_1_81' title='bbox 1745 1261 1904 1299; x_wconf 85' lang='lat' dir='ltr'><strong>cam-</strong></span> 
     </span>
    </p>
   </div>
   <div class='ocr_carea' id='block_1_13' title="bbox 257 1329 1903 1405">
    <p class='ocr_par' dir='ltr' id='par_1_13' title="bbox 257 1329 1903 1405">
     <span class='ocr_line' id='line_1_13' title="bbox 257 1329 1903 1405; baseline -0.001 -18"><span class='ocrx_word' id='word_1_82' title='bbox 257 1333 368 1405; x_wconf 88' lang='lat' dir='ltr'><strong>pis,</strong></span> <span class='ocrx_word' id='word_1_83' title='bbox 400 1331 770 1397; x_wconf 72' lang='lat' dir='ltr'><strong>terriscultis</strong></span> <span class='ocrx_word' id='word_1_84' title='bbox 803 1337 858 1386; x_wconf 86' lang='lat' dir='ltr'><strong>ct</strong></span> <span class='ocrx_word' id='word_1_85' title='bbox 889 1331 1148 1400; x_wconf 81' lang='lat' dir='ltr'><strong>incultis,</strong></span> <span class='ocrx_word' id='word_1_86' title='bbox 1181 1335 1385 1404; x_wconf 81' lang='lat' dir='ltr'><strong>pratis,</strong></span> <span class='ocrx_word' id='word_1_87' title='bbox 1411 1329 1672 1405; x_wconf 77' lang='lat' dir='ltr'><strong>pascuis,</strong></span> <span class='ocrx_word' id='word_1_88' title='bbox 1723 1332 1903 1396; x_wconf 76' lang='lat' dir='ltr'><strong>silvis,</strong></span> 
     </span>
    </p>
   </div>
   <div class='ocr_carea' id='block_1_14' title="bbox 255 1420 1905 1492">
    <p class='ocr_par' dir='ltr' id='par_1_14' title="bbox 255 1420 1905 1492">
     <span class='ocr_line' id='line_1_14' title="bbox 255 1420 1905 1492; baseline 0.001 -18"><span class='ocrx_word' id='word_1_89' title='bbox 255 1420 683 1486; x_wconf 77' lang='lat' dir='ltr'><strong>venationibus,</strong></span> <span class='ocrx_word' id='word_1_90' title='bbox 718 1421 888 1492; x_wconf 88' lang='lat' dir='ltr'><strong>aquis</strong></span> <span class='ocrx_word' id='word_1_91' title='bbox 925 1437 1282 1492; x_wconf 87' lang='lat' dir='ltr'><strong>aquarumve</strong></span> <span class='ocrx_word' id='word_1_92' title='bbox 1313 1420 1678 1488; x_wconf 86' lang='lat' dir='ltr'><strong>decursibus,</strong></span> <span class='ocrx_word' id='word_1_93' title='bbox 1714 1421 1905 1492; x_wconf 87' lang='lat' dir='ltr'><strong>pisca-</strong></span> 
     </span>
    </p>
   </div>
   <div class='ocr_carea' id='block_1_15' title="bbox 253 1507 1907 1577">
    <p class='ocr_par' dir='ltr' id='par_1_15' title="bbox 253 1507 1907 1577">
     <span class='ocr_line' id='line_1_15' title="bbox 253 1507 1907 1577; baseline -0.001 -14"><span class='ocrx_word' id='word_1_94' title='bbox 253 1509 537 1574; x_wconf 89' lang='lat' dir='ltr'><strong>tionibus,</strong></span> <span class='ocrx_word' id='word_1_95' title='bbox 573 1508 770 1577; x_wconf 89' lang='lat' dir='ltr'><strong>molis,</strong></span> <span class='ocrx_word' id='word_1_96' title='bbox 800 1507 1175 1574; x_wconf 89' lang='lat' dir='ltr'><strong>malendinis,</strong></span> <span class='ocrx_word' id='word_1_97' title='bbox 1209 1508 1316 1563; x_wconf 89' lang='lat' dir='ltr'><strong>viis</strong></span> <span class='ocrx_word' id='word_1_98' title='bbox 1345 1513 1402 1562; x_wconf 88' lang='lat' dir='ltr'><strong>et</strong></span> <span class='ocrx_word' id='word_1_99' title='bbox 1423 1507 1615 1572; x_wconf 82' lang='lat' dir='ltr'><strong>inviis,</strong></span> <span class='ocrx_word' id='word_1_100' title='bbox 1654 1509 1907 1562; x_wconf 82' lang='lat' dir='ltr'><strong>exitibus</strong></span> 
     </span>
    </p>
   </div>
   <div class='ocr_carea' id='block_1_16' title="bbox 255 1595 1909 1669">
    <p class='ocr_par' dir='ltr' id='par_1_16' title="bbox 255 1595 1909 1669">
     <span class='ocr_line' id='line_1_16' title="bbox 255 1595 1909 1669; baseline -0.001 -16"><span class='ocrx_word' id='word_1_101' title='bbox 255 1601 312 1654; x_wconf 90' lang='lat' dir='ltr'><strong>et</strong></span> <span class='ocrx_word' id='word_1_102' title='bbox 340 1597 648 1662; x_wconf 89' lang='lat' dir='ltr'><strong>reditibus,</strong></span> <span class='ocrx_word' id='word_1_103' title='bbox 685 1597 947 1668; x_wconf 75' lang='lat' dir='ltr'><strong>qumsitis</strong></span> <span class='ocrx_word' id='word_1_104' title='bbox 973 1601 1030 1652; x_wconf 89' lang='lat' dir='ltr'><strong>et</strong></span> <span class='ocrx_word' id='word_1_105' title='bbox 1059 1595 1444 1668; x_wconf 87' lang='lat' dir='ltr'><strong>inquirendis,</strong></span> <span class='ocrx_word' id='word_1_106' title='bbox 1493 1597 1909 1669; x_wconf 88' lang='lat' dir='ltr'><strong>perpetualiter</strong></span> 
     </span>
    </p>
   </div>
   <div class='ocr_carea' id='block_1_17' title="bbox 253 1685 1906 1757">
    <p class='ocr_par' dir='ltr' id='par_1_17' title="bbox 253 1685 1906 1757">
     <span class='ocr_line' id='line_1_17' title="bbox 253 1685 1906 1757; baseline 0 -17"><span class='ocrx_word' id='word_1_107' title='bbox 253 1685 526 1740; x_wconf 87' lang='lat' dir='ltr'><strong>habenda</strong></span> <span class='ocrx_word' id='word_1_108' title='bbox 555 1685 924 1752; x_wconf 86' lang='lat' dir='ltr'><strong>donavimus,</strong></span> <span class='ocrx_word' id='word_1_109' title='bbox 959 1701 1026 1740; x_wconf 89' lang='lat' dir='ltr'><strong>ea</strong></span> <span class='ocrx_word' id='word_1_110' title='bbox 1048 1685 1271 1740; x_wconf 86' lang='lat' dir='ltr'><strong>ratione</strong></span> <span class='ocrx_word' id='word_1_111' title='bbox 1300 1689 1364 1740; x_wconf 91' lang='lat' dir='ltr'><strong>ut</strong></span> <span class='ocrx_word' id='word_1_112' title='bbox 1381 1685 1656 1757; x_wconf 75' lang='lat' dir='ltr'><strong>praefatus</strong></span> <span class='ocrx_word' id='word_1_113' title='bbox 1687 1685 1906 1757; x_wconf 83' lang='lat' dir='ltr'><strong>episco-</strong></span> 
     </span>
    </p>
   </div>
   <div class='ocr_carea' id='block_1_18' title="bbox 254 1773 1906 1846">
    <p class='ocr_par' dir='ltr' id='par_1_18' title="bbox 254 1773 1906 1846">
     <span class='ocr_line' id='line_1_18' title="bbox 254 1773 1906 1846; baseline -0.001 -17"><span class='ocrx_word' id='word_1_114' title='bbox 254 1790 367 1846; x_wconf 90' lang='lat' dir='ltr'><strong>pus</strong></span> <span class='ocrx_word' id='word_1_115' title='bbox 397 1773 608 1844; x_wconf 87' lang='lat' dir='ltr'><strong>suique</strong></span> <span class='ocrx_word' id='word_1_116' title='bbox 637 1789 1010 1829; x_wconf 87' lang='lat' dir='ltr'><strong>successores</strong></span> <span class='ocrx_word' id='word_1_117' title='bbox 1061 1775 1132 1829; x_wconf 92' lang='lat' dir='ltr'><strong>de</strong></span> <span class='ocrx_word' id='word_1_118' title='bbox 1190 1774 1410 1830; x_wconf 90' lang='lat' dir='ltr'><strong>eisdem</strong></span> <span class='ocrx_word' id='word_1_119' title='bbox 1471 1773 1705 1846; x_wconf 67' lang='lat' dir='ltr'><strong>praediis</strong></span> <span class='ocrx_word' id='word_1_120' title='bbox 1739 1775 1906 1830; x_wconf 89' lang='lat' dir='ltr'><strong>nobis</strong></span> 
     </span>
    </p>
   </div>
   <div class='ocr_carea' id='block_1_19' title="bbox 253 1860 1904 1934">
    <p class='ocr_par' dir='ltr' id='par_1_19' title="bbox 253 1860 1904 1934">
     <span class='ocr_line' id='line_1_19' title="bbox 253 1860 1904 1934; baseline 0.001 -17"><span class='ocrx_word' id='word_1_121' title='bbox 253 1860 543 1934; x_wconf 83' lang='lat' dir='ltr'><strong>imperiali</strong></span> <span class='ocrx_word' id='word_1_122' title='bbox 565 1863 702 1932; x_wconf 88' lang='lat' dir='ltr'><strong>jure</strong></span> <span class='ocrx_word' id='word_1_123' title='bbox 731 1861 1090 1918; x_wconf 78' lang='lat' dir='ltr'><strong>hmreditatis</strong></span> <span class='ocrx_word' id='word_1_124' title='bbox 1119 1862 1363 1918; x_wconf 88' lang='lat' dir='ltr'><strong>liberam</strong></span> <span class='ocrx_word' id='word_1_125' title='bbox 1395 1862 1606 1918; x_wconf 88' lang='lat' dir='ltr'><strong>dehinc</strong></span> <span class='ocrx_word' id='word_1_126' title='bbox 1651 1863 1904 1918; x_wconf 82' lang='lat' dir='ltr'><strong>habeant</strong></span> 
     </span>
    </p>
   </div>
   <div class='ocr_carea' id='block_1_20' title="bbox 249 1949 1899 2022">
    <p class='ocr_par' dir='ltr' id='par_1_20' title="bbox 249 1949 1899 2022">
     <span class='ocr_line' id='line_1_20' title="bbox 249 1949 1899 2022; baseline 0.001 -17"><span class='ocrx_word' id='word_1_127' title='bbox 249 1953 600 2022; x_wconf 86' lang='lat' dir='ltr'><strong>potestatem</strong></span> <span class='ocrx_word' id='word_1_128' title='bbox 649 1949 935 2022; x_wconf 89' lang='lat' dir='ltr'><strong>quidquid</strong></span> <span class='ocrx_word' id='word_1_129' title='bbox 997 1951 1109 2005; x_wconf 89' lang='lat' dir='ltr'><strong>sibi</strong></span> <span class='ocrx_word' id='word_1_130' title='bbox 1169 1949 1449 2022; x_wconf 89' lang='lat' dir='ltr'><strong>placuerit</strong></span> <span class='ocrx_word' id='word_1_131' title='bbox 1510 1951 1784 2014; x_wconf 83' lang='lat' dir='ltr'><strong>faciendi,</strong></span> <span class='ocrx_word' id='word_1_132' title='bbox 1827 1952 1899 2006; x_wconf 92' lang='lat' dir='ltr'><strong>ad</strong></span> 
     </span>
    </p>
   </div>
   <div class='ocr_carea' id='block_1_21' title="bbox 249 2037 1894 2094">
    <p class='ocr_par' dir='ltr' id='par_1_21' title="bbox 249 2037 1894 2094">
     <span class='ocr_line' id='line_1_21' title="bbox 249 2037 1894 2094; baseline 0.001 -2"><span class='ocrx_word' id='word_1_133' title='bbox 249 2037 563 2094; x_wconf 86' lang='lat' dir='ltr'><strong>utilitatem</strong></span> <span class='ocrx_word' id='word_1_134' title='bbox 590 2041 785 2094; x_wconf 88' lang='lat' dir='ltr'><strong>tamen</strong></span> <span class='ocrx_word' id='word_1_135' title='bbox 826 2038 1081 2094; x_wconf 71' lang='lat' dir='ltr'><strong>ecclesiae</strong></span> <span class='ocrx_word' id='word_1_136' title='bbox 1129 2056 1246 2094; x_wconf 67' lang='lat' dir='ltr'><strong>suae</strong></span> <span class='ocrx_word' id='word_1_137' title='bbox 1279 2039 1544 2094; x_wconf 90' lang='lat' dir='ltr'><strong>omnium</strong></span> <span class='ocrx_word' id='word_1_138' title='bbox 1603 2040 1894 2094; x_wconf 89' lang='lat' dir='ltr'><strong>contradi-</strong></span> 
     </span>
    </p>
   </div>
   <div class='ocr_carea' id='block_1_22' title="bbox 248 2127 1897 2184">
    <p class='ocr_par' dir='ltr' id='par_1_22' title="bbox 248 2127 1897 2184">
     <span class='ocr_line' id='line_1_22' title="bbox 248 2127 1897 2184; baseline 0.001 -2"><span class='ocrx_word' id='word_1_139' title='bbox 248 2127 437 2182; x_wconf 89' lang='lat' dir='ltr'><strong>ctione</strong></span> <span class='ocrx_word' id='word_1_140' title='bbox 467 2130 709 2182; x_wconf 88' lang='lat' dir='ltr'><strong>remota.</strong></span> <span class='ocrx_word' id='word_1_141' title='bbox 744 2127 809 2181; x_wconf 87' lang='lat' dir='ltr'><strong>Et</strong></span> <span class='ocrx_word' id='word_1_142' title='bbox 843 2131 906 2182; x_wconf 92' lang='lat' dir='ltr'><strong>ut</strong></span> <span class='ocrx_word' id='word_1_143' title='bbox 938 2127 1058 2183; x_wconf 64' lang='lat' dir='ltr'><strong>haec</strong></span> <span class='ocrx_word' id='word_1_144' title='bbox 1091 2132 1303 2184; x_wconf 69' lang='lat' dir='ltr'><strong>nostra:</strong></span> <span class='ocrx_word' id='word_1_145' title='bbox 1335 2127 1669 2184; x_wconf 86' lang='lat' dir='ltr'><strong>traditionis</strong></span> <span class='ocrx_word' id='word_1_146' title='bbox 1697 2133 1897 2183; x_wconf 90' lang='lat' dir='ltr'><strong>aucto-</strong></span> 
     </span>
    </p>
   </div>
   <div class='ocr_carea' id='block_1_23' title="bbox 245 2213 1892 2288">
    <p class='ocr_par' dir='ltr' id='par_1_23' title="bbox 245 2213 1892 2288">
     <span class='ocr_line' id='line_1_23' title="bbox 245 2213 1892 2288; baseline 0.002 -20"><span class='ocrx_word' id='word_1_147' title='bbox 245 2215 387 2269; x_wconf 83' lang='lat' dir='ltr'><strong>ritas</strong></span> <span class='ocrx_word' id='word_1_148' title='bbox 434 2213 663 2270; x_wconf 86' lang='lat' dir='ltr'><strong>stabilis</strong></span> <span class='ocrx_word' id='word_1_149' title='bbox 695 2217 754 2270; x_wconf 92' lang='lat' dir='ltr'><strong>et</strong></span> <span class='ocrx_word' id='word_1_150' title='bbox 783 2215 1129 2272; x_wconf 91' lang='lat' dir='ltr'><strong>inconvulsa</strong></span> <span class='ocrx_word' id='word_1_151' title='bbox 1159 2216 1319 2271; x_wconf 93' lang='lat' dir='ltr'><strong>omni</strong></span> <span class='ocrx_word' id='word_1_152' title='bbox 1381 2220 1726 2288; x_wconf 87' lang='lat' dir='ltr'><strong>permaneat</strong></span> <span class='ocrx_word' id='word_1_153' title='bbox 1755 2233 1892 2282; x_wconf 81' lang='lat' dir='ltr'><strong>aevo,</strong></span> 
     </span>
    </p>
   </div>
   <div class='ocr_carea' id='block_1_24' title="bbox 245 2301 1892 2377">
    <p class='ocr_par' dir='ltr' id='par_1_24' title="bbox 245 2301 1892 2377">
     <span class='ocr_line' id='line_1_24' title="bbox 245 2301 1892 2377; baseline 0.003 -21"><span class='ocrx_word' id='word_1_154' title='bbox 245 2301 398 2357; x_wconf 86' lang='lat' dir='ltr'><strong>hanc</strong></span> <span class='ocrx_word' id='word_1_155' title='bbox 429 2302 703 2374; x_wconf 82' lang='lat' dir='ltr'><strong>paginam</strong></span> <span class='ocrx_word' id='word_1_156' title='bbox 735 2303 869 2358; x_wconf 89' lang='lat' dir='ltr'><strong>inde</strong></span> <span class='ocrx_word' id='word_1_157' title='bbox 899 2304 1292 2376; x_wconf 86' lang='lat' dir='ltr'><strong>conscriptam</strong></span> <span class='ocrx_word' id='word_1_158' title='bbox 1325 2322 1501 2360; x_wconf 90' lang='lat' dir='ltr'><strong>manu</strong></span> <span class='ocrx_word' id='word_1_159' title='bbox 1539 2305 1772 2377; x_wconf 90' lang='lat' dir='ltr'><strong>propria</strong></span> <span class='ocrx_word' id='word_1_160' title='bbox 1797 2322 1892 2361; x_wconf 91' lang='lat' dir='ltr'><strong>ro-</strong></span> 
     </span>
    </p>
   </div>
   <div class='ocr_carea' id='block_1_25' title="bbox 244 2389 1621 2465">
    <p class='ocr_par' dir='ltr' id='par_1_25' title="bbox 244 2389 1621 2465">
     <span class='ocr_line' id='line_1_25' title="bbox 244 2389 1621 2465; baseline 0.003 -21"><span class='ocrx_word' id='word_1_161' title='bbox 244 2389 538 2457; x_wconf 87' lang='lat' dir='ltr'><strong>borantes,</strong></span> <span class='ocrx_word' id='word_1_162' title='bbox 572 2389 764 2463; x_wconf 91' lang='lat' dir='ltr'><strong>sigillo</strong></span> <span class='ocrx_word' id='word_1_163' title='bbox 799 2395 993 2446; x_wconf 84' lang='lat' dir='ltr'><strong>nostro</strong></span> <span class='ocrx_word' id='word_1_164' title='bbox 1025 2392 1294 2465; x_wconf 84' lang='lat' dir='ltr'><strong>insigniri</strong></span> <span class='ocrx_word' id='word_1_165' title='bbox 1311 2393 1621 2464; x_wconf 89' lang='lat' dir='ltr'><strong>jussimus.</strong></span> 
     </span>
    </p>
   </div>
   <div class='ocr_carea' id='block_1_26' title="bbox 311 2479 1893 2549">
    <p class='ocr_par' dir='ltr' id='par_1_26' title="bbox 311 2479 1893 2549">
     <span class='ocr_line' id='line_1_26' title="bbox 311 2479 1893 2549; baseline 0.003 -16"><span class='ocrx_word' id='word_1_166' title='bbox 311 2480 545 2549; x_wconf 80' lang='lat' dir='ltr'><strong>Signum</strong></span> <span class='ocrx_word' id='word_1_167' title='bbox 571 2479 760 2534; x_wconf 77' lang='lat' dir='ltr'><strong>domui</strong></span> <span class='ocrx_word' id='word_1_168' title='bbox 791 2480 1118 2536; x_wconf 83' lang='lat' dir='ltr'><strong>Chuonradi</strong></span> <span class='ocrx_word' id='word_1_169' title='bbox 1146 2483 1501 2538; x_wconf 75' lang='lat' dir='ltr'><strong>invictissimi</strong></span> <span class='ocrx_word' id='word_1_170' title='bbox 1531 2484 1893 2538; x_wconf 81' lang='lat' dir='ltr'><strong>Romanorum</strong></span> 
     </span>
    </p>
   </div>
   <div class='ocr_carea' id='block_1_27' title="bbox 241 2566 1122 2638">
    <p class='ocr_par' dir='ltr' id='par_1_27' title="bbox 241 2566 1122 2638">
     <span class='ocr_line' id='line_1_27' title="bbox 241 2566 1122 2638; baseline 0.003 -18"><span class='ocrx_word' id='word_1_171' title='bbox 241 2567 325 2638; x_wconf 90' lang='lat' dir='ltr'><strong>(L.</strong></span> <span class='ocrx_word' id='word_1_172' title='bbox 359 2566 460 2637; x_wconf 91' lang='lat' dir='ltr'><strong>M.)</strong></span> <span class='ocrx_word' id='word_1_173' title='bbox 491 2568 838 2638; x_wconf 77' lang='lat' dir='ltr'><strong>imperatoris</strong></span> <span class='ocrx_word' id='word_1_174' title='bbox 869 2568 1122 2638; x_wconf 76' lang='lat' dir='ltr'><strong>Augusti.</strong></span> 
     </span>
    </p>
   </div>
   <div class='ocr_carea' id='block_1_28' title="bbox 308 2653 1887 2731">
    <p class='ocr_par' dir='ltr' id='par_1_28' title="bbox 308 2653 1887 2731">
     <span class='ocr_line' id='line_1_28' title="bbox 308 2653 1887 2731; baseline 0.003 -21"><span class='ocrx_word' id='word_1_175' title='bbox 308 2653 614 2710; x_wconf 90' lang='lat' dir='ltr'><strong>Odalricus</strong></span> <span class='ocrx_word' id='word_1_176' title='bbox 645 2654 1029 2711; x_wconf 89' lang='lat' dir='ltr'><strong>cancellarius</strong></span> <span class='ocrx_word' id='word_1_177' title='bbox 1061 2656 1182 2712; x_wconf 90' lang='lat' dir='ltr'><strong>vice</strong></span> <span class='ocrx_word' id='word_1_178' title='bbox 1213 2658 1486 2714; x_wconf 80' lang='lat' dir='ltr'><strong>Aribonis</strong></span> <span class='ocrx_word' id='word_1_179' title='bbox 1535 2657 1887 2731; x_wconf 90' lang='lat' dir='ltr'><strong>archicapel-</strong></span> 
     </span>
    </p>
   </div>
   <div class='ocr_carea' id='block_1_29' title="bbox 235 2742 745 2816">
    <p class='ocr_par' dir='ltr' id='par_1_29' title="bbox 235 2742 745 2816">
     <span class='ocr_line' id='line_1_29' title="bbox 235 2742 745 2816; baseline 0 -18"><span class='ocrx_word' id='word_1_180' title='bbox 235 2742 354 2799; x_wconf 90' lang='lat' dir='ltr'><strong>lani</strong></span> <span class='ocrx_word' id='word_1_181' title='bbox 385 2743 745 2816; x_wconf 85' lang='lat' dir='ltr'><strong>recognovit.</strong></span> 
     </span>
    </p>
   </div>
   <div class='ocr_carea' id='block_1_30' title="bbox 306 2831 1884 2900">
    <p class='ocr_par' dir='ltr' id='par_1_30' title="bbox 306 2831 1884 2900">
     <span class='ocr_line' id='line_1_30' title="bbox 306 2831 1884 2900; baseline 0.004 -14"><span class='ocrx_word' id='word_1_182' title='bbox 306 2831 452 2886; x_wconf 91' lang='lat' dir='ltr'><strong>Data</strong></span> <span class='ocrx_word' id='word_1_183' title='bbox 507 2849 608 2886; x_wconf 64' lang='grc' dir='ltr'><strong>χιιι</strong></span> <span class='ocrx_word' id='word_1_184' title='bbox 671 2831 798 2887; x_wconf 85' lang='lat' dir='ltr'><strong>Kal.</strong></span> <span class='ocrx_word' id='word_1_185' title='bbox 878 2832 1068 2899; x_wconf 85' lang='lat' dir='ltr'><strong>Febr.,</strong></span> <span class='ocrx_word' id='word_1_186' title='bbox 1147 2831 1466 2887; x_wconf 90' lang='lat' dir='ltr'><strong>indictione</strong></span> <span class='ocrx_word' id='word_1_187' title='bbox 1537 2849 1652 2900; x_wconf 70' lang='lat' dir='ltr'><strong>xxv,</strong></span> <span class='ocrx_word' id='word_1_188' title='bbox 1732 2852 1884 2892; x_wconf 92' lang='lat' dir='ltr'><strong>anno</strong></span> 
     </span>
    </p>
   </div>
   <div class='ocr_carea' id='block_1_31' title="bbox 236 2919 1881 2991">
    <p class='ocr_par' dir='ltr' id='par_1_31' title="bbox 236 2919 1881 2991">
     <span class='ocr_line' id='line_1_31' title="bbox 236 2919 1881 2991; baseline 0.004 -17"><span class='ocrx_word' id='word_1_189' title='bbox 236 2919 548 2974; x_wconf 65' lang='lat' dir='ltr'><strong>Dominicis</strong></span> <span class='ocrx_word' id='word_1_190' title='bbox 607 2919 1032 2976; x_wconf 84' lang='lat' dir='ltr'><strong>Incarnationis</strong></span> <span class='ocrx_word' id='word_1_191' title='bbox 1091 2921 1250 2991; x_wconf 81' lang='lat'><strong>1031,</strong></span> <span class='ocrx_word' id='word_1_192' title='bbox 1283 2937 1435 2976; x_wconf 91' lang='lat' dir='ltr'><strong>anno</strong></span> <span class='ocrx_word' id='word_1_193' title='bbox 1489 2937 1622 2977; x_wconf 89' lang='lat' dir='ltr'><strong>vero</strong></span> <span class='ocrx_word' id='word_1_194' title='bbox 1681 2923 1881 2981; x_wconf 91' lang='lat' dir='ltr'><strong>domni</strong></span> 
     </span>
    </p>
   </div>
   <div class='ocr_carea' id='block_1_32' title="bbox 235 3006 1716 3081">
    <p class='ocr_par' dir='ltr' id='par_1_32' title="bbox 235 3006 1716 3081">
     <span class='ocr_line' id='line_1_32' title="bbox 235 3006 1716 3081; baseline 0.003 -20"><span class='ocrx_word' id='word_1_195' title='bbox 235 3006 564 3062; x_wconf 91' lang='lat' dir='ltr'><strong>Chuonradi</strong></span> <span class='ocrx_word' id='word_1_196' title='bbox 598 3007 647 3062; x_wconf 88' lang='lat' dir='ltr'><strong>Il</strong></span> <span class='ocrx_word' id='word_1_197' title='bbox 680 3006 977 3079; x_wconf 89' lang='lat' dir='ltr'><strong>regnantis</strong></span> <span class='ocrx_word' id='word_1_198' title='bbox 1009 3025 1121 3075; x_wconf 85' lang='lat' dir='ltr'><strong>vn;</strong></span> <span class='ocrx_word' id='word_1_199' title='bbox 1154 3007 1382 3081; x_wconf 90' lang='lat' dir='ltr'><strong>imperii</strong></span> <span class='ocrx_word' id='word_1_200' title='bbox 1415 3012 1608 3066; x_wconf 91' lang='lat' dir='ltr'><strong>autem</strong></span> <span class='ocrx_word' id='word_1_201' title='bbox 1640 3027 1716 3066; x_wconf 81' lang='grc' dir='ltr'><strong>ιν.</strong></span> 
     </span>
    </p>
   </div>
   <div class='ocr_carea' id='block_1_33' title="bbox 305 3095 800 3153">
    <p class='ocr_par' dir='ltr' id='par_1_33' title="bbox 305 3095 800 3153">
     <span class='ocr_line' id='line_1_33' title="bbox 305 3095 800 3153; baseline -0.004 -2"><span class='ocrx_word' id='word_1_202' title='bbox 305 3097 512 3152; x_wconf 85' lang='lat' dir='ltr'><strong>Actum</strong></span> <span class='ocrx_word' id='word_1_203' title='bbox 537 3095 800 3153; x_wconf 86' lang='lat' dir='ltr'><strong>Altstete.</strong></span> 
     </span>
    </p>
   </div>
   <div class='ocr_carea' id='block_1_34' title="bbox 994 3184 1110 3241">
    <p class='ocr_par' dir='ltr' id='par_1_34' title="bbox 994 3184 1110 3241">
     <span class='ocr_line' id='line_1_34' title="bbox 994 3184 1110 3241; baseline -0.009 -2"><span class='ocrx_word' id='word_1_204' title='bbox 994 3184 1110 3241; x_wconf 85' lang='lat' dir='ltr'><strong>XII.</strong></span> 
     </span>
    </p>
   </div>
   <div class='ocr_carea' id='block_1_35' title="bbox 629 3272 1483 3328">
    <p class='ocr_par' dir='ltr' id='par_1_35' title="bbox 629 3272 1483 3328">
     <span class='ocr_line' id='line_1_35' title="bbox 629 3272 1483 3328; baseline 0 0"><span class='ocrx_word' id='word_1_205' title='bbox 629 3277 738 3328; x_wconf 85' lang='lat' dir='ltr'><strong>Pro</strong></span> <span class='ocrx_word' id='word_1_206' title='bbox 766 3273 1004 3328; x_wconf 72' lang='lat' dir='ltr'><strong>Ecclesia</strong></span> <span class='ocrx_word' id='word_1_207' title='bbox 1028 3272 1483 3328; x_wconf 77' lang='lat' dir='ltr'><strong>Paderbornensi.</strong></span> 
     </span>
    </p>
   </div>
   <div class='ocr_carea' id='block_1_36' title="bbox 850 3362 1250 3432">
    <p class='ocr_par' dir='ltr' id='par_1_36' title="bbox 850 3362 1250 3432">
     <span class='ocr_line' id='line_1_36' title="bbox 850 3362 1250 3432; baseline 0 -16"><span class='ocrx_word' id='word_1_208' title='bbox 850 3362 1037 3432; x_wconf 89' lang='lat' dir='ltr'><strong>(Anno</strong></span> <span class='ocrx_word' id='word_1_209' title='bbox 1068 3362 1250 3432; x_wconf 78' lang='grc'><strong>1031.)</strong></span> 
     </span>
    </p>
   </div>
   <div class='ocr_carea' id='block_1_37' title="bbox 433 3449 1664 3526">
    <p class='ocr_par' dir='ltr' id='par_1_37' title="bbox 433 3449 1664 3526">
     <span class='ocr_line' id='line_1_37' title="bbox 433 3449 1664 3526; baseline 0.002 -20"><span class='ocrx_word' id='word_1_210' title='bbox 433 3451 710 3519; x_wconf 76' lang='lat' dir='ltr'><strong>(Eamne,</strong></span> <span class='ocrx_word' id='word_1_211' title='bbox 741 3449 867 3506; x_wconf 84' lang='lat' dir='ltr'><strong>Cod.</strong></span> <span class='ocrx_word' id='word_1_212' title='bbox 899 3451 1126 3523; x_wconf 85' lang='lat' dir='ltr'><strong>diplom.</strong></span> <span class='ocrx_word' id='word_1_213' title='bbox 1169 3451 1424 3524; x_wconf 81' lang='lat' dir='ltr'><strong>Westph.,</strong></span> <span class='ocrx_word' id='word_1_214' title='bbox 1460 3469 1516 3525; x_wconf 92' lang='lat' dir='ltr'><strong>p.</strong></span> <span class='ocrx_word' id='word_1_215' title='bbox 1543 3454 1664 3526; x_wconf 87' lang='lat'><strong>92.]</strong></span> 
     </span>
    </p>
   </div>
   <div class='ocr_carea' id='block_1_38' title="bbox 294 3537 1865 3601">
    <p class='ocr_par' dir='ltr' id='par_1_38' title="bbox 294 3537 1865 3601">
     <span class='ocr_line' id='line_1_38' title="bbox 294 3537 1865 3601; baseline 0.004 -8"><span class='ocrx_word' id='word_1_216' title='bbox 294 3537 356 3594; x_wconf 90' lang='lat' dir='ltr'><strong>C.</strong></span> <span class='ocrx_word' id='word_1_217' title='bbox 402 3539 470 3594; x_wconf 83' lang='lat' dir='ltr'><strong>In</strong></span> <span class='ocrx_word' id='word_1_218' title='bbox 519 3538 757 3595; x_wconf 89' lang='lat' dir='ltr'><strong>nomine</strong></span> <span class='ocrx_word' id='word_1_219' title='bbox 805 3545 1019 3595; x_wconf 67' lang='lat' dir='ltr'><strong>sanctze</strong></span> <span class='ocrx_word' id='word_1_220' title='bbox 1071 3543 1128 3595; x_wconf 91' lang='lat' dir='ltr'><strong>et</strong></span> <span class='ocrx_word' id='word_1_221' title='bbox 1175 3539 1485 3596; x_wconf 63' lang='lat' dir='ltr'><strong>individuis</strong></span> <span class='ocrx_word' id='word_1_222' title='bbox 1535 3540 1865 3601; x_wconf 88' lang='lat' dir='ltr'><strong>Trinitatis.</strong></span> 
     </span>
    </p>
   </div>
   <div class='ocr_carea' id='block_1_39' title="bbox 222 3627 1868 3698">
    <p class='ocr_par' dir='ltr' id='par_1_39' title="bbox 222 3627 1868 3698">
     <span class='ocr_line' id='line_1_39' title="bbox 222 3627 1868 3698; baseline 0.004 -16"><span class='ocrx_word' id='word_1_223' title='bbox 222 3627 630 3695; x_wconf 65' lang='lat' dir='ltr'><strong>Cunonamus,</strong></span> <span class='ocrx_word' id='word_1_224' title='bbox 650 3627 745 3684; x_wconf 85' lang='lat' dir='ltr'><strong>Dei</strong></span> <span class='ocrx_word' id='word_1_225' title='bbox 761 3628 1070 3684; x_wconf 88' lang='lat' dir='ltr'><strong>ordinante</strong></span> <span class='ocrx_word' id='word_1_226' title='bbox 1101 3627 1425 3698; x_wconf 89' lang='lat' dir='ltr'><strong>clementia,</strong></span> <span class='ocrx_word' id='word_1_227' title='bbox 1461 3629 1868 3688; x_wconf 85' lang='lat' dir='ltr'><strong>Romanorum</strong></span> 
     </span>
    </p>
   </div>
   <div class='ocr_carea' id='block_1_40' title="bbox 223 3715 894 3789">
    <p class='ocr_par' dir='ltr' id='par_1_40' title="bbox 223 3715 894 3789">
     <span class='ocr_line' id='line_1_40' title="bbox 223 3715 894 3789; baseline 0 -19"><span class='ocrx_word' id='word_1_228' title='bbox 223 3715 541 3787; x_wconf 88' lang='lat' dir='ltr'><strong>imperator</strong></span> <span class='ocrx_word' id='word_1_229' title='bbox 569 3721 894 3789; x_wconf 79' lang='lat' dir='ltr'><strong>Augustus.</strong></span> 
     </span>
    </p>
   </div>
   <div class='ocr_carea' id='block_1_41' title="bbox 294 3803 1867 3877">
    <p class='ocr_par' dir='ltr' id='par_1_41' title="bbox 294 3803 1867 3877">
     <span class='ocr_line' id='line_1_41' title="bbox 294 3803 1867 3877; baseline 0.004 -18"><span class='ocrx_word' id='word_1_230' title='bbox 294 3803 572 3860; x_wconf 86' lang='lat' dir='ltr'><strong>Omnium</strong></span> <span class='ocrx_word' id='word_1_231' title='bbox 598 3805 699 3860; x_wconf 89' lang='lat' dir='ltr'><strong>Dei</strong></span> <span class='ocrx_word' id='word_1_232' title='bbox 731 3805 1033 3877; x_wconf 88' lang='lat' dir='ltr'><strong>nostrique</strong></span> <span class='ocrx_word' id='word_1_233' title='bbox 1057 3805 1320 3862; x_wconf 82' lang='lat' dir='ltr'><strong>fidelium</strong></span> <span class='ocrx_word' id='word_1_234' title='bbox 1353 3805 1715 3864; x_wconf 84' lang='lat' dir='ltr'><strong>universitati</strong></span> <span class='ocrx_word' id='word_1_235' title='bbox 1760 3826 1867 3865; x_wconf 88' lang='lat' dir='ltr'><strong>no-</strong></span> 
     </span>
    </p>
   </div>
   <div class='ocr_carea' id='block_1_42' title="bbox 220 3891 1865 3965">
    <p class='ocr_par' dir='ltr' id='par_1_42' title="bbox 220 3891 1865 3965">
     <span class='ocr_line' id='line_1_42' title="bbox 220 3891 1865 3965; baseline 0.004 -19"><span class='ocrx_word' id='word_1_236' title='bbox 220 3895 348 3946; x_wconf 89' lang='lat' dir='ltr'><strong>tum</strong></span> <span class='ocrx_word' id='word_1_237' title='bbox 378 3907 508 3947; x_wconf 90' lang='lat' dir='ltr'><strong>esse</strong></span> <span class='ocrx_word' id='word_1_238' title='bbox 536 3891 1095 3965; x_wconf 90' lang='lat' dir='ltr'><strong>volumus,qualiter</strong></span> <span class='ocrx_word' id='word_1_239' title='bbox 1110 3911 1235 3962; x_wconf 91' lang='lat' dir='ltr'><strong>nos,</strong></span> <span class='ocrx_word' id='word_1_240' title='bbox 1261 3895 1468 3950; x_wconf 65' lang='lat' dir='ltr'><strong>divinae</strong></span> <span class='ocrx_word' id='word_1_241' title='bbox 1493 3896 1865 3953; x_wconf 89' lang='lat' dir='ltr'><strong>mercedisob</strong></span> 
     </span>
    </p>
   </div>
   <div class='ocr_carea' id='block_1_43' title="bbox 219 3979 1864 4054">
    <p class='ocr_par' dir='ltr' id='par_1_43' title="bbox 219 3979 1864 4054">
     <span class='ocr_line' id='line_1_43' title="bbox 219 3979 1864 4054; baseline 0.004 -20"><span class='ocrx_word' id='word_1_242' title='bbox 219 3979 522 4047; x_wconf 87' lang='lat' dir='ltr'><strong>intuitum,</strong></span> <span class='ocrx_word' id='word_1_243' title='bbox 558 3996 660 4036; x_wconf 90' lang='lat' dir='ltr'><strong>nec</strong></span> <span class='ocrx_word' id='word_1_244' title='bbox 711 3997 825 4035; x_wconf 92' lang='lat' dir='ltr'><strong>non</strong></span> <span class='ocrx_word' id='word_1_245' title='bbox 880 3997 983 4054; x_wconf 90' lang='lat' dir='ltr'><strong>per</strong></span> <span class='ocrx_word' id='word_1_246' title='bbox 1036 3981 1422 4038; x_wconf 86' lang='lat' dir='ltr'><strong>interventum</strong></span> <span class='ocrx_word' id='word_1_247' title='bbox 1472 3982 1864 4041; x_wconf 68' lang='lat' dir='ltr'><strong>dilectissime</strong></span> 
     </span>
    </p>
   </div>
   <div class='ocr_carea' id='block_1_44' title="bbox 219 4067 1864 4145">
    <p class='ocr_par' dir='ltr' id='par_1_44' title="bbox 219 4067 1864 4145">
     <span class='ocr_line' id='line_1_44' title="bbox 219 4067 1864 4145; baseline 0.004 -22"><span class='ocrx_word' id='word_1_248' title='bbox 219 4067 558 4124; x_wconf 85' lang='lat' dir='ltr'><strong>contectalis</strong></span> <span class='ocrx_word' id='word_1_249' title='bbox 616 4073 827 4124; x_wconf 74' lang='lat' dir='ltr'><strong>nostrae</strong></span> <span class='ocrx_word' id='word_1_250' title='bbox 884 4069 1055 4126; x_wconf 77' lang='lat' dir='ltr'><strong>Gislze</strong></span> <span class='ocrx_word' id='word_1_251' title='bbox 1131 4069 1520 4142; x_wconf 89' lang='lat' dir='ltr'><strong>impcratricis</strong></span> <span class='ocrx_word' id='word_1_252' title='bbox 1593 4074 1864 4145; x_wconf 72' lang='lat' dir='ltr'><strong>Augustis</strong></span> 
     </span>
    </p>
   </div>
   <div class='ocr_carea' id='block_1_45' title="bbox 218 4154 1864 4236">
    <p class='ocr_par' dir='ltr' id='par_1_45' title="bbox 218 4154 1864 4236">
     <span class='ocr_line' id='line_1_45' title="bbox 218 4154 1864 4236; baseline 0.005 -25"><span class='ocrx_word' id='word_1_253' title='bbox 218 4154 396 4212; x_wconf 87' lang='lat' dir='ltr'><strong>simul</strong></span> <span class='ocrx_word' id='word_1_254' title='bbox 427 4155 603 4212; x_wconf 89' lang='lat' dir='ltr'><strong>etiam</strong></span> <span class='ocrx_word' id='word_1_255' title='bbox 625 4156 818 4213; x_wconf 89' lang='lat' dir='ltr'><strong>dilecti</strong></span> <span class='ocrx_word' id='word_1_256' title='bbox 836 4157 936 4212; x_wconf 84' lang='lat' dir='ltr'><strong>ﬁlii</strong></span> <span class='ocrx_word' id='word_1_257' title='bbox 970 4158 1153 4214; x_wconf 90' lang='lat' dir='ltr'><strong>nostri</strong></span> <span class='ocrx_word' id='word_1_258' title='bbox 1174 4158 1327 4231; x_wconf 88' lang='lat' dir='ltr'><strong>regis</strong></span> <span class='ocrx_word' id='word_1_259' title='bbox 1357 4158 1628 4226; x_wconf 87' lang='lat' dir='ltr'><strong>Heinrici,</strong></span> <span class='ocrx_word' id='word_1_260' title='bbox 1663 4164 1864 4236; x_wconf 90' lang='lat' dir='ltr'><strong>etjuge</strong></span> 
     </span>
    </p>
   </div>
   <div class='ocr_carea' id='block_1_46' title="bbox 215 4243 1863 4318">
    <p class='ocr_par' dir='ltr' id='par_1_46' title="bbox 215 4243 1863 4318">
     <span class='ocr_line' id='line_1_46' title="bbox 215 4243 1863 4318; baseline 0.004 -18"><span class='ocrx_word' id='word_1_261' title='bbox 215 4243 519 4300; x_wconf 86' lang='lat' dir='ltr'><strong>servitium</strong></span> <span class='ocrx_word' id='word_1_262' title='bbox 581 4245 996 4318; x_wconf 88' lang='lat' dir='ltr'><strong>Meginwerchi</strong></span> <span class='ocrx_word' id='word_1_263' title='bbox 1061 4246 1542 4303; x_wconf 89' lang='lat' dir='ltr'><strong>Paterburnensis</strong></span> <span class='ocrx_word' id='word_1_264' title='bbox 1599 4249 1863 4306; x_wconf 69' lang='lat' dir='ltr'><strong>Ecclesiae</strong></span> 
     </span>
    </p>
   </div>
   <div class='ocr_carea' id='block_1_47' title="bbox 215 4333 1860 4408">
    <p class='ocr_par' dir='ltr' id='par_1_47' title="bbox 215 4333 1860 4408">
     <span class='ocr_line' id='line_1_47' title="bbox 215 4333 1860 4408; baseline 0.004 -20"><span class='ocrx_word' id='word_1_265' title='bbox 215 4333 470 4405; x_wconf 91' lang='lat' dir='ltr'><strong>episcopi</strong></span> <span class='ocrx_word' id='word_1_266' title='bbox 489 4334 813 4406; x_wconf 59' lang='lat' dir='ltr'><strong>saepissime</strong></span> <span class='ocrx_word' id='word_1_267' title='bbox 844 4335 1013 4390; x_wconf 92' lang='lat' dir='ltr'><strong>nobis</strong></span> <span class='ocrx_word' id='word_1_268' title='bbox 1029 4333 1645 4408; x_wconf 82' lang='lat' dir='ltr'><strong>ﬁdeliterimpensum,</strong></span> <span class='ocrx_word' id='word_1_269' title='bbox 1670 4337 1860 4395; x_wconf 88' lang='lat' dir='ltr'><strong>eidem</strong></span> 
     </span>
    </p>
   </div>
   <div class='ocr_carea' id='block_1_48' title="bbox 214 4421 1859 4496">
    <p class='ocr_par' dir='ltr' id='par_1_48' title="bbox 214 4421 1859 4496">
     <span class='ocr_line' id='line_1_48' title="bbox 214 4421 1859 4496; baseline 0.003 -18"><span class='ocrx_word' id='word_1_270' title='bbox 214 4421 470 4478; x_wconf 70' lang='lat' dir='ltr'><strong>ecclesiis</strong></span> <span class='ocrx_word' id='word_1_271' title='bbox 502 4422 562 4478; x_wconf 93' lang='lat' dir='ltr'><strong>in</strong></span> <span class='ocrx_word' id='word_1_272' title='bbox 610 4423 828 4479; x_wconf 90' lang='lat' dir='ltr'><strong>honore</strong></span> <span class='ocrx_word' id='word_1_273' title='bbox 878 4428 1093 4478; x_wconf 65' lang='lat' dir='ltr'><strong>sanctas</strong></span> <span class='ocrx_word' id='word_1_274' title='bbox 1159 4421 1256 4477; x_wconf 89' lang='lat' dir='ltr'><strong>Dei</strong></span> <span class='ocrx_word' id='word_1_275' title='bbox 1309 4424 1611 4496; x_wconf 87' lang='lat' dir='ltr'><strong>genitricis</strong></span> <span class='ocrx_word' id='word_1_276' title='bbox 1666 4427 1859 4482; x_wconf 70' lang='lat' dir='ltr'><strong>Mariis</strong></span> 
     </span>
    </p>
   </div>
   <div class='ocr_carea' id='block_1_49' title="bbox 213 4511 1859 4590">
    <p class='ocr_par' dir='ltr' id='par_1_49' title="bbox 213 4511 1859 4590">
     <span class='ocr_line' id='line_1_49' title="bbox 213 4511 1859 4590; baseline 0.004 -24"><span class='ocrx_word' id='word_1_277' title='bbox 213 4527 280 4566; x_wconf 87' lang='lat' dir='ltr'><strong>ac</strong></span> <span class='ocrx_word' id='word_1_278' title='bbox 314 4511 502 4567; x_wconf 90' lang='lat' dir='ltr'><strong>sancti</strong></span> <span class='ocrx_word' id='word_1_279' title='bbox 541 4511 806 4585; x_wconf 81' lang='lat' dir='ltr'><strong>Chyllani</strong></span> <span class='ocrx_word' id='word_1_280' title='bbox 837 4511 1112 4584; x_wconf 85' lang='lat' dir='ltr'><strong>martyris</strong></span> <span class='ocrx_word' id='word_1_281' title='bbox 1142 4515 1199 4567; x_wconf 93' lang='lat' dir='ltr'><strong>et</strong></span> <span class='ocrx_word' id='word_1_282' title='bbox 1245 4511 1434 4568; x_wconf 89' lang='lat' dir='ltr'><strong>sancti</strong></span> <span class='ocrx_word' id='word_1_283' title='bbox 1489 4513 1703 4570; x_wconf 90' lang='lat' dir='ltr'><strong>Liborii</strong></span> <span class='ocrx_word' id='word_1_284' title='bbox 1735 4518 1859 4590; x_wconf 89' lang='lat' dir='ltr'><strong>epi-</strong></span> 
     </span>
    </p>
   </div>
   <div class='ocr_carea' id='block_1_50' title="bbox 2019 623 3674 699">
    <p class='ocr_par' dir='ltr' id='par_1_50' title="bbox 2019 623 3674 699">
     <span class='ocr_line' id='line_1_50' title="bbox 2019 623 3674 699; baseline 0.007 -25"><span class='ocrx_word' id='word_1_285' title='bbox 2019 637 2230 692; x_wconf 90' lang='lat' dir='ltr'><strong>scopus</strong></span> <span class='ocrx_word' id='word_1_286' title='bbox 2261 623 2504 694; x_wconf 89' lang='lat' dir='ltr'><strong>ejusque</strong></span> <span class='ocrx_word' id='word_1_287' title='bbox 2535 639 2902 680; x_wconf 87' lang='lat' dir='ltr'><strong>successores</strong></span> <span class='ocrx_word' id='word_1_288' title='bbox 2930 625 3002 681; x_wconf 91' lang='lat' dir='ltr'><strong>de</strong></span> <span class='ocrx_word' id='word_1_289' title='bbox 3030 625 3235 682; x_wconf 88' lang='lat' dir='ltr'><strong>eodem</strong></span> <span class='ocrx_word' id='word_1_290' title='bbox 3266 627 3485 699; x_wconf 70' lang='lat' dir='ltr'><strong>prodis</strong></span> <span class='ocrx_word' id='word_1_291' title='bbox 3519 627 3674 686; x_wconf 88' lang='lat' dir='ltr'><strong>libs-</strong></span> 
     </span>
    </p>
   </div>
   <div class='ocr_carea' id='block_1_51' title="bbox 2023 710 3673 782">
    <p class='ocr_par' dir='ltr' id='par_1_51' title="bbox 2023 710 3673 782">
     <span class='ocr_line' id='line_1_51' title="bbox 2023 710 3673 782; baseline 0.007 -19"><span class='ocrx_word' id='word_1_292' title='bbox 2023 724 2150 763; x_wconf 88' lang='lat' dir='ltr'><strong>ram</strong></span> <span class='ocrx_word' id='word_1_293' title='bbox 2183 710 2426 780; x_wconf 86' lang='lat' dir='ltr'><strong>posthac</strong></span> <span class='ocrx_word' id='word_1_294' title='bbox 2457 715 2804 782; x_wconf 89' lang='lat' dir='ltr'><strong>potestatem</strong></span> <span class='ocrx_word' id='word_1_295' title='bbox 2836 711 3092 770; x_wconf 86' lang='lat' dir='ltr'><strong>habeant</strong></span> <span class='ocrx_word' id='word_1_296' title='bbox 3119 716 3376 782; x_wconf 78' lang='lat' dir='ltr'><strong>tenendi,</strong></span> <span class='ocrx_word' id='word_1_297' title='bbox 3400 731 3673 774; x_wconf 79' lang='lat' dir='ltr'><strong>commu-</strong></span> 
     </span>
    </p>
   </div>
   <div class='ocr_carea' id='block_1_52' title="bbox 2021 798 3678 878">
    <p class='ocr_par' dir='ltr' id='par_1_52' title="bbox 2021 798 3678 878">
     <span class='ocr_line' id='line_1_52' title="bbox 2021 798 3678 878; baseline 0.008 -28"><span class='ocrx_word' id='word_1_298' title='bbox 2021 799 2182 852; x_wconf 91' lang='lat' dir='ltr'><strong>tandi</strong></span> <span class='ocrx_word' id='word_1_299' title='bbox 2216 798 2302 854; x_wconf 89' lang='lat' dir='ltr'><strong>vel</strong></span> <span class='ocrx_word' id='word_1_300' title='bbox 2333 799 2618 871; x_wconf 89' lang='lat' dir='ltr'><strong>quidquid</strong></span> <span class='ocrx_word' id='word_1_301' title='bbox 2652 800 2764 857; x_wconf 92' lang='lat' dir='ltr'><strong>sibi</strong></span> <span class='ocrx_word' id='word_1_302' title='bbox 2798 801 3062 858; x_wconf 86' lang='lat' dir='ltr'><strong>utilitatis</strong></span> <span class='ocrx_word' id='word_1_303' title='bbox 3085 803 3358 860; x_wconf 67' lang='lat' dir='ltr'><strong>Ecclesia!</strong></span> <span class='ocrx_word' id='word_1_304' title='bbox 3389 805 3678 878; x_wconf 74' lang='lat' dir='ltr'><strong>placuerit</strong></span> 
     </span>
    </p>
   </div>
   <div class='ocr_carea' id='block_1_53' title="bbox 2019 885 3673 954">
    <p class='ocr_par' dir='ltr' id='par_1_53' title="bbox 2019 885 3673 954">
     <span class='ocr_line' id='line_1_53' title="bbox 2019 885 3673 954; baseline 0.008 -15"><span class='ocrx_word' id='word_1_305' title='bbox 2019 885 2290 954; x_wconf 83' lang='lat' dir='ltr'><strong>faciendi,</strong></span> <span class='ocrx_word' id='word_1_306' title='bbox 2317 889 2584 944; x_wconf 89' lang='lat' dir='ltr'><strong>omnium</strong></span> <span class='ocrx_word' id='word_1_307' title='bbox 2616 889 2924 946; x_wconf 88' lang='lat' dir='ltr'><strong>hominum</strong></span> <span class='ocrx_word' id='word_1_308' title='bbox 2939 893 3404 951; x_wconf 84' lang='lat' dir='ltr'><strong>contradictione</strong></span> <span class='ocrx_word' id='word_1_309' title='bbox 3427 899 3673 952; x_wconf 76' lang='lat' dir='ltr'><strong>remota.</strong></span> 
     </span>
    </p>
   </div>
   <div class='ocr_carea' id='block_1_54' title="bbox 2019 975 3683 1040">
    <p class='ocr_par' dir='ltr' id='par_1_54' title="bbox 2019 975 3683 1040">
     <span class='ocr_line' id='line_1_54' title="bbox 2019 975 3683 1040; baseline 0.004 -12"><span class='ocrx_word' id='word_1_310' title='bbox 2019 975 2106 1039; x_wconf 88' lang='lat' dir='ltr'><strong>Et,</strong></span> <span class='ocrx_word' id='word_1_311' title='bbox 2142 980 2427 1031; x_wconf 74' lang='lat' dir='ltr'><strong>utnostrae</strong></span> <span class='ocrx_word' id='word_1_312' title='bbox 2444 976 2771 1034; x_wconf 89' lang='lat' dir='ltr'><strong>traditionis</strong></span> <span class='ocrx_word' id='word_1_313' title='bbox 2787 980 3103 1036; x_wconf 87' lang='lat' dir='ltr'><strong>auctoritas</strong></span> <span class='ocrx_word' id='word_1_314' title='bbox 3131 981 3366 1038; x_wconf 79' lang='lat' dir='ltr'><strong>stabilis</strong></span> <span class='ocrx_word' id='word_1_315' title='bbox 3395 987 3455 1039; x_wconf 78' lang='lat' dir='ltr'><strong>et</strong></span> <span class='ocrx_word' id='word_1_316' title='bbox 3475 981 3683 1040; x_wconf 82' lang='lat' dir='ltr'><strong>incon.-</strong></span> 
     </span>
    </p>
   </div>
   <div class='ocr_carea' id='block_1_55' title="bbox 2019 1061 3672 1142">
    <p class='ocr_par' dir='ltr' id='par_1_55' title="bbox 2019 1061 3672 1142">
     <span class='ocr_line' id='line_1_55' title="bbox 2019 1061 3672 1142; baseline 0.008 -27"><span class='ocrx_word' id='word_1_317' title='bbox 2019 1061 2184 1118; x_wconf 88' lang='lat' dir='ltr'><strong>vulsa</strong></span> <span class='ocrx_word' id='word_1_318' title='bbox 2212 1079 2316 1134; x_wconf 93' lang='lat' dir='ltr'><strong>per</strong></span> <span class='ocrx_word' id='word_1_319' title='bbox 2346 1065 2591 1136; x_wconf 90' lang='lat' dir='ltr'><strong>antiqua</strong></span> <span class='ocrx_word' id='word_1_320' title='bbox 2617 1065 2964 1122; x_wconf 73' lang='lat' dir='ltr'><strong>szeculorum</strong></span> <span class='ocrx_word' id='word_1_321' title='bbox 2989 1068 3285 1126; x_wconf 86' lang='lat' dir='ltr'><strong>curricula</strong></span> <span class='ocrx_word' id='word_1_322' title='bbox 3303 1075 3672 1142; x_wconf 77' lang='lat' dir='ltr'><strong>permaneat,</strong></span> 
     </span>
    </p>
   </div>
   <div class='ocr_carea' id='block_1_56' title="bbox 2016 1147 3676 1230">
    <p class='ocr_par' dir='ltr' id='par_1_56' title="bbox 2016 1147 3676 1230">
     <span class='ocr_line' id='line_1_56' title="bbox 2016 1147 3676 1230; baseline 0.007 -27"><span class='ocrx_word' id='word_1_323' title='bbox 2016 1147 2169 1204; x_wconf 88' lang='lat' dir='ltr'><strong>hanc</strong></span> <span class='ocrx_word' id='word_1_324' title='bbox 2226 1151 2501 1224; x_wconf 87' lang='lat' dir='ltr'><strong>paginam</strong></span> <span class='ocrx_word' id='word_1_325' title='bbox 2551 1151 2686 1208; x_wconf 91' lang='lat' dir='ltr'><strong>inde</strong></span> <span class='ocrx_word' id='word_1_326' title='bbox 2743 1153 3133 1227; x_wconf 82' lang='lat' dir='ltr'><strong>conscriptam</strong></span> <span class='ocrx_word' id='word_1_327' title='bbox 3191 1171 3373 1212; x_wconf 89' lang='lat' dir='ltr'><strong>manu</strong></span> <span class='ocrx_word' id='word_1_328' title='bbox 3435 1159 3676 1230; x_wconf 78' lang='lat' dir='ltr'><strong>propria</strong></span> 
     </span>
    </p>
   </div>
   <div class='ocr_carea' id='block_1_57' title="bbox 2015 1238 3670 1318">
    <p class='ocr_par' dir='ltr' id='par_1_57' title="bbox 2015 1238 3670 1318">
     <span class='ocr_line' id='line_1_57' title="bbox 2015 1238 3670 1318; baseline 0.007 -26"><span class='ocrx_word' id='word_1_329' title='bbox 2015 1238 2374 1309; x_wconf 90' lang='lat' dir='ltr'><strong>roborantes,</strong></span> <span class='ocrx_word' id='word_1_330' title='bbox 2408 1240 2587 1312; x_wconf 89' lang='lat' dir='ltr'><strong>sigilli</strong></span> <span class='ocrx_word' id='word_1_331' title='bbox 2618 1242 2802 1297; x_wconf 88' lang='lat' dir='ltr'><strong>nostri</strong></span> <span class='ocrx_word' id='word_1_332' title='bbox 2832 1241 3217 1316; x_wconf 86' lang='lat' dir='ltr'><strong>impressione</strong></span> <span class='ocrx_word' id='word_1_333' title='bbox 3259 1246 3561 1318; x_wconf 86' lang='lat' dir='ltr'><strong>jussimus</strong></span> <span class='ocrx_word' id='word_1_334' title='bbox 3591 1248 3670 1304; x_wconf 84' lang='lat' dir='ltr'><strong>si-</strong></span> 
     </span>
    </p>
   </div>
   <div class='ocr_carea' id='block_1_58' title="bbox 2014 1325 2224 1398">
    <p class='ocr_par' dir='ltr' id='par_1_58' title="bbox 2014 1325 2224 1398">
     <span class='ocr_line' id='line_1_58' title="bbox 2014 1325 2224 1398; baseline 0.014 -19"><span class='ocrx_word' id='word_1_335' title='bbox 2014 1325 2224 1398; x_wconf 88' lang='lat' dir='ltr'><strong>gillari.</strong></span> 
     </span>
    </p>
   </div>
   <div class='ocr_carea' id='block_1_59' title="bbox 2083 1417 3671 1487">
    <p class='ocr_par' dir='ltr' id='par_1_59' title="bbox 2083 1417 3671 1487">
     <span class='ocr_line' id='line_1_59' title="bbox 2083 1417 3671 1487; baseline 0.007 -17"><span class='ocrx_word' id='word_1_336' title='bbox 2083 1417 2319 1487; x_wconf 84' lang='lat' dir='ltr'><strong>Signum</strong></span> <span class='ocrx_word' id='word_1_337' title='bbox 2347 1418 2534 1473; x_wconf 74' lang='lat' dir='ltr'><strong>domui</strong></span> <span class='ocrx_word' id='word_1_338' title='bbox 2563 1419 2877 1475; x_wconf 83' lang='lat' dir='ltr'><strong>Chuonradi</strong></span> <span class='ocrx_word' id='word_1_339' title='bbox 2922 1422 3273 1477; x_wconf 73' lang='lat' dir='ltr'><strong>invictissimi</strong></span> <span class='ocrx_word' id='word_1_340' title='bbox 3300 1422 3671 1480; x_wconf 69' lang='lat' dir='ltr'><strong>limam-usi</strong></span> 
     </span>
    </p>
   </div>
   <div class='ocr_carea' id='block_1_60' title="bbox 2015 1505 2903 1579">
    <p class='ocr_par' dir='ltr' id='par_1_60' title="bbox 2015 1505 2903 1579">
     <span class='ocr_line' id='line_1_60' title="bbox 2015 1505 2903 1579; baseline 0.005 -21"><span class='ocrx_word' id='word_1_341' title='bbox 2015 1505 2364 1576; x_wconf 79' lang='lat' dir='ltr'><strong>imperatoris</strong></span> <span class='ocrx_word' id='word_1_342' title='bbox 2397 1508 2486 1575; x_wconf 92' lang='lat' dir='ltr'><strong>(L.</strong></span> <span class='ocrx_word' id='word_1_343' title='bbox 2521 1509 2622 1579; x_wconf 84' lang='lat' dir='ltr'><strong>M.)</strong></span> <span class='ocrx_word' id='word_1_344' title='bbox 2652 1509 2903 1579; x_wconf 80' lang='lat' dir='ltr'><strong>Augusti.</strong></span> 
     </span>
    </p>
   </div>
   <div class='ocr_carea' id='block_1_61' title="bbox 2085 1594 3673 1674">
    <p class='ocr_par' dir='ltr' id='par_1_61' title="bbox 2085 1594 3673 1674">
     <span class='ocr_line' id='line_1_61' title="bbox 2085 1594 3673 1674; baseline 0.007 -27"><span class='ocrx_word' id='word_1_345' title='bbox 2085 1594 2392 1651; x_wconf 90' lang='lat' dir='ltr'><strong>Odalricus</strong></span> <span class='ocrx_word' id='word_1_346' title='bbox 2417 1595 2802 1652; x_wconf 88' lang='lat' dir='ltr'><strong>cancellarius</strong></span> <span class='ocrx_word' id='word_1_347' title='bbox 2831 1596 2957 1652; x_wconf 87' lang='lat' dir='ltr'><strong>vice</strong></span> <span class='ocrx_word' id='word_1_348' title='bbox 2984 1597 3258 1654; x_wconf 84' lang='lat' dir='ltr'><strong>Aribonis</strong></span> <span class='ocrx_word' id='word_1_349' title='bbox 3303 1599 3673 1674; x_wconf 83' lang='lat' dir='ltr'><strong>archieapel-</strong></span> 
     </span>
    </p>
   </div>
   <div class='ocr_carea' id='block_1_62' title="bbox 2017 1679 2495 1757">
    <p class='ocr_par' dir='ltr' id='par_1_62' title="bbox 2017 1679 2495 1757">
     <span class='ocr_line' id='line_1_62' title="bbox 2017 1679 2495 1757; baseline 0.01 -23"><span class='ocrx_word' id='word_1_350' title='bbox 2017 1679 2136 1735; x_wconf 88' lang='lat' dir='ltr'><strong>lani</strong></span> <span class='ocrx_word' id='word_1_351' title='bbox 2169 1684 2495 1757; x_wconf 90' lang='lat' dir='ltr'><strong>recognovi.</strong></span> 
     </span>
    </p>
   </div>
   <div class='ocr_carea' id='block_1_63' title="bbox 2085 1771 3666 1840">
    <p class='ocr_par' dir='ltr' id='par_1_63' title="bbox 2085 1771 3666 1840">
     <span class='ocr_line' id='line_1_63' title="bbox 2085 1771 3666 1840; baseline 0.005 -15"><span class='ocrx_word' id='word_1_352' title='bbox 2085 1774 2230 1826; x_wconf 90' lang='lat' dir='ltr'><strong>Data</strong></span> <span class='ocrx_word' id='word_1_353' title='bbox 2260 1788 2316 1825; x_wconf 78' lang='grc' dir='ltr'><strong>ιιι</strong></span> <span class='ocrx_word' id='word_1_354' title='bbox 2349 1771 2466 1826; x_wconf 85' lang='lat' dir='ltr'><strong>Kal.</strong></span> <span class='ocrx_word' id='word_1_355' title='bbox 2501 1771 2714 1839; x_wconf 90' lang='lat' dir='ltr'><strong>Martii,</strong></span> <span class='ocrx_word' id='word_1_356' title='bbox 2746 1771 2945 1827; x_wconf 91' lang='lat' dir='ltr'><strong>indict.</strong></span> <span class='ocrx_word' id='word_1_357' title='bbox 2996 1790 3109 1840; x_wconf 79' lang='lat' dir='ltr'><strong>xiv,</strong></span> <span class='ocrx_word' id='word_1_358' title='bbox 3145 1791 3300 1830; x_wconf 91' lang='lat' dir='ltr'><strong>anno</strong></span> <span class='ocrx_word' id='word_1_359' title='bbox 3347 1775 3666 1833; x_wconf 72' lang='lat' dir='ltr'><strong>Dominicis</strong></span> 
     </span>
    </p>
   </div>
   <div class='ocr_carea' id='block_1_64' title="bbox 2015 1860 3662 1928">
    <p class='ocr_par' dir='ltr' id='par_1_64' title="bbox 2015 1860 3662 1928">
     <span class='ocr_line' id='line_1_64' title="bbox 2015 1860 3662 1928; baseline 0.007 -17"><span class='ocrx_word' id='word_1_360' title='bbox 2015 1860 2441 1914; x_wconf 88' lang='lat' dir='ltr'><strong>Incarnationis</strong></span> <span class='ocrx_word' id='word_1_361' title='bbox 2473 1861 2632 1928; x_wconf 91' lang='lat'><strong>1031,</strong></span> <span class='ocrx_word' id='word_1_362' title='bbox 2691 1877 2844 1916; x_wconf 90' lang='lat' dir='ltr'><strong>anno</strong></span> <span class='ocrx_word' id='word_1_363' title='bbox 2888 1877 3019 1917; x_wconf 90' lang='lat' dir='ltr'><strong>vero</strong></span> <span class='ocrx_word' id='word_1_364' title='bbox 3073 1863 3278 1918; x_wconf 85' lang='lat' dir='ltr'><strong>domni</strong></span> <span class='ocrx_word' id='word_1_365' title='bbox 3325 1862 3662 1922; x_wconf 74' lang='lat' dir='ltr'><strong>Chuonradi</strong></span> 
     </span>
    </p>
   </div>
   <div class='ocr_carea' id='block_1_65' title="bbox 2012 1945 3123 2020">
    <p class='ocr_par' dir='ltr' id='par_1_65' title="bbox 2012 1945 3123 2020">
     <span class='ocr_line' id='line_1_65' title="bbox 2012 1945 3123 2020; baseline 0.005 -19"><span class='ocrx_word' id='word_1_366' title='bbox 2012 1945 2060 2001; x_wconf 91' lang='lat' dir='ltr'><strong>Il</strong></span> <span class='ocrx_word' id='word_1_367' title='bbox 2095 1949 2394 2020; x_wconf 87' lang='lat' dir='ltr'><strong>regnantis</strong></span> <span class='ocrx_word' id='word_1_368' title='bbox 2426 1965 2522 2014; x_wconf 84' lang='lat' dir='ltr'><strong>vn,</strong></span> <span class='ocrx_word' id='word_1_369' title='bbox 2558 1948 2788 2020; x_wconf 90' lang='lat' dir='ltr'><strong>imperii</strong></span> <span class='ocrx_word' id='word_1_370' title='bbox 2821 1953 3017 2005; x_wconf 88' lang='lat' dir='ltr'><strong>autem</strong></span> <span class='ocrx_word' id='word_1_371' title='bbox 3049 1967 3123 2006; x_wconf 83' lang='grc' dir='ltr'><strong>ιν.</strong></span> 
     </span>
    </p>
   </div>
   <div class='ocr_carea' id='block_1_66' title="bbox 2080 2037 2580 2093">
    <p class='ocr_par' dir='ltr' id='par_1_66' title="bbox 2080 2037 2580 2093">
     <span class='ocr_line' id='line_1_66' title="bbox 2080 2037 2580 2093; baseline 0.004 -3"><span class='ocrx_word' id='word_1_372' title='bbox 2080 2038 2290 2092; x_wconf 86' lang='lat' dir='ltr'><strong>Actum</strong></span> <span class='ocrx_word' id='word_1_373' title='bbox 2321 2037 2580 2093; x_wconf 87' lang='lat' dir='ltr'><strong>Goslare.</strong></span> 
     </span>
    </p>
   </div>
   <div class='ocr_carea' id='block_1_67' title="bbox 2753 2125 2901 2182">
    <p class='ocr_par' dir='ltr' id='par_1_67' title="bbox 2753 2125 2901 2182">
     <span class='ocr_line' id='line_1_67' title="bbox 2753 2125 2901 2182; baseline 0 -2"><span class='ocrx_word' id='word_1_374' title='bbox 2753 2125 2901 2182; x_wconf 82' lang='lat' dir='ltr'><strong>XIII.</strong></span> 
     </span>
    </p>
   </div>
   <div class='ocr_carea' id='block_1_68' title="bbox 2403 2215 3245 2273">
    <p class='ocr_par' dir='ltr' id='par_1_68' title="bbox 2403 2215 3245 2273">
     <span class='ocr_line' id='line_1_68' title="bbox 2403 2215 3245 2273; baseline 0.005 -5"><span class='ocrx_word' id='word_1_375' title='bbox 2403 2216 2510 2269; x_wconf 86' lang='lat' dir='ltr'><strong>Pro</strong></span> <span class='ocrx_word' id='word_1_376' title='bbox 2535 2217 2758 2271; x_wconf 75' lang='lat' dir='ltr'><strong>ecclesia</strong></span> <span class='ocrx_word' id='word_1_377' title='bbox 2786 2215 3245 2273; x_wconf 72' lang='lat' dir='ltr'><strong>Padcrbornensi.</strong></span> 
     </span>
    </p>
   </div>
   <div class='ocr_carea' id='block_1_69' title="bbox 2626 2305 3029 2376">
    <p class='ocr_par' dir='ltr' id='par_1_69' title="bbox 2626 2305 3029 2376">
     <span class='ocr_line' id='line_1_69' title="bbox 2626 2305 3029 2376; baseline 0 -18"><span class='ocrx_word' id='word_1_378' title='bbox 2626 2305 2810 2374; x_wconf 81' lang='lat' dir='ltr'><strong>(Anno</strong></span> <span class='ocrx_word' id='word_1_379' title='bbox 2843 2305 3029 2376; x_wconf 88' lang='grc'><strong>1031.)</strong></span> 
     </span>
    </p>
   </div>
   <div class='ocr_carea' id='block_1_70' title="bbox 2216 2390 3442 2466">
    <p class='ocr_par' dir='ltr' id='par_1_70' title="bbox 2216 2390 3442 2466">
     <span class='ocr_line' id='line_1_70' title="bbox 2216 2390 3442 2466; baseline 0.004 -20"><span class='ocrx_word' id='word_1_380' title='bbox 2216 2390 2493 2464; x_wconf 60' lang='lat' dir='ltr'><strong>[Enniam</strong></span> <span class='ocrx_word' id='word_1_381' title='bbox 2516 2391 2646 2448; x_wconf 85' lang='lat' dir='ltr'><strong>Cod.</strong></span> <span class='ocrx_word' id='word_1_382' title='bbox 2673 2392 2898 2464; x_wconf 83' lang='lat' dir='ltr'><strong>diplom.</strong></span> <span class='ocrx_word' id='word_1_383' title='bbox 2941 2392 3197 2464; x_wconf 79' lang='lat' dir='ltr'><strong>Wcstph.,</strong></span> <span class='ocrx_word' id='word_1_384' title='bbox 3232 2410 3290 2466; x_wconf 89' lang='lat' dir='ltr'><strong>p.</strong></span> <span class='ocrx_word' id='word_1_385' title='bbox 3319 2393 3442 2466; x_wconf 76' lang='lat'><strong>93.}</strong></span> 
     </span>
    </p>
   </div>
   <div class='ocr_carea' id='block_1_71' title="bbox 2073 2479 3658 2551">
    <p class='ocr_par' dir='ltr' id='par_1_71' title="bbox 2073 2479 3658 2551">
     <span class='ocr_line' id='line_1_71' title="bbox 2073 2479 3658 2551; baseline 0.006 -18"><span class='ocrx_word' id='word_1_386' title='bbox 2073 2479 2135 2533; x_wconf 94' lang='lat' dir='ltr'><strong>In</strong></span> <span class='ocrx_word' id='word_1_387' title='bbox 2165 2480 2400 2536; x_wconf 90' lang='lat' dir='ltr'><strong>nomine</strong></span> <span class='ocrx_word' id='word_1_388' title='bbox 2429 2483 2644 2535; x_wconf 70' lang='lat' dir='ltr'><strong>sanctis</strong></span> <span class='ocrx_word' id='word_1_389' title='bbox 2656 2484 2713 2536; x_wconf 90' lang='lat' dir='ltr'><strong>et</strong></span> <span class='ocrx_word' id='word_1_390' title='bbox 2737 2479 3052 2536; x_wconf 66' lang='lat' dir='ltr'><strong>individua:</strong></span> <span class='ocrx_word' id='word_1_391' title='bbox 3074 2480 3405 2551; x_wconf 83' lang='lat' dir='ltr'><strong>Trinitatis,</strong></span> <span class='ocrx_word' id='word_1_392' title='bbox 3429 2482 3658 2542; x_wconf 71' lang='lat' dir='ltr'><strong>Canon-</strong></span> 
     </span>
    </p>
   </div>
   <div class='ocr_carea' id='block_1_72' title="bbox 2001 2567 3655 2646">
    <p class='ocr_par' dir='ltr' id='par_1_72' title="bbox 2001 2567 3655 2646">
     <span class='ocr_line' id='line_1_72' title="bbox 2001 2567 3655 2646; baseline 0.006 -25"><span class='ocrx_word' id='word_1_393' title='bbox 2001 2583 2206 2634; x_wconf 76' lang='lat' dir='ltr'><strong>mnus,</strong></span> <span class='ocrx_word' id='word_1_394' title='bbox 2239 2567 2436 2624; x_wconf 86' lang='lat' dir='ltr'><strong>divina</strong></span> <span class='ocrx_word' id='word_1_395' title='bbox 2455 2568 2682 2624; x_wconf 84' lang='lat' dir='ltr'><strong>favente</strong></span> <span class='ocrx_word' id='word_1_396' title='bbox 2699 2567 3030 2636; x_wconf 88' lang='lat' dir='ltr'><strong>clementia,</strong></span> <span class='ocrx_word' id='word_1_397' title='bbox 3053 2569 3452 2628; x_wconf 85' lang='lat' dir='ltr'><strong>Roma-norum</strong></span> <span class='ocrx_word' id='word_1_398' title='bbox 3463 2571 3655 2646; x_wconf 82' lang='lat' dir='ltr'><strong>imps-</strong></span> 
     </span>
    </p>
   </div>
   <div class='ocr_carea' id='block_1_73' title="bbox 1999 2659 2508 2730">
    <p class='ocr_par' dir='ltr' id='par_1_73' title="bbox 1999 2659 2508 2730">
     <span class='ocr_line' id='line_1_73' title="bbox 1999 2659 2508 2730; baseline 0.002 -19"><span class='ocrx_word' id='word_1_399' title='bbox 1999 2661 2157 2712; x_wconf 91' lang='lat' dir='ltr'><strong>rator</strong></span> <span class='ocrx_word' id='word_1_400' title='bbox 2184 2659 2508 2730; x_wconf 85' lang='lat' dir='ltr'><strong>Augustus.</strong></span> 
     </span>
    </p>
   </div>
   <div class='ocr_carea' id='block_1_74' title="bbox 2067 2744 3656 2819">
    <p class='ocr_par' dir='ltr' id='par_1_74' title="bbox 2067 2744 3656 2819">
     <span class='ocr_line' id='line_1_74' title="bbox 2067 2744 3656 2819; baseline 0.006 -19"><span class='ocrx_word' id='word_1_401' title='bbox 2067 2744 2127 2801; x_wconf 91' lang='lat' dir='ltr'><strong>Si</strong></span> <span class='ocrx_word' id='word_1_402' title='bbox 2157 2745 2260 2801; x_wconf 91' lang='lat' dir='ltr'><strong>ulli</strong></span> <span class='ocrx_word' id='word_1_403' title='bbox 2289 2762 2358 2802; x_wconf 80' lang='lat' dir='ltr'><strong>ex</strong></span> <span class='ocrx_word' id='word_1_404' title='bbox 2395 2747 2616 2803; x_wconf 88' lang='lat' dir='ltr'><strong>nostris</strong></span> <span class='ocrx_word' id='word_1_405' title='bbox 2647 2746 3026 2819; x_wconf 84' lang='lat' dir='ltr'><strong>pontiﬁcibus</strong></span> <span class='ocrx_word' id='word_1_406' title='bbox 3057 2747 3149 2805; x_wconf 88' lang='lat' dir='ltr'><strong>sui</strong></span> <span class='ocrx_word' id='word_1_407' title='bbox 3199 2747 3394 2806; x_wconf 84' lang='lat' dir='ltr'><strong>ﬁdelis</strong></span> <span class='ocrx_word' id='word_1_408' title='bbox 3455 2752 3656 2809; x_wconf 80' lang='lat' dir='ltr'><strong>serviti</strong></span> 
     </span>
    </p>
   </div>
   <div class='ocr_carea' id='block_1_75' title="bbox 1995 2833 3653 2911">
    <p class='ocr_par' dir='ltr' id='par_1_75' title="bbox 1995 2833 3653 2911">
     <span class='ocr_line' id='line_1_75' title="bbox 1995 2833 3653 2911; baseline 0.005 -23"><span class='ocrx_word' id='word_1_409' title='bbox 1995 2849 2111 2889; x_wconf 90' lang='lat' dir='ltr'><strong>non</strong></span> <span class='ocrx_word' id='word_1_410' title='bbox 2144 2833 2520 2891; x_wconf 87' lang='lat' dir='ltr'><strong>immemores</strong></span> <span class='ocrx_word' id='word_1_411' title='bbox 2571 2833 2794 2907; x_wconf 89' lang='lat' dir='ltr'><strong>aliquid</strong></span> <span class='ocrx_word' id='word_1_412' title='bbox 2844 2852 2914 2892; x_wconf 80' lang='lat' dir='ltr'><strong>ex</strong></span> <span class='ocrx_word' id='word_1_413' title='bbox 2964 2835 3040 2892; x_wconf 89' lang='lat' dir='ltr'><strong>iis</strong></span> <span class='ocrx_word' id='word_1_414' title='bbox 3069 2853 3200 2908; x_wconf 66' lang='lat' dir='ltr'><strong>qua:</strong></span> <span class='ocrx_word' id='word_1_415' title='bbox 3255 2838 3444 2894; x_wconf 77' lang='lat' dir='ltr'><strong>nostri</strong></span> <span class='ocrx_word' id='word_1_416' title='bbox 3491 2840 3653 2911; x_wconf 81' lang='lat' dir='ltr'><strong>juris</strong></span> 
     </span>
    </p>
   </div>
   <div class='ocr_carea' id='block_1_76' title="bbox 1992 2921 3651 2998">
    <p class='ocr_par' dir='ltr' id='par_1_76' title="bbox 1992 2921 3651 2998">
     <span class='ocr_line' id='line_1_76' title="bbox 1992 2921 3651 2998; baseline 0.004 -20"><span class='ocrx_word' id='word_1_417' title='bbox 1992 2923 2350 2994; x_wconf 89' lang='lat' dir='ltr'><strong>deputantur</strong></span> <span class='ocrx_word' id='word_1_418' title='bbox 2367 2922 2620 2995; x_wconf 86' lang='lat' dir='ltr'><strong>benigno</strong></span> <span class='ocrx_word' id='word_1_419' title='bbox 2646 2921 2843 2978; x_wconf 91' lang='lat' dir='ltr'><strong>animo</strong></span> <span class='ocrx_word' id='word_1_420' title='bbox 2861 2923 3651 2998; x_wconf 78' lang='lat' dir='ltr'><strong>impendimus,ehmpestsa</strong></span> 
     </span>
    </p>
   </div>
   <div class='ocr_carea' id='block_1_77' title="bbox 1988 3011 3640 3086">
    <p class='ocr_par' dir='ltr' id='par_1_77' title="bbox 1988 3011 3640 3086">
     <span class='ocr_line' id='line_1_77' title="bbox 1988 3011 3640 3086; baseline 0.005 -20"><span class='ocrx_word' id='word_1_421' title='bbox 1988 3011 2048 3066; x_wconf 91' lang='lat' dir='ltr'><strong>in</strong></span> <span class='ocrx_word' id='word_1_422' title='bbox 2080 3015 2278 3067; x_wconf 90' lang='lat' dir='ltr'><strong>nostro</strong></span> <span class='ocrx_word' id='word_1_423' title='bbox 2333 3011 2594 3067; x_wconf 88' lang='lat' dir='ltr'><strong>oramine</strong></span> <span class='ocrx_word' id='word_1_424' title='bbox 2644 3014 2702 3066; x_wconf 94' lang='lat' dir='ltr'><strong>et</strong></span> <span class='ocrx_word' id='word_1_425' title='bbox 2728 3011 3042 3068; x_wconf 89' lang='lat' dir='ltr'><strong>servimine</strong></span> <span class='ocrx_word' id='word_1_426' title='bbox 3095 3013 3516 3086; x_wconf 84' lang='lat' dir='ltr'><strong>promptiorem</strong></span> <span class='ocrx_word' id='word_1_427' title='bbox 3577 3021 3640 3074; x_wconf 88' lang='lat' dir='ltr'><strong>st</strong></span> 
     </span>
    </p>
   </div>
   <div class='ocr_carea' id='block_1_78' title="bbox 1986 3099 3630 3172">
    <p class='ocr_par' dir='ltr' id='par_1_78' title="bbox 1986 3099 3630 3172">
     <span class='ocr_line' id='line_1_78' title="bbox 1986 3099 3630 3172; baseline 0.004 -16"><span class='ocrx_word' id='word_1_428' title='bbox 1986 3099 2171 3156; x_wconf 90' lang='lat' dir='ltr'><strong>multo</strong></span> <span class='ocrx_word' id='word_1_429' title='bbox 2199 3099 2610 3157; x_wconf 84' lang='lat' dir='ltr'><strong>studiosiorem</strong></span> <span class='ocrx_word' id='word_1_430' title='bbox 2621 3099 2868 3156; x_wconf 82' lang='lat' dir='ltr'><strong>existere</strong></span> <span class='ocrx_word' id='word_1_431' title='bbox 2879 3100 3085 3172; x_wconf 88' lang='lat' dir='ltr'><strong>procul</strong></span> <span class='ocrx_word' id='word_1_432' title='bbox 3107 3101 3288 3158; x_wconf 88' lang='lat' dir='ltr'><strong>dubio</strong></span> <span class='ocrx_word' id='word_1_433' title='bbox 3308 3103 3630 3164; x_wconf 79' lang='lat' dir='ltr'><strong>credimus.</strong></span> 
     </span>
    </p>
   </div>
   <div class='ocr_carea' id='block_1_79' title="bbox 1983 3187 3640 3263">
    <p class='ocr_par' dir='ltr' id='par_1_79' title="bbox 1983 3187 3640 3263">
     <span class='ocr_line' id='line_1_79' title="bbox 1983 3187 3640 3263; baseline 0.004 -17"><span class='ocrx_word' id='word_1_434' title='bbox 1983 3189 2347 3262; x_wconf 87' lang='lat' dir='ltr'><strong>Quapropter</strong></span> <span class='ocrx_word' id='word_1_435' title='bbox 2374 3189 2648 3245; x_wconf 91' lang='lat' dir='ltr'><strong>omnibus</strong></span> <span class='ocrx_word' id='word_1_436' title='bbox 2678 3187 2895 3245; x_wconf 86' lang='lat' dir='ltr'><strong>Christi</strong></span> <span class='ocrx_word' id='word_1_437' title='bbox 2925 3189 3231 3263; x_wconf 79' lang='lat' dir='ltr'><strong>nostrique</strong></span> <span class='ocrx_word' id='word_1_438' title='bbox 3269 3192 3640 3251; x_wconf 80' lang='lat' dir='ltr'><strong>amatoribus</strong></span> 
     </span>
    </p>
   </div>
   <div class='ocr_carea' id='block_1_80' title="bbox 1904 3263 3635 3352">
    <p class='ocr_par' dir='ltr' id='par_1_80' title="bbox 1904 3263 3635 3352">
     <span class='ocr_line' id='line_1_80' title="bbox 1904 3263 3635 3352; baseline 0.005 -20"><span class='ocrx_word' id='word_1_439' title='bbox 1904 3263 1950 3332; x_wconf 87' lang='lat' dir='ltr'><strong><em>C</em></strong></span> <span class='ocrx_word' id='word_1_440' title='bbox 1982 3277 2367 3351; x_wconf 82' lang='lat' dir='ltr'><strong>praesentibus</strong></span> <span class='ocrx_word' id='word_1_441' title='bbox 2424 3276 2645 3334; x_wconf 89' lang='lat' dir='ltr'><strong>scilicet</strong></span> <span class='ocrx_word' id='word_1_442' title='bbox 2700 3293 2768 3333; x_wconf 91' lang='lat' dir='ltr'><strong>ao</strong></span> <span class='ocrx_word' id='word_1_443' title='bbox 2799 3277 3016 3334; x_wconf 87' lang='lat' dir='ltr'><strong>futuris</strong></span> <span class='ocrx_word' id='word_1_444' title='bbox 3068 3278 3450 3352; x_wconf 85' lang='lat' dir='ltr'><strong>perspicuum</strong></span> <span class='ocrx_word' id='word_1_445' title='bbox 3503 3298 3635 3340; x_wconf 82' lang='lat' dir='ltr'><strong>esse</strong></span> 
     </span>
    </p>
   </div>
   <div class='ocr_carea' id='block_1_81' title="bbox 1980 3364 3632 3441">
    <p class='ocr_par' dir='ltr' id='par_1_81' title="bbox 1980 3364 3632 3441">
     <span class='ocr_line' id='line_1_81' title="bbox 1980 3364 3632 3441; baseline 0.004 -20"><span class='ocrx_word' id='word_1_446' title='bbox 1980 3366 2274 3435; x_wconf 89' lang='lat' dir='ltr'><strong>volumus,</strong></span> <span class='ocrx_word' id='word_1_447' title='bbox 2297 3364 2548 3438; x_wconf 87' lang='lat' dir='ltr'><strong>qualiter</strong></span> <span class='ocrx_word' id='word_1_448' title='bbox 2570 3364 2781 3421; x_wconf 89' lang='lat' dir='ltr'><strong>Wicilo</strong></span> <span class='ocrx_word' id='word_1_449' title='bbox 2799 3369 3061 3423; x_wconf 87' lang='lat' dir='ltr'><strong>nostram</strong></span> <span class='ocrx_word' id='word_1_450' title='bbox 3077 3367 3220 3424; x_wconf 81' lang='lat' dir='ltr'><strong>adiit</strong></span> <span class='ocrx_word' id='word_1_451' title='bbox 3231 3369 3632 3441; x_wconf 68' lang='lat' dir='ltr'><strong>smnitatsm,</strong></span> 
     </span>
    </p>
   </div>
   <div class='ocr_carea' id='block_1_82' title="bbox 1979 3453 3636 3528">
    <p class='ocr_par' dir='ltr' id='par_1_82' title="bbox 1979 3453 3636 3528">
     <span class='ocr_line' id='line_1_82' title="bbox 1979 3453 3636 3528; baseline 0.004 -18"><span class='ocrx_word' id='word_1_452' title='bbox 1979 3453 2282 3511; x_wconf 87' lang='lat' dir='ltr'><strong>humiliter</strong></span> <span class='ocrx_word' id='word_1_453' title='bbox 2311 3465 2526 3526; x_wconf 80' lang='lat' dir='ltr'><strong>regens</strong></span> <span class='ocrx_word' id='word_1_454' title='bbox 2556 3457 2623 3509; x_wconf 91' lang='lat' dir='ltr'><strong>ut</strong></span> <span class='ocrx_word' id='word_1_455' title='bbox 2653 3453 2937 3526; x_wconf 62' lang='lat' dir='ltr'><strong>prsidium</strong></span> <span class='ocrx_word' id='word_1_456' title='bbox 2959 3455 3636 3528; x_wconf 68' lang='lat' dir='ltr'><strong>Sannanabakidietmn,</strong></span> 
     </span>
    </p>
   </div>
   <div class='ocr_carea' id='block_1_83' title="bbox 1978 3541 3632 3616">
    <p class='ocr_par' dir='ltr' id='par_1_83' title="bbox 1978 3541 3632 3616">
     <span class='ocr_line' id='line_1_83' title="bbox 1978 3541 3632 3616; baseline 0.005 -20"><span class='ocrx_word' id='word_1_457' title='bbox 1978 3542 2040 3598; x_wconf 90' lang='lat' dir='ltr'><strong>in</strong></span> <span class='ocrx_word' id='word_1_458' title='bbox 2093 3543 2222 3599; x_wconf 89' lang='lat' dir='ltr'><strong>istis</strong></span> <span class='ocrx_word' id='word_1_459' title='bbox 2289 3542 2450 3598; x_wconf 91' lang='lat' dir='ltr'><strong>vitiis</strong></span> <span class='ocrx_word' id='word_1_460' title='bbox 2505 3541 2762 3598; x_wconf 86' lang='lat' dir='ltr'><strong>Hornan.</strong></span> <span class='ocrx_word' id='word_1_461' title='bbox 2839 3541 3248 3616; x_wconf 83' lang='lat' dir='ltr'><strong>Frodinotorp.</strong></span> <span class='ocrx_word' id='word_1_462' title='bbox 3323 3543 3632 3605; x_wconf 74' lang='lat' dir='ltr'><strong>Vinssbiki</strong></span> 
     </span>
    </p>
   </div>
   <div class='ocr_carea' id='block_1_84' title="bbox 1979 3629 3630 3694">
    <p class='ocr_par' dir='ltr' id='par_1_84' title="bbox 1979 3629 3630 3694">
     <span class='ocr_line' id='line_1_84' title="bbox 1979 3629 3630 3694; baseline 0.005 -8"><span class='ocrx_word' id='word_1_463' title='bbox 1979 3630 2216 3687; x_wconf 83' lang='lat' dir='ltr'><strong>Rat‘seti.</strong></span> <span class='ocrx_word' id='word_1_464' title='bbox 2245 3629 2716 3687; x_wconf 87' lang='lat' dir='ltr'><strong>Knechtahusen.</strong></span> <span class='ocrx_word' id='word_1_465' title='bbox 2735 3629 3173 3689; x_wconf 80' lang='lat' dir='ltr'><strong>Buckinhusen.</strong></span> <span class='ocrx_word' id='word_1_466' title='bbox 3195 3633 3630 3694; x_wconf 79' lang='lat' dir='ltr'><strong>Bsnnanhuscn</strong></span> 
     </span>
    </p>
   </div>
   <div class='ocr_carea' id='block_1_85' title="bbox 1977 3717 3636 3790">
    <p class='ocr_par' dir='ltr' id='par_1_85' title="bbox 1977 3717 3636 3790">
     <span class='ocr_line' id='line_1_85' title="bbox 1977 3717 3636 3790; baseline 0.005 -16"><span class='ocrx_word' id='word_1_467' title='bbox 1977 3718 2178 3774; x_wconf 91' lang='lat' dir='ltr'><strong>Scuni.</strong></span> <span class='ocrx_word' id='word_1_468' title='bbox 2212 3717 2512 3775; x_wconf 87' lang='lat' dir='ltr'><strong>Berchem.</strong></span> <span class='ocrx_word' id='word_1_469' title='bbox 2546 3717 2813 3774; x_wconf 85' lang='lat' dir='ltr'><strong>Homam.</strong></span> <span class='ocrx_word' id='word_1_470' title='bbox 2875 3717 3217 3777; x_wconf 85' lang='lat' dir='ltr'><strong>Holthussn.</strong></span> <span class='ocrx_word' id='word_1_471' title='bbox 3271 3721 3486 3790; x_wconf 71' lang='lat' dir='ltr'><strong>situm,</strong></span> <span class='ocrx_word' id='word_1_472' title='bbox 3525 3741 3636 3782; x_wconf 81' lang='lat' dir='ltr'><strong>sna.</strong></span> 
     </span>
    </p>
   </div>
   <div class='ocr_carea' id='block_1_86' title="bbox 1978 3805 3632 3880">
    <p class='ocr_par' dir='ltr' id='par_1_86' title="bbox 1978 3805 3632 3880">
     <span class='ocr_line' id='line_1_86' title="bbox 1978 3805 3632 3880; baseline 0.006 -19"><span class='ocrx_word' id='word_1_473' title='bbox 1978 3807 2296 3880; x_wconf 86' lang='lat' dir='ltr'><strong>uxorisque</strong></span> <span class='ocrx_word' id='word_1_474' title='bbox 2325 3823 2444 3862; x_wconf 73' lang='lat' dir='ltr'><strong>suis</strong></span> <span class='ocrx_word' id='word_1_475' title='bbox 2474 3805 2612 3862; x_wconf 69' lang='lat' dir='ltr'><strong>Odm</strong></span> <span class='ocrx_word' id='word_1_476' title='bbox 2640 3805 2889 3879; x_wconf 70' lang='lat' dir='ltr'><strong>ﬁliisque</strong></span> <span class='ocrx_word' id='word_1_477' title='bbox 2945 3825 3068 3864; x_wconf 68' lang='lat' dir='ltr'><strong>suis</strong></span> <span class='ocrx_word' id='word_1_478' title='bbox 3119 3809 3343 3868; x_wconf 71' lang='lat' dir='ltr'><strong>Ceciliae</strong></span> <span class='ocrx_word' id='word_1_479' title='bbox 3372 3827 3481 3870; x_wconf 86' lang='lat' dir='ltr'><strong>nec</strong></span> <span class='ocrx_word' id='word_1_480' title='bbox 3507 3829 3632 3870; x_wconf 83' lang='lat' dir='ltr'><strong>non</strong></span> 
     </span>
    </p>
   </div>
   <div class='ocr_carea' id='block_1_87' title="bbox 1972 3895 3631 3970">
    <p class='ocr_par' dir='ltr' id='par_1_87' title="bbox 1972 3895 3631 3970">
     <span class='ocr_line' id='line_1_87' title="bbox 1972 3895 3631 3970; baseline 0.005 -19"><span class='ocrx_word' id='word_1_481' title='bbox 1972 3897 2272 3954; x_wconf 85' lang='lat' dir='ltr'><strong>Gerburch</strong></span> <span class='ocrx_word' id='word_1_482' title='bbox 2303 3895 2527 3968; x_wconf 84' lang='lat' dir='ltr'><strong>ﬁliique</strong></span> <span class='ocrx_word' id='word_1_483' title='bbox 2558 3895 2687 3966; x_wconf 87' lang='lat' dir='ltr'><strong>ejus</strong></span> <span class='ocrx_word' id='word_1_484' title='bbox 2717 3896 2938 3954; x_wconf 89' lang='lat' dir='ltr'><strong>Odonis</strong></span> <span class='ocrx_word' id='word_1_485' title='bbox 2965 3897 3248 3970; x_wconf 85' lang='lat' dir='ltr'><strong>petitione</strong></span> <span class='ocrx_word' id='word_1_486' title='bbox 3291 3916 3360 3956; x_wconf 87' lang='lat' dir='ltr'><strong>ac</strong></span> <span class='ocrx_word' id='word_1_487' title='bbox 3414 3900 3631 3958; x_wconf 58' lang='lat' dir='ltr'><strong>collatae-</strong></span> 
     </span>
    </p>
   </div>
   <div class='ocr_carea' id='block_1_88' title="bbox 1978 3984 3632 4063">
    <p class='ocr_par' dir='ltr' id='par_1_88' title="bbox 1978 3984 3632 4063">
     <span class='ocr_line' id='line_1_88' title="bbox 1978 3984 3632 4063; baseline 0.001 -20"><span class='ocrx_word' id='word_1_488' title='bbox 1978 3987 2228 4055; x_wconf 89' lang='lat' dir='ltr'><strong>datione,</strong></span> <span class='ocrx_word' id='word_1_489' title='bbox 2262 3986 2334 4042; x_wconf 89' lang='lat' dir='ltr'><strong>ad</strong></span> <span class='ocrx_word' id='word_1_490' title='bbox 2365 3990 2628 4042; x_wconf 86' lang='lat' dir='ltr'><strong>nostram</strong></span> <span class='ocrx_word' id='word_1_491' title='bbox 2660 3984 3024 4059; x_wconf 86' lang='lat' dir='ltr'><strong>impsrialem</strong></span> <span class='ocrx_word' id='word_1_492' title='bbox 3079 4003 3325 4045; x_wconf 80' lang='lat' dir='ltr'><strong>manum</strong></span> <span class='ocrx_word' id='word_1_493' title='bbox 3369 3989 3632 4063; x_wconf 71' lang='lat' dir='ltr'><strong>recipere</strong></span> 
     </span>
    </p>
   </div>
   <div class='ocr_carea' id='block_1_89' title="bbox 1975 4073 3626 4152">
    <p class='ocr_par' dir='ltr' id='par_1_89' title="bbox 1975 4073 3626 4152">
     <span class='ocr_line' id='line_1_89' title="bbox 1975 4073 3626 4152; baseline 0.001 -20"><span class='ocrx_word' id='word_1_494' title='bbox 1975 4093 2339 4142; x_wconf 89' lang='lat' dir='ltr'><strong>curaremus,</strong></span> <span class='ocrx_word' id='word_1_495' title='bbox 2370 4075 2652 4148; x_wconf 71' lang='lat' dir='ltr'><strong>praedium</strong></span> <span class='ocrx_word' id='word_1_496' title='bbox 2679 4073 2869 4130; x_wconf 88' lang='lat' dir='ltr'><strong>Zurici</strong></span> <span class='ocrx_word' id='word_1_497' title='bbox 2901 4076 3057 4147; x_wconf 88' lang='lat' dir='ltr'><strong>quod</strong></span> <span class='ocrx_word' id='word_1_498' title='bbox 3086 4079 3303 4132; x_wconf 66' lang='lat' dir='ltr'><strong>nostra</strong></span> <span class='ocrx_word' id='word_1_499' title='bbox 3345 4077 3464 4134; x_wconf 79' lang='lat' dir='ltr'><strong>fuit</strong></span> <span class='ocrx_word' id='word_1_500' title='bbox 3488 4095 3626 4152; x_wconf 81' lang='lat' dir='ltr'><strong>pro-</strong></span> 
     </span>
    </p>
   </div>
   <div class='ocr_carea' id='block_1_90' title="bbox 1973 4163 3627 4238">
    <p class='ocr_par' dir='ltr' id='par_1_90' title="bbox 1973 4163 3627 4238">
     <span class='ocr_line' id='line_1_90' title="bbox 1973 4163 3627 4238; baseline 0.004 -18"><span class='ocrx_word' id='word_1_501' title='bbox 1973 4165 2238 4238; x_wconf 84' lang='lat' dir='ltr'><strong>prietatis</strong></span> <span class='ocrx_word' id='word_1_502' title='bbox 2267 4163 2501 4220; x_wconf 90' lang='lat' dir='ltr'><strong>illorum</strong></span> <span class='ocrx_word' id='word_1_503' title='bbox 2533 4167 2770 4219; x_wconf 85' lang='lat' dir='ltr'><strong>econtra</strong></span> <span class='ocrx_word' id='word_1_504' title='bbox 2798 4163 3188 4236; x_wconf 78' lang='lat' dir='ltr'><strong>subjugantes</strong></span> <span class='ocrx_word' id='word_1_505' title='bbox 3227 4165 3456 4224; x_wconf 80' lang='lat' dir='ltr'><strong>ditioni.</strong></span> <span class='ocrx_word' id='word_1_506' title='bbox 3507 4167 3627 4226; x_wconf 79' lang='lat' dir='ltr'><strong>Ho-</strong></span> 
     </span>
    </p>
   </div>
   <div class='ocr_carea' id='block_1_91' title="bbox 1973 4251 3625 4325">
    <p class='ocr_par' dir='ltr' id='par_1_91' title="bbox 1973 4251 3625 4325">
     <span class='ocr_line' id='line_1_91' title="bbox 1973 4251 3625 4325; baseline 0.003 -17"><span class='ocrx_word' id='word_1_507' title='bbox 1973 4269 2105 4308; x_wconf 91' lang='lat' dir='ltr'><strong>rum</strong></span> <span class='ocrx_word' id='word_1_508' title='bbox 2135 4252 2316 4325; x_wconf 88' lang='lat' dir='ltr'><strong>igitur</strong></span> <span class='ocrx_word' id='word_1_509' title='bbox 2342 4251 2629 4308; x_wconf 86' lang='lat' dir='ltr'><strong>desiderio</strong></span> <span class='ocrx_word' id='word_1_510' title='bbox 2650 4251 2971 4324; x_wconf 86' lang='lat' dir='ltr'><strong>primatum</strong></span> <span class='ocrx_word' id='word_1_511' title='bbox 3002 4256 3338 4310; x_wconf 82' lang='lat' dir='ltr'><strong>nostrorum</strong></span> <span class='ocrx_word' id='word_1_512' title='bbox 3385 4255 3625 4313; x_wconf 68' lang='lat' dir='ltr'><strong>satisfa-</strong></span> 
     </span>
    </p>
   </div>
   <div class='ocr_carea' id='block_1_92' title="bbox 1972 4339 3622 4414">
    <p class='ocr_par' dir='ltr' id='par_1_92' title="bbox 1972 4339 3622 4414">
     <span class='ocr_line' id='line_1_92' title="bbox 1972 4339 3622 4414; baseline 0.002 -16"><span class='ocrx_word' id='word_1_513' title='bbox 1972 4341 2192 4398; x_wconf 86' lang='lat' dir='ltr'><strong>cientes</strong></span> <span class='ocrx_word' id='word_1_514' title='bbox 2221 4339 2485 4408; x_wconf 89' lang='lat' dir='ltr'><strong>consilio,</strong></span> <span class='ocrx_word' id='word_1_515' title='bbox 2517 4339 2576 4396; x_wconf 89' lang='lat' dir='ltr'><strong>id</strong></span> <span class='ocrx_word' id='word_1_516' title='bbox 2633 4341 2790 4412; x_wconf 89' lang='lat' dir='ltr'><strong>quod</strong></span> <span class='ocrx_word' id='word_1_517' title='bbox 2821 4339 3056 4397; x_wconf 88' lang='lat' dir='ltr'><strong>illorum</strong></span> <span class='ocrx_word' id='word_1_518' title='bbox 3104 4342 3208 4414; x_wconf 87' lang='lat' dir='ltr'><strong>jus</strong></span> <span class='ocrx_word' id='word_1_519' title='bbox 3238 4342 3395 4414; x_wconf 83' lang='lat' dir='ltr'><strong>quod</strong></span> <span class='ocrx_word' id='word_1_520' title='bbox 3437 4345 3622 4401; x_wconf 78' lang='lat' dir='ltr'><strong>nostri</strong></span> 
     </span>
    </p>
   </div>
   <div class='ocr_carea' id='block_1_93' title="bbox 1971 4428 3622 4501">
    <p class='ocr_par' dir='ltr' id='par_1_93' title="bbox 1971 4428 3622 4501">
     <span class='ocr_line' id='line_1_93' title="bbox 1971 4428 3622 4501; baseline 0.002 -15"><span class='ocrx_word' id='word_1_521' title='bbox 1971 4434 2095 4486; x_wconf 88' lang='lat' dir='ltr'><strong>erat</strong></span> <span class='ocrx_word' id='word_1_522' title='bbox 2105 4431 2264 4501; x_wconf 90' lang='lat' dir='ltr'><strong>juris</strong></span> <span class='ocrx_word' id='word_1_523' title='bbox 2291 4428 3622 4490; x_wconf 72' lang='lat' dir='ltr'><strong>amicabiliterremisimus.Transactis:autsm</strong></span> 
     </span>
    </p>
   </div>
   <div class='ocr_carea' id='block_1_94' title="bbox 1969 4515 3618 4590">
    <p class='ocr_par' dir='ltr' id='par_1_94' title="bbox 1969 4515 3618 4590">
     <span class='ocr_line' id='line_1_94' title="bbox 1969 4515 3618 4590; baseline 0.004 -18"><span class='ocrx_word' id='word_1_524' title='bbox 1969 4517 2052 4575; x_wconf 85' lang='lat' dir='ltr'><strong>ita</strong></span> <span class='ocrx_word' id='word_1_525' title='bbox 2077 4515 2189 4574; x_wconf 67' lang='lat' dir='ltr'><strong>vii‘s</strong></span> <span class='ocrx_word' id='word_1_526' title='bbox 2214 4517 2868 4590; x_wconf 67' lang='lat' dir='ltr'><strong>omnibus,przsdictum</strong></span> <span class='ocrx_word' id='word_1_527' title='bbox 2881 4517 3166 4590; x_wconf 63' lang='lat' dir='ltr'><strong>praedium</strong></span> <span class='ocrx_word' id='word_1_528' title='bbox 3193 4518 3618 4587; x_wconf 72' lang='lat' dir='ltr'><strong>Ssnnanahiki,</strong></span> 
     </span>
    </p>
   </div>
   <div class='ocr_carea' id='block_1_95' title="bbox 211 4601 3621 4695">
    <p class='ocr_par' dir='ltr' id='par_1_95' title="bbox 211 4601 3621 4695">
     <span class='ocr_line' id='line_1_95' title="bbox 211 4601 3621 4695; baseline 0.003 -39"><span class='ocrx_word' id='word_1_529' title='bbox 211 4601 370 4673; x_wconf 90' lang='lat' dir='ltr'><strong>scopi</strong></span> <span class='ocrx_word' id='word_1_530' title='bbox 430 4604 487 4656; x_wconf 90' lang='lat' dir='ltr'><strong>et</strong></span> <span class='ocrx_word' id='word_1_531' title='bbox 541 4601 894 4695; x_wconf 74' lang='lat' dir='ltr'><strong>confessoris</strong></span> <span class='ocrx_word' id='word_1_532' title='bbox 950 4605 1319 4695; x_wconf 63' lang='lat' dir='ltr'><strong>constructae,</strong></span> <span class='ocrx_word' id='word_1_533' title='bbox 1370 4603 1653 4695; x_wconf 64' lang='lat' dir='ltr'><strong>praedium</strong></span> <span class='ocrx_word' id='word_1_534' title='bbox 1711 4605 1856 4695; x_wconf 91' lang='lat' dir='ltr'><strong>Ben-</strong></span> <span class='ocrx_word' id='word_1_535' title='bbox 1888 4628 1940 4695; x_wconf 84' lang='lat' dir='ltr'><strong>D</strong></span> <span class='ocrx_word' id='word_1_536' title='bbox 1967 4607 2124 4680; x_wconf 89' lang='lat' dir='ltr'><strong>quod</strong></span> <span class='ocrx_word' id='word_1_537' title='bbox 2155 4612 2296 4663; x_wconf 88' lang='lat' dir='ltr'><strong>tunc</strong></span> <span class='ocrx_word' id='word_1_538' title='bbox 2325 4611 2538 4664; x_wconf 61' lang='lat' dir='ltr'><strong>nostra)</strong></span> <span class='ocrx_word' id='word_1_539' title='bbox 2561 4605 2944 4695; x_wconf 83' lang='lat' dir='ltr'><strong>judicabatur</strong></span> <span class='ocrx_word' id='word_1_540' title='bbox 2971 4623 3102 4664; x_wconf 82' lang='lat' dir='ltr'><strong>esse</strong></span> <span class='ocrx_word' id='word_1_541' title='bbox 3133 4606 3528 4680; x_wconf 65' lang='lat' dir='ltr'><strong>proprietatis,</strong></span> <span class='ocrx_word' id='word_1_542' title='bbox 3559 4609 3621 4666; x_wconf 89' lang='lat' dir='ltr'><strong>in</strong></span> 
     </span>
    </p>
   </div>
   <div class='ocr_carea' id='block_1_96' title="bbox 211 4688 3630 4770">
    <p class='ocr_par' dir='ltr' id='par_1_96' title="bbox 211 4688 3630 4770">
     <span class='ocr_line' id='line_1_96' title="bbox 211 4688 3630 4770; baseline 0.004 -26"><span class='ocrx_word' id='word_1_543' title='bbox 211 4688 550 4757; x_wconf 89' lang='lat' dir='ltr'><strong>nanhusun,</strong></span> <span class='ocrx_word' id='word_1_544' title='bbox 583 4688 930 4756; x_wconf 88' lang='lat' dir='ltr'><strong>Ualabroch,</strong></span> <span class='ocrx_word' id='word_1_545' title='bbox 956 4689 1363 4758; x_wconf 89' lang='lat' dir='ltr'><strong>Dadanbroch,</strong></span> <span class='ocrx_word' id='word_1_546' title='bbox 1397 4691 1579 4746; x_wconf 91' lang='lat' dir='ltr'><strong>situm</strong></span> <span class='ocrx_word' id='word_1_547' title='bbox 1609 4692 1670 4748; x_wconf 93' lang='lat' dir='ltr'><strong>in</strong></span> <span class='ocrx_word' id='word_1_548' title='bbox 1692 4694 1859 4767; x_wconf 89' lang='lat' dir='ltr'><strong>pagis</strong></span> <span class='ocrx_word' id='word_1_549' title='bbox 1888 4688 1930 4695; x_wconf 71' lang='grc'><em>’</em></span> <span class='ocrx_word' id='word_1_550' title='bbox 1973 4697 2256 4754; x_wconf 87' lang='lat' dir='ltr'><strong>comitatu</strong></span> <span class='ocrx_word' id='word_1_551' title='bbox 2313 4694 2622 4752; x_wconf 85' lang='lat' dir='ltr'><strong>Widnkini</strong></span> <span class='ocrx_word' id='word_1_552' title='bbox 2667 4695 2727 4752; x_wconf 91' lang='lat' dir='ltr'><strong>in</strong></span> <span class='ocrx_word' id='word_1_553' title='bbox 2787 4711 2938 4770; x_wconf 85' lang='lat' dir='ltr'><strong>pago</strong></span> <span class='ocrx_word' id='word_1_554' title='bbox 2965 4695 3205 4768; x_wconf 80' lang='lat' dir='ltr'><strong>Wetiga</strong></span> <span class='ocrx_word' id='word_1_555' title='bbox 3251 4695 3630 4765; x_wconf 54' lang='grc' dir='ltr'><strong>εὔια.οω</strong></span> 
     </span>
    </p>
   </div>
   <div class='ocr_carea' id='block_1_97' title="bbox 208 4776 1859 4850">
    <p class='ocr_par' dir='ltr' id='par_1_97' title="bbox 208 4776 1859 4850">
     <span class='ocr_line' id='line_1_97' title="bbox 208 4776 1859 4850; baseline 0.004 -19"><span class='ocrx_word' id='word_1_556' title='bbox 208 4776 445 4850; x_wconf 88' lang='lat' dir='ltr'><strong>Wetiga</strong></span> <span class='ocrx_word' id='word_1_557' title='bbox 498 4782 556 4834; x_wconf 90' lang='lat' dir='ltr'><strong>et</strong></span> <span class='ocrx_word' id='word_1_558' title='bbox 589 4777 790 4833; x_wconf 88' lang='lat' dir='ltr'><strong>Tilithi</strong></span> <span class='ocrx_word' id='word_1_559' title='bbox 844 4777 904 4832; x_wconf 89' lang='lat' dir='ltr'><strong>in</strong></span> <span class='ocrx_word' id='word_1_560' title='bbox 961 4778 1242 4834; x_wconf 88' lang='lat' dir='ltr'><strong>comitatu</strong></span> <span class='ocrx_word' id='word_1_561' title='bbox 1301 4779 1666 4850; x_wconf 82' lang='lat' dir='ltr'><strong>Widukindi,</strong></span> <span class='ocrx_word' id='word_1_562' title='bbox 1725 4799 1859 4838; x_wconf 91' lang='lat' dir='ltr'><strong>cum</strong></span> 
     </span>
    </p>
   </div>
   <div class='ocr_carea' id='block_1_98' title="bbox 209 4865 1860 4944">
    <p class='ocr_par' dir='ltr' id='par_1_98' title="bbox 209 4865 1860 4944">
     <span class='ocr_line' id='line_1_98' title="bbox 209 4865 1860 4944; baseline 0.004 -24"><span class='ocrx_word' id='word_1_563' title='bbox 209 4865 485 4922; x_wconf 89' lang='lat' dir='ltr'><strong>omnibus</strong></span> <span class='ocrx_word' id='word_1_564' title='bbox 515 4866 588 4922; x_wconf 85' lang='lat' dir='ltr'><strong>ad</strong></span> <span class='ocrx_word' id='word_1_565' title='bbox 620 4866 814 4938; x_wconf 86' lang='lat' dir='ltr'><strong>ipsum</strong></span> <span class='ocrx_word' id='word_1_566' title='bbox 839 4867 1121 4940; x_wconf 77' lang='lat' dir='ltr'><strong>praedium</strong></span> <span class='ocrx_word' id='word_1_567' title='bbox 1145 4869 1282 4940; x_wconf 87' lang='lat' dir='ltr'><strong>jure</strong></span> <span class='ocrx_word' id='word_1_568' title='bbox 1313 4868 1663 4944; x_wconf 87' lang='lat' dir='ltr'><strong>aclegaliter</strong></span> <span class='ocrx_word' id='word_1_569' title='bbox 1687 4873 1860 4944; x_wconf 91' lang='lat' dir='ltr'><strong>perti-</strong></span> 
     </span>
    </p>
   </div>
   <div class='ocr_carea' id='block_1_99' title="bbox 208 4951 1855 5029">
    <p class='ocr_par' dir='ltr' id='par_1_99' title="bbox 208 4951 1855 5029">
     <span class='ocr_line' id='line_1_99' title="bbox 208 4951 1855 5029; baseline 0.006 -21"><span class='ocrx_word' id='word_1_570' title='bbox 208 4951 650 5019; x_wconf 88' lang='lat' dir='ltr'><strong>nentibus,cum</strong></span> <span class='ocrx_word' id='word_1_571' title='bbox 666 4954 976 5028; x_wconf 87' lang='lat' dir='ltr'><strong>mancipiis</strong></span> <span class='ocrx_word' id='word_1_572' title='bbox 991 4955 1298 5028; x_wconf 89' lang='lat' dir='ltr'><strong>utriusque</strong></span> <span class='ocrx_word' id='word_1_573' title='bbox 1311 4973 1504 5027; x_wconf 85' lang='lat' dir='ltr'><strong>sexus,</strong></span> <span class='ocrx_word' id='word_1_574' title='bbox 1529 4976 1663 5014; x_wconf 91' lang='lat' dir='ltr'><strong>cum</strong></span> <span class='ocrx_word' id='word_1_575' title='bbox 1683 4961 1855 5029; x_wconf 90' lang='lat' dir='ltr'><strong>areis,</strong></span> 
     </span>
    </p>
   </div>
   <div class='ocr_carea' id='block_1_100' title="bbox 207 5039 1854 5122">
    <p class='ocr_par' dir='ltr' id='par_1_100' title="bbox 207 5039 1854 5122">
     <span class='ocr_line' id='line_1_100' title="bbox 207 5039 1854 5122; baseline 0.007 -28"><span class='ocrx_word' id='word_1_576' title='bbox 207 5039 492 5110; x_wconf 64' lang='lat' dir='ltr'><strong>adiﬁciis,</strong></span> <span class='ocrx_word' id='word_1_577' title='bbox 546 5043 724 5114; x_wconf 87' lang='lat' dir='ltr'><strong>agris,</strong></span> <span class='ocrx_word' id='word_1_578' title='bbox 777 5044 1228 5122; x_wconf 32' lang='lat' dir='ltr'><strong>campistterris</strong></span> <span class='ocrx_word' id='word_1_579' title='bbox 1285 5045 1458 5103; x_wconf 88' lang='lat' dir='ltr'><strong>cultis</strong></span> <span class='ocrx_word' id='word_1_580' title='bbox 1505 5053 1564 5103; x_wconf 88' lang='lat' dir='ltr'><strong>et</strong></span> <span class='ocrx_word' id='word_1_581' title='bbox 1593 5048 1854 5119; x_wconf 88' lang='lat' dir='ltr'><strong>incultis,</strong></span> 
     </span>
    </p>
   </div>
   <div class='ocr_carea' id='block_1_101' title="bbox 205 5127 1855 5210">
    <p class='ocr_par' dir='ltr' id='par_1_101' title="bbox 205 5127 1855 5210">
     <span class='ocr_line' id='line_1_101' title="bbox 205 5127 1855 5210; baseline 0.005 -26"><span class='ocrx_word' id='word_1_582' title='bbox 205 5127 413 5202; x_wconf 86' lang='lat' dir='ltr'><strong>pratis,</strong></span> <span class='ocrx_word' id='word_1_583' title='bbox 445 5131 704 5200; x_wconf 90' lang='lat' dir='ltr'><strong>pascuis,</strong></span> <span class='ocrx_word' id='word_1_584' title='bbox 759 5131 942 5202; x_wconf 88' lang='lat' dir='ltr'><strong>silvis,</strong></span> <span class='ocrx_word' id='word_1_585' title='bbox 975 5132 1406 5203; x_wconf 88' lang='lat' dir='ltr'><strong>venationibus,</strong></span> <span class='ocrx_word' id='word_1_586' title='bbox 1459 5137 1628 5208; x_wconf 89' lang='lat' dir='ltr'><strong>aquis</strong></span> <span class='ocrx_word' id='word_1_587' title='bbox 1676 5155 1855 5210; x_wconf 89' lang='lat' dir='ltr'><strong>aqua-</strong></span> 
     </span>
    </p>
   </div>
   <div class='ocr_carea' id='block_1_102' title="bbox 205 5216 1856 5294">
    <p class='ocr_par' dir='ltr' id='par_1_102' title="bbox 205 5216 1856 5294">
     <span class='ocr_line' id='line_1_102' title="bbox 205 5216 1856 5294; baseline 0.005 -22"><span class='ocrx_word' id='word_1_588' title='bbox 205 5232 409 5272; x_wconf 88' lang='lat' dir='ltr'><strong>rumve</strong></span> <span class='ocrx_word' id='word_1_589' title='bbox 423 5216 790 5284; x_wconf 88' lang='lat' dir='ltr'><strong>decursibus,</strong></span> <span class='ocrx_word' id='word_1_590' title='bbox 820 5221 1260 5291; x_wconf 86' lang='lat' dir='ltr'><strong>piscationibus,</strong></span> <span class='ocrx_word' id='word_1_591' title='bbox 1279 5221 1856 5294; x_wconf 80' lang='lat' dir='ltr'><strong>molis,molendinis,</strong></span> 
     </span>
    </p>
   </div>
   <div class='ocr_carea' id='block_1_103' title="bbox 203 5303 1856 5382">
    <p class='ocr_par' dir='ltr' id='par_1_103' title="bbox 203 5303 1856 5382">
     <span class='ocr_line' id='line_1_103' title="bbox 203 5303 1856 5382; baseline 0.006 -22"><span class='ocrx_word' id='word_1_592' title='bbox 203 5304 317 5361; x_wconf 88' lang='lat' dir='ltr'><strong>viis</strong></span> <span class='ocrx_word' id='word_1_593' title='bbox 349 5305 406 5359; x_wconf 90' lang='lat' dir='ltr'><strong>et</strong></span> <span class='ocrx_word' id='word_1_594' title='bbox 460 5303 656 5373; x_wconf 84' lang='lat' dir='ltr'><strong>inviis,</strong></span> <span class='ocrx_word' id='word_1_595' title='bbox 714 5306 966 5364; x_wconf 80' lang='lat' dir='ltr'><strong>exitibus</strong></span> <span class='ocrx_word' id='word_1_596' title='bbox 997 5314 1054 5365; x_wconf 90' lang='lat' dir='ltr'><strong>et</strong></span> <span class='ocrx_word' id='word_1_597' title='bbox 1112 5309 1418 5376; x_wconf 88' lang='lat' dir='ltr'><strong>reditibus,</strong></span> <span class='ocrx_word' id='word_1_598' title='bbox 1478 5313 1743 5382; x_wconf 83' lang='lat' dir='ltr'><strong>quaesitis</strong></span> <span class='ocrx_word' id='word_1_599' title='bbox 1798 5319 1856 5370; x_wconf 89' lang='lat' dir='ltr'><strong>et</strong></span> 
     </span>
    </p>
   </div>
   <div class='ocr_carea' id='block_1_104' title="bbox 202 5389 1854 5470">
    <p class='ocr_par' dir='ltr' id='par_1_104' title="bbox 202 5389 1854 5470">
     <span class='ocr_line' id='line_1_104' title="bbox 202 5389 1854 5470; baseline 0.01 -27"><span class='ocrx_word' id='word_1_600' title='bbox 202 5389 599 5462; x_wconf 87' lang='lat' dir='ltr'><strong>inquirendis,</strong></span> <span class='ocrx_word' id='word_1_601' title='bbox 633 5408 735 5447; x_wconf 90' lang='lat' dir='ltr'><strong>seu</strong></span> <span class='ocrx_word' id='word_1_602' title='bbox 768 5409 900 5450; x_wconf 88' lang='lat' dir='ltr'><strong>cum</strong></span> <span class='ocrx_word' id='word_1_603' title='bbox 931 5396 1091 5452; x_wconf 90' lang='lat' dir='ltr'><strong>omni</strong></span> <span class='ocrx_word' id='word_1_604' title='bbox 1111 5396 1382 5464; x_wconf 86' lang='lat' dir='ltr'><strong>utilitate,</strong></span> <span class='ocrx_word' id='word_1_605' title='bbox 1415 5415 1542 5470; x_wconf 61' lang='lat' dir='ltr'><strong>quae</strong></span> <span class='ocrx_word' id='word_1_606' title='bbox 1561 5399 1650 5455; x_wconf 89' lang='lat' dir='ltr'><strong>vel</strong></span> <span class='ocrx_word' id='word_1_607' title='bbox 1675 5401 1854 5459; x_wconf 89' lang='lat' dir='ltr'><strong>scribi</strong></span> 
     </span>
    </p>
   </div>
   <div class='ocr_carea' id='block_1_105' title="bbox 202 5475 1852 5558">
    <p class='ocr_par' dir='ltr' id='par_1_105' title="bbox 202 5475 1852 5558">
     <span class='ocr_line' id='line_1_105' title="bbox 202 5475 1852 5558; baseline 0.005 -23"><span class='ocrx_word' id='word_1_608' title='bbox 202 5481 310 5535; x_wconf 88' lang='lat' dir='ltr'><strong>aut</strong></span> <span class='ocrx_word' id='word_1_609' title='bbox 340 5475 632 5531; x_wconf 85' lang='lat' dir='ltr'><strong>nominari</strong></span> <span class='ocrx_word' id='word_1_610' title='bbox 673 5479 790 5537; x_wconf 90' lang='lat' dir='ltr'><strong>ullo</strong></span> <span class='ocrx_word' id='word_1_611' title='bbox 846 5485 1020 5539; x_wconf 90' lang='lat' dir='ltr'><strong>modo</strong></span> <span class='ocrx_word' id='word_1_612' title='bbox 1076 5489 1287 5556; x_wconf 89' lang='lat' dir='ltr'><strong>potest,</strong></span> <span class='ocrx_word' id='word_1_613' title='bbox 1320 5486 1379 5540; x_wconf 90' lang='lat' dir='ltr'><strong>in</strong></span> <span class='ocrx_word' id='word_1_614' title='bbox 1439 5485 1852 5558; x_wconf 83' lang='lat' dir='ltr'><strong>proprietatem</strong></span> 
     </span>
    </p>
   </div>
   <div class='ocr_carea' id='block_1_106' title="bbox 203 5561 1854 5644">
    <p class='ocr_par' dir='ltr' id='par_1_106' title="bbox 203 5561 1854 5644">
     <span class='ocr_line' id='line_1_106' title="bbox 203 5561 1854 5644; baseline 0.007 -22"><span class='ocrx_word' id='word_1_615' title='bbox 203 5561 690 5636; x_wconf 84' lang='lat' dir='ltr'><strong>condonavimus,</strong></span> <span class='ocrx_word' id='word_1_616' title='bbox 749 5575 806 5627; x_wconf 90' lang='lat' dir='ltr'><strong>et</strong></span> <span class='ocrx_word' id='word_1_617' title='bbox 835 5573 907 5627; x_wconf 90' lang='lat' dir='ltr'><strong>de</strong></span> <span class='ocrx_word' id='word_1_618' title='bbox 965 5577 1168 5626; x_wconf 91' lang='lat' dir='ltr'><strong>nostro</strong></span> <span class='ocrx_word' id='word_1_619' title='bbox 1214 5573 1350 5644; x_wconf 87' lang='lat' dir='ltr'><strong>jure</strong></span> <span class='ocrx_word' id='word_1_620' title='bbox 1377 5589 1443 5628; x_wconf 85' lang='lat' dir='ltr'><strong>ac</strong></span> <span class='ocrx_word' id='word_1_621' title='bbox 1500 5573 1760 5634; x_wconf 85' lang='lat' dir='ltr'><strong>dominio</strong></span> <span class='ocrx_word' id='word_1_622' title='bbox 1793 5579 1854 5635; x_wconf 92' lang='lat' dir='ltr'><strong>in</strong></span> 
     </span>
    </p>
   </div>
   <div class='ocr_carea' id='block_1_107' title="bbox 201 5648 1848 5746">
    <p class='ocr_par' dir='ltr' id='par_1_107' title="bbox 201 5648 1848 5746">
     <span class='ocr_line' id='line_1_107' title="bbox 201 5648 1848 5746; baseline 0.004 -38"><span class='ocrx_word' id='word_1_623' title='bbox 201 5648 469 5746; x_wconf 53' lang='lat' dir='ltr'><strong>dusdem</strong></span> <span class='ocrx_word' id='word_1_624' title='bbox 482 5649 742 5716; x_wconf 65' lang='lat' dir='ltr'><strong>Ecclesia:</strong></span> <span class='ocrx_word' id='word_1_625' title='bbox 752 5662 850 5734; x_wconf 85' lang='lat' dir='ltr'><strong>jus</strong></span> <span class='ocrx_word' id='word_1_626' title='bbox 863 5676 930 5716; x_wconf 88' lang='lat' dir='ltr'><strong>ao</strong></span> <span class='ocrx_word' id='word_1_627' title='bbox 942 5658 1271 5716; x_wconf 88' lang='lat' dir='ltr'><strong>dominium</strong></span> <span class='ocrx_word' id='word_1_628' title='bbox 1281 5660 1522 5717; x_wconf 85' lang='lat' dir='ltr'><strong>omnino</strong></span> <span class='ocrx_word' id='word_1_629' title='bbox 1542 5664 1848 5724; x_wconf 83' lang='lat' dir='ltr'><strong>transfun-</strong></span> 
     </span>
    </p>
   </div>
   <div class='ocr_carea' id='block_1_108' title="bbox 1971 4783 3626 4858">
    <p class='ocr_par' dir='ltr' id='par_1_108' title="bbox 1971 4783 3626 4858">
     <span class='ocr_line' id='line_1_108' title="bbox 1971 4783 3626 4858; baseline 0.001 -16"><span class='ocrx_word' id='word_1_630' title='bbox 1971 4786 2248 4843; x_wconf 87' lang='lat' dir='ltr'><strong>omnibus</strong></span> <span class='ocrx_word' id='word_1_631' title='bbox 2278 4784 2634 4842; x_wconf 86' lang='lat' dir='ltr'><strong>utilitatibus</strong></span> <span class='ocrx_word' id='word_1_632' title='bbox 2659 4784 2733 4840; x_wconf 90' lang='lat' dir='ltr'><strong>ad</strong></span> <span class='ocrx_word' id='word_1_633' title='bbox 2761 4784 2918 4840; x_wconf 87' lang='lat' dir='ltr'><strong>idem</strong></span> <span class='ocrx_word' id='word_1_634' title='bbox 2950 4783 3404 4858; x_wconf 80' lang='lat' dir='ltr'><strong>pertinentibus,</strong></span> <span class='ocrx_word' id='word_1_635' title='bbox 3445 4786 3626 4852; x_wconf 73' lang='lat' dir='ltr'><strong>areis,</strong></span> 
     </span>
    </p>
   </div>
   <div class='ocr_carea' id='block_1_109' title="bbox 1970 4871 3622 4947">
    <p class='ocr_par' dir='ltr' id='par_1_109' title="bbox 1970 4871 3622 4947">
     <span class='ocr_line' id='line_1_109' title="bbox 1970 4871 3622 4947; baseline 0 -15"><span class='ocrx_word' id='word_1_636' title='bbox 1970 4875 2256 4944; x_wconf 64' lang='lat' dir='ltr'><strong>aediﬁciis,</strong></span> <span class='ocrx_word' id='word_1_637' title='bbox 2285 4875 2476 4947; x_wconf 73' lang='lat' dir='ltr'><strong>agris,</strong></span> <span class='ocrx_word' id='word_1_638' title='bbox 2517 4873 2692 4930; x_wconf 90' lang='lat' dir='ltr'><strong>terris</strong></span> <span class='ocrx_word' id='word_1_639' title='bbox 2748 4872 2926 4930; x_wconf 87' lang='lat' dir='ltr'><strong>cultis</strong></span> <span class='ocrx_word' id='word_1_640' title='bbox 2973 4877 3032 4930; x_wconf 87' lang='lat' dir='ltr'><strong>et</strong></span> <span class='ocrx_word' id='word_1_641' title='bbox 3094 4871 3368 4942; x_wconf 70' lang='lat' dir='ltr'><strong>incultis,</strong></span> <span class='ocrx_word' id='word_1_642' title='bbox 3407 4874 3622 4946; x_wconf 66' lang='lat' dir='ltr'><strong>pratis,</strong></span> 
     </span>
    </p>
   </div>
   <div class='ocr_carea' id='block_1_110' title="bbox 1967 4961 3622 5038">
    <p class='ocr_par' dir='ltr' id='par_1_110' title="bbox 1967 4961 3622 5038">
     <span class='ocr_line' id='line_1_110' title="bbox 1967 4961 3622 5038; baseline -0.001 -16"><span class='ocrx_word' id='word_1_643' title='bbox 1967 4963 2228 5038; x_wconf 86' lang='lat' dir='ltr'><strong>pascuis,</strong></span> <span class='ocrx_word' id='word_1_644' title='bbox 2256 4961 3223 5035; x_wconf 79' lang='lat' dir='ltr'><strong>campis,silvis,venatibus,aquis,</strong></span> <span class='ocrx_word' id='word_1_645' title='bbox 3255 4977 3622 5035; x_wconf 64' lang='lat' dir='ltr'><strong>squamae</strong></span> 
     </span>
    </p>
   </div>
   <div class='ocr_carea' id='block_1_111' title="bbox 1966 5050 3622 5124">
    <p class='ocr_par' dir='ltr' id='par_1_111' title="bbox 1966 5050 3622 5124">
     <span class='ocr_line' id='line_1_111' title="bbox 1966 5050 3622 5124; baseline -0.001 -13"><span class='ocrx_word' id='word_1_646' title='bbox 1966 5053 2338 5120; x_wconf 85' lang='lat' dir='ltr'><strong>decursibus,</strong></span> <span class='ocrx_word' id='word_1_647' title='bbox 2373 5050 2818 5124; x_wconf 83' lang='lat' dir='ltr'><strong>piscationibus,</strong></span> <span class='ocrx_word' id='word_1_648' title='bbox 2851 5051 3050 5118; x_wconf 83' lang='lat' dir='ltr'><strong>molis,</strong></span> <span class='ocrx_word' id='word_1_649' title='bbox 3077 5051 3459 5120; x_wconf 76' lang='lat' dir='ltr'><strong>molendinis,</strong></span> <span class='ocrx_word' id='word_1_650' title='bbox 3507 5052 3622 5110; x_wconf 78' lang='lat' dir='ltr'><strong>viis</strong></span> 
     </span>
    </p>
   </div>
   <div class='ocr_carea' id='block_1_112' title="bbox 1967 5139 3624 5213">
    <p class='ocr_par' dir='ltr' id='par_1_112' title="bbox 1967 5139 3624 5213">
     <span class='ocr_line' id='line_1_112' title="bbox 1967 5139 3624 5213; baseline -0.001 -13"><span class='ocrx_word' id='word_1_651' title='bbox 1967 5147 2026 5200; x_wconf 89' lang='lat' dir='ltr'><strong>et</strong></span> <span class='ocrx_word' id='word_1_652' title='bbox 2053 5140 2247 5209; x_wconf 89' lang='lat' dir='ltr'><strong>inviis,</strong></span> <span class='ocrx_word' id='word_1_653' title='bbox 2278 5139 2532 5197; x_wconf 79' lang='lat' dir='ltr'><strong>exitibus</strong></span> <span class='ocrx_word' id='word_1_654' title='bbox 2547 5143 2605 5196; x_wconf 90' lang='lat' dir='ltr'><strong>et</strong></span> <span class='ocrx_word' id='word_1_655' title='bbox 2633 5139 2940 5207; x_wconf 87' lang='lat' dir='ltr'><strong>reditibus,</strong></span> <span class='ocrx_word' id='word_1_656' title='bbox 2959 5139 3224 5212; x_wconf 68' lang='lat' dir='ltr'><strong>quasitis</strong></span> <span class='ocrx_word' id='word_1_657' title='bbox 3247 5139 3624 5213; x_wconf 62' lang='lat' dir='ltr'><strong>etinqnirsn:</strong></span> 
     </span>
    </p>
   </div>
   <div class='ocr_carea' id='block_1_113' title="bbox 1967 5227 3624 5301">
    <p class='ocr_par' dir='ltr' id='par_1_113' title="bbox 1967 5227 3624 5301">
     <span class='ocr_line' id='line_1_113' title="bbox 1967 5227 3624 5301; baseline -0.001 -15"><span class='ocrx_word' id='word_1_658' title='bbox 1967 5230 2080 5298; x_wconf 88' lang='lat' dir='ltr'><strong>die;</strong></span> <span class='ocrx_word' id='word_1_659' title='bbox 2114 5229 2187 5284; x_wconf 93' lang='lat' dir='ltr'><strong>ob</strong></span> <span class='ocrx_word' id='word_1_660' title='bbox 2219 5227 2530 5283; x_wconf 87' lang='lat' dir='ltr'><strong>amabilem</strong></span> <span class='ocrx_word' id='word_1_661' title='bbox 2562 5227 2830 5299; x_wconf 87' lang='lat' dir='ltr'><strong>conjugis</strong></span> <span class='ocrx_word' id='word_1_662' title='bbox 2861 5233 3076 5284; x_wconf 62' lang='lat' dir='ltr'><strong>nostra</strong></span> <span class='ocrx_word' id='word_1_663' title='bbox 3095 5227 3268 5285; x_wconf 64' lang='lat' dir='ltr'><strong>GisIas</strong></span> <span class='ocrx_word' id='word_1_664' title='bbox 3289 5227 3624 5301; x_wconf 73' lang='lat' dir='ltr'><strong>impcratri—</strong></span> 
     </span>
    </p>
   </div>
   <div class='ocr_carea' id='block_1_114' title="bbox 1967 5315 3620 5390">
    <p class='ocr_par' dir='ltr' id='par_1_114' title="bbox 1967 5315 3620 5390">
     <span class='ocr_line' id='line_1_114' title="bbox 1967 5315 3620 5390; baseline 0.001 -17"><span class='ocrx_word' id='word_1_665' title='bbox 1967 5317 2052 5374; x_wconf 89' lang='lat' dir='ltr'><strong>cis</strong></span> <span class='ocrx_word' id='word_1_666' title='bbox 2081 5319 2356 5388; x_wconf 75' lang='lat' dir='ltr'><strong>Augustis</strong></span> <span class='ocrx_word' id='word_1_667' title='bbox 2385 5315 2804 5382; x_wconf 89' lang='lat' dir='ltr'><strong>interventum,</strong></span> <span class='ocrx_word' id='word_1_668' title='bbox 2839 5319 2897 5372; x_wconf 90' lang='lat' dir='ltr'><strong>et</strong></span> <span class='ocrx_word' id='word_1_669' title='bbox 2925 5317 2999 5372; x_wconf 92' lang='lat' dir='ltr'><strong>ob</strong></span> <span class='ocrx_word' id='word_1_670' title='bbox 3029 5316 3278 5374; x_wconf 68' lang='lat' dir='ltr'><strong>asinina</strong></span> <span class='ocrx_word' id='word_1_671' title='bbox 3322 5317 3620 5390; x_wconf 60' lang='lat' dir='ltr'><strong>denegan-</strong></span> 
     </span>
    </p>
   </div>
   <div class='ocr_carea' id='block_1_115' title="bbox 1966 5401 3620 5478">
    <p class='ocr_par' dir='ltr' id='par_1_115' title="bbox 1966 5401 3620 5478">
     <span class='ocr_line' id='line_1_115' title="bbox 1966 5401 3620 5478; baseline 0 -18"><span class='ocrx_word' id='word_1_672' title='bbox 1966 5405 2103 5460; x_wconf 89' lang='lat' dir='ltr'><strong>dam</strong></span> <span class='ocrx_word' id='word_1_673' title='bbox 2134 5403 2528 5460; x_wconf 71' lang='lat' dir='ltr'><strong>dilectissimis</strong></span> <span class='ocrx_word' id='word_1_674' title='bbox 2560 5401 2740 5475; x_wconf 89' lang='lat' dir='ltr'><strong>prolis</strong></span> <span class='ocrx_word' id='word_1_675' title='bbox 2767 5407 2980 5461; x_wconf 68' lang='lat' dir='ltr'><strong>nostris</strong></span> <span class='ocrx_word' id='word_1_676' title='bbox 3014 5403 3268 5463; x_wconf 80' lang='lat' dir='ltr'><strong>Heinrici</strong></span> <span class='ocrx_word' id='word_1_677' title='bbox 3297 5404 3620 5478; x_wconf 64' lang='grc' dir='ltr'><strong>τρεῖς.Μί-</strong></span> 
     </span>
    </p>
   </div>
   <div class='ocr_carea' id='block_1_116' title="bbox 1963 5489 3619 5560">
    <p class='ocr_par' dir='ltr' id='par_1_116' title="bbox 1963 5489 3619 5560">
     <span class='ocr_line' id='line_1_116' title="bbox 1963 5489 3619 5560; baseline -0.001 -10"><span class='ocrx_word' id='word_1_678' title='bbox 1963 5493 2205 5554; x_wconf 88' lang='lat' dir='ltr'><strong>tionem.</strong></span> <span class='ocrx_word' id='word_1_679' title='bbox 2237 5507 2344 5547; x_wconf 85' lang='lat' dir='ltr'><strong>nec</strong></span> <span class='ocrx_word' id='word_1_680' title='bbox 2361 5507 2480 5546; x_wconf 91' lang='lat' dir='ltr'><strong>non</strong></span> <span class='ocrx_word' id='word_1_681' title='bbox 2509 5489 3242 5560; x_wconf 76' lang='lat' dir='ltr'><strong>Herimannimarchionis,</strong></span> <span class='ocrx_word' id='word_1_682' title='bbox 3264 5491 3619 5551; x_wconf 65' lang='lat' dir='ltr'><strong>leinmloo</strong></span> 
     </span>
    </p>
   </div>
   <div class='ocr_carea' id='block_1_117' title="bbox 1963 5571 3622 5652">
    <p class='ocr_par' dir='ltr' id='par_1_117' title="bbox 1963 5571 3622 5652">
     <span class='ocr_line' id='line_1_117' title="bbox 1963 5571 3622 5652; baseline 0.001 -15"><span class='ocrx_word' id='word_1_683' title='bbox 1963 5577 2314 5638; x_wconf 76' lang='lat' dir='ltr'><strong>venerabilis</strong></span> <span class='ocrx_word' id='word_1_684' title='bbox 2341 5578 2472 5634; x_wconf 67' lang='lat' dir='ltr'><strong>vita</strong></span> <span class='ocrx_word' id='word_1_685' title='bbox 2502 5576 2776 5651; x_wconf 88' lang='lat' dir='ltr'><strong>episcopo</strong></span> <span class='ocrx_word' id='word_1_686' title='bbox 2805 5595 3044 5652; x_wconf 68' lang='lat' dir='ltr'><strong>suaque</strong></span> <span class='ocrx_word' id='word_1_687' title='bbox 3091 5571 3350 5638; x_wconf 68' lang='lat' dir='ltr'><strong>ecclesias</strong></span> <span class='ocrx_word' id='word_1_688' title='bbox 3393 5579 3464 5638; x_wconf 72' lang='lat' dir='ltr'><strong>in</strong></span> <span class='ocrx_word' id='word_1_689' title='bbox 3487 5595 3622 5639; x_wconf 56' lang='lat' dir='ltr'><strong>sano</strong></span> 
     </span>
    </p>
   </div>
   <div class='ocr_carea' id='block_1_118' title="bbox 1966 5665 3616 5743">
    <p class='ocr_par' dir='ltr' id='par_1_118' title="bbox 1966 5665 3616 5743">
     <span class='ocr_line' id='line_1_118' title="bbox 1966 5665 3616 5743; baseline -0.002 -13"><span class='ocrx_word' id='word_1_690' title='bbox 1966 5667 2246 5730; x_wconf 64' lang='lat' dir='ltr'><strong>ctissime</strong></span> <span class='ocrx_word' id='word_1_691' title='bbox 2301 5667 2402 5726; x_wconf 88' lang='lat' dir='ltr'><strong>Dei</strong></span> <span class='ocrx_word' id='word_1_692' title='bbox 2459 5665 2760 5739; x_wconf 78' lang='lat' dir='ltr'><strong>genitricis</strong></span> <span class='ocrx_word' id='word_1_693' title='bbox 2835 5667 3030 5726; x_wconf 68' lang='lat' dir='ltr'><strong>Mariis</strong></span> <span class='ocrx_word' id='word_1_694' title='bbox 3097 5672 3157 5726; x_wconf 86' lang='lat' dir='ltr'><strong>et</strong></span> <span class='ocrx_word' id='word_1_695' title='bbox 3199 5667 3616 5743; x_wconf 78' lang='lat' dir='ltr'><strong>pretiosissimi</strong></span> 
     </span>
    </p>
   </div>
  </div>
