3920 6208
300 291 458 356 θοι-ι

1591 288 2123 357 CHUONRADUS
2164 286 2220 354 11
2261 285 2427 365 IMP.

3549 292 3706 362 1058

298 405 579 498 martyris
599 418 867 495 Chyliani
891 438 996 480 nec
1016 440 1132 479 non
1154 422 1561 497 gloriosissimi
1591 425 1942 484 confessoris
1970 425 2027 493 Α
2127 426 2359 496 Signum
2400 425 2611 481 domini
2659 423 2971 483 Chuonradi
2986 426 3323 486 screnissimi
3351 431 3692 503 imperatoris

296 513 517 571 Liborii
538 512 821 570 honorem
849 516 1214 583 constructae,
1248 529 1314 570 eo
1336 517 1532 571 tenore
1553 514 1612 570 in
1645 515 1948 589 proprium

292 601 680 667 tradidimus,
709 604 777 656 ut
824 601 948 673 ipse
975 602 1215 673 suisque
1245 618 1613 659 successores
1644 604 1715 659 de
1747 604 1950 659 eodem

294 690 846 761 liberam-deinceps
872 689 1125 746 habeant
1168 694 1513 762 potestatem
1545 692 1799 762 tenendi,
1833 697 1949 748 tra-

293 781 497 848 dendi,
520 779 1373 847 vendendi,commutandi,vel
1406 780 1691 853 quidquid
1726 780 1956 853 placue-

296 870 383 926 rit
400 869 513 926 sibi
537 868 808 933 faciendi,
842 869 914 923 ad
944 868 1261 924 utilitatem
1295 872 1489 924 tamen
1542 870 1951 941 praedictorum

296 964 642 1017 sanctorum
674 956 965 1013 Ecclesia}.
1000 958 1306 1013 Recordati
1329 974 1538 1014 sumus
1553 975 1807 1031 namque
1839 975 1953 1013 non

298 1049 365 1105 in
396 1048 505 1104 hoc
530 1051 785 1114 tantum,
818 1046 918 1103 sed
941 1046 1000 1101 in
1024 1045 1155 1102 aliis
1176 1046 1289 1102 sibi
1311 1047 1524 1115 adhuc,
1564 1053 1673 1103 Deo
1702 1046 1953 1115 volente,

300 1153 339 1193 a
365 1137 535 1193 nobis
590 1135 892 1192 tradendis
953 1134 1208 1207 praediis,
1242 1137 1397 1207 quod
1440 1153 1615 1192 suum
1647 1137 1952 1192 assiduum

296 1225 608 1283 servitium
666 1224 929 1280 devotius
981 1229 1039 1280 et
1068 1225 1291 1281 caeteris
1321 1226 1540 1281 nostris
1569 1225 1946 1297 pontiﬁcibus

299 1314 693 1387 frequentius,
746 1330 860 1369 non
884 1313 1053 1387 quasi
1075 1330 1213 1381 uno,
1233 1314 1334 1369 sed
1366 1314 1483 1371 fere
1513 1315 1571 1369 in
1612 1314 1773 1369 omni
1805 1318 1953 1368 tem-

300 1406 689 1477 porecertum
710 1401 1048 1459 habuimus.
1063 1403 1134 1457 Et
1164 1407 1228 1457 ut
1250 1403 1370 1458 haec
1387 1408 1597 1459 nostrae
1621 1401 1954 1458 traditionis

302 1493 625 1550 auctoritas
664 1492 894 1548 stabilis
916 1496 973 1547 et
994 1491 1336 1547 inconvulsa
1356 1508 1458 1564 per
1468 1491 1722 1547 labentia
1736 1496 1955 1562 tempo-

302 1599 440 1638 rum
471 1574 761 1638 curricula
776 1580 1251 1646 observetur,hoc
1265 1584 1619 1652 praeceptum
1635 1580 1769 1635 inde
1792 1596 1956 1635 cons-

302 1670 560 1742 criptum
589 1670 800 1725 subtus
851 1686 1030 1724 manu
1090 1669 1325 1740 propria
1373 1668 1849 1724 conﬁrmavimus
1898 1671 1956 1723 et

2060 515 2305 586 Augusti.

2133 604 2325 659 Bruno
2346 603 2726 662 cancellarius
2774 606 2845 660 ad
2869 606 3049 660 vicem
3085 606 3351 663 Aribonis
3382 609 3702 683 Magontini

2061 692 2478 765 archiepiscopi
2501 697 2558 749 et
2603 694 3097 750 archicancellarii
3130 698 3454 767 recognovi.

2137 781 2343 835 Datum
2376 799 2436 836 ιιι
2471 782 2757 838 Kalendas
2790 783 3162 846 Martii,anno
3188 784 3497 840 Dominicze
3519 787 3706 843 Iocar-

2063 870 2314 923 nationis
2350 872 2508 938 1031,
2542 871 2861 926 indictione
2910 889 3022 933 xw,
3074 889 3227 926 anno
3282 876 3474 928 autem
3507 876 3705 929 domni

2062 958 2393 1013 Cbuonradi
2413 977 2468 1015 v1
2494 961 2815 1032 regnantis.
2848 960 3193 1031 imperantis
3223 978 3354 1017 vero
3386 979 3457 1017 Iv.

2132 1048 2339 1102 Actum
2373 1047 2610 1103 Goslare
2640 1048 2900 1104 feliciter.
2936 1052 3135 1104 Amen.

2824 1154 2938 1209 XV.

2065 1240 2417 1295 Chuonradus
2446 1243 2496 1296 Il
2522 1258 2642 1309 rem,
2683 1245 2978 1314 imperator
3008 1245 3049 1310 1,
3104 1245 3352 1300 Hubaldo
3386 1246 3710 1303 Cremonen-

2131 1314 2181 1438 Ξῖ
2211 1314 2473 1452 cpiscopﬁo,
2506 1314 2728 1438 ritusque
2765 1317 3049 1383 Ecclesiae,
3106 1318 3294 1371 omnia
3334 1319 3629 1390 privilegia
3658 1324 3711 1375 et

2167 1399 2273 1437 ona
2302 1399 2398 1438 con
2447 1400 2529 1437 rm
2596 1426 2608 1439 .

2167 1399 2273 1437 ona
2302 1399 2608 1439 cmmrmat.

2680 1475 2867 1545 (Anno
2903 1475 3083 1543 1031.)

2382 1562 2725 1629 [Mumroa1,
2771 1563 2955 1632 Antiq.
3001 1564 3120 1617 ltut.
3156 1565 3198 1629 Ι,
3238 1565 3383 1632 417.]

2135 1668 2197 1722 In
2231 1667 2464 1723 nomine
2492 1672 2705 1723 sancta:
2735 1668 3117 1723 etindividuze
3136 1670 3458 1740 Trinitatis,
3479 1672 3706 1728 CHUON-

304 1757 808 1815 corroboravimus
839 1774 905 1813 ac
955 1757 1135 1828 sigilli
1184 1758 1369 1812 nostri
1397 1757 1779 1829 impressione
1821 1757 1954 1811 dili-
1985 1794 2034 1860 Β
2064 1773 2271 1824 nanus,
2302 1756 2499 1811 divina
2531 1758 2753 1812 favente
2781 1757 3113 1827 clementia,
3144 1758 3541 1815 Romanorum
3598 1760 3707 1816 im-

304 1846 542 1921 gentius
572 1846 843 1919 insigniri
872 1846 1278 1919 praecepimus.

378 1936 611 2008 Signum
637 1936 826 1992 damni
849 1935 1169 1993 Chuonradi
1198 1937 1549 1991 invictissimi
1592 1937 1957 1992 Romanorum

307 2026 659 2097 imperatoris
685 2025 934 2095 Augusti.
970 2024 1055 2095 (L.
1090 2024 1192 2095 M.)

377 2113 681 2171 Odalricus
713 2112 1099 2171 cancellarius
1139 2115 1490 2186 recognovit.

377 2202 523 2259 Data
576 2220 640 2259 III
696 2203 841 2259 Non.
908 2203 1181 2275 Augusti,
1246 2203 1565 2259 indictione
1621 2220 1736 2269 xw,
1803 2217 1955 2258 anno

304 2292 623 2349 Dominicis
656 2291 1081 2347 lncarnationis
1138 2291 1297 2357 1031,
1329 2309 1482 2347 anno
1524 2295 1721 2347 autem
1754 2290 1954 2345 domui

299 2380 635 2437 Chuonradi
668 2381 717 2436 II
748 2379 1046 2453 regnantis
1075 2396 1174 2446 vn,
1206 2380 1440 2453 imperii
1459 2396 1591 2437 vero
1612 2398 1665 2434 ν.

375 2472 584 2526 Actum
599 2468 1097 2525 Immeteshusun.

1061 2581 1207 2638 XIV.

314 2673 673 2731 Chuonradas
732 2674 757 2728 Ι
816 2674 1111 2744 imperator
1149 2670 1391 2726 Hubaldo
1440 2670 1786 2726 Cremonensi
1840 2673 1959 2742 epi-

316 2778 323 2785 ο
382 2761 538 2817 scopo
564 2746 695 2807 iura
723 2743 902 2812 van‘a,
934 2748 987 2799 et
1015 2744 1334 2798 comitatam
1361 2743 1535 2813 ipsius
1563 2744 1796 2798 civitatis
1832 2759 1957 2798 con-

384 2817 587 2887 mm.

933 2905 1119 2975 (Anno
1154 2903 1337 2973 1031.)

630 2993 985 3063 (Menarchi,
1032 2993 1216 3064 Antig.
1260 2992 1383 3048 Ital.
1418 2991 1486 3058 Il,
1520 2992 1635 3062 73.]

324 3138 331 3139 γ
378 3092 447 3146 in
479 3088 713 3145 nomine
740 3094 952 3145 sancta:
980 3094 1037 3144 et
1062 3087 1377 3143 individuis
1400 3087 1958 3153 Trinitatis,Chuon-

2064 1850 2295 1917 perator
2317 1849 2639 1918 Augustus.

2137 1934 2193 1989 Si
2212 1938 2411 1989 sancta
2424 1934 2841 1989 etvcnerabilia
2873 1934 3134 2000 loca,etc.
3151 1936 3432 1999 Quocirca
3443 1938 3708 1994 omnium

2066 2028 2278 2078 sancta:
2312 2023 2407 2078 Dei
2446 2023 2714 2078 Ecclesia:
2757 2024 3045 2091 ﬁdelium,
3078 2030 3533 2098 nostrorumque
3564 2044 3707 2099 pree-

2065 2112 2317 2167 sentium
2349 2111 2569 2167 scilicet
2598 2129 2663 2167 ac
2721 2113 3055 2168 futurorum
3099 2114 3322 2169 noverit
3360 2115 3711 2172 universitas

2064 2200 2818 2269 Hubaldum,vencrahilem
2839 2201 3064 2255 Sanctae
3082 2201 3488 2258 Cremonensis
3520 2204 3709 2259 Eccle-

2063 2289 2160 2343 siae
2193 2287 2533 2353 antistitem,
2567 2288 2807 2342 obtentu
2861 2287 3081 2342 dilectae
3109 2288 3336 2360 imperii
3362 2291 3543 2346 nostri
3571 2309 3706 2348 con-

2065 2377 2241 2433 sortis
2270 2376 2440 2432 Gislze
2489 2376 2878 2447 imperatricis
2936 2377 3306 2447 gratissimae,
3339 2377 3709 2436 celsitudinis

2066 2469 2274 2520 nostra:
2306 2464 2675 2520 clementiam
2708 2465 2917 2520 obnixe
2938 2463 3356 2538 humiliterque
3377 2467 3711 2538 postulasse

2065 2559 2356 2626 quatenus
2398 2570 2502 2625 pro
2528 2553 2622 2609 Dei
2647 2570 2863 2621 amore,
2898 2554 3205 2625 nostrique
3235 2554 3467 2627 imperii
3497 2555 3707 2625 salute,

2066 2647 2270 2698 nostra
2298 2641 2585 2714 imperiali
2629 2642 2973 2697 auctoritate
3002 2647 3293 2714 praecepta
3322 2660 3357 2699 a
3385 2644 3708 2701 decessori-

2068 2732 2178 2787 bus
2209 2731 2424 2787 nostris
2452 2730 2711 2802 regibus,
2745 2734 2920 2802 atque
2950 2731 3425 2803 imperatoribus,
3456 2734 3709 2789 maxime

2067 2819 2434 2892 Berengario,
2451 2818 2780 2890 Rodulpho,
2799 2835 2902 2873 nec
2926 2835 3039 2874 non
3066 2818 3209 2873 diva)
3233 2820 3523 2875 memoriae
3545 2819 3710 2877 Otto-

2068 2908 2263 2975 nibus,
2289 2924 2355 2964 ac
2376 2907 2643 2976 Henrico,
2677 2906 3004 2979 magniﬁcis
3028 2906 3479 2978 imperatoribus
3508 2914 3709 2983 Augu-

2070 2997 2199 3065 stis,
2233 3014 2351 3052 sute
2382 2995 2648 3052 Ecclesiae
2662 3012 2937 3051 concessa
2950 2997 3436 3054 conﬁrmaremus
3460 3002 3517 3053 et
3540 2999 3709 3056 robo-

2070 3086 2543 3156 raremus.Cujus
2569 3084 2762 3157 dignis
2784 3083 3164 3156 petitionibus
3185 3089 3711 3159 annuentes,prout

308 3177 728 3247 rwdus,divina
757 3178 983 3234 favente
1016 3176 1953 3250 clementia,Romanorumimpe-
1985 3159 2027 3224 C
2059 3177 2220 3246 juste
2243 3179 2300 3230 et
2320 3172 3173 3246 legaliter,etc.,conﬁrmamus
3195 3174 3708 3230 etcorroboramus

305 3273 469 3325 rator
490 3270 814 3341 Augustus.

366 3358 433 3411 'Si
452 3361 658 3412 sancta
679 3372 746 3412 ac
764 3355 1119 3412 venerabilia
1140 3355 1266 3411 loca
1286 3355 1606 3411 sublimare
1654 3372 1719 3411 ac
1749 3356 1951 3412 defen-

298 3460 437 3503 sare
458 3444 863 3501 studuerimus
884 3444 955 3499 ad
980 3444 1144 3517 regni
1169 3444 1354 3500 nostri
1383 3448 1604 3499 statum
1635 3443 1745 3500 hoc
1777 3445 1951 3516 perti-

302 3550 445 3591 nere
465 3533 867 3606 proculdubio
883 3550 1000 3588 non
1045 3533 1423 3605 ambigimus.
1458 3534 1821 3605 Quapropter
1850 3551 1952 3589 no-

298 3628 565 3681 atrorum
580 3621 850 3678 ﬁdelium
882 3622 1257 3694 praesentium
1291 3621 1515 3677 scilicet
1536 3638 1602 3676 ac
1619 3622 1953 3678 futurorum

302 3716 512 3769 noscat
528 3711 908 3776 universitas,
930 3710 1288 3777 Hubaldum,
1308 3714 1523 3766 sancta:
1548 3711 1954 3767 Cremonensis

303 3799 576 3856 Ecclesia:
603 3798 995 3855 venerabilem
1043 3798 1387 3863 antistitem,
1434 3798 1758 3855 interventu
1805 3798 1953 3854 dile-

304 3888 583 3947 ctissimaa
614 3888 883 3961 conjugis
913 3892 1126 3943 nostra:
1157 3886 1329 3943 Gislaa
1387 3887 1795 3960 imperatricis,
1850 3905 1952 3945 no-

302 3984 489 4035 stram
519 3976 825 4033 humiliter
850 3976 1067 4032 adiisse
1098 3975 1491 4045 clementiam,
1542 3976 1847 4049 postulans
1890 3981 1955 4033 ut

300 4083 408 4140 pro
439 4071 554 4124 Deo
579 4069 640 4122 et
692 4065 903 4121 animae
933 4068 1144 4121 nostrae
1175 4064 1431 4121 remedio
1472 4068 1759 4137 praecepta
1788 4082 1823 4120 a
1853 4065 1950 4121 de-

300 4154 637 4212 cessoribus
661 4153 880 4211 nostris
908 4170 1028 4211 sua
1067 4152 1334 4209 Ecclesia:
1346 4168 1625 4209 concessa
1646 4153 1951 4209 conﬁrma-

302 4258 601 4301 remus.ac
630 4243 1061 4300 roboraremus.
1094 4242 1276 4314 Cujus
1313 4241 1511 4314 dignis
1568 4240 1952 4314 petitionibus

298 4335 651 4400 annuentes,
710 4336 882 4404 prout
927 4332 1091 4402 juste
1129 4335 1187 4386 et
1216 4329 1481 4404 legaliter
1509 4346 1846 4401 possumus,
1881 4346 1950 4385 ea

300 4421 611 4478 ﬁrmamus
637 4425 697 4476 et
724 4421 1193 4477 corroboramus.
1250 4419 1337 4475 lto.
1366 4423 1431 4474 ut
1459 4418 1745 4490 quidquid
1777 4435 1948 4474 cura-

2061 3264 2249 3319 eidem
2282 3267 2492 3317 sancta:
2522 3258 2896 3315 Cremonensi
2928 3258 3195 3314 Ecclesia:
3227 3260 3514 3332 quidquid
3545 3278 3710 3318 cura-

2060 3356 2223 3419 turae,
2257 3350 2495 3417 telonei,
2525 3354 2699 3420 atque
2730 3346 3020 3420 portatici,
3053 3364 3154 3402 seu
3211 3349 3458 3419 ripatici,
3507 3349 3705 3422 aliquo

2062 3440 2295 3513 ingenio
2321 3440 2391 3494 de
2432 3440 2559 3509 jam
2590 3438 2707 3493 fata
2736 3436 3111 3492 Cremonensi
3142 3436 3373 3492 civitate
3404 3437 3476 3492 ad
3509 3437 3703 3509 publi-

2062 3544 2191 3583 cam
2214 3524 2571 3580 functionem
2612 3523 2892 3595 pertinuit
2914 3528 3034 3579 tam
3079 3524 3149 3578 de
3172 3526 3333 3594 parte
3356 3523 3543 3595 ipsius
3565 3524 3704 3580 civi-

2060 3615 2199 3671 tatis
2229 3612 2746 3683 comitatus,quam
2778 3612 2848 3666 dc
2879 3616 3041 3683 parte
3072 3612 3249 3667 cortis
3281 3611 3563 3683 Sexpilas,
3599 3630 3707 3669 nec

2062 3721 2176 3760 non
2207 3704 2364 3776 ripas
2385 3706 2442 3758 et
2463 3701 2744 3773 piscarias
2766 3717 2800 3755 a
2839 3699 3170 3771 Vulpariolo
3213 3716 3399 3772 usque
3428 3701 3501 3756 ad
3532 3706 3710 3772 caput

2060 3794 2261 3848 Abduc
2281 3808 2413 3847 cum
2438 3789 2788 3845 molendinis
2808 3792 2865 3844 et
2887 3787 3177 3844 metatura
3226 3805 3450 3855 eorum,
3484 3789 3710 3846 scilicet

2063 3899 2166 3955 per
2193 3894 2675 3951 unumquemque
2706 3876 3110 3933 molendinum
3137 3878 3301 3950 grani
3330 3878 3559 3934 modios
3579 3878 3711 3934 Cre-

2062 3985 2370 4027 monenses
2387 3969 2665 4041 quinque,
2692 3971 2868 4039 atque
2895 3982 3029 4022 cum
3055 3966 3520 4039 uniuscujusque
3542 3968 3708 4024 navis

2060 4059 2229 4117 solito
2252 4075 2454 4122 censu,
2479 4073 2582 4128 per
2604 4071 3023 4127 unamquaque
3066 4055 3262 4111 navim
3282 4054 3548 4112 videlicet
3566 4055 3708 4121 salis

2061 4148 2248 4206 orales
2264 4151 2537 4219 quatuor,
2568 4145 2721 4200 sicut
2735 4144 3067 4200 continetur
3084 4144 3140 4198 in
3157 4144 3383 4200 notitiis
3406 4149 3541 4200 ante
3561 4162 3707 4216 prae-

2060 4237 2307 4295 sentiam
2329 4234 2600 4292 Ccssonis
2629 4233 2880 4298 diaconi,
2908 4236 2964 4288 et
2986 4232 3187 4287 domni
3211 4232 3440 4288 Ottonis
3462 4232 3709 4304 impera-

2058 4328 2202 4384 toris
2235 4325 2486 4391 missi,et
2500 4321 2783 4379 Heriberti
2802 4320 3155 4388 cancellarii,
3179 4321 3459 4375 Cremone
3489 4319 3549 4375 in
3580 4320 3705 4392 pla-

2058 4418 2172 4472 cito
2201 4412 2585 4469 residentium
2619 4410 2805 4477 factis,
2837 4414 2894 4464 et
2946 4408 3294 4463 auctoritate
3344 4424 3411 4464 ac
3433 4408 3705 4479 jussione

296 4514 468 4579 tum,
495 4507 733 4577 telonei,
759 4508 1055 4582 portatici,
1087 4524 1191 4564 seu
1227 4507 1478 4580 ripatici,
1511 4511 1569 4563 et
1596 4507 1943 4563 comitatum
1973 4521 2021 4587 D
2052 4503 2337 4580 praalibati
2369 4499 2567 4556 domui
2601 4498 2825 4554 Ottonis
2860 4495 3235 4587 imperatoris
3259 4493 3526 4568 legaliter
3543 4496 3707 4552 robo-

297 4597 454 4655 infra
472 4598 957 4671 prmnominatam
974 4597 1291 4663 civitatem,
1317 4612 1419 4652 seu
1452 4600 1612 4651 extra
1641 4612 1743 4667 per
1772 4596 1945 4667 quin-

297 4702 417 4759 que
431 4685 845 4743 milliariorum
864 4686 1077 4759 spatia,
1112 4685 1265 4741 sicut
1307 4685 1366 4739 in
1387 4684 1654 4755 ejusdem
1675 4684 1942 4740 Ecclesiae

297 4774 605 4847 praeceptis
635 4773 983 4841 continetur,
1043 4776 1256 4839 teneat,
1313 4772 1544 4841 habeat,
1588 4771 1948 4845 ﬁrmiterque

296 4863 601 4935 possideat
638 4866 760 4937 tam
788 4860 915 4934 ipse
946 4878 1125 4933 quam
1150 4865 1209 4917 et
1233 4860 1325 4916 sui
1357 4876 1746 4917 successores.
1796 4864 1947 4915 Prse-

292 4954 455 5008 terea
472 4950 624 5008 alias
648 4950 1122 5019 consuetudines,
1149 4967 1294 5022 quas
1325 4949 1416 5004 sui
1448 4953 1846 5005 antecessores
1876 4951 1947 5005 ad

293 5039 458 5097 illam
482 5043 832 5114 potestatem
863 5038 1314 5112 pertinentes,et
1348 5038 1619 5111 angarias
1649 5039 1948 5110 quondam

295 5128 653 5195 habuerunt,
687 5132 745 5183 et
762 5129 983 5184 tetrum
1013 5128 1085 5184 de
1115 5126 1246 5199 ipsa
1272 5126 1520 5193 civitate,
1553 5128 1708 5198 quod
1742 5128 1813 5183 ad
1844 5145 1948 5182 no-

293 5221 483 5273 strum
515 5215 823 5274 servitium
874 5216 1067 5289 colligi
1116 5233 1263 5272 usus
1311 5215 1441 5281 fuit,
1491 5220 1549 5271 et
1584 5232 1789 5287 porcos
1818 5217 1945 5272 Ari-

292 5322 673 5373 mannorum,
702 5308 764 5361 et
821 5306 1218 5378 albergarias;
1260 5304 1534 5362 similiter
1576 5305 1948 5377 praecipimus

296 5394 788 5469 ot-ipse,‘suique
817 5410 1189 5451 successores
1247 5392 1544 5467 perpetuis
1584 5393 1947 5465 temporibus

287 5482 961 5558 exigant.~Precipimus
989 5482 1189 5559 itaque
1219 5487 1394 5557 atque
1415 5482 1697 5557 jubemus
1728 5488 1793 5538 ut
1821 5480 1948 5538 nul-

287 5572 384 5635 lus
400 5573 546 5648 dux,
580 5585 800 5647 comes,
830 5575 943 5633 etc.

2054 4596 2232 4658 ratis;
2254 4596 2311 4647 et
2341 4589 2683 4662 paliﬁcturze
2710 4585 2967 4642 denariis
3000 4588 3385 4656 quatuor,seu
3411 4600 3546 4639 cum
3578 4601 3705 4656 per-

2056 4682 2343 4739 solutione
2360 4678 2624 4733 omnium
2657 4674 2974 4742 navium,et
2994 4690 3127 4728 cum
3146 4677 3421 4728 curatura
3436 4672 3704 4728 omnium

2058 4770 2446 4844 negotiorum,
2481 4764 2582 4837 qui
2611 4765 2761 4818 ﬁunt
2791 4764 2848 4817 in
2882 4762 3158 4834 praedicta
3201 4761 3329 4832 ripa
3356 4766 3478 4816 tam
3508 4761 3582 4816 ab
3612 4760 3702 4816 in-

2060 4860 2202 4916 colis
2232 4855 2484 4913 civitatis
2517 4869 2691 4927 quam
2723 4852 2796 4906 ab
2827 4850 2959 4906 aliis
3019 4850 3255 4905 aliunde
3295 4850 3365 4905 ad
3404 4849 3701 4922 negotium

2056 4946 2553 5011 venientibus,seu
2584 4959 2719 4997 cum
2741 4940 3016 4996 omnibus
3046 4936 3313 4994 Ecclesia:
3337 4938 3703 4994 rectitudini-

2058 5039 2167 5094 bus
2201 5052 2266 5091 ac
2297 5027 3296 5089 consuetudinibus.Districtionem
3329 5044 3464 5083 vero
3495 5027 3702 5085 civita-

2058 5127 2134 5182 tis
2146 5126 2305 5180 intus
2325 5126 2383 5177 et
2395 5127 2657 5190 exlraper
2676 5134 2749 5188 qu
2761 5117 2935 5188 inque
2950 5113 3359 5171 milliariorum
3375 5115 3700 5187 spatia,etc.

2057 5215 2115 5271 Si
2145 5214 2280 5286 quis
2313 5210 2511 5283 igitur,
2543 5212 2651 5263 etc.

2128 5304 2357 5373 Signum
2382 5298 2596 5355 domini
2627 5293 2941 5350 Chuonradi
2967 5291 3314 5347 serenissimi
3350 5292 3703 5361 imperatoris

2055 5392 2305 5462 Augusti.

2124 5480 2319 5534 Bruno
2349 5472 2736 5533 cancellarius
2763 5471 2835 5525 ad
2867 5470 3049 5524 vicem
3071 5463 3347 5522 Aribonis
3374 5466 3704 5541 Magontini

2053 5563 2476 5643 archiepiscopi
2491 5565 2549 5621 et
2568 5554 3062 5621 archicancellarii
3081 5553 3413 5631 recognovi.
