3920 6208
313 285 470 348 1059

1677 283 1986 348 MONUM.
2031 285 2351 350 DIPLOM.

3550 283 3726 360 .1000

381 415 595 472 Datum
623 431 688 472 111
719 413 1010 472 Kalendas
1039 413 1254 483 Martii,
1313 431 1465 471 anno
1499 415 1804 471 Dominicac
1860 417 1948 472 In-
1981 419 2035 484 Α
2065 422 2262 472 nostro
2271 419 2406 488 jure
2427 433 2492 474 ac
2509 415 2766 474 dominio
2789 416 2847 474 in
2872 433 3048 474 suum
3063 419 3164 491 jus
3179 421 3356 492 atque
3375 419 3718 478 dominium

310 505 1179 574 carnationis'1031,indictione
1207 522 1324 572 xxv,
1354 522 1505 561 anno
1525 509 1717 560 autem
1751 506 1951 561 domni

307 593 638 651 Chuonradi
671 595 719 650 ll
751 594 1049 668 regnantis
1081 598 1261 663 sexto,
1297 593 1529 667 imperii
1567 610 1702 649 vero
1731 611 1804 648 1v.

378 687 590 740 Actum
620 683 856 740 Goslare
889 683 1146 740 feliciter.
1176 685 1380 738 Amen.

1055 788 1200 844 XVI.

307 881 533 937 Litterae
563 878 878 935 Chuonradi
907 879 932 934 Ι
957 878 1301 950 imperatoris
1352 877 1422 932 ad
1453 877 1590 950 cives
1622 877 1950 950 Cremonen-

375 967 476 1020 ses,
507 959 567 1094 κίε
589 954 832 1022 episcopo
864 947 1214 1006 Cremonensi
1240 948 1306 1003 de
1359 947 1684 1019 quibusdam
1711 949 1948 1020 querelis

376 1025 509 1078 satis
535 1025 740 1078 aciant.

376 1033 458 1078 sal
464 1033 533 1078 181
535 1033 720 1078 aczant
727 1063 740 1076 .

759 1107 1016 1180 (Circiter
1057 1124 1278 1162 annum
1312 1107 1494 1178 1031.)

625 1199 976 1269 (Moriamur,
1009 1197 1190 1268 Antiq.
1233 1197 1357 1252 ιιαι.
1396 1197 1484 1263 VI,
1516 1196 1630 1264 53.]

373 1288 782 1352 Cnuomuous,
813 1285 1003 1358 gratia
1033 1285 1129 1341 Dei
1195 1286 1594 1341 Romanorum
1627 1283 1947 1355 imperator

301 1376 906 1449 Augustus,omnibus
924 1375 1150 1430 civibus
1167 1373 1661 1430 Cremonensibus
1675 1372 1944 1427 salutem.

372 1466 660 1522 Volumus
691 1464 1293 1535 etﬁrmitcrjubemus
1308 1467 1371 1516 ut
1413 1459 1742 1534 pecuniam,
1769 1479 1946 1533 quam

303 1555 657 1629 promisistis
687 1557 875 1609 vestro
935 1551 1148 1607 seniori
1181 1550 1452 1622 episcopo
1485 1567 1588 1622 pro
1620 1549 1861 1606 scaccbo
1891 1555 1948 1606 et

303 1644 572 1700 incendio
589 1647 644 1698 et
664 1642 860 1714 prmda
878 1657 1054 1712 quam
1079 1639 1300 1696 fecistis
1313 1657 1490 1712 super
1505 1638 1664 1695 illius
1685 1638 1943 1705 castella,

305 1730 697 1804 adimpleatis,
749 1730 798 1784 si
857 1729 926 1784 de
957 1733 1156 1784 nostra
1213 1728 1400 1800 gratia
1427 1727 1666 1783 curatis.
1709 1729 1944 1782 Terram

303 1837 438 1878 vero
454 1818 745 1886 Ecclesiae,
781 1817 932 1874 sicut
964 1816 1292 1872 Landulfus
1339 1815 1646 1888 episcopus
1686 1818 1946 1888 tempore

303 1907 504 1964 domui
535 1905 904 1978 imperatoris
929 1903 1159 1960 Henrici
1187 1903 1397 1970 tenuit,
1415 1903 1706 1971 volumus,
1741 1908 1806 1958 ut
1837 1905 1944 1960 istc

301 2002 493 2052 vester
510 1995 704 2052 senior
725 1992 995 2050 similiter
1015 1993 1208 2066 quiete
1229 1995 1440 2048 teneat.
1461 1999 1534 2048 De
1557 1993 1716 2048 silvis
1747 1997 1942 2048 autem

304 2085 571 2142 Ecclesiae
593 2099 719 2155 qua:
741 2081 799 2138 in
814 2080 1057 2137 circuitu
1079 2082 1398 2149 sunt,unde
1419 2079 1502 2135 illi
1523 2081 1787 2153 quotidie
1805 2097 1940 2134 con-

304 2175 553 2230 trarium
587 2172 801 2242 facitis,
823 2175 878 2225 et
909 2169 1139 2224 utimini
1171 2174 1374 2225 contra
1403 2170 1530 2242 ejus
1559 2169 1938 2239 voluntatem,

296 2247 672 2336 jubemus,ut
691 2277 807 2315 non
832 2277 935 2316 vos
948 2259 1205 2330 amplius
1227 2259 1653 2324 intromittatis,
1685 2257 1735 2313 si
1769 2257 1940 2313 talem

303 2370 544 2409 censum
573 2349 624 2407 ei
647 2367 762 2406 non
793 2349 1037 2414 dederit,
1070 2348 1224 2403 sicut
1254 2347 1649 2403 Mediolanum
1680 2351 1736 2404 et
1765 2345 1942 2418 Papia

301 2445 474 2518 atque
497 2438 1340 2508 Placentia.Osbertum,neque
1361 2435 1520 2492 illius
1547 2439 1942 2508 pares,contra

304 2530 658 2587 voluntatem
695 2527 873 2583 vestri
906 2525 1174 2592 senioris,
1225 2524 1386 2580 nullo
1444 2525 1616 2580 modo
1671 2524 1938 2592 teneatis,

305 2620 351 2676 si
377 2633 639 2691 unquam
663 2615 910 2689 gratiam
934 2619 1193 2670 nostram
1216 2613 1428 2669 habere
1449 2611 1941 2685 cupitis.Homici-

303 2710 411 2764 das
429 2713 487 2762 et
506 2706 784 2771 latrones,
819 2702 919 2775 qui
953 2702 1102 2757 infra
1133 2701 1423 2758 civitatem
1445 2706 1602 2768 sunt,
1634 2703 1705 2756 de
1727 2702 1943 2772 quibus

304 2796 615 2866 episcopus
646 2792 834 2864 legem
857 2796 913 2846 et
919 2790 1214 2861 justitiam
1238 2791 1423 2846 facere
1442 2789 1583 2858 vult,
1607 2806 1710 2861 per
1726 2795 1940 2845 rectam

305 2885 478 2940 ﬁdem
501 2887 634 2938 ante
655 2879 1023 2953 praesentiam
1053 2880 1181 2951 ejus
1206 2879 1630 2947 conducatis,et
1658 2894 1756 2934 eos
1788 2879 1942 2952 lega-

302 2973 434 3028 liter
453 2970 718 3042 judicare
748 2967 1052 3039 adjuvetis.

1039 3075 1208 3130 XVII.

699 3166 806 3220 Pro
836 3163 1077 3220 Ecclesia
1095 3163 1546 3218 Paderbornensi.

923 3253 1110 3320 (Auno
1144 3252 1325 3321 1032.)

511 3346 793 3418 [ERHARD,
843 3341 966 3398 Cod.
985 3341 1210 3414 diplom.
1241 3341 1486 3412 Westph.,
1521 3358 1576 3412 p.
1617 3341 1732 3412 92.]

369 3437 433 3492 In
463 3435 702 3491 nomine
719 3436 938 3488 sanctae
954 3430 1334 3487 etindividua:
1356 3431 1686 3497 Trinitatis,
1709 3430 1946 3486 CHUON-

300 3522 715 3594 BADUS,lelna
735 3522 960 3577 favente
977 3519 1307 3584 clementia,
1343 3520 1741 3575 Romanorum
1762 3521 1944 3592 impe-

299 3621 458 3670 rator
485 3615 808 3684 Augustus.

368 3700 600 3758 Noverit
643 3697 909 3754 omnium
955 3697 1052 3752 Dei
1079 3697 1382 3769 nostrique
1406 3695 1667 3753 ﬁdelium
1691 3713 1944 3769 praesen-

295 3791 441 3847 tium
466 3788 691 3846 scilicet
711 3803 778 3842 ac
827 3786 1158 3841 futurorum
1207 3787 1519 3854 industria,
1554 3786 1806 3858 qualiter
1834 3804 1943 3844 nos

295 3877 454 3934 fideli
472 3880 670 3932 nostro
693 3874 1082 3947 Meginwerco
1106 3875 1568 3932 Paderburnensi
1591 3875 1862 3948 episcopo
1885 3882 1942 3932 et

295 3963 562 4022 Ecclesia:
613 3963 708 4018 cui
786 3961 931 4034 ipse,
992 3967 1106 4018 Deo
1165 3963 1444 4032 donante,
1519 3963 1808 4034 praesidet,
1870 3965 1942 4020 ob

295 4054 692 4108 interventum
721 4054 778 4106 et
810 4051 1148 4123 petitionem
1178 4051 1402 4106 dilectae
1433 4051 1700 4122 conjugis
1732 4056 1942 4108 nostrae

295 4141 466 4198 Gislaa
491 4139 879 4213 imperatricis
901 4140 1174 4212 Augustae
1195 4143 1253 4194 et
1285 4139 1708 4196 amantissimas
1729 4145 1942 4196 nostra:

294 4229 476 4304 prolis
503 4228 755 4285 Heinrici
787 4229 948 4302 regia
978 4232 1036 4284 et
1079 4227 1364 4299 Egilberti
1415 4227 1805 4300 Frisingensis
1837 4229 1940 4284 Ec-

295 4319 484 4376 clesiae
515 4317 864 4375 venerabilis
896 4315 1175 4389 episcOpi,
1235 4332 1340 4372 nec
1370 4333 1486 4372 non
1516 4316 1589 4372 ob
1621 4333 1796 4373 suum
1829 4317 1942 4373 fre-

295 4425 480 4482 quens
537 4411 593 4462 et
650 4409 921 4464 devotum
977 4403 1300 4472 servitium,
1352 4405 1670 4478 quamdam
1728 4411 1940 4462 nostrae

2056 507 2294 562 omnino
2325 507 2858 574 trasfundimus,eo
2875 524 3109 580 quoque
3143 512 3434 576 tenore,ut
3458 510 3709 582 praedic-

2059 598 2154 650 tus
2189 594 2377 650 ﬁdelis
2408 599 2608 652 noster
2663 595 2740 650 M.
2795 596 3128 668 episcopus,
3186 597 3306 654 sive
3366 597 3542 671 longe
3591 598 3718 658 sive

2060 699 2240 755 prope
2272 683 2484 752 sit,nos
2517 701 2635 739 suae
2687 685 2986 741 servitutis
3017 701 3134 741 non
3175 685 3552 760 immemores
3581 703 3718 745 esse

2057 777 2517 844 recognoscat,et
2539 777 2604 828 ut
2631 773 2754 845 ipse
2776 773 2984 846 suique
3015 791 3384 831 successores
3413 775 3486 832 de
3506 792 3714 849 supra,

2058 861 2374 916 nominatis
2406 861 2638 934 praediis
2667 861 2910 918 liberam
2942 861 3214 935 deinceps
3244 866 3594 936 potestatem
3613 865 3718 922 ha-

2056 949 2233 1004 beant
2260 950 2811 1022 teneudi,tradendi,
2845 951 3154 1023 vendendi,
3169 953 3594 1022 commutandi,
3617 953 3713 1011 vel

2059 1039 2347 1112 quidquid
2377 1039 2662 1114 placuerit
2684 1039 2931 1096 faciendi
2957 1042 3028 1097 ad
3051 1058 3226 1098 usum
3247 1046 3448 1099 tamen
3478 1061 3712 1116 prauo-

2057 1128 2290 1182 minata:
2337 1145 2458 1186 suae
2478 1128 2749 1185 Ecclesiae
2780 1129 2841 1184 in
2863 1129 3081 1186 honore
3103 1131 3292 1186 sancti
3326 1131 3545 1188 Liborii
3572 1149 3711 1189 eon-

2057 1221 2292 1272 structa:
2321 1221 2377 1271 et
2405 1221 2772 1273 consecratae.
2809 1218 2894 1288 Et,
2909 1224 2975 1274 ut
2995 1219 3116 1275 haec
3146 1223 3357 1276 nostrae
3370 1220 3708 1278 traditionis

2055 1305 2398 1361 auctoritate
2455 1305 2682 1362 stabilis
2739 1311 2796 1362 et
2853 1307 3192 1364 inconvulsa
3249 1309 3705 1382 omnitempore

2057 1399 2399 1465 perseveret,
2421 1395 2528 1450 hoc
2560 1401 2913 1468 praeceptum
2948 1397 3081 1454 inde
3115 1397 3514 1470 conscriptum
3568 1399 3708 1456 sub-

2057 1487 2268 1554 tusque
2299 1500 2476 1538 manu
2509 1485 2745 1556 propria
2774 1485 3105 1542 roboratam
3157 1485 3342 1559 sigilli
3373 1487 3556 1544 nostri
3591 1488 3704 1544 im-

2055 1571 2352 1645 pressione
2383 1572 2649 1645 insigniri
2665 1574 2983 1644 jussimus.

2124 1661 2353 1732 Signum
2381 1661 2570 1716 domni
2596 1661 2914 1718 Chuonradi
2945 1665 3296 1720 invictissimi
3332 1665 3705 1722 Romanorum

2054 1751 2400 1820 imperatoris
2420 1751 2669 1820 Augusti.
2693 1751 2780 1820 (L.
2813 1751 2915 1822 M.)

2123 1835 2428 1893 Odalricus
2457 1837 2840 1895 cancellarius
2871 1839 2941 1894 ad
2975 1839 3157 1896 vicem
3188 1841 3472 1898 Bardonis
3500 1843 3700 1898 archi-

2051 1925 2306 1996 episcopi
2340 1927 2688 1999 recognovit.

2123 2019 2263 2068 Data
2285 2032 2354 2068 xv
2373 2014 2496 2070 Kal.
2551 2017 2738 2083 Febr.,
2785 2016 3102 2074 indictione
3121 2035 3214 2086 xv,
3247 2035 3402 2074 anno
3435 2019 3699 2076 Domini-

2051 2119 2131 2158 ρει»
2163 2103 2585 2160 Incarnationis
2617 2105 2790 2174 1032;
2819 2123 2972 2162 anno
3003 2111 3195 2164 autem
3231 2108 3435 2166 domui
3463 2107 3698 2166 Chuon-

2050 2193 2174 2247 radi
2208 2194 2256 2248 ll
2283 2193 2582 2265 regnantis
2612 2211 2732 2260 vm,
2765 2193 2995 2266 imperii
3024 2212 3157 2252 vero
3185 2213 3240 2252 ν.

2119 2282 2324 2336 Actum
2359 2281 2928 2339 Hiltiwardeshusun
2961 2283 3220 2342 feliciter.
3251 2287 3457 2342 Amen.

2765 2371 2966 2427 XVIII.

2458 2461 2565 2516 Pro
2593 2461 2830 2516 Ecclesia
2859 2461 3283 2519 Paderbonensi.

2667 2550 2856 2621 (Anno
2890 2551 3073 2622 1032.)

2269 2637 2540 2708 [Ειιιιιιω,
2573 2637 2698 2693 Cod.
2730 2639 2956 2710 diplom.
2995 2639 3248 2712 Westph.,
3276 2657 3334 2713 p.
3365 2639 3482 2712 94.]

2123 2727 2182 2781 Ο.
2217 2725 2279 2780 In
2340 2727 2574 2782 nomine
2633 2731 2844 2782 sanctae
2901 2732 2960 2783 et
3015 2727 3330 2784 individua
3369 2729 3698 2796 Trinitatis,

2053 2815 2668 2882 Cnuosaanusﬁivina
2700 2816 2924 2872 favente
2954 2815 3282 2885 clementia,
3299 2817 3699 2874 Romanorum

2053 2903 2372 2974 imperator
2399 2904 2722 2975 Augustus.
3697 2957 3704 2966 .

2125 2991 2270 3056 Quia
2303 3009 2430 3059 nos,
2490 2992 2690 3048 divina
2734 2993 3080 3066 disponente
3107 2993 3439 3064 clementia,
3472 2995 3700 3052 caeteris

2055 3080 2562 3152 supereminemus
2584 3079 3703 3156 mortalibus,oportetuteujusmunere

1977 3151 2020 3218 C
2057 3151 2599 3240 priecellimus,ejus
2627 3185 2860 3242 quoque
2887 3151 3177 3227 voluntati
3207 3151 3485 3229 omnibus
3529 3173 3701 3230 nobis

2055 3275 2256 3329 parere
2275 3259 3012 3332 studeamus.Quapropter
3039 3259 3315 3317 omnibus
3341 3260 3554 3318 Christi
3589 3279 3701 3318 no-

2054 3345 2312 3418 strisque
2340 3346 2612 3404 ﬁdelibus
2665 3348 3054 3419 praesentibus
3109 3349 3334 3405 scilicet
3387 3365 3454 3406 ac
3484 3350 3701 3408 futuris

2053 3439 2256 3490 notum
2287 3451 2414 3492 esse
2441 3435 2734 3505 volumus,
2787 3435 3038 3508 qualiter
3066 3454 3174 3494 nos
3199 3437 3272 3494 ob
3304 3437 3699 3496 interventum

2054 3541 2120 3579 ac
2143 3525 2479 3596 petitionem
2503 3524 2724 3581 dilecta:
2772 3526 3040 3599 conjugis
3061 3531 3272 3582 nostra)
3293 3527 3464 3584 Gislaa
3513 3527 3702 3602 impe-

2053 3613 2280 3668 ratricis
2327 3615 2599 3686 Augustae
2657 3618 2716 3669 et
2763 3613 2870 3669 ﬁlii
2912 3615 3096 3670 nostri
3147 3615 3400 3672 Heinrici
3428 3617 3610 3690 regis,
3645 3621 3704 3674 et

2052 3700 2330 3774 Egilberti
2358 3701 2749 3774 Frisingensis
2779 3702 3047 3759 Ecclesia:
3090 3704 3374 3777 episcopi,
3406 3704 3566 3762 ﬁdeli
3595 3722 3701 3762 no-

2052 3793 2173 3846 stro
2207 3790 2607 3861 Meginvercho
2638 3791 3153 3849 Bodrebrunnensi
3206 3793 3530 3850 venerabili
3577 3795 3701 3868 epi-

2051 3894 2248 3950 seopo,
2300 3883 2358 3934 et
2387 3877 2641 3934 ecclesiae
2673 3879 2731 3934 in
2763 3879 2982 3936 honore
3029 3885 3246 3937 sancta;
3275 3881 3376 3938 Dei
3395 3881 3702 3954 genitricis

2052 3967 2244 4023 Maria:
2266 3971 2324 4022 et
2345 3967 2533 4022 sancti
2555 3967 2817 4041 Chyliani
2855 3969 3131 4040 martyris
3161 3974 3220 4026 et
3247 3971 3437 4026 sancti
3477 3971 3701 4028 Liborii

2005 4084 2013 4090 -
2049 4055 2402 4112 confessoris
2427 4060 2775 4112 constructae
2802 4061 2859 4112 et
2881 4061 3247 4128 consecratae,
3279 4059 3373 4114 cui
3400 4058 3552 4132 ipse,
3585 4063 3706 4116 Deo

2051 4145 2325 4212 donante,
2371 4144 2662 4217 praesidet,
2714 4162 2950 4202 omnem
2981 4149 3330 4218 potestatem
3361 4147 3700 4216 comitatus,

2052 4250 2228 4306 quam
2251 4233 2644 4290 Herimanuus
2662 4251 2857 4291 comes
2876 4234 2936 4290 in
2957 4235 3088 4292 istis
3110 4234 3698 4311 tribus-pagis,Auga,

2051 4322 2288 4394 Netega,
2321 4323 2566 4396 Hessiga
2594 4323 2790 4393 habet,
2809 4340 2943 4380 cum
2973 4323 3134 4380 omni
3155 4325 3294 4396 jure
3321 4325 3395 4381 ad
3424 4325 3702 4383 eumdem

2052 4411 2392 4466 comitatum
2417 4411 2577 4482 juste
2607 4428 2673 4466 ac
2727 4410 2998 4484 legaliter
3025 4412 3372 4484 pertinente,
3418 4417 3477 4469 et
3505 4413 3704 4473 omnia

295 4495 673 4571 proprietatis
697 4499 921 4551 curtem
945 4492 1333 4584 Gardenebilii
1359 4494 1941 4584 nominatam,situm
1972 4517 2020 4584 D
2052 4498 2342 4572 prsidiain
2363 4499 2585 4555 eisdem
2615 4501 2780 4573 pagis
2806 4501 2879 4556 ad
2909 4504 3140 4556 nostras
3171 4517 3386 4558 manus
3415 4501 3623 4558 habita
3649 4505 3706 4559 et

295 4588 356 4642 in
388 4602 536 4660 pago
571 4585 744 4641 Laeni
769 4583 829 4639 in
860 4582 1139 4638 comitalu
1169 4582 1506 4638 Herimanni
1538 4583 1943 4650 comitis,cum

295 4673 455 4731 omni
479 4691 588 4730 sua
608 4673 961 4746 integritate,
985 4670 1070 4727 vel
1095 4671 1380 4743 quidquid
1403 4671 1605 4742 praedii
1626 4671 1944 4728 habuimus

297 4763 357 4818 in
382 4761 536 4818 villis
582 4759 914 4827 meadal,
964 4758 1373 4832 Molduggane,
1409 4759 1941 4828 Liudulvesbusun,

297 4851 477 4908 situm
507 4853 567 4908 in
597 4852 802 4907 eodem
835 4867 983 4924 pago
1034 4855 1092 4905 et
1119 4849 1178 4904 in
1213 4849 1492 4906 comitatu
1537 4849 1945 4922 praenominati

296 4940 364 4995 Η.
397 4940 653 5011 comitis,
685 4956 818 4996 cum
853 4940 1132 4996 omnibus
1190 4939 1262 4994 ad
1303 4939 1460 4994 idem
1491 4939 1941 5011 pertinentibus,

297 5042 434 5082 cum
465 5026 1243 5102 areis,zediﬁciis,mancipiis
1266 5027 1572 5100 utriusque
1595 5045 1768 5084 sexus
1798 5027 1944 5083 inibi

296 5113 728 5179 habitantibus,
761 5117 939 5188 agris,
972 5116 1145 5173 terris
1174 5114 1351 5172 cultis
1366 5119 1423 5170 et
1449 5115 1705 5181 incultis,
1739 5115 1944 5188 pratis,

298 5200 557 5275 pascuis,
591 5203 834 5272 campis,
863 5205 1048 5271 silvis,
1077 5204 1506 5272 venationibus,
1563 5205 1734 5276 aquis
1765 5221 1946 5276 aqua-

299 5305 506 5346 rumve
531 5288 900 5357 decursibus,
927 5292 1370 5363 piscationibus,
1395 5291 1945 5357 molis,molendinis

299 5379 409 5434 viis
467 5379 526 5431 et
583 5372 774 5442 inviis,
836 5378 1087 5436 exitibus
1145 5386 1202 5436 et
1234 5379 1536 5448 reditibus,
1599 5380 1860 5450 quaesitis
1890 5385 1948 5438 et

297 5459 804 5538 inquirendis,seu
837 5482 972 5521 cum
1002 5469 1163 5524 omni
1196 5467 1448 5522 utilitate
1479 5483 1607 5538 quae
1639 5473 1740 5524 aut
1769 5469 1947 5527 scribi

298 5557 402 5618 aut
433 5544 726 5608 nominari
749 5556 962 5627 potest,
977 5555 1040 5614 in
1071 5554 1378 5632 proprium
1406 5553 1760 5628 tradidimus
1789 5563 1847 5620 et
1875 5559 1947 5622 de

281 5903 393 5992 -ικ

2054 4587 2432 4660 postmodum
2490 4589 2865 4660 acquirenda,
2897 4605 3033 4644 cum
3066 4589 3342 4648 omnibus
3389 4591 3462 4647 ad
3494 4584 3700 4647 eadem

2053 4675 2262 4732 merito
2285 4676 2726 4748 aspicientibus,
2759 4693 2892 4732 cum
2934 4678 3107 4745 areis,
3159 4677 3443 4746 aediﬁciis,
3477 4677 3704 4735 manci-

2054 4766 2188 4837 piis,
2221 4766 2396 4839 agris,
2419 4765 2589 4822 terris
2619 4763 2790 4821 cultis
2821 4770 2878 4821 et
2907 4765 3168 4833 incultis,
3201 4767 3411 4840 pratis,
3442 4767 3702 4840 pascuis,

2054 4854 2297 4925 campis,
2321 4853 2506 4924 silvis,
2547 4852 2977 4920 venationibus,
3009 4854 3180 4928 aquis
3209 4871 3573 4928 aquarumve
3601 4855 3704 4912 de-

2053 4943 2349 5009 cursibus,
2382 4943 2832 5014 piscationibus,
2863 4941 3058 5010 molis,
3097 4943 3474 5010 molendiuis,
3505 4943 3617 4998 viis
3646 4945 3705 4999 et

2052 5031 2248 5099 inviis,
2283 5031 2534 5088 exitibus
2561 5035 2620 5088 et
2647 5031 2954 5099 reditibus,
3012 5032 3276 5103 quaesitis
3305 5036 3366 5088 et
3394 5032 3704 5104 inquiren-

2053 5121 2167 5186 dis,
2201 5137 2305 5176 seu
2335 5137 2468 5176 cum
2499 5119 2660 5176 omni
2693 5119 2945 5176 utilitate
3003 5137 3130 5194 quae
3183 5119 3305 5176 ullo
3361 5120 3534 5177 modo
3566 5120 3704 5177 inde

2053 5209 2355 5282 provenire
2375 5209 2604 5282 poterit,
2653 5223 2757 5281 per
2776 5207 2888 5264 hoc
2911 5214 3184 5265 nostrum
3225 5208 3531 5282 imperiale
3553 5225 3705 5282 prae-

2055 5301 2283 5370 ceptum
2301 5298 2360 5352 in
2383 5296 2686 5368 proprium
2707 5297 3054 5354 donavimus
3065 5301 3240 5370 atque
3259 5297 3704 5371 largitisumus,

2054 5385 2319 5442 omnium
2349 5385 2656 5442 hominum
2689 5387 3145 5442 contradictione
3179 5391 3422 5455 remota,
3456 5401 3706 5460 e0‘que«

2057 5489 2170 5546 que
2193 5477 2393 5530 tenore
2410 5477 2477 5528 ut
2496 5472 2809 5545 praedictus
2830 5473 3022 5531 ﬁdelis
3034 5477 3232 5532 uoster
3255 5475 3332 5532 M.
3365 5475 3707 5548 episcopus,

2055 5562 2177 5622 sive
2226 5561 2400 5639 longe
2453 5561 2573 5622 sive
2629 5577 2806 5638 prope
2841 5561 2938 5635 sit,
2970 5579 3078 5623 nos
3101 5579 3224 5630 suae
3253 5562 3562 5628 servitutis
3591 5579 3707 5630 non
