3920 6208
222 330 386 397 ιοθι

225 572 603 613 successores
634 555 706 611 de
758 553 979 611 eisdem
1026 551 1263 626 praediis
1318 551 1563 608 liberam
1607 551 1882 623 deinceps

223 647 581 718 potestatem
627 643 882 700 habeant
925 641 1183 709 tenendi,
1232 639 1523 710 tradendi,
1572 638 1880 706 vendendi,

223 730 657 802 commutandi,
696 729 788 788 vel
840 729 1131 802 quidquid
1179 728 1464 802 placuerit
1510 727 1777 797 faciendi,
1811 727 1883 783 ad

226 837 412 879 usum
441 825 640 878 tamen
682 819 1117 894 praenominataa
1146 817 1435 875 Ecclesiae.
1460 818 1592 873 Haec
1619 832 1752 872 vero
1781 816 1883 871 do-

226 910 493 968 nationis
524 908 847 966 auctoritas
877 912 944 964 ut
972 908 1031 963 in
1070 906 1171 963 Dei
1203 907 1440 963 nomine
1471 905 1758 978 pleniores
1789 906 1886 960 oh-

223 1000 418 1057 tineat
444 999 777 1067 ﬁrmitates,
798 1015 976 1054 manu
1021 996 1257 1071 propria
1286 996 1496 1053 subtus
1526 1012 1655 1051 eam
1688 995 1884 1049 ﬁrma-

224 1087 450 1156 vimus,
482 1086 794 1161 sigilloque
821 1090 1024 1143 nostro
1054 1085 1324 1159 insigniri
1349 1084 1662 1157 jussimus.

305 1177 540 1249 Signum
566 1177 765 1233 Domni
795 1175 1110 1232 Chuonradi
1145 1175 1495 1230 invictissimi
1522 1175 1889 1229 Romanorum

224 1267 582 1339 imperatoris
609 1266 696 1338 (L.
731 1264 834 1337 M.)
866 1265 1115 1334 Augusti.

304 1351 611 1411 Odalricus
642 1352 1022 1410 cancellarius
1055 1353 1127 1409 ad
1154 1351 1338 1408 vicem
1385 1348 1667 1406 Bardonis
1699 1349 1886 1404 archi-

230 1442 494 1516 episcopi
525 1442 879 1513 recognovit.
1564 1510 1569 1513 ν

309 1533 454 1588 Data
480 1548 552 1587 xv
574 1530 698 1587 Kal.
725 1531 885 1597 Feb.,
918 1530 1234 1587 indictione
1263 1547 1356 1597 xv,
1390 1545 1543 1585 anno
1573 1527 1888 1583 Dominicas

227 1619 668 1677 Incarnationis
700 1620 859 1688 1032,
895 1637 1046 1675 anno
1091 1625 1285 1676 autem
1329 1618 1527 1673 domni
1559 1616 1887 1673 Chuonradi

232 1708 286 1765 II
321 1707 623 1781 regnantis
649 1725 771 1773 vm,
802 1708 1031 1781 imperii
1062 1725 1194 1765 vero
1225 1727 1275 1763 ν.

307 1799 521 1854 Actum
556 1795 847 1853 Fritielare
879 1796 1140 1852 feliciter.
1171 1798 1376 1852 Amen.

634 1976 739 2030 Pro
769 1975 1008 2030 Ecclesia
1042 1973 1497 2029 Paderbornensi.

867 2063 1055 2135 (Anno
1088 2061 1270 2133 1032.)

471 2150 752 2222 [ERBARD,
786 2151 910 2207 Cod.
944 2151 1166 2223 diplom.
1209 2152 1456 2223 Westph.,
1492 2169 1545 2223 p.
1577 2152 1690 2222 95.)

312 2240 376 2296 C.
421 2239 486 2295 In
536 2239 772 2295 nomine
820 2243 1032 2295 sancta:
1084 2243 1142 2293 et
1200 2238 1513 2294 individua;
1572 2238 1896 2302 Trinitatis,

144 2398 155 2401 _
244 2328 662 2396 Cnuoruunus,
686 2327 882 2384 divina
906 2327 1129 2383 favente
1150 2326 1477 2395 clementia,
1502 2328 1898 2383 Romanorum

243 2416 569 2489 imperator
594 2417 918 2489 Augustus.

314 2504 479 2561 Sicut
499 2521 607 2561 nos
622 2521 692 2561 ex
713 2505 999 2577 promptis
1016 2508 1072 2562 et
1088 2504 1345 2561 assiduis
1367 2504 1618 2560 servitiis
1634 2504 1899 2560 fidelium

245 2596 584 2651 nostrorum
607 2594 954 2666 gaudemus.
976 2594 1056 2649 ita
1079 2609 1311 2666 quoque
1330 2593 1573 2665 dignum
1598 2598 1655 2649 et
1666 2594 1899 2664 justum

239 2697 376 2737 esse
411 2680 580 2738 nobis
600 2680 830 2738 videtur
851 2685 914 2737 ut
943 2698 1041 2737 eos
1064 2683 1135 2737 de
1165 2681 1470 2755 condignis
1491 2682 1615 2737 suis
1644 2682 1901 2754 praemiis

248 2770 509 2843 gaudere
552 2769 855 2828 faciamus.
882 2772 1243 2843 Quapropter
1270 2771 1591 2843 comperiat
1637 2770 1900 2826 omnium

246 2858 355 2915 Dei
385 2858 690 2931 nostrique
711 2858 971 2915 ﬁdelium
1006 2859 1382 2931 praesentium
1413 2858 1634 2915 scilicet
1657 2875 1723 2914 ac
1752 2859 1903 2914 futu-

244 2963 453 3002 rerum
482 2946 795 3013 industria,
811 2946 1061 3019 qualiter
1082 2964 1189 3003 nos
1209 2947 1282 3002 ob
1304 2947 1782 3004 interventum‘ae
1801 2964 1902 3020 pe-

242 3034 521 3092 titionem
544 3034 766 3091 dilecta
787 3034 1055 3109 conjugis
1077 3039 1288 3092 nostrae
1314 3036 1482 3092 Gislaa
1514 3036 1901 3108 imperatricis

241 3125 550 3196 Augustas,
575 3128 633 3179 et
653 3124 982 3181 charissimi
1008 3124 1112 3179 ﬁlii
1144 3126 1327 3181 nostri
1350 3124 1602 3181 Heinrici
1632 3126 1808 3199 regis,
1835 3126 1901 3180 fi-

1517 321 2050 392 CHUONRADUS
2092 322 2149 390 II
2190 319 2358 390 IMP.

218 468 608 524 immemores
656 479 786 522 esse
834 464 1227 538 recognoscat,
1274 466 1332 518 et
1380 465 1445 517 ut
1499 461 1624 534 ipse
1671 461 1879 534 suique
1907 462 1964 528 Α

3477 315 3635 379 1062

2760 452 2871 509 ΧΧ.

1995 563 2310 620 Chuonradi
2339 564 2472 633 imp.
2503 559 2862 684 privilegitum
2892 573 2994 630 pro
3040 560 3364 613 monasterio
3409 557 3462 612 S.
3493 556 3637 612 Mar-

2778 646 2880 685 mi.

2618 739 2805 805 (Anno
2840 734 3020 803 1033.)

2200 865 2479 935 [Emunm
2523 862 2649 919 Cod.
2682 861 2906 933 diplom.
2948 860 3199 931 ll'cstph.,
3235 877 3290 931 p.
3324 860 3436 926 96.]

2066 990 2125 1044 C.
2161 990 2224 1044 In
2271 988 2509 1044 nomine
2564 990 2775 1042 sancta:
2834 990 2891 1041 et
2948 984 3260 1039 individua:
3313 983 3644 1051 Trinitatis,

1995 1077 2409 1143 Csuonmnus,
2426 1075 2622 1131 divina
2642 1076 2867 1131 favente
2888 1072 3216 1141 clementia,
3246 1072 3644 1129 Romanorum

1996 1166 2313 1237 imperator
2340 1167 2659 1236 Augustus.
3016 1169 3056 1200 ο

2069 1255 2127 1309 Si
2160 1254 2220 1308 in
2251 1252 2621 1308 monasteriis
2648 1252 3055 1307 construendis
3083 1251 3347 1306 studium
3381 1250 3647 1307 habueri-

2000 1359 2130 1396 mus
2152 1345 2255 1397 aut
2271 1341 2403 1396 aliis
2426 1341 2484 1395 in
2509 1342 2663 1396 idem
2687 1340 3158 1411 conspirantibus
3176 1345 3370 1395 votum
3393 1341 3647 1412 praebue-

1998 1430 2183 1485 rimus
2214 1446 2544 1495 assensum,
2573 1445 2687 1483 non
2732 1430 2920 1484 solum
2954 1430 3024 1483 ad
3058 1429 3413 1502 temporalis,
3445 1445 3648 1484 verum

1998 1520 2173 1575 etiam
2200 1520 2270 1574 ad
2296 1518 2491 1574 aeterni
2518 1517 2681 1589 regni
2709 1518 3080 1571 commodum
3116 1517 3225 1572 hoc
3250 1518 3418 1571 nobis
3449 1517 3649 1588 profu-

2000 1612 2199 1663 turum
2229 1624 2356 1663 esse
2383 1623 2499 1662 non
2539 1605 2916 1676 ambigimus.
2938 1606 3302 1675 Quapropter
3344 1614 3547 1660 notum
3575 1605 3652 1659 sit

2000 1690 2276 1750 omnibus
2298 1693 2639 1751 Christiana:
2675 1692 2991 1763 religionis,
3021 1692 3401 1763 prementibus
3434 1691 3656 1747 scilicet

2001 1788 2175 1855 atque
2207 1783 2444 1849 futuris,
2466 1781 2717 1853 qualiter
2745 1796 2851 1835 nos
2883 1780 2956 1834 ob
2989 1781 3380 1835 interventum
3412 1796 3479 1835 ac
3508 1779 3653 1852 peti-

2011 1872 2228 1928 tionem
2247 1870 2467 1927 dilectm
2479 1869 2745 1941 conjugis
2768 1873 2978 1923 nostrae
2991 1867 3160 1924 Gisls:
3176 1868 3561 1940 imperatricis
3577 1869 3660 1925 vi-

2011 1960 2222 2015 delicet
2240 1961 2530 2032 Augustae,
2544 1962 2601 2013 et
2620 1957 3039 2013 amantissima:
3058 1960 3266 2012 nostra:
3290 1955 3469 2029 prolis
3489 1957 3658 2012 Hein-

2010 2048 2113 2103 rici
2137 2047 2310 2121 regis,
2334 2065 2439 2102 nec
2465 2063 2578 2101 non
2613 2045 2885 2101 Aribonis
2908 2044 3369 2117 Mogontinensis
3391 2045 3657 2101 Ecclesiae

2010 2135 2428 2208 archiepiscopi
2470 2139 2527 2190 et
2561 2134 2841 2205 Piligrimi
2864 2133 3228 2188 Coloniensis
3265 2132 3530 2190 Ecclesia:
3561 2151 3659 2189 ar-

2008 2224 2385 2296 chiepiscopi,
2410 2223 2587 2278 simul
2605 2222 2779 2278 etiam
2803 2238 2935 2277 cum
2960 2238 3249 2278 consensu
3271 2222 3536 2278 omnium
3558 2239 3660 2278 no-

2010 2317 2266 2367 strorum
2287 2311 2549 2367 ﬁdelium
2588 2311 2686 2382 qui
2737 2316 2875 2365 tunc
2905 2310 3186 2380 temporis
3215 2310 3293 2365 ibi
3325 2310 3656 2379 adfuerunt,

2009 2402 2308 2473 Sigeberto
2329 2398 2737 2454 Mindunensis
2757 2397 3023 2454 Ecclesia:
3046 2398 3338 2470 episcopo,
3360 2397 3505 2454 inibi
3527 2415 3661 2455 con-

2010 2488 2272 2543 struendi
2296 2486 2640 2542 monasterii
2671 2486 2730 2541 in
2765 2485 2981 2541 honore
3007 2485 3192 2541 sancti
3218 2486 3450 2541 Martini
3480 2486 3662 2543 licen-

2009 2576 2150 2631 tiam
2202 2575 2625 2631 concessimus.
2662 2575 2904 2646 Insuper
2941 2573 3204 2629 omnium
3238 2574 3461 2630 noverit
3487 2574 3662 2630 indu-

2010 2663 2174 2729 stria,
2200 2664 2453 2735 qualiter
2478 2663 2742 2734 ejusdem
2768 2662 2926 2718 sedis
2950 2661 3261 2735 episcopus
3280 2662 3621 2718 curtiferum
3646 2681 3663 2718 ι

2010 2752 2068 2807 in
2101 2768 2216 2823 quo
2250 2752 2403 2807 idem
2459 2751 2881 2807 monasterium
2923 2754 2980 2805 et
3022 2749 3344 2805 claustrum
3395 2756 3663 2807 cmmete-

2011 2841 2282 2912 riumque
2332 2844 2471 2895 sunt
2518 2843 2872 2904 constructa,
2904 2841 2963 2893 et
2990 2838 3267 2893 curtifera
3290 2856 3344 2895 v1
3385 2856 3454 2895 ex
3505 2844 3664 2896 utra-

2009 2946 2123 3000 que
2155 2934 2318 3001 parte
2351 2927 2710 2995 monasterii,
2744 2931 2803 2982 et
2847 2925 3025 2983 salice
3077 2926 3303 2983 telluris
3335 2944 3398 2982 ιιι
3428 2945 3666 2985 mansos

2009 3034 2145 3073 cum
2179 3017 2270 3073 sui
2296 3018 2454 3088 juris
2484 3017 2720 3089 prandio,
2755 3016 2813 3071 id
2862 3019 2953 3071 est
2998 3016 3223 3072 mansis
3252 3033 3327 3072 xu
3359 3017 3431 3073 de
3462 3034 3667 3074 mona-

2011 3106 2171 3162 sterii
2203 3106 2398 3161 Sancti
2431 3106 2581 3161 Petri
2612 3104 2966 3177 proprietate
2995 3103 3055 3159 in
3083 3105 3254 3159 istius
3283 3106 3478 3160 Sancti
3512 3106 3665 3162 Mar-

244 3189 375 3268 deli
390 3189 590 3268 nostro
615 3211 1048 3285 Meginwercho
1076 3210 1391 3269 venerabili
1418 3189 1775 3287 episcopovet
1797 3189 1897 3270 'ec-
1928 3189 1971 3255 Ο
2010 3194 2129 3287 [iul
2158 3195 2643 3287 m0“33_teri_i__j‘_1§
2682 3210 2747 3249 ac
2774 3196 3141 3287 _P°te§tatem
3189 3198 3671 3287 Ῡρφωιὲίξὶνειᾚβ.

252 3299 446 3357 clesiaa
477 3300 572 3356 cui
618 3301 765 3374 ipse,
790 3306 904 3357 Deo
951 3302 1225 3367 donante,
1260 3302 1551 3375 praesidet,
1582 3303 1642 3357 in
1691 3302 1911 3358 honore

250 3393 470 3445 sancta
491 3388 592 3445 Dei
615 3389 916 3462 genitricis
939 3390 1135 3445 Maria:
1160 3394 1217 3445 et
1247 3391 1432 3446 sancti
1455 3389 1719 3463 Chyliani
1758 3407 1912 3446 mar-

244 3476 397 3550 tyris
432 3477 738 3550 sanctique
768 3477 982 3534 Liborii
1012 3477 1229 3551 egregii
1262 3478 1612 3535 confessoris
1644 3484 1909 3535 constru-

248 3568 382 3633 ctae,
405 3580 506 3621 sex
525 3564 839 3638 mancipia,
863 3583 1115 3639 quorum
1137 3566 1258 3622 haec
1279 3571 1421 3624 sunt
1445 3567 1685 3624 nomina
1709 3585 1721 3623 :
1746 3567 1913 3624 Thie-

249 3650 506 3709 thardus
525 3653 678 3726 pbr.,
700 3654 893 3722 Liuza,
908 3654 1229 3728 Heregrim,
1248 3656 1508 3722 Ethilier,
1526 3655 1909 3725 Athaluuard,

254 3740 601 3809 Wicburch,
627 3758 761 3797 cum
794 3744 1070 3799 omnibus
1120 3744 1245 3799 suis
1295 3744 1643 3801 substantiis
1675 3761 1775 3817 per
1804 3744 1913 3801 hoc

259 3833 532 3885 nostrum
560 3829 862 3902 imperiale
892 3836 1246 3904 praeceptum
1270 3832 1682 3905 perpetualiter
1702 3834 1759 3888 in
1781 3850 1912 3905 pro-

246 3916 447 3989 prium
479 3917 838 3974 tradidimus
881 3924 938 3975 et
978 3920 1049 3975 de
1079 3924 1278 3976 nostro
1302 3922 1439 3992 jure
1469 3938 1534 3975 ac
1564 3921 1823 3978 dominio
1854 3922 1914 3977 in

246 4021 427 4061 suum
466 4007 571 4077 jus
612 4010 788 4078 atque
820 4006 1152 4063 dominium
1203 4008 1442 4064 omnino
1486 4009 1915 4066 transfudimus

248 4097 431 4166 atque
458 4092 653 4168 largiti
676 4112 905 4161 sumus,
928 4112 993 4151 eo
1015 4112 1051 4168 q
1068 4113 1258 4168 uoque
1280 4101 1497 4167 tenore,
1523 4102 1587 4152 ut
1604 4098 1916 4170 praadictus

247 4181 444 4239 ﬁdelis
474 4186 675 4239 noster
719 4184 1188 4257 Meginwerchus
1217 4186 1526 4258 episcopus
1552 4187 1761 4259 suique
1792 4204 1920 4244 suc-

251 4286 524 4328 cessores
554 4271 628 4328 de
650 4272 870 4329 eisdem
906 4273 1215 4345 mancipiis
1241 4273 1790 4347 liberam,deinceps
1819 4292 1918 4348 po-

252 4362 529 4415 testatem
551 4359 807 4417 habeant
844 4362 1151 4429 vendendi,
1177 4363 1466 4429 tradendi,
1492 4365 1917 4421 commutandi,

2021 3284 2081 3339 In
2117 3282 2241 3339 loco
2282 3284 2438 3339 enim
2471 3281 3133 3352 Hildiwardingahusun
3178 3281 3332 3336 dicto
3362 3285 3419 3337 et
3448 3283 3507 3337 in
3536 3283 3671 3341 aliis

2018 3371 2172 3427 villis
2203 3372 2273 3427 ad
2306 3372 2578 3427 eumdem
2612 3369 2804 3425 locum
2829 3370 2963 3439 jure
3002 3368 3427 3441 pertinentibus
3456 3388 3534 3426 vn
3565 3389 3670 3445 pro

2022 3459 2477 3515 commutatione
2527 3458 2689 3514 dedit
2735 3474 2997 3525 mansos,
3022 3462 3080 3513 et
3128 3458 3187 3512 in
3237 3457 3610 3515 Chizzindorf
3632 3479 3671 3516 ιι

2022 3565 2289 3615 mansos;
2322 3547 2380 3602 in
2416 3547 2570 3603 Lohe
2600 3565 2615 3603 ι
2647 3563 2752 3615 m.;
2796 3547 2855 3601 in
2896 3545 3330 3602 Westirbracha
3359 3564 3374 3602 ι
3406 3564 3485 3603 m.
3517 3549 3583 3604 Et
3607 3550 3669 3606 in

2021 3636 2113 3691 his
2146 3653 2201 3691 ιν
2230 3635 2373 3692 locis
2398 3653 2504 3691 xxv
2526 3635 2836 3707 mancipia.
2863 3634 3160 3690 Fratribus
3184 3638 3380 3691 autem
3409 3637 3482 3691 ad
3514 3636 3670 3694 idem

2021 3725 2397 3797 saapedictum
2430 3724 2851 3781 monasterium
2891 3729 3003 3779 Deo
3046 3723 3434 3781 servientibus
3463 3727 3523 3781 in
3556 3728 3669 3782 uti-

2024 3813 2246 3869 litatem
2276 3814 2517 3870 tradidit
2545 3814 2842 3885 quoddam
2874 3814 3157 3885 praedium
3204 3812 3511 3870 Chemmin
3540 3816 3669 3871 dic-

2021 3907 2170 3970 tum,
2200 3902 2355 3973 quod
2387 3903 2459 3958 ob
2492 3902 2881 3958 interventum
2914 3905 3120 3958 nostrai
3151 3902 3372 3958 dilectae
3402 3904 3670 3978 conjugis

2024 3991 2091 4047 G.
2142 3995 2470 4063 nostrisque
2512 3990 2693 4063 prolis
2740 3991 2808 4047 H.
2861 3992 3031 4064 regis
3062 3992 3133 4047 de
3181 3997 3380 4049 nostro
3428 3994 3562 4065 jure
3609 3992 3670 4048 in

2026 4098 2201 4136 suum
2261 4082 2364 4152 jus
2421 4086 2597 4152 atque
2666 4084 3012 4152 potestatem
3085 4082 3365 4154 suscepit.
3426 4082 3673 4154 Insuper

2025 4169 2198 4225 etiam
2233 4170 2305 4225 ad
2346 4169 2786 4225 Rotherisdorfa
2826 4168 2945 4224 vini
2993 4170 3462 4239 decimationem,
3494 4187 3675 4242 quam

2028 4259 2098 4314 de
2129 4258 2298 4315 nobis
2345 4258 2672 4330 acquisivit,
2707 4258 2765 4313 in
2815 4259 3152 4313 eorumdem
3203 4258 3450 4313 fratrum
3496 4276 3673 4314 usum

2030 4348 2333 4403 concessit.
2356 4346 2528 4402 Aliud
2560 4352 2754 4401 autem
2788 4347 2846 4401 in
2876 4347 3078 4403 eodem
3109 4344 3235 4401 loco
3264 4345 3524 4401 vinetum
3549 4347 3677 4404 suis

252 4445 347 4502 vel
374 4446 667 4520 quidquid
693 4447 804 4504 sibi
824 4446 1107 4521 placuerit
1138 4449 1408 4515 faciendi,
1430 4450 1502 4505 ad
1528 4466 1702 4506 usum
1726 4456 1920 4507 tamen
2030 4435 2091 4491 in
2135 4435 2447 4491 utilitatem
2498 4434 2752 4491 decrevit
2803 4433 3259 4501 successoribus,
3291 4450 3360 4489 ea
3407 4434 3679 4491 videlicet

258 4551 380 4591 suae
411 4535 678 4593 Ecclesiae
709 4537 1226 4594 Bodrabrunnensi
1257 4538 1591 4594 nominatae.
1621 4540 1687 4594 Et
1717 4545 1781 4595 ut
1801 4540 1902 4596 haec

2067 4525 2274 4590 atione,
2308 4529 2372 4578 ut
2410 4525 2467 4578 in
2499 4523 2617 4577 vini
2654 4522 3037 4579 decimatione
3068 4522 3288 4578 nullam
3321 4522 3678 4594 injustitiam

258 4626 477 4680 nostris
509 4624 838 4681 traditionis
868 4624 1185 4681 auctoritas
1225 4625 1429 4698 plenas
1460 4627 1519 4681 in
1552 4627 1650 4683 Dei
1682 4628 1920 4684 nomine
1951 4609 1996 4625 u
2030 4618 2131 4669 aut
2158 4613 2486 4668 ωοῙθεῖίθῐη
2522 4612 2775 4667 inferant
2803 4611 3103 4682 fratribus:
3124 4615 3182 4667 εἴ
3210 4611 3445 4682 quando
3476 4611 3546 4665 de
3574 4609 3678 4667 ίηο

259 4711 478 4768 habeat
503 4712 832 4782 ﬁrmitates,
855 4713 1006 4769 hanc
1035 4713 1296 4769 chartam
1340 4714 1476 4771 inde
1525 4715 1918 4787 conscriptam
2029 4703 2234 4758 bibant
2262 4703 2393 4757 νίῐιο
2433 4700 2542 4757 hoc
2591 4701 2916 4769 intendant:
2950 4700 3087 4772 ίΙυίθι
3117 4700 3280 4772 Prius
3322 4699 3393 4753 ad
3442 4714 3679 4787 omnem

260 4800 594 4874 subtusque
622 4818 802 4858 manu
835 4802 1069 4875 propria
1108 4803 1460 4875 roboratam,
1493 4804 1686 4877 sigillo
1719 4808 1918 4861 nostro

262 4888 538 4962 insigniri
559 4886 876 4962 jussimus.

335 4978 570 5048 Signum
596 4979 785 5035 damni
815 4979 1132 5036 Chuonradi
1176 4981 1527 5035 invictissimi
1554 4983 1921 5037 Romanorum

267 5067 619 5139 imperatoris
647 5067 731 5137 (L.
770 5067 872 5138 M.)
903 5067 1154 5139 Augusti.

341 5155 647 5213 Odalricus
695 5154 1081 5212 cancellarius
1132 5156 1255 5213 vice
1298 5157 1583 5213 Bardonis
1631 5158 1921 5232 archiepi-

270 5243 431 5316 scopi
462 5243 819 5317 recognovit.

344 5332 490 5389 Data
515 5347 597 5389 xu
626 5332 755 5388 Kal.
786 5333 971 5405 Sept.,
1001 5332 1317 5390 indictione
1344 5350 1438 5401 xv,
1476 5351 1629 5390 anno
1659 5335 1923 5391 Domini-

272 5436 350 5475 ϐω
379 5419 809 5477 Incarnationis
839 5422 1005 5489 103i;
1039 5438 1192 5479 anno
1230 5425 1426 5478 autem
1463 5423 1665 5479 domni
1694 5424 1923 5479 Chuon-

269 5508 396 5566 radi
426 5509 673 5565 secundi
705 5510 1005 5582 regnantis
1035 5527 1152 5581 vm,
1186 5510 1419 5584 imperii
1450 5527 1583 5569 vero
1613 5527 1692 5570 v1.

268 5648 271 5651 .
332 5599 551 5663 Actum
580 5598 990 5679 Magadehurc.
1048 5660 1055 5663 .

2027 4792 2428 4863 episcopatum
2447 4805 2621 4845 suum
2638 4793 2867 4844 tantum
2888 4805 3005 4844 non
3023 4786 3684 4859 habueruntviniquan-

2027 4884 2155 4934 tum
2187 4877 2442 4951 scyphus
2473 4892 2676 4948 capere
2727 4879 2935 4948 potest,
2966 4876 3212 4949 ideoque
3256 4876 3683 4948 frequentiores

2029 4968 2149 5023 sint
2178 4967 2247 5022 ad
2289 4965 2471 5021 Deum
2509 4964 2926 5021 intercessores
2957 4965 3141 5020 nostri
3173 4964 3511 5037 dilectaeque
3540 4982 3682 5023 con-

2022 5054 2185 5128 jugis
2218 5059 2426 5110 nostra:
2460 5053 2526 5109 G.
2559 5057 2617 5109 et
2646 5052 2824 5125 prolis
2872 5058 3083 5109 nostra}
3124 5054 3191 5109 Η.
3223 5053 3396 5127 regis,
3429 5071 3684 5126 quorum

2031 5144 2306 5219 petitione
2335 5142 2457 5198 haac
2487 5141 2615 5213 ipsa
2632 5142 2823 5198 vineta
2853 5143 2908 5197 S.
2936 5142 3249 5214 praelibatze
3272 5143 3428 5198 sedis
3458 5143 3684 5215 episco-

2033 5253 2105 5308 po
2138 5236 2197 5289 in
2243 5232 2654 5305 proprietatem
2701 5230 3072 5286 tradidimus.
3099 5232 3248 5294 Quin
3294 5232 3471 5286 etiam
3524 5231 3684 5288 idem

2031 5324 2338 5396 episcopus
2369 5321 2441 5377 ad
2473 5319 2876 5392 praascriptum
2900 5318 3097 5373 Sancti
3131 5318 3361 5375 Martini
3395 5325 3683 5376 monaste-

2032 5413 2186 5467 rium
2218 5410 2334 5466 alia
2361 5426 2488 5481 quae
2517 5408 2609 5463 sui
2632 5407 2788 5479 juris
2838 5410 3003 5461 erant
3034 5405 3161 5462 loca
3210 5407 3471 5475 tradidit,
3506 5408 3564 5462 id
3596 5412 3686 5465 est

2032 5494 3025 5571 Egisbern,Wolgatingahusum,in
3045 5494 3465 5551 Diotanhusam
3488 5513 3505 5551 ι
3525 5514 3687 5552 man-

2036 5602 2171 5645 sum
2218 5591 2278 5646 et
2331 5585 2643 5653 utilitatem
2700 5583 2880 5659 silvae,
2913 5587 2971 5644 et
3023 5582 3140 5645 tale
3193 5583 3480 5662 prndium
3511 5587 3685 5669 quale
