3920 6208
349 307 504 369 1063

1711 295 2025 365 MONUM.
2071 293 2389 365 DIPLOM.

3547 305 3776 371 suae

341 427 548 496 habuit
577 436 646 493 ad
679 435 998 508 Nianburg.
1023 433 1268 508 Insuper
1299 433 1472 490 etiam
1505 435 1574 489 ad
1619 433 1892 489 Ubhusen
1926 450 1986 488 111
2017 439 2069 505 Α
2103 433 2355 488 dictione
2378 433 2748 506 proprietatis
2762 433 2896 506 jure
2921 433 3126 492 tenuit.
3149 434 3368 492 Idcirco
3388 435 3592 510 siquis
3610 437 3780 510 ejus‘

343 545 429 593 m;
455 527 512 580 in
537 526 728 581 Loba1
754 541 844 591 1n;
876 524 935 579 in
969 541 1118 596 pago
1150 524 1326 578 etiam
1358 523 1574 594 Lainga
1605 523 1662 576 in
1693 521 1846 576 villis
1869 521 1993 576 Tri-

339 616 536 683 burin,
555 614 868 680 Stocheim,
890 611 1444 682 Helingaburstalla,
1471 610 1879 676 Holinbeke,V1
1905 626 1992 675 m;

340 707 399 760 in
434 721 583 777 pago
613 719 845 776 quoque
872 702 1144 756 Marstem
1179 701 1236 754 in
1268 699 1403 754 villa
1435 716 1559 770 qua:
1581 699 1795 751 dicitur
1815 697 1997 752 Brun-

342 793 640 850 hildisfort
668 809 706 846 11
742 808 821 856 m,
845 790 979 845 etin
1005 789 1233 860 Ilupida
1266 806 1277 842 1
1310 805 1388 855 1n,
1413 793 1468 842 et
1493 787 1549 841 in
1573 786 1742 841 Orihe
1765 803 1800 840 11
1836 803 1914 852 n1,
1940 791 1998 840 et

343 884 404 938 in
437 881 830 937 Volkeressun
854 895 891 932 11
914 895 996 942 m,
1019 877 1077 930 in
1110 893 1258 947 pago
1277 875 1496 940 Cizide;
1533 875 1586 928 in
1619 873 1756 929 villa
1785 874 1996 929 llcrisi-

339 971 518 1028 vroda
540 987 577 1024 11
601 985 691 1033 m;
718 967 775 1022 in
801 967 1081 1021 Munncre
1103 983 1118 1018 1
1143 981 1222 1028 In,
1241 981 1374 1020 cum
1401 963 1650 1018 utilitate
1673 962 1831 1017 salis.
1852 963 1992 1016 ltem

341 1062 402 1116 in
431 1061 711 1114 Munnere
741 1055 1079 1110 curtiferum
1105 1071 1120 1108 1
1153 1053 1569 1123 cunﬁutilitate
1596 1052 1766 1119 salis;
1801 1052 1858 1106 in
1894 1051 1995 1106 Bo-

339 1151 544 1205 dukun
575 1163 591 1201 1
625 1162 716 1210 m;
753 1144 810 1197 in
845 1143 1109 1197 bddure
1143 1160 1158 1196 1
1193 1159 1279 1208 m;
1315 1143 1372 1196 in
1405 1141 1992 1211 Hemezungahusum

335 1256 355 1293 1
379 1253 470 1302 m;
499 1237 556 1290 in
579 1233 758 1290 Helan
777 1250 810 1287 τ’
831 1247 919 1297 1n;
942 1232 999 1286 in
1023 1231 1437 1286 Uanebeke1m
1458 1248 1471 1298 ;
1495 1229 1552 1284 in
1575 1230 1995 1300 Fridegerssun

334 1345 351 1382 1
389 1342 478 1393 m;
515 1324 572 1379 in
601 1322 872 1377 Nisinum
905 1337 945 1375 11
977 1337 1056 1387 m,
1082 1319 1142 1375 in
1173 1320 1486 1374 Lieberke1
1511 1335 1596 1384 m;
1632 1318 1702 1371 ad
1733 1317 1995 1372 Folcharo

337 1412 581 1470 desdorf
606 1410 919 1466 utilitatem
971 1409 1127 1464 silvae
1177 1425 1311 1463 cum
1361 1408 1554 1462 tribus
1594 1405 1902 1473 curtiferis,
1936 1406 1994 1460 in

336 1503 581 1560 Hervide
611 1517 629 1554 1
661 1517 749 1565 m;
777 1499 834 1553 in
859 1497 1366 1553 Hemmincburun
1389 1513 1442 1550 1v
1474 1513 1561 1563 m;
1595 1495 1653 1549 in
1685 1493 1994 1550 Uvoluara-

337 1590 719 1662 dingahusun
742 1587 1088 1642 curtiferum
1109 1603 1126 1640 1
1150 1601 1283 1640 cum
1323 1583 1572 1639 utilitale
1595 1582 1770 1637 silvai.
1796 1582 1854 1637 ln
1888 1581 1998 1636 Eil-

333 1681 544 1734 dissun
579 1677 919 1733 curtiferum
945 1692 961 1728 1
987 1690 1120 1729 cum
1144 1673 1398 1728 utilitate
1421 1672 1606 1739 silvai;
1641 1673 1696 1725 in
1728 1671 1995 1726 Hadden-

2105 523 2236 577 dem
2260 523 2585 578 destructor
2603 528 2692 578 est
2713 523 3052 580 monasterii
3076 528 3180 580 aut
3203 524 3618 597 praedictorum
3641 523 3776 580 dis-

2106 612 2326 682 sipator
2351 612 2804 678 bonorum,vere
2837 611 2983 668 sciat
3016 612 3156 685 quia
3181 612 3371 669 eidem
3402 613 3772 670 monasterio

2105 700 2502 772 fratribusque
2549 699 2766 756 ibidem
2797 701 2913 757 Deo
2945 702 3330 758 servientibus
3358 701 3418 757 in
3450 701 3625 759 nobis
3657 719 3770 760 no-

2105 787 2357 860 strisque
2388 789 2827 845 successoribus
2869 793 3092 844 certum
3123 793 3212 845 est
3255 788 3392 845 inde
3439 790 3766 864 refugium.

2105 877 2189 943 Et,
2207 881 2270 931 ut
2295 876 2402 932 hoc
2428 882 2638 932 nostrae
2659 877 3052 935 concessionis
3081 881 3436 949 praeceptum
3459 895 3564 951 per
3585 895 3770 937 omne

2102 967 2336 1036 tempus
2386 965 2591 1020 stabile
2637 969 2976 1038 permaneat
3023 970 3081 1021 et
3130 965 3566 1035 inconVulsum,
3607 967 3770 1024 hanc

2103 1053 2378 1126 paginam
2401 1054 2534 1110 inde
2555 1055 2944 1126 conscriptam
2969 1054 3300 1128 subtusque
3315 1067 3498 1112 manu
3525 1057 3772 1130 propria

2102 1143 2558 1214 corroboratam,
2591 1141 2768 1215 sigilli
2815 1143 2998 1198 nostri
3040 1143 3426 1214 impressione
3461 1144 3770 1216 jus’simus

2103 1229 2393 1301 insigniri.

2175 1319 2405 1388 Signum
2433 1320 2622 1376 damni
2651 1319 2964 1376 Chuonradi
3001 1322 3371 1379 Romanorum
3407 1323 3770 1395 imperatori:

2103 1406 2188 1475 (L.
2223 1407 2323 1478 M.)
2355 1409 2722 1464 invictissimi.
3608 1419 3614 1424 ’

2174 1495 2546 1553 Burchardus
2585 1497 2965 1553 cancellarius
2995 1497 3117 1554 vice
3163 1499 3444 1557 Pardonis
3493 1500 3764 1558 archica-

2104 1583 2319 1655 pellani
2350 1585 2698 1657 recognovit.

2175 1676 2319 1728 Data
2347 1689 2402 1729 v1
2434 1673 2578 1729 Non.
2607 1674 2750 1740 Jul.,
2782 1691 2934 1730 anno
2974 1675 3287 1732 Dominicas
3331 1678 3765 1736 lncarnationis

335 1769 532 1824 husun
576 1764 887 1820 dimidium
937 1780 1238 1830 mansum;
1274 1762 1331 1816 in
1365 1760 1705 1817 Ekishusun
1741 1779 1778 1816 11
1812 1777 1899 1828 m;
1935 1761 1994 1815 in
2024 1805 2072 1870 Β
2106 1761 2263 1828 1033,
2299 1761 2684 1830 indictionei;
2713 1780 2864 1818 anno
2886 1769 3083 1818 autem
3112 1763 3313 1821 domni
3345 1765 3686 1824 Chuonradi
3711 1766 3764 1824 II

469 1855 482 1870 ε
531 1861 538 1870 .
588 1859 596 1870 .
838 1853 879 1870 -ν
927 1853 996 1870 π
1100 1868 1145 1870 μ
1189 1869 1196 1870 ,
1236 1868 1280 1870 ἡ
1317 1868 1325 1870 ξ
1454 1849 1781 1870 "Autumn
1904 1864 1955 1870 μ
2104 1851 2397 1870 _--___.g_
2432 1868 2481 1870 __
2542 1851 2611 1870 :__
2641 1869 2648 1870 ,
2914 1868 2927 1870 μ

331 1855 638 1913 Nitalstete
672 1871 685 1908 1
714 1871 801 1920 1n;
835 1853 892 1906 in
927 1852 1153 1907 Rodum
1186 1869 1202 1907 1
1234 1868 1329 1918 m;
1365 1851 1420 1904 in
1453 1849 1872 1906 Holzhusunm
1904 1864 1989 1924 m;

330 1946 389 2000 in
421 1944 676 2016 Lippeke
699 1940 1040 1997 curtiferum
1066 1957 1081 1995 1
1113 1955 1248 1994 cum
1278 1939 1526 1994 utilitate
1557 1937 1731 1992 silvae.
1757 1938 1819 1992 In
1852 1937 1984 1992 Ret.

331 2035 468 2090 bere
492 2031 806 2087 dimidium
839 2047 928 2097 In;
963 2029 1021 2084 in
1043 2029 1381 2084 Sueverdun
1407 2045 1460 2081 1v
1484 2044 1562 2092 m,
1585 2033 1641 2082 et
1672 2025 1862 2082 saliere
1884 2025 1990 2080 tel-

333 2122 478 2178 luris
511 2137 551 2176 11
586 2139 663 2186 m,
689 2124 746 2174 et
768 2118 995 2185 dimid.;
1021 2117 1080 2172 in
1120 2117 1446 2172 Honredere
1474 2133 1525 2170 v1
1559 2133 1637 2182 m,
1669 2120 1726 2170 et
1756 2109 1986 2169 dimid.;

331 2212 391 2266 in
416 2208 892 2266 Eddorunhusun
915 2221 954 2262 ιι
981 2223 1069 2273 1n;
1095 2207 1152 2260 in
1173 2204 1446 2260 Morsilen
1473 2221 1656 2259 unum
1681 2215 1981 2262 mansum;

329 2301 386 2355 in
411 2297 719 2355 Nitalstete
742 2313 774 2350 x
799 2313 886 2362 m;
914 2311 1046 2348 cum
1071 2293 1228 2348 omni
1263 2293 1512 2348 utilitate
1533 2291 1670 2347 illuc
1693 2291 1982 2364 pertinen-

322 2389 397 2456 ti;
423 2387 481 2442 in
504 2384 748 2442 Weluen
792 2401 845 2438 1v
879 2401 966 2450 m;
1003 2383 1072 2437 ad
1106 2383 1227 2438 haec
1265 2385 1586 2454 prmnotata
1617 2381 1742 2436 loca
1785 2379 1984 2435 omnia

325 2476 542 2548 praedia
570 2491 698 2546 quae
727 2477 873 2528 tunc
905 2471 1188 2543 temporis
1210 2471 1321 2526 sub
1353 2487 1460 2526 suo
1482 2471 1618 2540 jure
1648 2469 1854 2524 habuit
1882 2472 1984 2524 aut

324 2571 528 2638 postea
547 2561 876 2636 acquisivit,
892 2561 978 2616 vel
1009 2561 1182 2616 etiam
1208 2560 1371 2631 justo
1401 2558 1740 2614 concambio
1770 2557 1979 2612 horum

322 2655 730 2728 priedictorum
771 2650 1032 2705 locorum
1062 2648 1544 2716 commutatione,
1567 2645 1653 2702 vel
1687 2645 1804 2702 alia
1824 2645 1980 2715 juris

323 2742 706 2806 ordinatione,
731 2738 950 2810 recepit
979 2741 1188 2808 praeter
1222 2736 1325 2792 illa
1355 2753 1480 2807 qua:
1512 2736 1583 2790 ad
1614 2734 1729 2790 alia
1759 2734 1981 2806 delega-

321 2834 483 2886 verat
512 2825 886 2891 monasteria,
912 2825 983 2880 ad
1017 2825 1322 2896 prmfatum
1353 2824 1548 2878 Sancti
1581 2823 1658 2878 M.
1695 2828 1982 2878 monaste-

324 2919 500 2984 rium,
527 2933 662 2972 cum
712 2912 1040 2984 mancipiis,
1064 2911 1238 2979 villis,
1266 2913 1443 2974 areis,
1486 2911 1766 2978 aedificiis,
1799 2913 1976 2982 agris,

322 3007 494 3063 terris
517 3005 691 3062 cultis
712 3007 768 3059 et
787 3001 1161 3067 incultis,viis
1183 3004 1241 3056 et
1263 3001 1456 3064 inviis,
1477 3000 1727 3056 exitibus
1752 3005 1808 3055 et
1829 2999 1976 3055 redi-

323 3096 502 3161 tibus,
519 3092 779 3166 quaesitis
801 3096 857 3146 et
878 3090 1264 3162 inquirendis,
1285 3089 1484 3162 pratis,
1512 3090 1766 3161 pascuis,
1791 3088 1974 3154 silvis,

2103 1851 2400 1921 regnantis
2431 1868 2506 1918 1x,
2541 1851 2883 1922 imperantis
2913 1868 3047 1907 vero
3081 1869 3156 1908 v1.

2169 1941 2374 1993 Actum
2406 1939 2764 1996 Mcrsiburch
2796 1939 3062 1996 feliciter.
3094 1943 3298 1996 Amen.

2150 2115 2467 2171 Chuonradi
2496 2121 2827 2188 prxceptum
2842 2132 2943 2189 pro
2969 2117 3203 2172 Ecclesia
3229 2116 3691 2175 Padarbornensi.

2711 2207 2898 2276 (Anno
2932 2206 3112 2276 1033.)

2288 2294 2570 2364 [Eanum
2605 2294 2730 2350 Cod.
2764 2293 2989 2366 diplom.
3022 2294 3304 2366 Westph.,
3337 2312 3395 2368 p.
3427 2295 3546 2366 98.]

2167 2386 2192 2446 t
2225 2382 2284 2437 C.
2321 2383 2382 2436 1n
2415 2383 2650 2438 nomine
2689 2387 2902 2438 sancta:
2948 2387 3006 2438 et
3053 2382 3367 2442 individua
3415 2383 3751 2454 Trinitatis,

2089 2469 2490 2542 Cnuoxmous,
2517 2469 2714 2526 divina
2735 2471 2960 2527 favente
2981 2470 3309 2541 clementia,
3342 2471 3750 2532 Romanorum

2089 2557 2406 2630 imperator
2436 2561 2754 2632 Augustus.

2159 2648 2374 2703 Notum
2406 2649 2483 2704 sit
2530 2648 2806 2704 omnibus
2835 2648 3048 2705 Christi
3096 2649 3401 2722 nostrique
3445 2649 3748 2721 ﬁdelibus,

2088 2737 2473 2808 praesentibus
2505 2753 2568 2792 ac
2618 2737 2852 2806 futuris,
2877 2737 3132 2810 qualiter
3180 2742 3517 2796 antecessor
3545 2743 3753 2796 noster

2089 2825 2265 2879 beatae
2299 2825 2590 2881 memoriae
2617 2825 2923 2882 Heinricus
2950 2826 3286 2899 imperator,
3307 2827 3482 2898 cujus
3512 2843 3754 2900 semper

2088 2913 2322 2969 animus
2341 2914 2399 2968 in
2418 2913 2518 2970 Dei
2542 2913 2812 2970 Ecclesiis
2831 2914 3208 2971 meliorandis
3229 2919 3287 2971 et
3309 2915 3752 2988 ampliﬁcandis

2086 3001 2199 3056 invi
2207 3001 2433 3074 gilavit,
2448 3002 2990 3058 Paderbrunnensis
3005 3006 3410 3075 paupertatem
3425 3003 3750 3062 miseratus

2086 3088 2379 3157 Ecclesiae,
2393 3090 2581 3146 multa
2601 3091 2652 3147 ei
2675 3091 2829 3147 bona
2849 3095 2967 3146 tam
2987 3091 3044 3146 in
3067 3091 3302 3164 praediis
3321 3107 3502 3164 quam
3525 3093 3588 3149 in
3609 3093 3746 3150 aliis

271 3239 284 3252 ,
320 3179 934 3250 venationibus,aquis
951 3195 1311 3250 aquarumve
1329 3178 1693 3243 decursibus,
1711 3177 1978 3249 piscatio-
2007 3167 2049 3233 C
2087 3178 2460 3234 facultatibus
2503 3179 2665 3252 larga
2695 3196 2873 3235 manu
2907 3197 3012 3252 pro
3042 3180 3144 3236 Dei
3192 3195 3390 3238 amore
3426 3179 3747 3254 dilectique

322 3273 516 3337 nibus,
539 3268 894 3325 molendinis
915 3272 971 3323 et
990 3266 1240 3323 utilitate
1261 3266 1560 3334 silvarum,
1577 3284 1678 3321 nec
1703 3283 1817 3321 non
1841 3283 1974 3322 cum

321 3361 598 3418 omnibus
617 3357 984 3430 appendiciis
999 3373 1126 3428 quae
1145 3354 1258 3411 dici
1276 3361 1378 3410 aut
1395 3356 1683 3411 nominari
1707 3360 1976 3427 possunt,

321 3449 562 3508 tradidit
583 3445 1001 3520 perpetualiter
1021 3445 1098 3500 ibi
1123 3445 1445 3500 existenda.
1463 3445 1573 3499 Sed
1598 3447 1660 3498 ut
1683 3444 1834 3498 idem
1858 3461 1977 3500 mo-

323 3538 644 3595 nasterium
669 3536 735 3591 in
763 3535 971 3607 majori
1003 3533 1314 3589 securitate
1337 3536 1491 3588 esset
1510 3533 1789 3604 positum,
1822 3538 1880 3588 et
1912 3537 1978 3588 ut

322 3629 475 3684 bona
501 3625 642 3681 illuc
669 3625 808 3679 data
841 3623 1038 3678 minus
1063 3622 1136 3676 ab
1165 3622 1294 3693 ejus
1325 3620 1764 3677 successoribus
1781 3619 1870 3676 vel
1902 3621 1973 3676 ab

322 3717 452 3773 aliis
465 3711 978 3784 dissiparentur,in
995 3711 1412 3765 mundiburdio
1429 3708 1764 3765 monasterii
1779 3710 1975 3770 Sancti

321 3803 474 3861 Petri
495 3800 816 3866 collocavit,
832 3804 888 3855 et
911 3803 974 3854 ut
1003 3815 1107 3870 per
1135 3799 1399 3872 singulos
1421 3815 1606 3854 annos
1627 3797 1818 3853 eidem
1843 3814 1973 3852 mo-

323 3891 576 3949 nasterio
606 3904 868 3953 censum,
902 3887 958 3942 id
1002 3892 1090 3942 est
1121 3904 1154 3942 v
1183 3887 1422 3953 solidos,
1455 3886 1665 3954 solvas,
1700 3886 1969 3942 decrevit.

321 3980 472 4048 Quin
489 3979 665 4036 etiam
687 3976 991 4033 constituit
1015 3980 1080 4031 ut
1111 3992 1342 4048 semper
1371 3976 1430 4030 in
1457 3974 1762 4031 festivitate
1785 3975 1971 4030 sancti

323 4070 400 4125 M.
423 4067 688 4140 ejusdem
711 4065 867 4122 sedis
888 4065 1198 4137 episcopus
1219 4081 1353 4120 cum
1377 4064 1656 4120 fratribus
1679 4068 1972 4120 monaste-

322 4157 392 4214 rii
409 4156 603 4214 Sancti
624 4159 687 4210 P.
704 4155 775 4210 ad
793 4154 1136 4228 praedictum
1155 4153 1790 4223 monasteriumzveniat
1809 4157 1872 4208 ut
1886 4169 1974 4208 so-

323 4246 542 4304 lemnia
573 4247 890 4302 missarum
921 4242 1174 4299 celebret
1195 4246 1251 4298 et
1271 4241 1385 4296 alia
1405 4242 1762 4297 ostendendo
1793 4240 1976 4296 chari-

323 4341 497 4394 tatem
531 4333 866 4405 adimpleat.
889 4335 960 4386 At
990 4333 1038 4388 si
1071 4329 1292 4401 aliquid
1339 4329 1498 4384 aliud
1539 4330 1734 4402 ipsum
1767 4330 1974 4386 adesse

324 4423 624 4496 impediat,
667 4424 873 4478 fratres
919 4421 996 4475 ibi
1047 4418 1392 4474 conveniant
1439 4424 1494 4474 et
1541 4419 1744 4474 eadem
1794 4417 1972 4474 simul

324 4513 562 4580 faciant,
584 4517 648 4567 ut
670 4510 778 4566 hoc
799 4509 971 4564 modo
992 4506 1302 4564 concordia
1316 4511 1373 4562 et
1393 4507 1650 4563 amicitia
1669 4508 1822 4562 inter
1843 4506 1974 4563 illos

325 4602 630 4659 solidetur.
647 4601 714 4655 Et
735 4615 837 4671 per
855 4597 1005 4653 hanc
1030 4600 1250 4652 mutum
1269 4596 1536 4652 charitati
1559 4595 1974 4652 exhibitionem

325 4693 394 4747 in.
411 4691 511 4747 Dei
543 4688 774 4746 servitio
793 4687 1099 4742 unanimes
1123 4689 1484 4758 coaptentur.
1503 4686 1590 4742 Ad
1621 4685 1740 4741 haec
1771 4689 1974 4741 notum

325 4775 1035 4849 sitomnibus,qualiterid
1052 4775 1244 4846 ipsum
1260 4775 1457 4831 Sancti
1471 4775 1973 4830 M.monasterium

323 4872 382 4924 et
411 4869 618 4922 fratres
650 4865 794 4922 inibi
817 4865 932 4920 Deo
966 4863 1282 4920 servientes
1313 4863 1424 4918 sub
1456 4867 1655 4918 nostra
1685 4862 1973 4935 imperiali

325 4955 548 5026 ﬁliique
567 4953 1202 5024 nostriH.aliorumque
1221 4958 1552 5008 nostrarum
1569 4968 1974 5007 successorum

325 5043 576 5098 tuitionc
602 5043 830 5101 defendi
854 5041 1150 5106 volumus,
1171 5041 1252 5096 sic
1283 5041 1505 5096 scilicet
1536 5046 1598 5096 ut
1629 5041 1827 5097 nullus
1847 5041 1974 5111 ejus

328 5145 633 5187 successor
662 5136 1007 5202 potestatem
1039 5131 1272 5196 habeat,
1295 5132 1447 5186 bona
1476 5131 1740 5200 ejusdem
1773 5146 1974 5185 mona-

329 5217 490 5274 sterii
518 5217 714 5287 aliquo
745 5219 916 5274 modo
953 5221 1253 5275 destruere
1299 5223 1400 5274 aut
1447 5218 1670 5290 aliquid
1701 5219 1772 5273 de
1805 5217 1974 5273 bonis

329 5306 551 5363 eisdem
583 5305 983 5378 auferre,quia
1009 5308 1380 5379 praescriptus
1410 5308 1721 5379 episcopus
1740 5310 1795 5361 Β.
1819 5306 1974 5362 idem

331 5388 751 5448 monasterium
775 5407 809 5447 a
831 5393 1208 5450 fundamento
1229 5394 1501 5450 aedificari
1534 5394 1705 5463 ccepit
1729 5399 1786 5448 et
1814 5394 1977 5450 nulla

333 5477 448 5534 alia
467 5475 683 5548 praedia
703 5478 838 5536 illuc
860 5481 1117 5547 tradidit,
1134 5480 1246 5537 nisi
1267 5497 1394 5553 quae
1421 5483 1492 5537 de
1514 5485 1712 5537 nostro
1733 5483 1884 5538 dono
1913 5483 1974 5538 in

333 5563 963 5648 suumjusacquisivit
990 5572 1095 5629 aut
1123 5579 1228 5644 per
1254 5586 1317 5629 se
1349 5569 1572 5647 absque
1599 5567 1718 5630 ulla
1745 5576 1976 5633 contra-

2085 3266 2197 3322 sibi
2228 3267 2498 3340 praesulis
2542 3268 2915 3341 Meginwerci
2947 3269 3185 3325 assiduo
3233 3273 3292 3325 et
3335 3269 3746 3328 devotissimo-

2085 3355 2364 3427 obsequio
2395 3356 2664 3412 contulit.
2691 3357 2848 3413 Inter
2877 3373 3008 3428 quae
3027 3357 3204 3413 etiam
3230 3356 3577 3415 comitatum
3596 3357 3749 3415 Duo-

2084 3444 2310 3499 diconis
2341 3445 2638 3517 quondam
2671 3445 2901 3501 comitis
2925 3444 3116 3502 eidem
3148 3445 3416 3502 Ecclesia:
3446 3445 3745 3518 imperiali

2085 3533 2487 3589 muniﬁcentia
2528 3531 2786 3605 legitime
2833 3533 3088 3601 donavit,
3119 3533 3384 3601 tradidit,
3424 3533 3742 3607 delegavit.

2085 3619 2189 3676 Illo
2215 3625 2410 3677 autem
2429 3625 2793 3678 antecessore
2816 3627 3016 3678 nostro
3039 3623 3334 3690 defuncto,
3359 3635 3466 3679 nos
3487 3623 3594 3694 qui
3610 3621 3745 3679 loco

2084 3708 2242 3765 illius
2272 3709 2332 3764 in
2357 3726 2604 3782 regnum
2628 3711 3016 3778 surreximus,
3039 3727 3141 3783 per
3160 3711 3602 3784 suggestionem
3623 3711 3749 3768 Ma-

2081 3798 2306 3870 gontini
2338 3798 2622 3870 praesulis,
2645 3799 2917 3854 eumdem
2941 3797 3285 3854 comitatum
3311 3816 3345 3855 a
3373 3800 3621 3872 praefata
3637 3799 3748 3856 Eo-

2081 3886 2261 3942 clesia
2290 3886 2556 3955 tulimus,
2579 3891 2638 3943 et
2666 3886 2726 3941 in
2748 3887 2852 3958 jus
2875 3887 3222 3959 Magontinaa
3247 3885 3539 3957 Ecclesia,
3561 3887 3746 3946 rudes

2081 3974 2272 4030 adhuc
2303 3975 2362 4030 in
2393 3991 2590 4048 regno,
2619 3975 2838 4046 injuste
2869 3975 3135 4047 persuasi
3156 3975 3398 4032 consilio
3426 3975 3746 4034 irrationa-

2081 4062 2278 4119 biliter
2306 4062 2718 4119 transtulimus
2754 4067 2812 4119 et
2853 4063 3402 4120 transmutavimus.
3437 4064 3746 4138 Imperiali

2082 4156 2277 4208 autem
2301 4156 2502 4208 nostra
2525 4156 2832 4224 potestate,
2852 4152 2954 4209 Dei
2983 4152 3192 4226 gratia,
3217 4153 3405 4226 magis
3425 4155 3742 4228 magisque

2083 4241 2142 4296 in
2175 4257 2353 4313 regno
2398 4242 2742 4298 conﬁrmata
2767 4245 2826 4298 et
2855 4241 3246 4312 corroborata,
3302 4241 3740 4315 Meginwercus

2082 4329 2295 4402 praesul
2321 4329 2740 4402 imperatorum
2772 4329 3189 4385 devotissimus
3220 4329 3469 4386 servitor
3483 4334 3546 4386 et
3575 4345 3739 4388 ama-

2080 4425 2190 4486 tor,
2206 4418 2442 4475 Martha:
2467 4418 2686 4476 sedulis
2702 4423 2977 4491 satagens
2993 4417 3314 4490 obsequiis,
3329 4435 3447 4475 non
3463 4418 3739 4488 cessavit,

2004 4531 2051 4595 Ι)
2083 4525 2198 4564 non
2215 4507 2436 4581 quievit
2450 4507 2859 4580 supplicando,
2872 4507 3593 4580 serviendo,quoadusque
3609 4524 3741 4573 nos,

2084 4597 2502 4671 omnipotentis
2533 4597 2630 4652 Dei
2661 4597 2720 4652 in
2751 4597 2921 4668 cuius
2945 4611 3127 4653 manu
3156 4597 3334 4652 corda
3361 4600 3503 4652 sunt
3531 4611 3740 4670 regum

2085 4685 2424 4742 commoniti
2475 4686 2782 4754 instinctu,
2820 4685 3160 4758 dilecteque
3207 4685 3476 4758 conjugis
3524 4689 3740 4742 nostra

2085 4775 2255 4831 Gislie
2290 4791 2394 4831 nec
2425 4791 2538 4830 non
2569 4774 2824 4830 Heinrici
2873 4773 2978 4829 filii
3017 4774 3201 4830 nostri
3232 4773 3532 4847 magnifici
3583 4774 3740 4847 regis

2084 4862 2720 4930 interventu,Ecclesiaa
2765 4880 2882 4919 sua:
2930 4862 3154 4920 scilicet
3200 4862 3738 4932 Pa'derbrunnensi,

2083 4957 2268 5008 totum
2302 4951 2622 5008 Bernhardi
2650 4952 2881 5008 comitis
2913 4951 3210 5023 quondam
3241 4951 3612 5018 comitatum,
3635 4951 3740 5024 qui

2083 5042 2234 5097 situs
2263 5046 2345 5096 est
2379 5040 2437 5096 in
2483 5040 2625 5096 locis
2656 5040 3128 5113 Hesse,Nitergo,
3164 5039 3736 5114 Netgo,0hteresgo,

2083 5129 2344 5202 legitima
2359 5128 2669 5185 traditione
2686 5129 3073 5196 reddidimus,
3087 5128 3478 5196 restituimus,
3494 5131 3740 5185 redona-

2082 5217 2296 5274 vimus.
2323 5219 2712 5274 Praecaventes
2758 5222 2954 5273 autem
3005 5234 3113 5274 nos
3160 5220 3218 5273 et
3267 5217 3734 5290 praecogitantes,

2087 5323 2157 5362 ne
2187 5306 2382 5376 aliqua
2411 5307 2787 5377 postmodum
2824 5305 2978 5363 inter
3014 5305 3177 5378 ipsas
3206 5305 3496 5362 Ecclesiae
3527 5306 3601 5362 de
3629 5305 3740 5362 hac

2085 5411 2146 5450 re
2175 5393 2567 5450 controversia
2612 5394 2776 5450 ﬁeret
2803 5399 2862 5452 et
2896 5393 3208 5460 discordia,
3251 5394 3606 5468 Magontinie
3635 5395 3742 5452 Ec-

2085 5482 2270 5538 clesia:
2298 5481 2665 5554 comitatum,
2679 5483 2780 5555 qui
2811 5483 2963 5540 situs
2987 5487 3080 5540 est
3107 5483 3171 5542 in
3188 5481 3474 5556 Cluvinga
3501 5488 3746 5557 propter

2083 5570 2246 5650 pacis
2275 5570 2781 5632 conﬁrmationem
2802 5571 3091 5650 imperiali
3115 5575 3320 5632 nostro
3340 5571 3482 5650 jure
3510 5579 3744 5637 conoes-
