3920 6208
163 329 356 397 "areas

1481 339 2008 410 CHUONMDUS
2051 343 2104 409 Η
2145 342 2310 412 IMP.

3433 353 3603 431 ω

191 466 490 534 simus,.et
513 465 620 534 hoc
647 473 843 527 nostra
867 474 1024 543 parte
1050 470 1128 528 ita
1149 478 1237 529 est
1257 479 1623 546 compactum
1649 478 1846 550 sicque
1874 481 1930 549 Α
1959 497 2086 552 quae
2119 499 2465 554 quocunque
2489 483 2659 540 modo
2680 483 2824 541 inibi
2847 484 3289 543 laboratae-ﬁunt
3312 505 3324 556 ;
3348 492 3408 543 et
3423 487 3602 546 eccle-

189 555 527 625 deﬁnitum,
552 563 616 613 ut
637 564 842 615 neutra
863 560 1249 618 Ecclesiarum
1277 563 1510 619 illarum
1527 565 1762 637 aliquod
1777 568 1846 622 de

1961 569 2108 626 siam
2141 588 2267 643 quae
2296 571 2354 626 in
2382 571 2601 629 honore
2632 575 2817 630 sancti
2845 574 3159 647 Augustini
3191 592 3306 632 non
3351 575 3522 650 longe
3564 594 3602 634 α

189 645 487 737 praedictis
517 648 693 702 rebus
727 648 838 704 sibi
871 649 1168 723 inquisitis
1189 651 1563 723 aliquomodo
1588 656 1850 726 patiatur
1956 659 2236 715 Januensi
2259 661 2490 717 civitate
2512 667 2849 720 constructa
2869 645 3597 737 estab'ipso-Liudprahdo,

187 733 631 791 detrimentum.
665 737 722 791 Si
755 738 888 809 quis
916 745 1133 804 autem,
1153 741 1436 798 diabolica
1457 744 1732 799 suasione
1756 762 1844 800 se-

188 823 426 890 ductus,
459 824 614 880 hanc
644 830 904 882 nostram
938 828 1313 884 traditionem
1338 830 1395 884 in
1419 831 1614 903 aliquo
1639 832 1844 887 infrin-

182 913 354 985 gerit,
380 913 530 969 sciat
553 931 615 969 se
637 915 839 970 odium
868 917 960 973 Dei
985 923 1440 991 sanctorumque
1467 922 1595 990 ejus
1618 921 1846 977 habitu-

185 1029 345 1080 rum,
379 1017 435 1068 et
461 994 542 1066 ’ἦ
578 1006 678 1061 lib.
708 1007 837 1060 auri
874 1007 1004 1078 puri
1035 1009 1527 1079 compositurum,
1562 1012 1841 1067 medieta-

186 1107 310 1157 tem
329 1117 573 1156 camerm
596 1101 830 1162 nostrae,
855 1101 912 1151 et
935 1096 1302 1152 medietatem
1331 1098 1613 1169 praedicta1
1628 1100 1842 1154 Pader-

188 1189 550 1246 brunnensis
566 1186 833 1243 Ecclesiae
858 1185 1087 1240 rectori.
1103 1186 1265 1249 Quod
1285 1187 1553 1242 utverius
1570 1189 1840 1244 credatur

188 1285 243 1336 et
265 1277 721 1351 diligentissime
744 1275 816 1331 ab
829 1273 1176 1330 omnibusin
1193 1280 1536 1346 perpetuum
1553 1281 1833 1342 servetur,

188 1372 549 1441 praeceptum
583 1366 691 1420 hoc
739 1364 872 1418 inde
924 1363 1320 1435 conscriptum
1372 1381 1552 1420 manu
1601 1366 1837 1437 propria

185 1457 405 1513 subtus
435 1454 799 1511 firmavimus
831 1455 886 1507 et
915 1451 1102 1523 sigillo
1154 1459 1352 1510 nostro
1405 1454 1672 1526 insigniri
1706 1457 1834 1526 jus-

183 1546 397 1601 simus.

256 1636 495 1703 Signum
524 1631 1047 1688 domviichuom'adi
1078 1633 1438 1687 Romanorum
1488 1635 1835 1704 imperatoris

181 1725 264 1794 (L.
301 1725 401 1793 M.)
434 1723 801 1777 invictissimi.

1958 748 2212 819 praedicti
2232 750 2825 821 cmnobiifundatore;
2845 753 3598 828 aliasquoquecortes,quaa

1958 837 2325 894 Lardiriacus
2355 844 2411 893 et
2441 839 2759 898 Villarasca
2787 842 3082 911 dicantur,
3113 847 3173 899 et
3211 859 3420 902 mansa
3469 860 3598 916 qua

1953 924 2011 980 in
2047 927 2286 982 Rovorri
2309 929 2529 998 jacent,
2561 935 2618 985 et
2647 935 2802 987 certe
2844 931 3157 1001 Cressiani,
3209 933 3447 1000 Turine,
3491 932 3598 989 Ge-

1953 1016 2236 1083 rentiano,
2272 1022 2328 1072 et
2355 1017 2412 1071 in
2436 1019 2702 1076 Cartiano
2724 1020 3031 1078 ecclesiam
3050 1038 3229 1078 unam
3252 1022 3478 1080 Sanctae
3496 1021 3597 1077 Ju-

1949 1102 2116 1158 lianae
2147 1121 2280 1160 cum
2309 1107 2466 1160 omni
2498 1107 2735 1164 honore.
2767 1109 3176 1167 Possessiones
3221 1109 3398 1166 etiam
3441 1126 3596 1182 quas

1950 1191 2161 1248 habere
2182 1194 2410 1249 videtur
2428 1195 2488 1249 in
2510 1196 2796 1254 Laudensi
2813 1199 3094 1255 comitatu
3112 1204 3171 1254 et
3185 1199 3594 1272 Pergamensis

1944 1280 2211 1336 videlicet
2228 1285 2584 1356 Amfenengo
2601 1302 2735 1341 cum
2755 1291 2910 1344 certe
2934 1303 3061 1359 quas
3085 1287 3328 1346 Flumbo
3350 1288 3588 1359 dicitur,

1948 1385 2080 1424 cum
2100 1371 2373 1427 omnibus
2392 1375 2461 1428 ad
2485 1390 2614 1429 eam
2636 1375 3085 1446 pertinentibus,
3111 1382 3167 1432 et
3186 1375 3591 1440 easale-Sancti

1948 1459 2120 1526 Petri,
2154 1464 2212 1514 et
2241 1461 2430 1516 easale
2460 1462 2743 1530 Aribaldi,
2776 1469 2834 1518 et
2863 1463 3172 1521 castellum
3195 1465 3473 1522 Aichardi
3502 1465 3595 1522 in-

1946 1547 2223 1603 comitatu
2259 1551 2580 1618 Parmensi,
2616 1556 2672 1606 et
2704 1553 2860 1622 quod
2881 1552 3074 1608 easale
3095 1553 3327 1610 Sindesi
3347 1553 3586 1625 dicitur,

1945 1651 2079 1690 cum
2094 1654 2228 1692 omn
2241 1638 2638 1696 ibusrebusvel
2657 1656 2860 1696 earum
2874 1641 3406 1712 pertinentiilel-as
3417 1641 3593 1698 etiam

1942 1727 2128 1781 terras
2159 1742 2286 1797 quae
2316 1727 2375 1782 in
2411 1728 2662 1784 Luciano
2693 1735 2750 1784 et
2780 1730 3086 1802 Spariano,
3129 1734 3185 1785 et
3240 1730 3300 1785 in
3354 1729 3592 1786 Rosioni

261 1812 637 1868 Burchardus
667 1808 1050 1865 cancellarius
1079 1809 1203 1863 vice
1242 1809 1524 1866 Bardonis
1575 1809 1833 1866 archica-
1864 1851 1910 1916 Β
1941 1814 2220 1884 possidet,
2247 1832 2378 1870 cum
2394 1817 2669 1872 omnibus
2684 1817 3594 1891 circumquaqueadjacentibus,

181 1900 403 1974 pellani
437 1899 766 1971 recognovit

255 1989 467 2044 Datum
492 2005 547 2042 IV
575 1987 718 2042 Non.
743 1990 912 2058 Aug.,
937 1985 1252 2041 indictione
1269 2003 1307 2052 1,
1329 2003 1480 2042 anno
1516 1987 1827 2043 Dominicis

182 2075 1009 2143 lncaruationis1033;aunno
1035 2081 1231 2130 autem
1269 2076 1469 2130 domni
1498 2076 1830 2131 Cbuonradi

177 2166 424 2223 secundi
457 2164 776 2238 regnantis,
813 2163 1176 2235 imperantis.
1199 2164 1292 2219 VII

248 2258 461 2310 Actum
495 2253 782 2325 Lintburg
809 2251 1071 2309 feliciter.
1103 2253 1306 2307 Amen.

918 2369 1078 2423 XXII.

179 2460 502 2516 Chuonradi
527 2460 552 2516 Ι
582 2460 929 2529 imperatoris
955 2459 1308 2528 privilegium
1355 2457 1827 2527 conﬁt-matorium

245 2534 494 2586 omnium
512 2531 732 2601 jurium
759 2531 1082 2584 monasterii
1116 2531 1416 2585 Ticinensis
1446 2530 1630 2585 Sancti
1655 2533 1823 2595 Petri,

244 2602 388 2673 quod
409 2603 719 2675 appellatur
747 2602 808 2656 in
843 2601 984 2656 Cwlo
1012 2602 1203 2656 llureo.

791 2689 984 2760 (Anno
1019 2690 1202 2756 1033.)

522 2780 848 2846 MURATORI,
881 2780 1058 2849 Antiq.
1095 2780 1242 2846 Μαίη
1277 2779 1320 2844 I,
1353 2779 1503 2849 595.]

247 2882 314 2936 1n
347 2878 582 2936 nomine
602 2881 813 2934 sancta:
845 2882 901 2932 et
923 2876 1230 2932 individua:
1255 2876 1579 2942 Trinitatis,
1602 2877 1828 2933 Canon-

165 2987 386 3035 mnus,
401 2968 599 3024 divina
609 2966 831 3022 favente
843 2965 1584 3042 clementia,imperatorAu
1591 2972 1823 3038 gustus.

240 3060 303 3114 Si
337 3057 490 3112 circa
519 3055 644 3112 loca
681 3055 794 3111 Deo
843 3054 1038 3110 dicata
1095 3055 1562 3110 muniﬁcentiam
1615 3061 1824 3110 nostra:

167 3145 554 3219 benignitatis
586 3143 890 3217 largimur,
925 3143 1221 3199 credimus
1254 3143 1362 3198 hoc
1393 3144 1464 3198 ad
1510 3160 1822 3216 regnorum

1939 1906 1996 1958 et
2025 1903 2097 1958 ad
2111 1905 2312 1960 eadem
2335 1905 2460 1961 loca
2478 1906 2958 1978 respicientibus
2971 1907 3588 1966 Confirmamusinsu-

1937 2007 2041 2062 per
2067 1991 2366 2064 praelibato
2398 1996 2658 2052 coenobio
2688 2000 2864 2069 atque
2893 1997 3090 2053 abbati
3137 2000 3358 2054 cortem
3405 1997 3590 2054 Pavo-

1939 2097 2094 2146 nem,
2121 2097 2350 2138 necnon
2373 2087 2429 2138 et
2453 2082 2616 2140 illam
2639 2101 2766 2155 quae
2786 2085 2847 2140 in
2871 2084 3160 2141 Roboreto
3186 2084 3405 2142 dicitur
3422 2087 3588 2141 Certi:

1938 2168 2134 2242 Regia,
2167 2175 2222 2226 et
2253 2171 2556 2228 ecclesiam
2587 2177 2809 2230 Sancta:
2839 2173 3037 2230 Mariae
3068 2174 3139 2230 de
3171 2172 3406 2245 Tergui,
3451 2189 3586 2228 cum

1937 2258 2211 2315 omnibus
2227 2260 2596 2331 pertinentiis
2620 2265 2676 2317 et
2693 2261 3038 2334 adjacentiis
3048 2261 3200 2330 suis,
3220 2259 3574 2325 molepdinis

1938 2347 2358 2419 piscationibus
2391 2351 2537 2417 suis,
2570 2351 2739 2423 aquis
2769 2366 3176 2423 aquarumque
3213 2348 3583 2416 decursibus,

1935 2437 2108 2492 cultis
2122 2437 2970 2511 etincultisrebus,ubicunque
2982 2438 3242 2495 locorum
3258 2438 3332 2494 ad
3344 2437 3583 2495 easdem

1935 2528 2120 2580 certes
2155 2525 2614 2597 pertinentibus:
2648 2531 2704 2582 et
2736 2528 2934 2583 omnia
2963 2543 3091 2598 quae
3112 2527 3172 2582 in
3205 2530 3402 2584 monte
3435 2526 3584 2582 'Far-

1937 2617 2079 2678 rato,
2113 2617 2169 2668 et
2199 2630 2322 2684 quae
2355 2615 2412 2668 in
2444 2615 2724 2671 comitatu
2737 2614 3164 2673 Vercellensiet
3177 2614 3579 2688 Yporegiensi,

1936 2706 1991 2756 et
2009 2718 2132 2772 quas
2155 2702 2212 2756 in
2233 2703 2568 2759 Novariensi
2589 2706 2660 2760 ad
2685 2705 2957 2761 eumdem
2982 2703 3177 2760 locum
3199 2703 3583 2776 pertinent,et

1935 2807 2064 2861 quae
2093 2791 2152 2846 in
2183 2791 2402 2848 Caselle
2430 2797 2489 2847 et
2517 2792 2577 2847 in
2607 2797 2790 2850 Ponte
2813 2792 3066 2860 Carioni,
3089 2791 3249 2850 etin
3297 2790 3582 2848 Solarinlo

1889 2949 1901 2958 _
1934 2877 2088 2934 idem
2121 2879 2445 2936 cmnobium
2478 2881 2776 2953 possidere
2803 2882 2996 2942 visum
3023 2885 3134 2937 est.
3161 2878 3584 2942 Gortemetialn

1936 2984 2060 3039 quae
2094 2968 2287 3024 Dianae
2319 2969 2553 3040 dicitur,
2588 2971 2645 3024 in
2677 2969 2955 3026 comitatu
2976 2967 3423 3042 Albinganensi,
3443 2972 3586 3024 etea

1935 3057 2134 3112 omnia
2163 3074 2291 3129 quas.
2323 3059 2475 3113 infra
2504 3059 2692 3130 ipsam
2715 3058 3006 3114 civitatem
3025 3061 3087 3112 et
3105 3057 3359 3114 extraad
3383 3056 3583 3128 ipsum

1937 3147 2358 3202 monasterium
2387 3148 2672 3218 pertinere
2697 3147 2987 3203 videntur.
3015 3149 3255 3201 Portum
3277 3144 3455 3200 etiam
3477 3144 3583 3200 Ro-

164 3218 392 3293 statuim
419 3237 777 3299 nostrorum,
809 3236 1136 3304 nostraeque
1165 3233 1372 3288 animae
1405 3232 1653 3289 salutem
1688 3250 1818 3304 pro-
1852 3218 1894 3286 C
1932 3234 2210 3290 sariolum
2242 3235 2413 3307 longo
2445 3240 2704 3308 tempore
2730 3237 2802 3290 ab
2832 3235 2959 3307 ipso
2981 3232 3333 3290 Monasterio
3349 3235 3576 3288 tentum

164 3327 360 3381 ﬁcere.
396 3323 614 3378 Idcirco
645 3321 868 3377 noverit
886 3321 1150 3377 omnium
1181 3321 1441 3378 ﬁdelium
1463 3326 1679 3378 sanctae
1716 3322 1814 3377 Dei

165 3413 458 3480 Ecclesiae,
480 3416 603 3466 tam
625 3410 998 3483 praesentium
1016 3427 1197 3482 quam
1219 3412 1571 3477 futurorum,
1592 3412 1818 3467 univer-

165 3502 338 3568 sitas,
369 3499 592 3556 Gislam
626 3503 886 3554 nostram
919 3499 1325 3554 charissimam
1357 3501 1687 3572 conjugem,
1714 3517 1816 3555 no-

166 3595 353 3664 stram
374 3588 589 3646 adiisse
610 3587 974 3660 imperialem
998 3588 1388 3656 clementiam,
1413 3593 1701 3660 quatenus
1715 3605 1817 3660 pro

166 3679 831 3749 Deiamoremostrasque
843 3676 1050 3732 animae
1065 3677 1608 3743 remedio,caanobio
1622 3678 1818 3734 Sancti

168 3766 348 3836 Petri,
385 3768 539 3839 quod
571 3767 785 3821 dicitur
813 3765 1031 3820 Caelum
1083 3768 1362 3836 Aureum,
1391 3767 1720 3834 subvenire,
1765 3772 1823 3822 et

168 3862 374 3914 nostra
401 3855 717 3928 preceptali
747 3855 1093 3910 auctoritate
1136 3856 1482 3910 conﬁrmare
1530 3860 1587 3911 et
1629 3873 1820 3912 corro-

168 3949 378 4002 borare
400 3961 602 4000 omnes
629 3947 892 3998 corteset
915 3943 1298 4015 proprietates
1311 3961 1458 4016 quas
1474 3943 1695 4015 pridem
1725 3961 1826 4016 per

172 4034 424 4107 quodvis
457 4032 758 4105 ingenium
790 4033 1157 4104 dignoscitur
1188 4034 1540 4104 possedisse,
1564 4037 1750 4088 terras
1769 4038 1828 4089 et

169 4129 361 4180 certes
395 4140 521 4195 quas
570 4138 758 4193 usque
804 4122 975 4176 modo
1038 4120 1426 4176 vassallorum
1460 4121 1821 4190 dicebantur,

169 4214 530 4283 Munesengo
557 4215 614 4266 et
641 4209 779 4265 villa
825 4214 998 4282 atque
1046 4210 1375 4278 castellum,
1421 4211 1575 4282 quod
1627 4211 1824 4266 Sancti

169 4301 329 4357 Petri
346 4300 581 4367 dicitur,
597 4303 655 4354 et
677 4299 951 4354 abbatem
979 4300 1212 4355 nomine
1227 4298 1520 4371 Alpisum,
1538 4315 1572 4370 q
1585 4299 1638 4354 ui
1655 4300 1825 4354 modo

167 4391 222 4445 ei
245 4394 479 4462 praeest,
505 4405 574 4444 ex
608 4388 884 4444 omnibus
915 4387 1191 4444 investire
1224 4389 1618 4460 dignaremur.
1648 4389 1825 4457 Cujus

169 4478 553 4552 petitionibus
609 4493 779 4532 aures
835 4475 1222 4532 libentissime
1294 4478 1823 4543 accommodantes,

1925 3340 2276 3395 omnemque
2305 3329 2519 3380 terram
2552 3325 2609 3378 in
2642 3323 2949 3395 campania
2976 3321 3282 3394 Papiensis
3303 3320 3573 3392 urbisja-

1927 3416 2174 3480 centem,
2199 3413 2479 3484 justeque
2527 3412 2671 3466 inibi
2729 3411 3138 3483 pertinentem,
3187 3413 3246 3465 et
3287 3408 3572 3464 decimas.

1928 3501 2226 3556 Donamus
2256 3501 2432 3557 etiam
2463 3504 2519 3557 et
2549 3500 2994 3557 corrobonamus
3021 3499 3212 3556 eidem
3256 3495 3572 3555 venerabili

1929 3590 2054 3645 loco
2084 3595 2269 3645 terras
2291 3607 2437 3662 quas
2469 3590 2528 3644 in
2558 3588 2822 3661 partibus
2850 3588 3072 3646 Tusciae
3102 3585 3576 3643 videturbabere

1930 3695 2031 3750 per
2060 3679 2320 3733 diversos
2349 3677 2663 3733 comitatus
2693 3680 2750 3733 et
2793 3676 2939 3733 loca.
2997 3677 3154 3733 Duas
3191 3673 3576 3732 etiamcocti-

1931 3764 2127 3829 cellas,
2148 3764 2451 3820 Maliacem
2475 3763 2760 3822 scilicetet
2780 3759 3576 3833 Calavadum-cumSussello,

1931 3859 1989 3909 et
2013 3855 2218 3920 Leuco,
2243 3858 2418 3926 atque
2448 3853 2700 3926 Capella,
2733 3872 2862 3927 qua:
2891 3859 2984 3910 est
3012 3854 3072 3909 in
3103 3853 3326 3910 honore
3353 3854 3578 3908 Sancta

1931 3943 2029 3998 Dei
2063 3943 2372 3998 Genitricis
2405 3943 2622 4014 Mariae,
2654 3960 2782 4015 qua:
2813 3943 3028 4000 dicitur
3078 3941 3400 4010 Primasea,
3429 3956 3580 4013 .que

1931 4036 2263 4088 constructa
2292 4037 2382 4088 cst
2410 4032 2468 4087 in
2500 4032 2649 4088 valle
2678 4032 2984 4102 Belizzona;
3017 4036 3075 4088 et
3093 4031 3228 4088 illas
3243 4035 3581 4103 terrasque

1931 4121 2145 4177 habere
2175 4123 2366 4176 visum
2396 4125 2486 4178 est
2517 4123 2578 4176 in
2608 4121 2888 4195 Belingno
2919 4127 2978 4178 et
3005 4121 3066 4177 in
3088 4120 3424 4189 .Liveutina,
3447 4135 3582 4190 cum

1932 4209 2207 4265 omnibus
2229 4210 2352 4266 suis
2374 4210 2760 4281 pertinentiis.
2784 4214 3011 4266 Gortem
3035 4209 3279 4280 insuper
3291 4223 3421 4280 qua:
3445 4206 3584 4263 Ver-

1933 4302 2106 4370 gonto
2139 4298 2371 4363 dicitur,
2399 4303 2455 4354 et
2485 4298 2805 4354 Piscariam
2833 4313 2963 4369 quae
2994 4300 3083 4353 est
3111 4296 3171 4351 in
3201 4296 3418 4351 Tauxa.

2003 4387 2332 4442 Statuimus
2363 4387 2626 4458 insuper,
2657 4392 2716 4442 et
2735 4387 2927 4444 modis
2951 4385 3580 4452 omnibuseensemua,

1934 4475 2304 4548 praecipimus
2327 4491 2391 4530 ac
2413 4476 2714 4546 jubemus,
2768 4481 2827 4532 et
2858 4478 3028 4547 juxta
3069 4477 3402 4531 nostrorum
3419 4473 3583 4528 ante-

173 4572 512 4638 nostrzeque
545 4566 752 4622 animae
786 4565 1176 4634 consulentes,
1205 4583 1307 4638 pro
1337 4566 1659 4621 Deiamore
1676 4583 1824 4638 prae-
1855 4585 1900 4649 D
1935 4581 2234 4620 cessorum
2256 4581 2460 4637 regum
2482 4564 2571 4622 vel
2594 4565 3014 4638 imperatorum
3027 4560 3376 4620 auctoritate
3392 4557 3583 4614 firmi-

171 4657 328 4712 dicto
359 4655 674 4712 venerabili
706 4655 834 4710 loco
868 4659 1041 4726 atque
1073 4655 1266 4710 abbati
1300 4654 1696 4721 concedimus,
1721 4655 1822 4710 do-

170 4762 408 4812 namus,
435 4744 746 4816 modisque
760 4745 1035 4800 omnibus
1053 4744 1503 4800 corroboramus
1517 4761 1717 4799 omnes
1732 4760 1822 4798 res

170 4840 228 4890 et
252 4834 660 4906 proprietates,
696 4832 1118 4904 possessiones,
1142 4849 1460 4904 omnesque
1485 4831 1613 4886 illas
1635 4836 1823 4887 cortes

171 4941 320 4995 quas
335 4940 408 4995 qu
421 4923 588 4994 isque
605 4938 790 4992 usque
806 4922 978 4976 modo
995 4921 1318 4976 beneticiali
1337 4921 1538 4976 ordine
1558 4922 1709 4976 detin
1722 4921 1824 4989 uit,

171 5018 228 5067 et
244 5030 371 5084 qua:
394 5009 786 5066 vassallorum
813 5009 1181 5075 dicebantur,
1206 5015 1261 5065 et
1282 5010 1827 5081 quascunqueidem

172 5102 507 5157 coenobium
544 5098 718 5172 longo
751 5104 1012 5170 tempore
1033 5099 1398 5171 dignoscitur
1420 5099 1772 5170 possedisse,
1798 5116 1832 5154 a

173 5190 561 5263 Liudprando
592 5188 779 5259 ipsius
809 5187 918 5243 loci
951 5189 1258 5243 fundatore
1288 5204 1615 5243 concessas.
1639 5188 1703 5242 ld
1743 5192 1832 5243 est

174 5280 326 5335 inter
357 5283 602 5334 ceteras
631 5294 722 5332 res
744 5279 962 5332 cortem
988 5275 1146 5330 illam
1170 5293 1296 5347 quae
1322 5275 1463 5348 Alpe
1486 5275 1666 5330 Plana
1687 5275 1830 5330 dici-

177 5373 294 5438 tur,
319 5371 687 5439 cunctasque
709 5383 800 5422 res
818 5367 890 5421 ad
921 5365 1188 5420 eamdem
1212 5369 1428 5421 cortem
1449 5365 1829 5436 pertinentes,

169 5458 259 5521 vel
285 5456 720 5531 aspicientesin
735 5455 1186 5526 quibuscunque
1201 5453 1364 5520 locis,
1381 5451 1833 5509 cumterritoriis

170 5552 230 5605 et
257 5548 485 5605 ﬁnibus
509 5561 614 5618 per
635 5547 989 5616 praeceptum
1011 5542 1370 5614 Liudprandi
1393 5541 1566 5613 regis,
1591 5557 1695 5613 per
1713 5540 1832 5597 sin-

166 5639 314 5718 gula
326 5637 461 5696 loca
482 5633 867 5691 denuntiatis.
894 5631 984 5689 vel
1006 5630 1346 5688 earumdem
1361 5646 1557 5689 rerum
1574 5629 1832 5689 decimas

501 5761 771 5828 PATROL.
812 5757 959 5825 GL1.

1934 4660 2021 4710 ter
2049 4653 2356 4720 edicimus,
2387 4653 2676 4710 utvnullus
2707 4653 3202 4725 archiepiscopus,
3225 4645 3586 4718 .nullusepi-

1934 4760 2168 4815 scopus,
2199 4741 2399 4798 nullus
2433 4743 2714 4807 marchio,
2747 4741 2835 4798 vel
2869 4756 3085 4809 comes,
3117 4739 3582 4803 autvieecomes,

1937 4837 2040 4887 aut
2068 4830 2376 4902 gastaldio,
2410 4832 2531 4886 sive
2561 4833 2966 4903 cujuscunque
2996 4823 3426 4897 ministerialis,
3447 4823 3585 4880 nul-

1936 4919 2107 4990 laque
2129 4919 2446 4990 judiciaria
2479 4925 2756 4991 potestas,
2789 4919 2877 4976 vel
2916 4917 3249 4991 reipublicae
3293 4913 3585 4981 minister,

1937 5007 1995 5062 in
2029 5007 2320 5080 praedictis
2353 5008 2631 5076 cortibus,
2665 5008 2921 5080 praediis,
2953 5005 3448 5081 possessionibus,
3465 5019 3586 5074 seu

1937 5095 1998 5152 in
2030 5095 2327 5167 aliquibus
2356 5095 2501 5152 locis
2523 5097 2760 5169 praefato
2791 5097 3108 5154 venerabili
3128 5096 3254 5153 loco
3300 5094 3589 5168 pertinen-

1938 5187 2117 5252 tibus,
2144 5184 2427 5256 placitum
2454 5190 2670 5254 tenere,
2696 5185 2786 5241 vel
2817 5186 3154 5242 districtum
3187 5185 3394 5250 facere,
3437 5182 3588 5239 .sive-

1941 5274 2196 5340 fodrum,
2217 5277 2320 5329 aut
2343 5273 2602 5345 aliquam
2628 5274 2986 5329 iunctionem
3006 5271 3327 5344 publicam,
3349 5268 3436 5324 vel
3457 5269 3588 5324 red-

1941 5362 2154 5429 ditum,
2180 5379 2213 5417 a
2244 5361 2719 5433 supranictorum
2742 5361 3004 5416 locorum
3026 5357 3476 5422 habitatoribus,
3499 5353 3588 5411 vel

1940 5449 2370 5523 pertinentibus
2399 5451 2627 5522 exigere
2646 5450 2735 5506 vel
2756 5448 2975 5516 tollere,
2995 5450 3220 5503 remota
3243 5444 3588 5501 omniocca-

1943 5538 2126 5605 sione,
2147 5542 2483 5609 praesumat.
2503 5538 2660 5593 Inter
2687 5542 2893 5594 caatera
2913 5541 3108 5594 tamen
3120 5531 3594 5609 hoc-specialiter

1943 5627 2318 5688 statuendum
2351 5626 2692 5689 censuimus
2720 5631 2787 5684 ut
2815 5630 3034 5686 cortem
3066 5622 3402 5704 praedictam
3449 5636 3590 5700 qua

3184 5753 3269 5829 3i
