3920 6208
361 297 527 372 ιοθτ

1737 302 2052 373 ΜΟΝΠΜ.
2094 300 2419 375 DIPLOM.‘

3621 302 3794 371 1061

366 439 606 496 Maliace
637 438 869 509 dicitur,
892 439 982 496 vel
1003 436 1291 515 quidquid
1310 458 1461 515 saepe
1479 441 1701 499 dictum
1721 447 2010 499 monaste-
2038 445 2095 511 Α
2124 444 2233 499 bus
2265 443 2440 499 rebus
2472 442 2553 498 rei
2582 439 2795 497 veritas
2826 440 3214 515 approbatur;
3249 442 3307 496 et
3365 440 3539 512 juxta
3569 441 3788 497 deﬁni-

364 527 518 584 rium
548 528 607 584 in
642 528 788 585 valle
816 531 1073 601 Luvana,
1107 536 1163 587 et
1194 532 1251 586 in
1281 531 1429 587 valle
1473 536 1634 605 Agno
1681 532 1894 588 habere
1936 532 2014 587 vi-

361 618 552 686 detur,
578 618 865 691 praecipue
898 624 1189 689 tueamur,
1225 620 1501 692 quoniam
1528 621 1648 677 haec
1692 621 1820 676 loca
1860 621 2013 676 inter

361 710 567 763 caetera
586 708 809 779 majora
829 712 885 763 et
908 709 1145 766 fortiora
1169 709 1491 764 infortunia
1510 714 1685 781 atque
1708 709 2010 765 molestias

362 795 788 853 sustinuerunt.
811 798 1061 870 Ideoquo
1092 797 1466 870 praecipimus
1484 802 1539 853 et
1560 799 2008 870 quibuscunqne

358 883 938 941 interminationibus
965 886 1254 952 valemus,
1279 887 1490 957 jubere
1522 887 1910 954 decernimus,
1944 891 2009 941 ut

358 972 559 1029 nullus
583 989 843 1045 unquam
872 978 1148 1045 potestas,
1174 974 1465 1043 minister,
1498 973 1583 1027 vel
1617 973 1856 1040 missus,
1909 978 2008 1028 aut

356 1062 633 1127 famulus,
664 1061 1073 1133 praedictorum
1122 1062 1382 1117 locorum
1435 1061 1863 1117 habitatoribus
1903 1078 2004 1117 seu

355 1151 786 1223 pertinentibus
812 1149 1070 1223 aliquam
1103 1151 1380 1224 deinceps
1412 1151 1745 1206 molestiam
1792 1151 2004 1206 inferre

355 1242 690 1311 praesumat,
724 1238 947 1294 nullam
978 1239 1406 1295 districtionem
1440 1240 1524 1295 eis
1558 1239 1762 1305 facere,
1786 1239 1875 1295 vel
1920 1240 2001 1295 fo-

352 1327 526 1382 drum
555 1328 629 1383 ab
659 1327 745 1383 eis
774 1326 996 1398 tollere,
1028 1331 1130 1382 aut
1159 1344 1361 1383 eorum
1397 1327 1635 1383 arbores
1680 1328 1999 1394 succidere,

347 1415 434 1471 vel
455 1416 691 1489 aliquod
710 1433 913 1472 eorum
933 1416 1356 1489 suppellectilis
1376 1415 1463 1471 vel
1483 1415 1690 1487 peculii
1708 1415 1998 1482 invadere,

349 1510 451 1561 aut
479 1506 551 1561 de
579 1523 779 1561 eorum
800 1505 1278 1578 possessionibus
1298 1504 1516 1576 aliquid
1542 1505 1882 1576 potestative
1909 1523 2001 1561 ra—

349 1610 484 1666 pere
514 1592 712 1666 aliqua
728 1594 1040 1649 temeraria
1057 1593 1513 1666 praesumptione
1532 1594 1760 1649 audeat.
1785 1596 1844 1649 Si
1867 1595 1999 1666 quis

346 1699 479 1738 vero
498 1682 758 1754 aliquam
781 1682 1078 1754 querelam
1095 1699 1277 1755 super
1296 1682 1551 1754 aliquem
1578 1699 1779 1738 eorum
1800 1683 1994 1751 habet,

2123 532 2338 587 tionem
2376 529 2762 588 antecessoris
2793 531 2975 585 nostri
3008 530 3365 603 Liudprandi
3395 529 3573 603 regis,
3607 529 3791 587 liceat

2121 621 2382 675 coenobio
2414 620 2485 675 de
2518 619 2752 692 propria
2768 620 3219 693 congregatione
3236 618 3511 676 abbatem
3536 618 3783 692 eligere,

2120 709 2199 763 ita
2221 714 2281 763 ut
2304 726 2479 781 super
2498 725 2597 764 eos
2619 707 2781 763 nulla
2793 724 3056 780 unquam
3075 708 3489 764 introducatur
3504 725 3783 781 persona.

2119 797 2449 853 Statuimus
2497 798 2675 853 etiam
2716 802 2783 853 ut
2831 796 3029 852 nullus
3076 795 3418 869 reipublica:
3483 796 3784 866 minister,

2118 903 2337 958 necque
2370 886 2586 959 aliquis
2632 903 2700 941 ex
2738 885 3054 958 judiciaria
3101 890 3387 959 potestate
3445 886 3506 941 in
3548 887 3787 942 cunctis

2117 975 2374 1046 praedicti
2411 975 2747 1030 monasterii
2782 974 3067 1045 sortibus,
3096 973 3184 1030 vel
3223 974 3390 1042 vicis,
3452 973 3677 1030 liberos
3718 991 3786 1030 ac

2116 1080 2312 1119 servos
2344 1064 2618 1135 deinceps
2635 1063 2978 1135 inquietare,
2999 1067 3100 1119 aut
3116 1064 3189 1118 ad
3209 1062 3496 1135 placitum
3519 1062 3781 1131 trahere,

2115 1156 2217 1207 aut
2246 1153 2304 1207 in
2332 1152 2627 1224 aliquibus
2658 1151 2874 1208 ﬁnibus
2904 1153 3034 1222 ejus
3065 1151 3346 1224 placitum
3398 1157 3619 1218 tenere,
3670 1157 3783 1208 aut

2113 1241 2371 1312 aliquem
2427 1241 2735 1314 pignorare
2795 1240 2878 1297 vel
2934 1240 3237 1296 detrahere
3294 1244 3637 1313 praesumat.
3713 1241 3787 1295 Et

2114 1328 2397 1401 quidquid
2424 1347 2558 1401 pars
2585 1328 2817 1403 publica
2834 1346 3067 1401 sperare
3089 1328 3324 1402 poterit,
3351 1329 3543 1385 eidem
3560 1345 3776 1385 monac

2113 1419 2290 1472 sterio
2321 1425 2524 1473 sancto
2559 1418 2885 1474 secundum
2917 1416 3355 1474 concessionem
3383 1421 3443 1473 et
3458 1417 3770 1473 conﬁrma-

2110 1507 2328 1561 tionem
2384 1507 2743 1578 Liudprandi
2790 1507 2966 1578 regis,
3019 1506 3386 1578 aliorumque
3434 1523 3642 1579 regum
3686 1506 3776 1563 vel

2061 1611 2068 1619 ·
2110 1594 2551 1666 imperatorum,
2586 1595 2831 1650 solemni
2852 1599 2908 1649 et
2922 1598 3210 1667 perpetua
3230 1593 3551 1651 stabilitate
3571 1595 3778 1651 ﬁrma-

2108 1700 2260 1737 mus.
2300 1685 2367 1738 Et
2397 1685 2874 1755 quandocunque
2911 1683 3243 1739 necessitas
3274 1684 3564 1752 imminet,
3602 1701 3783 1740 naves

347 1789 462 1827 non
496 1788 594 1843 per
624 1787 685 1827 se
714 1771 1029 1838 vindicare,
1062 1776 1161 1827 aut
1180 1788 1280 1841 per
1296 1771 1551 1843 aliquem
1583 1771 1772 1844 legem
1806 1773 1997 1845 requi-
2029 1807 2078 1874 Β
2106 1771 2296 1843 ipsius
2327 1774 2664 1828 monasterii
2696 1789 2800 1844 per
2838 1773 3025 1827 Ticini
3058 1776 3115 1827 et
3144 1772 3286 1828 Padi
3308 1778 3541 1845 portum
3561 1789 3781 1845 quam-

350 1876 495 1926 rere,
530 1861 640 1916 nisi
672 1876 775 1933 per
807 1877 913 1916 nos
945 1865 1046 1917 aut
1096 1861 1366 1915 abbatem
1414 1860 1629 1933 ipsius.
1659 1862 1997 1917 monasterii

351 1948 782 2022 praesumat,vel
796 1965 898 2021 per
911 1954 1175 2005 nostrum
1191 1949 1488 2021 autipsius
1503 1950 1733 2005 abbatis
1746 1951 1993 2006 missum

351 2037 469 2094 Hac
498 2037 677 2111 igitur
706 2042 904 2093 nostra
919 2036 1248 2109 praceptali
1265 2039 1614 2094 auctoritate
1635 2056 1840 2095 omnes
1858 2057 1997 2111 pras-

345 2126 534 2181 dictas
561 2129 750 2181 cortes
765 2125 981 2192 etloca,
998 2142 1131 2180 cum
1155 2126 1332 2182 rebus
1351 2130 1409 2182 et
1430 2127 1691 2195 familiis,
1731 2129 1995 2200 portibus

346 2219 402 2270 et
415 2218 690 2284 mercato,
708 2214 1196 2281 districtionibus,
1217 2215 1471 2270 molendi
1484 2216 1575 2271 nis
1597 2220 1653 2271 et
1668 2216 1997 2287 piscationi-

346 2302 654 2375 bus,aquis
670 2319 1073 2376 aquarumque
1086 2304 1807 2377 decursibus,cunctisque
1823 2307 1995 2363 rebus

348 2391 666 2448 mobilibus
695 2396 751 2448 et
782 2391 1186 2447 immobilibus
1219 2393 1289 2447 ad
1319 2394 1442 2463 jam
1464 2392 1715 2465 scriptas
1732 2400 1919 2451 cortes
1940 2399 1996 2450 et

339 2481 471 2538 leca
486 2481 547 2537 in
572 2482 869 2554 integrum
891 2480 1334 2553 aspicientibus,
1351 2482 1683 2538 divinorum
1706 2501 1994 2540 memores

347 2574 790 2643 praeceptorum,
819 2570 945 2639 jam
978 2568 1132 2622 dicto
1167 2568 1428 2624 coenobio
1459 2570 1844 2641 ejusdemque
1885 2571 1995 2626 loci

352 2659 572 2725 abbati,
597 2657 683 2712 vel
716 2657 1045 2727 cuicunque
1067 2673 1169 2727 pro
1188 2661 1448 2727 tempore
1471 2656 1613 2711 inibi
1635 2658 1991 2729 prazsidenti,

348 2734 768 2803 conﬁrmamus
799 2748 856 2800 et
886 2745 1585 2801 corroboramus.0mnes
1605 2745 1846 2818 insuper
1864 2747 1995 2804 illos

345 2833 765 2906 carpentarios,
798 2849 946 2904 quos
973 2832 1100 2904 ipse
1129 2837 1371 2890 sanctus
1398 2833 1560 2890 locus
1589 2851 1692 2907 per
1724 2839 1993 2909 praecepti

344 2923 607 2997 possidet
625 2922 900 2995 paginam
915 2916 1176 2994 tempore
1197 2923 1583 2979 antecesseris
1608 2924 1792 2980 nostri
1816 2925 1990 2980 Liud-

345 3012 555 3087 prandi
590 3011 743 3083 regis
773 3011 831 3064 in
860 3009 1007 3066 valle
1028 3028 1157 3082 quas
1188 3011 1403 3067 dicitur
1430 3012 1752 3081 Antelamo,
1786 3013 1871 3069 vel
1893 3032 1991 3071 eos

346 3102 447 3176 qui
477 3105 620 3157 sunt
650 3100 708 3155 in
742 3099 1038 3168 Besozolo,
1063 3116 1196 3155 cum
1233 3099 1369 3156 llliis
1402 3100 1771 3173 ﬁliabusque,
1808 3119 1990 3175 agna-

2107 1877 2219 1932 que
2251 1877 2351 1931 per
2381 1860 2693 1932 quodlibet
2722 1859 2880 1916 aliud
2897 1862 3231 1916 discurrant
3254 1862 3473 1934 absque
3500 1862 3764 1934 alicujus

2106 1948 2549 2020 impedimento,
2584 1948 2673 2003 vel
2706 1948 2917 2003 telonei
2946 1950 3260 2005 exactione.
3286 1950 3624 2006 Secundum
3645 1950 3773 2008 hac

2105 2036 2282 2091 etiam
2318 2037 2534 2108 regalia
2562 2036 2816 2108 scriptas
2849 2036 3183 2102 sancimus,
3201 2043 3259 2093 et
3278 2038 3468 2095 modis
3489 2039 3772 2096 omnibus

2105 2126 2511 2180 interdicimus
2524 2143 2591 2180 cu
2604 2126 2750 2181 netis
2767 2126 3085 2182 subnostra
3098 2129 3383 2198 potestate
3396 2128 3769 2201 degentibus,

2106 2218 2171 2268 ut
2188 2213 2408 2268 nullam
2425 2209 2772 2286 potestatem
2788 2215 3032 2287 deincep
3049 2232 3077 2271 s
3090 2216 3464 2272 exerceantin
3477 2217 3773 2289 praedictis

2103 2302 2247 2358 locis
2280 2304 2350 2357 ad
2384 2307 2645 2358 nostram
2671 2303 2997 2358 mercedem
3023 2303 3346 2359 monachis
3362 2303 3770 2378 delegatis,vel

2105 2392 2376 2447 abbatem
2409 2392 2467 2445 in
2489 2391 2684 2463 aliquo
2708 2392 3075 2460 conturbent,
3101 2392 3203 2449 sed
3228 2391 3401 2448 liceat
3418 2393 3531 2466 ipsi
3559 2394 3766 2451 abbati

2105 2479 2347 2551 suisque
2380 2480 2819 2536 successoribus
2849 2481 2959 2535 sub
2992 2480 3194 2553 regula
3225 2481 3414 2537 sancti
3459 2483 3760 2540 Benedicti

2104 2570 2333 2641 degere,
2364 2576 2419 2624 et
2451 2569 2710 2641 quotidie
2738 2575 2848 2625 Deo
2880 2569 3084 2626 laudes
3133 2587 3237 2642 pro
3279 2571 3489 2627 animae
3542 2578 3755 2633 nostra:

2103 2658 2379 2728 remedio,
2396 2658 2674 2730 regnique
2688 2658 2870 2713 nostri
2885 2662 3041 2714 statu
3056 2657 3198 2714 inibi
3213 2659 3440 2731 offerre,
3452 2664 3511 2716 et
3523 2677 3759 2717 omnem

2104 2746 2611 2818 congregationem
2647 2746 2760 2801 sibi
2782 2747 3159 2802 commissam
3184 2747 3442 2805 assiduis
3458 2748 3757 2807 alimentis

2103 2851 2339 2907 pascere
2361 2841 2417 2889 et
2445 2836 2701 2890 enutrire
2731 2835 3164 2907 perpetualiter.
3227 2835 3522 2895 Volumus
3565 2838 3763 2912 etiam,

2103 2922 2696 2996 modisqueomnibus
2716 2923 3148 2992 interdicimus,
3180 2924 3415 2981 utnulla
3431 2930 3758 2999 praepotens

2101 3028 2393 3084 parvaque
2407 3029 2654 3084 persona
2666 3013 3008 3085 praedictum
3021 3014 3351 3070 coenobium
3370 3015 3567 3087 propri
3575 3017 3756 3073 etario

2091 3103 2250 3172 jure,
2287 3105 2388 3155 aut
2417 3100 2741 3156 beneﬁciali
2772 3102 2994 3168 ordine,
3028 3106 3128 3158 aut
3158 3102 3492 3176 praeceptali
3545 3109 3749 3161 aucto-

342 3170 616 3262 tioneque
645 3193 856 3244 cuncta
875 3204 1100 3257 eorum,
1127 3194 1191 3243 ut
1213 3194 1475 3261 tempore
1497 3170 1825 3261 opportuno
1842 3170 1987 3246 inibi
2020 3170 2062 3237 Ο
2095 3170 2269 3245 ritate
2293 3170 3486 3263 nitaturinvadere.Praecipientesitaquej
3500 3193 3753 3249 ubemus

340 3280 672 3337 deserviant
701 3277 811 3350 ipsi
841 3282 897 3332 et
919 3276 1137 3349 posteri
1168 3294 1369 3333 eorum
1407 3278 1630 3350 absque
1663 3278 1783 3334 ulla
1803 3284 1981 3335 retra~

338 3369 591 3426 ctatione
622 3364 1068 3439 perpetualiter;
1106 3371 1163 3420 et
1190 3366 1337 3421 vada
1373 3367 1441 3421 ad
1477 3366 1821 3438 piscandum
1856 3385 1983 3441 quae

336 3464 477 3517 sunt
506 3458 565 3513 in
595 3456 817 3523 Ticino,
848 3455 906 3509 in
931 3455 1070 3510 Rivo
1092 3454 1318 3521 Poloni,
1339 3456 1618 3524 Morasca,
1645 3474 1746 3511 seu
1768 3458 1981 3513 vadum

334 3551 491 3622 quod
521 3547 737 3603 dicitur
764 3543 1153 3610 Landemarii,
1187 3546 1444 3609 Costam,
1490 3544 1865 3611 Teveredum,
1925 3549 1984 3601 et

336 3638 494 3695 aliud
526 3635 682 3709 quod
711 3633 924 3688 dicitur
954 3632 1416 3698 Sextemascum,
1462 3650 1595 3688 cum
1643 3632 1741 3689 illo
1789 3633 1981 3690 medio

337 3727 493 3800 quod
511 3726 582 3781 ad
595 3724 805 3795 Sepem
819 3720 1054 3786 dicitur,
1075 3720 1286 3776 etillud
1309 3722 1465 3793 quod
1484 3720 1730 3778 Aunella
1744 3723 1978 3789 dicitur,

337 3832 439 3872 seu
467 3812 643 3869 etiam
674 3808 775 3864 illa
802 3808 951 3863 vada
966 3825 1092 3879 quae
1113 3813 1255 3865 sunt
1273 3808 1331 3864 in
1352 3810 1509 3864 Pado
1530 3809 1804 3866 habentia
1826 3812 1978 3883 prio-

337 3919 461 3959 rem
481 3899 802 3957 terminum
816 3915 850 3952 a
868 3896 993 3952 loco
1007 3897 1107 3968 qui
1130 3897 1467 3953 nominatur
1488 3897 1708 3970 P0pulo
1725 3903 1976 3972 Pagana,

335 3996 393 4050 et
420 3987 807 4065 pertingentia
838 4001 1024 4057 usque
1055 3987 1127 4042 ad
1158 3985 1352 4041 locum
1402 3985 1502 4057 qui
1535 3986 1753 4041 dicitur
1797 3988 1981 4061 Caput

334 4081 457 4147 Asi,
488 4096 559 4136 ex
586 4082 833 4148 utraque
865 4074 1199 4147 partePadi,
1225 4072 1586 4129 cuminsulis
1599 4075 1805 4147 positis
1808 4077 1979 4148 juxta

334 4170 669 4246 praedictam
698 4164 1102 4239 piscationem,
1132 4161 1220 4218 vel
1273 4161 1562 4234 quidquid
1614 4164 1686 4218 ab
1735 4164 1976 4237 antiquo

330 4265 592 4333 tempore
625 4273 727 4330 per
757 4254 1135 4325 antiquorum
1166 4267 1372 4323 regum
1405 4268 1507 4306 seu
1556 4252 1975 4324 imperatorum

328 4348 705 4406 donationem
736 4341 990 4400 obtinuit
1019 4339 1105 4395 vel
1133 4340 1329 4396 Padus
1350 4340 1584 4407 invasit,
1614 4347 1715 4397 aut
1735 4344 1791 4398 in
1817 4345 1975 4400 futu-

327 4456 458 4496 rum
482 4434 780 4508 irruperit,
812 4431 1000 4487 eidem
1033 4432 1235 4485 sancto
1264 4428 1389 4485 loco
1410 4431 1829 4487 contradimus.

2094 3283 2214 3334 tam
2247 3278 2634 3349 praesentibus
2665 3294 2844 3349 quam
2875 3283 2932 3334 et
2952 3279 3191 3344 futuris,
3217 3283 3273 3334 et
3297 3280 3449 3351 parti
3481 3282 3750 3352 praedicti

2093 3367 2361 3433 coenobii,
2395 3383 2527 3438 qua:
2558 3383 2737 3439 supra
2766 3384 2800 3422 a
2823 3367 2993 3423 nobis
3022 3382 3305 3424 concessa
3331 3373 3389 3424 et
3409 3369 3755 3426 conﬁrmata

2092 3460 2254 3522 sunt,
2279 3453 2542 3526 quolibet
2560 3458 2820 3525 tempore
2838 3452 3039 3510 nullus
3060 3458 3380 3526 praesumat
3393 3454 3611 3517 inferre
3630 3473 3753 3512 mo-

2090 3543 2319 3599 lestiam
2333 3545 2435 3597 aut
2450 3542 2946 3609 contrarietatem,
2966 3541 3066 3597 sed
3087 3541 3198 3597 sub
3216 3542 3377 3597 omni
3392 3541 3751 3616 integritate,

2090 3632 2263 3687 sicuti
2314 3648 2348 3687 a
2380 3631 2550 3687 nobis
2578 3646 2859 3687 concessa
2906 3634 3045 3686 sunt
3093 3631 3166 3686 ad
3217 3629 3533 3687 utilitatem
3563 3631 3755 3705 ipsius

2090 3719 2427 3777 monasterii
2451 3720 2577 3776 sine
2607 3719 2806 3792 aliqua
2835 3719 3292 3775 diminoratione
3343 3726 3748 3791 permaneant.

2087 3811 2144 3865 Si
2176 3811 2307 3882 quis
2338 3808 2517 3882 igitur
2548 3807 2864 3880 aliquando
2895 3807 3185 3864 diabolica
3213 3807 3421 3864 fraude
3470 3809 3751 3882 deceptus

2088 3904 2292 3955 contra
2315 3897 2535 3953 dictam
2552 3897 2961 3952 auctoritatem
2985 3900 3043 3951 et
3062 3896 3493 3969 hanc_nostram
3516 3913 3751 3957 conces-

2086 3988 2310 4044 sionem
2340 3991 2399 4043 et
2423 3986 2929 4042 confirmationem
2957 3984 3181 4058 aliquid
3204 4001 3375 4059 agere
3427 3989 3743 4045 tentaverit

2086 4081 2143 4134 et
2163 4077 2293 4148 jam
2325 4075 2545 4131 dictum
2569 4079 2841 4131 sanctum
2871 4073 3064 4130 locum
3109 4090 3179 4130 ex
3216 4073 3513 4147 praedictis
3544 4075 3745 4146 rebus,

2086 4166 2328 4238 fatigare
2358 4167 2602 4220 conatus
2631 4162 2828 4231 fuerit,
2856 4163 3004 4219 sciat
3035 4162 3579 4235 secompositurum
3617 4165 3745 4221 auri

2085 4254 2218 4327 puri
2250 4252 2429 4309 libras
2485 4250 2664 4319 mille,
2718 4251 3090 4308 medietatem
3135 4267 3379 4307 camera:
3427 4257 3645 4310 nostra:
3690 4258 3747 4310 et

2085 4343 2455 4399 medietatem
2488 4339 2746 4412 praedicti
2807 4340 3146 4396 monasterii
3201 4338 3290 4395 vel
3349 4340 3480 4411 ejus
3522 4341 3742 4399 abbati.

2083 4432 2247 4499 Quod
2276 4428 2547 4485 utverius
2560 4428 2849 4495 credatur,
2868 4428 3332 4502 diligentiusque
3350 4429 3426 4484 ab
3463 4431 3744 4488 omnibus

394 4527 684 4584 Volumus
715 4521 891 4578 etiam
912 4522 971 4574 et
986 4517 1384 4589 concedimus,
1410 4523 1475 4573 ut
1492 4519 1826 4576 molendina
1846 4539 1974 4593 qua
2005 4534 2051 4598 D
2084 4520 2468 4585 custodiatur,
2499 4534 2679 4573 manu
2709 4518 2944 4589 propria
2962 4517 3335 4583 roborantes,
3359 4516 3545 4590 sigilli
3562 4521 3747 4577 nostri

323 4620 383 4674 in
411 4618 713 4676 Caterona,
748 4608 925 4667 seuin
944 4606 1244 4678 aliquibus
1268 4607 1612 4664 fluminibus
1630 4610 1970 4681 prmdictum
2080 4609 2463 4682 impressione
2496 4607 2739 4662 inferius
2764 4605 3061 4678 jussimus
3090 4605 3397 4678 insigniri.

322 4702 746 4764 monasterium
780 4697 1061 4771 possidet,
1088 4695 1299 4752 habeat
1318 4700 1438 4752 tam
1470 4697 1650 4753 abbas
1677 4714 1972 4771 quamque

325 4802 383 4854 et
408 4790 680 4851 monachi
723 4791 1071 4861 potestatem
1120 4785 1347 4841 levandi
1392 4790 1571 4858 atque
1614 4788 1965 4860 deponendi,

325 4898 633 4957 quousque
664 4878 753 4935 vel
782 4892 1018 4949 quoquo
1049 4875 1222 4930 modo
1253 4891 1456 4931 eorum
1506 4876 1824 4932 decreverit
1868 4894 1967 4933 vo-

324 4974 542 5041 luntas,
578 4974 634 5027 et
664 4967 1046 5040 aqumductus
1076 4964 1176 5035 qui
1208 4964 1406 5035 Bauga
1435 4964 1792 5036 Liudprandi
1822 4966 1970 5021 dice-

323 5064 518 5129 batur,
547 5061 607 5115 in
630 5074 831 5113 eorum
863 5055 940 5112 sit
970 5056 1260 5125 potestate
1283 5052 1352 5106 ad
1386 5052 1713 5124 irrigandos
1770 5054 1968 5110 hortos

324 5148 515 5224 ipsius
542 5141 1150 5208 monasterii.Sintque
1177 5156 1381 5194 omnes
1405 5155 1495 5194 res
1526 5141 1713 5212 ipsius
1731 5157 1964 5198 monas-

323 5236 511 5306 sterii,
544 5232 726 5288 abbas
746 5247 977 5303 quoque
993 5234 1050 5286 et
1070 5226 1362 5293 monachi,
1388 5227 1770 5299 hominesque
1809 5229 1969 5287 libel-

320 5322 454 5381 larii
471 5325 530 5377 et
544 5318 692 5374 servi
713 5320 821 5375 sub
844 5322 1043 5375 nostra
1065 5314 1354 5389 imperiali
1375 5315 1708 5371 defensione
1731 5319 1967 5376 munita;

322 5412 501 5480 atque
518 5405 785 5463 defensae.
812 5410 881 5464 Et
900 5407 949 5463 si
973 5404 1292 5461 necessitas
1312 5403 1487 5458 fuerit
1501 5402 1572 5456 de
1593 5404 1764 5462 rebus
1781 5406 1968 5479 ipsius

323 5493 661 5553 monasterii
682 5513 782 5568 per
802 5492 1245 5567 inquisitionem
1264 5492 1719 5563 circumquaque
1732 5511 1968 5553 manen-

321 5584 475 5648 tium
489 5580 773 5641 bonorum
795 5582 1128 5651 hominum,
1153 5578 1306 5637 sicut
1325 5578 1397 5634 de
1418 5578 1963 5657 nostrisimperiali.

2153 4701 2385 4768 Signum
2413 4698 2625 4753 domini
2655 4696 2978 4752 Chuonradi
2998 4697 3367 4752 Romanorum
3386 4699 3748 4757 invictissimi

2078 4787 2422 4861 imperatoris
2450 4786 2698 4853 Augusti.

2149 4962 2497 5021 Chuonradil
2512 4963 2644 5033 imp.
2659 4871 3019 5033 privgzjiilni
3034 4977 3134 5033 pro
3151 4963 3399 5019 Ecclesia
3430 4964 3743 5023 Bremensi.

2567 5052 2753 5123 (Anno
2788 5051 2945 5117 1035,
2978 5050 3101 5106 Oct.
3140 5052 3251 5120 16.)

2074 5145 2492 5216 [uenenarium
2526 5139 2960 5209 Hamburgische
3005 5140 3463 5208 Urkundenbuch,
3518 5160 3579 5217 p.
3626 5144 3743 5216 69.]

2147 5232 2209 5286 In
2243 5228 2479 5285 nomine
2510 5231 2723 5283 sanctae
2746 5231 2802 5282 et
2820 5226 3134 5283 individua
3151 5227 3486 5303 Trinitatis,
3511 5231 3743 5290 Canos-

2078 5335 2288 5383 nanus,
2302 5316 2501 5373 divina
2521 5316 2747 5372 favente
2773 5315 3103 5385 clementia,
3134 5317 3543 5376 Romanorum
3560 5320 3743 5393 impe-

2076 5412 2235 5464 rator
2262 5407 2586 5476 Augustus.

2147 5493 2433 5552 Omnibus
2445 5492 2627 5560 divini
2644 5493 2944 5567 nostrique
2956 5493 3213 5550 nominis
3225 5495 3602 5555 amatoribus
3615 5502 3737 5555 tam

2076 5582 2293 5644 futuris
2310 5597 2488 5661 quam
2510 5582 2895 5657 praesentibus
2914 5582 3294 5659 perspicuum
3307 5599 3443 5644 esse
3456 5587 3738 5665 cupimus
