3920 6208
129 324 304 397 1069-

1415 316 1947 399 CHUONRADUS
1989 322 2045 387 II
2088 319 2253 390 IMP.

3376 325 3536 391 ιθθθ

134 460 371 532 qualiter
407 470 514 511 nos
556 452 630 511 ob
678 450 919 511 minime
973 454 1375 528 denegandam
1431 456 1770 526 petitionem
1804 460 1859 526 Α
1888 457 2279 513 Concedentes
2312 455 2490 529 igitur
2521 454 2937 513 conﬁrmamus
2964 456 3279 516 Mantuano
3309 460 3541 534 episco:

132 544 507 605 dilectissime:
564 545 834 617 conjugis
880 548 1091 600 nostrae
1136 543 1330 611 Gislae,
1387 544 1774 617 imperatricis

131 639 407 710 Augustae,
440 650 543 690 nec
566 652 683 690 non
706 635 778 690 ob
802 633 1115 689 amabilem
1142 633 1530 688 interventum
1553 633 1771 689 charis-

129 727 279 782 sima
299 723 475 796 prolis
503 728 737 791 nostris,
766 722 1018 779 Heinrici
1043 722 1218 795 regis,
1243 721 1532 789 Becelino,
1557 726 1773 778 sancta)

128 811 442 870 Bremensis
501 811 767 868 Ecclesiae
824 811 1143 867 venerabili
1203 810 1487 883 nobisque
1535 810 1773 866 amabili

129 900 570 974 archiepiscopo,
607 903 932 956 mercatum
965 900 1023 954 in
1075 900 1276 955 eodem
1309 898 1433 954 loco
1464 916 1596 955 cum
1629 898 1773 955 telo-

128 1009 247 1058 neo,
268 988 746 1056 nomismatibus,
769 1005 874 1044 nec
892 1006 1007 1044 non
1030 988 1304 1044 omnibus
1323 988 1679 1043 utilitatibus
1701 988 1772 1043 ad

129 1085 436 1136 mercatum
491 1077 940 1151 pertinentibus,
989 1078 1202 1133 habere
1244 1077 1661 1134 concessimus.
1699 1078 1775 1132 Ea

71 1162 84 1184 ’
127 1168 379 1224 videlicet
406 1167 535 1239 lege
566 1171 630 1221 ut
659 1166 748 1221 bis
778 1166 837 1221 in
871 1183 1022 1222 anno
1055 1184 1259 1222 omnes
1291 1166 1392 1238 qui
1424 1166 1563 1221 illuc
1597 1183 1776 1222 causa

131 1256 412 1312 mercandi
444 1255 704 1323 veniant,
737 1273 855 1311 una
884 1256 1005 1311 vice
1034 1261 1256 1328 septem
1278 1256 1403 1311 dies
1425 1259 1557 1311 ante
1580 1256 1778 1317 Ponte.

129 1352 332 1413 costen,
355 1345 614 1401 secunda
632 1344 753 1399 vice
776 1343 1047 1400 similiter
1066 1350 1286 1417 septem
1314 1345 1437 1401 dies
1458 1349 1593 1401 ante
1614 1344 1773 1400 festi-

128 1436 345 1492 vitatem
359 1434 548 1491 sancti
564 1433 874 1489 Willehadi
897 1434 1112 1489 ibidem
1133 1432 1510 1506 corporaliter
1521 1433 1775 1504 requies-

127 1525 315 1593 centis,
348 1523 664 1580 annualem
697 1528 1021 1578 mercatum
1054 1522 1170 1579 illic
1200 1522 1471 1578 habeant.
1508 1527 1773 1577 Bannum

127 1619 307 1670 autem
340 1618 610 1668 nostrum
645 1627 824 1684 super
854 1628 1061 1667 omnes
1084 1612 1189 1667 bos
1212 1611 1350 1667 illuc
1371 1611 1686 1676 venientes,
1714 1614 1777 1665 ut

126 1702 233 1758 illic
261 1702 453 1758 eundo
496 1707 553 1757 et
598 1701 893 1755 redeundo
942 1701 1199 1755 habeant
1248 1717 1471 1772 pacem,
1505 1700 1771 1765 facimus,

126 1792 504 1863 eumdemque
552 1791 811 1845 bannum
858 1795 1127 1845 nostrum
1177 1788 1447 1861 praedicto
1478 1787 1769 1860 archiepi-

128 1897 304 1952 scopo,
337 1881 407 1935 ob
443 1895 621 1935 suum
654 1878 824 1933 ﬁdele
864 1878 1192 1946 servitium,
1226 1894 1295 1932 ea
1324 1877 1544 1933 ratione
1570 1892 1774 1931 conce-

127 1970 306 2025 dimus
335 1974 397 2024 ut
427 1970 481 2024 si
517 1969 571 2023 in
606 1968 713 2023 hoc
744 1971 964 2022 statuto
999 1971 1264 2039 tempore
1292 1983 1359 2020 ex
1380 1965 1519 2021 illuc
1548 1964 1777 2021 venien.

128 2058 270 2113 tibus
323 2057 528 2129 aliqua
586 2055 888 2112 temeritas
948 2055 1229 2123 evenerit,
1291 2054 1422 2109 inde
1482 2052 1775 2124 justitiam

127 2146 377 2214 faciendi,
411 2162 607 2217 neque
641 2145 778 2210 dux,
832 2160 1020 2215 neque
1075 2159 1292 2213 comes,
1344 2159 1532 2214 neque
1563 2141 1774 2213 aliquis

126 2235 439 2305 hominum,
474 2239 681 2306 praeter
711 2232 905 2304 ipsum
938 2237 993 2287 et
1023 2248 1163 2287 suos
1194 2247 1582 2299 successores,
1604 2230 1774 2285 licen-

126 2323 253 2379 tiam
283 2323 559 2380 habeant.
593 2322 664 2376 Et
714 2328 775 2377 ut
819 2320 941 2375 haec
981 2323 1180 2375 nostra
1217 2318 1514 2376 concessio
1545 2318 1775 2375 stabilis

123 2416 173 2466 et
198 2410 537 2467 inconvulsa
583 2410 743 2465 omni
776 2413 1116 2482 permaneat
1145 2426 1281 2476 aevo,
1314 2408 1466 2463 hanc
1498 2408 1772 2480 paginam

124 2500 245 2556 inde
292 2499 587 2556 conscribi
638 2514 883 2570 eamque
931 2497 1109 2570 sigilli
1155 2496 1340 2553 nostri
1388 2490 1811 2569 impressione'

126 2588 498 2661 praecepimus
522 2586 813 2661 insigniri.

184 2680 407 2750 Signum
435 2677 633 2732 domui
664 2675 994 2742 Chuonradi,
1030 2677 1396 2731 Romanorum
1435 2675 1779 2745 imperatoris

124 2767 488 2837 invictissimi.
533 2766 639 2836 (S).

189 2855 565 2913 Burchardus
596 2852 982 2910 cancellarius
1027 2852 1150 2908 vice
1180 2851 1488 2908 Barthonis
1518 2850 1778 2907 archica-

124 2944 325 3017 pellani
357 2943 710 3016 recognovit.

186 3034 327 3091 Data
363 3051 482 3089 xvu
537 3030 824 3088 Kalendas
870 3031 1237 3099 Novembris,
1268 3047 1421 3086 anno
1468 3028 1777 3084 Dominica:

125 3122 538 3179 lncarnationis
556 3120 1045 3187 1035,indictione
1063 3137 1145 3186 ιιι,
1167 3136 1319 3174 anno
1337 3123 1533 3174 autem
1550 3116 1775 3173 domini

124 3210 441 3269 Chuonradi
476 3211 528 3265 ll
563 3210 724 3283 regni
755 3228 832 3276 ιιι,
867 3208 1096 3281 imperii
1128 3225 1260 3264 vero
1294 3226 1368 3262 1x.

184 3303 385 3357 Actum
416 3299 845 3372 Magedeburch
858 3341 871 3354 .

853 3402 1034 3458 XXIV.

123 3494 457 3566 σοιιῇνωίίο
487 3495 738 3566 omnium
758 3494 1075 3566 juriumac
1094 3492 1539 3566 Aprivilegiorum
1568 3494 1715 3560 facta
1745 3508 1779 3545 a

284 3565 611 3624 Chuonrado
636 3566 963 3636 imperatore
983 3564 1234 3619 Ecclesiae
1258 3564 1594 3619 Mantuanae.

752 3653 935 3724 (Anno
969 3652 1153 3722 1037.)

465 3744 826 3817 [Muaarom,
844 3740 1026 3811 Antig.
1049 3741 1197 3807 Ital.,
1221 3740 1369 3807 1,614
1387 3741 1423 3811 .]

189 3834 244 3889 in
265 3833 503 3890 nomine
537 3835 752 3889 sanctas
781 3835 840 3886 et
867 3829 1180 3885 individuae
1202 3828 1528 3895 Trinitatis,
1554 3829 1785 3903 CHUON_

126 3937 321 3989 unus,
354 3922 563 3977 divina
584 3920 809 3975 favente
835 3918 1162 3987 clementia,
1186 3918 1582 3973 Romanorum
1604 3919 1781 3990 impe.

130 4014 272 4066 rator
301 4012 634 4083 Augustus.

191 4097 247 4152 Si
276 4098 335 4154 in
367 4097 622 4154 sacratis
647 4096 1031 4168 omnipotenti
1063 4095 1178 4152 Deo
1206 4094 1349 4152 locis
1371 4113 1405 4150 a
1425 4095 1787 4167 quibuslibet

127 4183 389 4243 desolatis
419 4189 814 4259 augmentum
847 4184 1305 4257 recuperationis
1328 4184 1422 4256 pio
1446 4184 1638 4240 favore
1668 4182 1783 4239 lar-

128 4271 329 4343 gimur,
361 4274 421 4330 id
456 4272 630 4330 nobis
650 4276 707 4329 et
722 4274 792 4330 ad
821 4272 1051 4346 imperii
1083 4272 1268 4328 nostri
1294 4272 1762 4328 stabilimentum

128 4365 288 4433 atque
319 4363 388 4418 ad
414 4367 649 4418 aeternae
671 4360 1162 4417 remunerationis
1184 4360 1648 4417 emolumentum
1670 4351 1786 4419 ere:

127 4450 312 4508 dimus
343 4453 574 4524 absque
597 4450 774 4506 dubio
797 4449 1193 4523 profuturum.
1220 4451 1585 4522 Quapropter
1608 4466 1788 4523 agno-

128 4544 241 4594 scat
270 4539 465 4629 omnis
521 4538 965 4629 Christi‘anitash
990 4539 1146 4611 quod
1205 4539 1398 4593 Bruno
1440 4538 1787 4629 venerabilis
1816 4564 1865 4629 D

128 4628 348 4697 praesul,
378 4633 561 4701 atque
580 4626 866 4683 Cadelous
891 4627 1138 4683 dilectus
1159 4632 1356 4683 noster
1377 4628 1707 4701 episcopus,
1733 4631 1790 4683 et

130 4715 305 4771 ﬁdelis
336 4716 751 4785 cancellarius,
814 4722 1024 4773 nostra:
1060 4716 1456 4789 magnitudini
1489 4716 1785 4791 signiﬁca-

130 4808 255 4859 runt
283 4807 441 4877 quod
474 4822 584 4878 pro
631 4805 888 4877 peccatis
936 4805 1262 4861 Mantuanae
1313 4805 1469 4861 sedis
1516 4804 1784 4862 Ecclesiae

129 4906 253 4947 cum
283 4893 596 4967 praeceptis
630 4898 687 4949 et
724 4894 1057 4950 chartarum
1104 4880 1501 4962 ﬁrmitatibus,
1536 4912 1787 4967 quarum

127 4982 546 5054 scriptionibus
578 4999 671 5037 res
722 4987 780 5038 et
811 4981 1064 5039 familias
1092 4983 1204 5038 sibi
1237 4982 1476 5038 collatas
1506 4983 1788 5040 hactenus

128 5070 333 5125 meruit
358 5071 651 5137 obtinere,
685 5072 993 5127 combusta
1016 5071 1302 5140 videatur,
1337 5071 1606 5144 flagitans
1628 5078 1693 5128 ut
1715 5074 1787 5129 ad

127 5160 614 5216 restaurationem
644 5159 756 5216 hoc
772 5166 985 5215 nostra:
1009 5159 1405 5215 miserationis
1435 5166 1788 5234 praeceptum

127 5245 338 5304 Hitulfo
370 5248 651 5320 episcopo
672 5249 937 5320 ejusdem
960 5249 1290 5304 Mantuanis
1311 5248 1564 5305 ecclesiae
1595 5266 1794 5309 conce-

127 5335 255 5392 dere
286 5336 697 5409 dignaremur.
730 5338 914 5410 Cujus
958 5338 1230 5410 precibus
1278 5337 1529 5394 libenter
1558 5340 1790 5411 acquie«

127 5429 371 5491 scentes,
392 5430 453 5481 et
479 5426 760 5497 quoniam
792 5426 1037 5500 dignum
1059 5430 1165 5493 est,
1194 5443 1264 5482 ne
1288 5444 1379 5483 res
1402 5426 1791 5484 Ecclesiarum

127 5511 221 5570 Dei
252 5530 288 5569 a
317 5512 694 5587 quibuslibet
744 5515 1169 5587 depraedentur,
1212 5519 1312 5570 aut
1353 5515 1425 5569 ab
1471 5531 1672 5571 earum
1705 5517 1792 5572 di-

126 5596 273 5683 }iene
304 5605 518 5667 contra
548 5600 735 5681 legem
769 5605 1108 5665 auferantur
1136 5603 1503 5663 decrevimus
1531 5603 1614 5663 ita
1642 5605 1788 5667 ﬁeri.

1883 547 2044 618 patui
2076 562 2280 602 omnes
2311 562 2405 601 res
2435 562 2581 618 quas
2613 545 2738 603 sine
2767 545 2893 620 lege
2914 548 3257 619 potestative
3282 548 3371 606 vel
3401 565 3538 607 cum

1881 636 2091 691 virtute
2148 635 2404 707 perditas
2459 635 2672 693 habere
2727 636 2978 704 videtur,
3031 654 3136 694 seu
3175 654 3322 710 quas
3350 655 3541 711 usque

1884 724 2055 779 modo
2078 724 2150 779 de
2181 723 2350 779 donis
2375 740 2577 797 regum
2599 741 2701 781 seu
2722 723 3142 797 imperatorum
3160 725 3544 799 praedecesso-

1883 830 2015 867 rum
2039 817 2373 868 nostrorum
2396 811 2623 883 habuit,
2650 812 2919 869 videlicet
2940 813 3364 870 monasterium
3385 813 3542 886 quod

1886 902 2101 957 factum
2133 904 2222 957 est
2251 901 2310 956 in
2341 901 2561 958 honore
2581 905 2920 959 sanctorum
2944 902 3241 971 Memoris,
3262 901 3456 973 Probi,
3487 905 3545 958 et

1885 990 2123 1055 Rufﬁni,
2152 990 2251 1046 ubi
2302 990 2555 1063 Reginzo
2585 991 2936 1048 venerabilis
2966 992 3147 1049 abbas
3176 1008 3426 1065 praeesse
3455 989 3543 1047 di-

1884 1079 2204 1151 gnoscitur,
2228 1096 2362 1134 cum
2389 1080 2664 1136 omnibus
2686 1079 3052 1151 adjacentiis,
3081 1096 3212 1136 cum
3239 1097 3394 1153 aqua
3414 1096 3543 1153 quae

1884 1166 2098 1223 dicitur
2127 1166 2489 1236 Mulenellos,
2521 1185 2655 1224 cum
2680 1169 2803 1225 suis
2825 1170 3171 1227 decursibus
3194 1170 3265 1226 de
3290 1169 3414 1226 loco
3441 1167 3543 1225 illo

1886 1256 2039 1311 unde
2072 1274 2224 1328 aqua
2255 1256 2538 1329 originem
2570 1258 2770 1324 sumit,
2801 1257 2998 1331 ipsum
3021 1258 3239 1315 fontem
3270 1273 3460 1331 usque
3482 1256 3542 1312 in

1890 1345 2086 1400 Mincii
2141 1361 2374 1400 amnem
2407 1360 2476 1399 ex
2505 1349 2752 1418 utraque
2799 1344 2996 1401 lectuli
3037 1350 3203 1418 parte
3231 1344 3542 1402 duodecim

1884 1433 2080 1505 pedes,
2106 1433 2258 1488 sicut
2283 1433 2705 1489 monasterium
2728 1449 2960 1506 semper
2982 1433 3191 1505 tenuit,
3209 1451 3343 1491 cum
3361 1431 3547 1492 omni.

1884 1522 1998 1578 bus
2028 1521 2395 1594 pertinentiis
2425 1523 2690 1593 ejusdem
2720 1522 3085 1578 monasterii:
3120 1540 3255 1580 cum
3274 1522 3541 1579 curtibus

1884 1611 2058 1666 etiam
2083 1610 2141 1665 in
2162 1610 2506 1678 Veronensi,
2530 1612 2853 1681 Vicentino,
2888 1611 3225 1677 Mantuano,
3248 1610 3541 1678 Brixiano,

1885 1699 2240 1767 Placentino,
2275 1699 2616 1769 Mutinensi,
2644 1703 2821 1771 atque
2850 1699 3225 1755 Cremonensi
3255 1698 3544 1761 comitati-

1885 1790 1996 1845 bus
2026 1788 2177 1855 sitis,
2203 1805 2329 1860 quae
2355 1788 2434 1844 ita
2456 1788 2858 1857 nominantur,
2884 1786 3184 1861 Bagniolo,
3207 1787 3464 1857 Colonia,
3487 1792 3547 1844 et

1886 1877 1943 1931 in
1976 1876 2221 1932 circuitu
2253 1876 2535 1943 ﬂuminis,
2560 1877 2715 1949 quod
2740 1877 3080 1933 nominatur
3099 1877 3285 1951 Caput
3309 1875 3548 1950 Alponis

1884 1965 2150 2032 Puliana,
2181 1964 2406 2035 Alonte,
2432 1966 2674 2038 Lonigo,
2697 1968 2870 2038 atque
2900 1965 3171 2034 Sablone,
3200 1982 3302 2022 seu
3324 1964 3385 2022 in
3405 1965 3547 2023 Gar-

1885 2053 2112 2110 dinensi
2129 2053 2465 2125 judiciaria,
2495 2071 2628 2109 cum
2652 2054 2835 2109 servis
2860 2060 2917 2110 et
2937 2052 3188 2125 ancillis,
3211 2059 3387 2127 atque
3411 2070 3547 2111 cum

1885 2143 2160 2199 omnibus
2189 2142 2407 2198 ibidem
2458 2142 2923 2216 pertinentibus;
2955 2147 3012 2199 et
3041 2160 3247 2201 omnes
3276 2143 3423 2200 alias
3452 2158 3547 2199 res

1882 2233 2147 2303 ejusdem
2179 2230 2597 2301 monasterioli,
2634 2249 2763 2303 quae
2794 2235 2936 2287 sunt
2963 2232 3022 2287 in
3052 2231 3346 2304 praedictis
3363 2230 3545 2288 comi-

1883 2321 2126 2389 tatibus,
2159 2319 2247 2375 vel
2270 2320 2420 2375 infra
2441 2324 2707 2375 nostrum
2732 2318 3003 2375 Italicum
3025 2336 3293 2393 regnum,
3317 2337 3421 2377 seu
3442 2336 3547 2375 cas-

1882 2414 2139 2464 terorum
2171 2407 2477 2463 hominum
2508 2407 3006 2476 concessionibus,
3041 2411 3151 2465 etc.
3183 2409 3266 2481 (ut
3293 2410 3354 2465 in
3375 2408 3546 2481 diplo-

1886 2507 2029 2553 mate
2058 2499 2281 2552 Henrici
2308 2498 2385 2552 III
2408 2512 2510 2569 pro
2566 2496 2754 2553 eadem
2807 2498 3054 2564 ecclesia,
3107 2497 3177 2552 ad
3234 2514 3328 2554 an.
3381 2498 3542 2564 1045,

1888 2586 2080 2658 infra).
2115 2586 2500 2642 Concedimus
2550 2590 2746 2642 autem
2786 2585 2975 2642 eidem
3025 2585 3242 2643 Hitulfo
3272 2585 3546 2660 episcopo

1889 2676 2198 2731 advocatos
2228 2691 2609 2747 quoscunque
2638 2674 2876 2747 elegerit
2893 2677 3014 2730 tam
3034 2675 3106 2731 de
3126 2674 3251 2731 suis
3274 2690 3452 2747 quam
3472 2673 3545 2731 de

1888 2762 2095 2819 alienis
2128 2763 2326 2818 liberis
2356 2761 2719 2832 hominibus,
2744 2762 2844 2835 qui
2866 2764 3132 2835 ejusdem
3154 2779 3352 2820 rerum
3381 2762 3542 2819 utili-

1886 2856 2035 2908 tates
2064 2851 2323 2925 episcopi
2353 2857 2691 2920 exerceant;
2724 2852 2806 2907 ita
2836 2856 2900 2908 ut
2927 2852 3000 2908 ab
3032 2853 3193 2909 omni
3213 2850 3544 2926 reipublicae

1887 2940 2185 2997 iunctione
2206 2942 2325 2997 sint
2345 2940 2633 2997 absoluti:
2651 2940 2731 2996 nil
2750 2940 2822 2998 ab
2839 2941 2924 2997 eis
2942 2941 3256 3015 quisquam
3271 2940 3546 3015 publicus

1888 3027 2157 3085 minister
2177 3029 2406 3101 exigere
2443 3032 2782 3101 praesumat,
2814 3032 2880 3084 ut
2908 3028 3173 3084 securius
3203 3044 3270 3084 ao
3298 3026 3547 3101 diligen-

1887 3117 2006 3173 tius
2037 3134 2246 3173 causas
2276 3117 2465 3190 ipsius
2518 3116 2786 3173 Ecclesiae
2836 3117 3112 3189 perﬁcere
3142 3116 3391 3188 possint,
3424 3116 3544 3173 sive

1801 3195 1844 3262 C
1884 3222 1987 3279 per
2018 3223 2300 3279 pugnam,
2336 3205 2456 3261 sive
2487 3222 2589 3277 per
2625 3204 2811 3278 legale
2851 3204 3167 3277 judicium.
3201 3202 3545 3260 Stabilimus

1882 3296 2060 3350 etiam
2093 3298 2158 3349 ut
2189 3295 2259 3349 de
2291 3294 2572 3349 omnibus
2596 3293 2771 3349 rebus
2793 3298 2851 3349 et
2873 3293 3106 3365 praediis
3127 3292 3315 3366 ipsius
3344 3292 3546 3350 Eccle—

1885 3384 2003 3451 sia,
2034 3383 2187 3438 sicut
2216 3383 2287 3438 de
2316 3382 2534 3438 nostris
2563 3381 2935 3454 domnicatis,
2966 3398 3070 3454 per
3099 3380 3321 3437 vicinos
3348 3381 3546 3454 inqui-

1884 3472 2018 3528 sitio
2051 3472 2169 3539 ﬁat,
2205 3473 2341 3541 etc.,
2372 3476 2431 3526 ut
2463 3473 2524 3526 in
2543 3470 2855 3543 supradicto
2874 3470 3186 3543 diplomate.

1955 3561 2199 3634 Signum
2229 3558 2451 3615 domini
2482 3556 2815 3615 Chuonradi
2847 3558 3223 3616 invictissimi
3255 3559 3546 3617 Romano-

1888 3668 2020 3706 rum
2052 3649 2419 3722 imperatoris
2447 3649 2718 3722 Augusti.

1960 3738 2289 3795 Chadelous
2319 3737 2701 3794 cancellarius
2721 3738 2845 3794 vice
2875 3737 3214 3796 Herimanni
3242 3738 3548 3798 archican-

1889 3828 2107 3885 cellarii
2136 3828 2462 3901 recognovi.

1963 3919 2091 3974 Dat.
2127 3917 2313 3989 pridie
2343 3917 2629 3973 Kalendas
2656 3916 2893 3990 Aprilis,
2927 3934 3080 3975 anno
3112 3917 3424 3975 Dominica
3455 3919 3550 3977 In-

1893 4006 2247 4062 carnationis
2276 4008 2436 4076 1037,
2470 4005 2786 4062 indictione
2812 4024 2872 4076 v,
2904 4024 3057 4064 anno
3098 4011 3295 4066 autem
3327 4007 3553 4065 domini

1893 4094 2227 4152 Chuonradi
2260 4097 2311 4150 Il
2343 4094 2505 4169 regni
2534 4112 2657 4163 xm,
2690 4094 2922 4168 imperii
2951 4114 3007 4151 x.

1963 4186 2171 4240 Actum
2202 4185 2261 4239 in
2293 4183 2588 4242 Canedulo
2622 4185 2794 4257 juxta
2841 4184 3062 4242 flumen
3109 4185 3249 4242 Padi
3283 4184 3551 4243 feliciter.

1894 4277 2100 4330 Amen.

2641 4382 2803 4437 XXV.

1899 4471 2265 4545 Chuonradi!
2302 4472 2650 4545 imperatoris
2700 4472 2962 4543 diploma,
3013 4488 3118 4545 quo
3162 4473 3557 4545 monasterium

1972 4544 2315 4617 Tarvisi-num
2332 4543 2534 4617 Sancti
2565 4542 2842 4617 Theoaesti
2868 4542 3134 4617 martyris
3161 4543 3260 4599 sub
3290 4559 3393 4598 sua
3417 4559 3557 4614 pro-

1968 4616 2197 4671 tectione
2226 4614 2438 4684 recipit,
2469 4614 2690 4684 ejusque
2709 4615 2845 4687 jura
2873 4614 3179 4685 conﬁrmat.

2520 4703 2708 4772 (Anno
2739 4703 2923 4773 1037.)

2232 4791 2589 4862 [MURATORI,
2619 4791 2798 4863 Antiq.
2830 4793 2956 4848 Ital.
2986 4793 3055 4862 Il,
3086 4792 3235 4862 877.]

1968 4899 2033 4954 In
2065 4897 2302 4953 nomine
2333 4901 2546 4953 sancta
2569 4901 2625 4952 et
2645 4898 2960 4956 individuus
2981 4897 3312 4968 Trinitatis,
3335 4900 3563 4955 CHUON-

1898 5004 2107 5051 RADUS,
2141 4986 2339 5042 divina
2362 4986 2588 5041 favente
2610 4984 2940 5057 clementia,
2964 4989 3359 5045 Romanorum
3381 4987 3566 5060 impe-

1898 5082 2056 5134 rator
2084 5078 2408 5148 Augustus.

1968 5164 2262 5237 Quidquid
2296 5164 2454 5220 enim
2480 5164 2825 5235 temporalis
2848 5164 3142 5221 commodi
3166 5165 3238 5221 ob
3266 5163 3445 5220 divini
3470 5180 3571 5223 no-

1900 5255 2080 5311 minis
2111 5270 2371 5310 amorem
2404 5251 2547 5307 locis
2578 5251 2775 5308 divino
2797 5252 2981 5307 cultui
3003 5252 3352 5324 mancipatis
3373 5252 3569 5307 confe-

1900 5343 2110 5413 rimus,
2143 5341 2253 5398 hoc
2283 5340 2453 5396 nobis
2488 5338 2689 5412 procul
2721 5340 2899 5395 dubio
2932 5341 3003 5395 ad
3044 5344 3336 5411 perpetuae
3367 5354 3572 5395 remu-

1902 5430 2224 5486 nerationis
2255 5428 2419 5484 lucra
2449 5429 2809 5500 capessenda
2828 5429 3105 5502 prodesse
3129 5425 3368 5483 omnino
3390 5427 3572 5482 conﬂ-

1902 5519 2120 5574 dimus.
2146 5517 2360 5574 Idcirco
2382 5515 2645 5573 omnium
2672 5522 2886 5574 sancta:
2910 5516 3009 5573 Dei
3032 5513 3324 5587 Ecclesiae,
3341 5518 3573 5578 nostro-

1902 5621 2153 5682 rumque
2173 5605 2459 5678 ﬁdelium,
2480 5605 2861 5682 praesentium
2882 5606 3105 5669 scilicet
3118 5621 3185 5666 ac
3210 5604 3571 5686 futurorum,
