3920 6208
381 311 536 403 tori

1742 331 2058 402 MONUM‘.
2101 329 2429 400 'DIPLOM.

375 471 600 531 noverit
626 470 953 529 industria:
987 485 1103 544 qua
1125 473 1326 526 nostra
1353 465 1732 541 dilectissime
1752 469 2026 541 conjuga-
2056 470 2110 537 Α
2141 473 2195 525 et
2215 469 2598 527 utilissimum
2624 469 2930 540 famulum,
2955 473 3012 528 et
3031 485 3206 544 quem
3233 469 3340 528 nos
3360 486 3496 548 cum
3518 471 3808 530 omnibus

377 562 452 620 lis
482 561 642 620 Gisia
669 565 929 618 nostram
957 560 1266 632 deprecata
1295 563 1383 614 est
1413 556 1804 625 serenitatem,
1839 561 1906 612 ut
1924 573 2030 613 nos

377 653 450 708 ob
473 668 740 708 amorem
767 650 870 706 Dei
901 653 958 706 et
984 650 1165 705 beatas
1194 646 1452 721 Virginis
1483 645 1695 713 Mariae,
1727 645 2031 718 sanctique

375 739 589 800 Christi
647 739 996 797 confessoris
1039 737 1304 805 Zenonis,
1361 735 1690 809 pariterque
1732 735 2030 790 Michaelis

375 829 629 898 abbatis,
661 833 838 902 atque
867 827 1289 884 monachorum
1322 825 1379 880 in
1411 824 1674 896 ejusdem
1699 823 1896 879 Sancti
1925 825 2028 880 Ze-

376 918 548 976 nonis
569 918 827 975 cmuobio
843 917 960 973 Deo
980 914 1376 980 servientium,
1398 911 1878 968 monasteriolum
1900 928 2030 967 san-

375 1007 453 1066 cti
483 1005 782 1064 Theonisti
815 1003 1088 1077 martyris
1105 1001 1319 1062 Christi
1339 1000 1601 1057 Tarvisio
1625 1001 1825 1067 situm,
1851 999 2027 1072 perti-

377 1101 612 1154 nentem
643 1095 712 1152 ad
746 1093 1007 1168 praedicti
1058 1091 1256 1148 Sancti
1305 1089 1552 1146 Zenonis
1582 1090 2026 1156 monasterium,

376 1201 640 1242 unacum
661 1181 962 1240 monachis
978 1180 1122 1237 inibi
1140 1180 1486 1253 degentibus
1505 1183 1562 1234 et
1578 1177 1838 1234 ecclesiis
1855 1182 2030 1250 atque

374 1272 616 1342 familia,
647 1271 733 1328 vel
763 1271 1040 1328 omnibus
1070 1270 1266 1334 rebus,
1286 1269 1395 1324 sub
1429 1271 1639 1324 nostra:
1665 1265 2029 1322 auctoritatis

373 1366 656 1436 praecepto
685 1361 939 1434 recipere
969 1365 1026 1414 et
1057 1359 1402 1414 confirmare
1425 1357 1827 1430 dignaremur.
1852 1356 2030 1426 Cujus

372 1452 480 1526 piae
509 1450 774 1525 petitioni
807 1466 977 1505 aures
1025 1451 1234 1504 nostra:
1285 1445 1610 1518 majestatis
1655 1443 2026 1511 inclinantes,

372 1541 524 1598 idem
561 1539 984 1598 monasterium
1036 1554 1154 1592 una
1191 1552 1324 1592 cum
1365 1533 1669 1591 monachis
1701 1537 1756 1590 et
1785 1531 2028 1598 familia,

373 1647 476 1688 seu
507 1631 682 1686 rebus
704 1629 776 1685 ad
799 1645 930 1684 eum
947 1628 1107 1699 juste
1127 1625 1556 1699 pertinentibus
1580 1623 1690 1679 sub
1713 1626 1912 1678 nostra
1929 1621 2031 1677 de-

372 1719 635 1776 fensione
665 1717 1058 1790 suscepimus,
1096 1717 1272 1786 atque
1300 1713 1362 1768 in
1382 1713 1578 1768 futuro
1599 1711 1814 1768 habere
1835 1712 2029 1766 decre-

369 1807 582 1865 vimus.
623 1806 1007 1864 Concedimus
1037 1803 1214 1860 etiam
1248 1801 1365 1858 illis
1400 1800 1733 1858 annualiter
1752 1801 1822 1856 ad
1848 1799 2020 1856 eccle-
2060 1839 2108 1906 B

373 1897 524 1954 siam
555 1896 754 1954 Sancti
809 1891 1102 1951 Laurentii
1152 1891 1424 1964 martyris
1473 1889 1689 1946 Christi
1725 1890 1784 1944 in
1816 1888 2034 1944 Pendia

372 1989 696 2042 mercatum
727 1982 1028 2057 publicum
1058 1980 1299 2047 habere,
1327 1985 1384 2036 et
1402 1979 1782 2036 telonaticum
1804 1977 1940 2033 inde
1958 1969 2037 2032 ad'

372 2074 629 2132 ecclesiae
658 2073 748 2130 ve‘l
779 2089 920 2128 suos
950 2087 1095 2127 usus
1127 2070 1440 2142 suscipere.
1465 2067 1868 2140 Praecipientes
1897 2081 2032 2138 ergo

365 2163 670 2235 jubemus,
707 2166 880 2234 atque
913 2177 1016 2233 per
1043 2159 1196 2215 hanc
1227 2157 1413 2214 nostri
1451 2156 1723 2228 praecepti
1757 2156 2031 2227 paginam

373 2251 647 2308 omnibus
668 2249 1098 2314 interdicimus,
1121 2251 1186 2304 ut
1203 2246 1402 2304 nullus
1415 2247 1597 2318 judex
1617 2244 1908 2318 publicus,
1931 2250 2034 2300 aut

371 2335 654 2414 quislibet
681 2357 750 2396 ex
765 2337 1082 2411 judiciaria
1109 2339 1391 2410 potestate
1414 2336 1486 2392 ab
1508 2335 1644 2390 hinc
1675 2334 1732 2388 in
1767 2333 2030 2389 futurum

373 2431 433 2486 in
462 2429 624 2504 ipsas
653 2428 928 2486 ecclesias
959 2428 1157 2484 Sancti
1186 2423 1506 2494 Theonisti,
1555 2427 1612 2480 et
1653 2422 1847 2478 Sancti
1883 2422 2032 2476 Lau-

373 2521 565 2590 rentii,
590 2520 712 2576 sive
743 2517 999 2589 reliquas
1031 2514 1434 2588 possessiones
1464 2513 1535 2568 ad
1563 2528 1772 2568 causas
1792 2510 2031 2567 audien-

372 2607 478 2665 das
495 2606 584 2664 vel
603 2606 777 2661 'freda
805 2601 1108 2677 exigenda,
1131 2602 1252 2657 Sive
1285 2601 1644 2669 mansiones,
1668 2616 1770 2654 seu
1798 2603 2032 2670 paratas

370 2695 688 2763 faciendas,
720 2697 820 2748 aut
849 2691 1086 2747 illicitas
1129 2689 1465 2746 occasiones
1498 2688 1899 2760 requirendus,
1933 2691 2034 2743 aut

369 2783 638 2841 homines
656 2799 836 2854 supra
850 2785 1064 2836 terram
1086 2777 1344 2852 praedicti
1363 2775 1762 2833 monasterioli
1781 2793 2034 2834 comma.

369 2876 578 2929 nentes
608 2869 1044 2942 distringendos
1073 2867 1292 2924 nostris
1321 2870 1378 2923 et
1425 2865 1638 2922 futuris
1667 2865 2034 2938 temporibus

369 2961 596 3035 ingredi
629 2958 860 3026 audeat,
893 2962 995 3014 aut
1043 2973 1112 3013 ea
1151 2973 1276 3029 quas
1309 2972 1490 3028 supra
1519 2959 1840 3011 memorata
1869 2959 2028 3038 sunt,

367 3049 604 3124 penitus
629 3047 856 3122 exigere
878 3049 1214 3121 praesumat,
1239 3045 1338 3102 sed
1363 3043 1537 3100 liceat
1557 3044 1702 3116 ipsis
1731 3043 2034 3100 monachis

369 3137 564 3212 quiete
591 3137 782 3196 vivere
812 3141 869 3192 et
895 3135 1016 3192 Deo
1063 3151 1293 3202 vacare,
1339 3137 1514 3206 atque
1561 3150 1665 3206 pro
1697 3137 1899 3189 nostra
1929 3149 2031 3189 seu

2141 559 2265 614 suis
2298 560 2473 616 rebus
2489 559 2806 617 mobilibus
2826 564 2883 617 et
2899 559 3306 618 immobilibus
3328 561 3439 617 sub
3459 565 3680 618 nostra:
3703 569 3807 635 po-

2141 648 2367 704 testatis
2397 648 2643 706 tuitione
2667 651 3015 724 recepimus,
3047 655 3258 708 nostra:
3289 651 3622 722 majes‘tatis
3651 666 3811 708 reve-

2141 737 2388 792 rentiam
2446 737 2828 810 vilipcndens,
2889 740 3260 796 innocentem
3317 739 3632 805 occiderat,
3678 739 3808 811 ejus

2140 830 2326 883 morte
2357 825 2632 896 ecclesize,
2657 829 2828 900 cujus
2843 833 2965 886 erat
2989 827 3247 885 famulus
3268 829 3326 884 in
3347 828 3629 884 omnibus
3653 845 3810 887 com.

2141 917 2373 981 modus,
2404 921 2566 972 tanta
2581 917 2713 972 dam
2725 935 2796 972 na
2812 917 3116 974 conferens
3137 917 3666 990 quanta‘extimare
3688 935 3804 974 non

2139 1003 2486 1060 sufficimus.
2523 1007 2886 1083 Quapropter
2913 1007 3210 1076 omnibus,
3245 1011 3378 1074 etc.,
3431 1011 3644 1064 notum
3679 1023 3810 1064 esse

2137 1091 2410 1147 volumus
2443 1095 2598 1164 quod
2641 1095 2972 1151 interventu
3013 1094 3234 1152 dilecta
3276 1096 3548 1169 conjugis
3588 1099 3808 1153 nostris

2137 1179 2307 1235 Gislm
2339 1182 2750 1253 impcratricis,
2785 1187 2850 1238 ut
2881 1184 3136 1240 Ecclesia
3156 1201 3223 1240 ex
3243 1189 3406 1258 parte
3431 1189 3810 1258 recuperaret

2139 1270 2354 1325 damna
2387 1275 2570 1326 morte
2593 1271 2680 1326 sui
2706 1271 2909 1328 famuli
2930 1273 3043 1328 sibi
3067 1271 3248 1342 illata,
3275 1277 3333 1330 et
3351 1273 3498 1330 tanti
3519 1273 3808 1330 facinoris

2139 1359 2405 1429 contagio
2437 1376 2808 1432 nequaquam
2839 1359 2900 1416 in
2932 1361 3412 1419 consuetudinem
3431 1365 3805 1434 prorumpat,

2139 1447 2336 1502 omnia
2367 1447 2582 1519 praedia
2611 1465 2736 1521 qua}
2768 1449 3041 1522 praefatus
3085 1451 3271 1506 Adam
3322 1449 3475 1506 infra
3503 1449 3808 1508 civitatem

2138 1539 2500 1602 Cremonam,
2535 1541 2591 1592 et
2623 1541 2784 1592 extra
2835 1555 2937 1610 per
2985 1537 3162 1594 totius
3207 1539 3582 1612 episcopatus
3615 1537 3809 1612 spatia

2139 1622 2352 1678 habere
2382 1623 2628 1689 videtur,
2660 1631 2718 1681 et
2740 1643 2974 1683 omnem
3001 1643 3122 1684 rem
3153 1627 3428 1684 mobilem
3448 1632 3507 1684 et
3525 1627 3808 1684 immobi-

2139 1712 2459 1784 lem,quam
2484 1715 2840 1786 possederat,
2857 1715 3168 1788 praelibatae
3187 1719 3400 1774 sanctas
3421 1716 3808 1774 Cremonensi

2137 1801 2425 1869 Ecclesim,
2461 1820 2564 1874 per
2595 1803 2774 1874 hujus
2811 1805 2994 1861 nostri
3027 1805 3297 1878 praecepti
3329 1805 3634 1880 paginam,
3667 1821 3808 1878 pro-

2142 1890 2414 1962 prietario
2433 1891 2566 1962 jure
2594 1891 2864 1948 habenda
2893 1898 2950 1948 et
2980 1893 3294 1949 detinenda
3313 1893 3717 1962 concedimus,
3751 1899 3811 1951 et

2141 1977 2199 2033 in
2220 1979 2322 2050 jus
2353 1996 2418 2034 ac
2447 1979 2753 2036 dominiun
2800 1982 3231 2053 praznominataa
3283 1981 3549 2038 Ecclesia:
3599 1985 3814 2040 nostra

2141 2067 2430 2139 imperiali
2484 2070 2828 2126 auctoritate
2885 2070 3384 2128 transfundimus:
3435 2087 3504 2127 ea
3538 2069 3814 2128 videlicet

2140 2157 2384 2224 ratione,
2430 2163 2493 2212 ut
2537 2161 2655 2212 tam
2701 2158 3004 2214 Hubaldus
3043 2159 3290 2216 dilectus
3339 2157 3530 2216 fidelis
3579 2163 3806 2225 noster,

2141 2245 2404 2316 ejusdem
2435 2245 2700 2301 Ecclesize
2729 2246 3078 2302 venerabilis
3103 2247 3436 2320 episcopus,
3474 2263 3656 2320 quam
3675 2263 3811 2304 suc—

2141 2349 2402 2390 cessores
2435 2333 2550 2401 sui,
2583 2334 2654 2388 de
2687 2333 2976 2406 praedictis
3029 2333 3304 2390 omnibus
3336 2333 3512 2390 rebus
3541 2333 3810 2407 praedicti

2141 2421 2445 2478 homicida:
2477 2422 2765 2496 quidquid
2787 2423 2872 2480 eis
2899 2427 3052 2479 recte
3073 2422 3266 2479 visum
3287 2423 3464 2478 fuerit
3485 2423 3555 2478 ad
3583 2419 3807 2480 utilita-

2141 2515 2260 2566 tem
2306 2509 2570 2566 Ecclesiae
2615 2511 3032 2584 perpetualiter
3073 2511 3306 2568 faciant.
3348 2511 3599 2584 Insuper
3625 2511 3808 2568 etiam

2142 2599 2430 2672 imperiali
2463 2617 2710 2656 censura
2725 2601 3008 2670 jubemus
3039 2605 3107 2656 ut
3135 2599 3334 2658 nullus
3354 2600 3497 2668 dux,
3517 2599 3804 2672 marchio,

2141 2705 2358 2754 comes,
2408 2689 2750 2756 vieecomes,
2795 2689 2998 2760 judex,
3042 2689 3396 2757 sculdascio,
3439 2689 3542 2746 sed
3593 2703 3810 2763 magna

2141 2793 2434 2850 parvaque
2451 2778 2612 2851 regni
2633 2778 2816 2834 nostri
2845 2795 3114 2850 persona,
3133 2779 3205 2834 de
3221 2778 3518 2851 praedictis
3529 2779 3810 2838 omnibus

2142 2866 2443 2940 praetexati
2474 2866 2779 2922 homicidae
2819 2874 3086 2924 sanctam
3128 2867 3583 2924 Cremonensem
3615 2866 3812 2926 Eccle-

2143 2956 2292 3012 siam
2323 2961 2496 3028 atque
2550 2955 2882 3013 llubaldum
2922 2957 3187 3028 ejusdem
3239 2955 3398 3012 sedis
3455 2955 3808 3025 antistitem,

2143 3045 2387 3116 ejusque
2413 3059 2779 3100 successores
2801 3044 3094 3114 divestire,
3127 3047 3228 3102 aut
3258 3045 3588 3118 inquietare
3611 3044 3808 3118 aliquo

2141 3135 2374 3207 ingenio
2406 3138 2507 3190 aut
2537 3133 2840 3190 occasione
2869 3137 3206 3207 praesumat.
3239 3133 3299 3190 Si
3340 3133 3474 3206 quis
3502 3149 3663 3202 vero,
3696 3139 3804 3190 etc.

372 3206 642 3303 conjugis
667 3230 880 3284 nostris
910 3223 997 3282 vel
1029 3223 1211 3298 prole,
1243 3222 1363 3279 sive
1391 3222 1572 3278 totius
1593 3221 1823 3294 imperii
1847 3221 2030 3278 nostri
2061 3206 2104 3274 C
2213 3206 2446 3292 Signum
2472 3223 2660 3278 damni
2717 3206 3034 3279 Chuonradi
3073 3223 3415 3280 serem'ssimi
3456 3224 3808 3295 imperatoris

371 3317 708 3386 stabilitate,
763 3333 894 3372 cum
949 3309 1373 3386 tranquillitate
1423 3311 1518 3367 Dei
1569 3309 2031 3367 misericordiam

370 3405 705 3479 implorare.
741 3405 800 3462 Si
833 3403 968 3480 quis
986 3418 1142 3471 vero,
1170 3404 1279 3472 etc.

442 3497 674 3569 Signum
707 3493 900 3551 damni
951 3490 1268 3548 Chuonradi
1294 3489 1637 3546 serenisssmi
1665 3489 2029 3544 Romanorum

372 3586 720 3658 imperatoris
759 3583 1009 3654 Augusti.
1045 3612 1110 3622 —
1143 3580 1310 3636 Locus
1356 3583 1385 3646 ἰ
1436 3579 1616 3648 sigilli
1655 3579 1797 3634 cerei
1835 3577 2030 3648 deper-

370 3675 496 3731 diti.

439 3762 775 3819 Kadelohus
806 3757 1189 3816 cancellarius
1214 3757 1336 3812 vice
1366 3755 1706 3813 Herimanni
1730 3754 2030 3811 archican-

371 3851 590 3910 cellarii
621 3846 949 3923 recognovi.
1375 3903 1379 3906 ,

440 3944 654 3997 Datum
685 3956 722 3994 Il
756 3937 892 3994 Idus
911 3935 1074 4004 Julii,
1099 3933 1585 3992 anuo'Dominicae
1609 3932 2031 3990 Incarnationis

369 4029 530 4099 4037,
555 4027 872 4084 indictione
891 4043 946 4093 v,
965 4021 1124 4083 anno
1145 4028 1343 4080 autem
1369 4021 1567 4078 domui
1593 4020 1924 4078 Chuonradi
1947 4037 2032 4078 se-

369 4119 546 4178 cundi
576 4117 741 4192 regni
769 4135 888 4188 xm,
920 4114 1151 4190 imperii
1179 4133 1258 4172 x1.

435 4211 646 4266 Actum
675 4202 912 4264 Veronae
956 4205 1029 4262 ad
1087 4204 1370 4260 Sanctum
1413 4201 1724 4268 Zenonem,
1761 4199 2026 4256 feliciter.

363 4303 570 4356 Amen.

1101 4379 1298 4436 XXVI.

365 4476 685 4538 Chuonradi
713 4476 764 4554 ll
816 4473 984 4554 regis,
1045 4469 1401 4554 imperatoria
1433 4469 1636 4554 .priuzi,
1693 4470 2030 4554 praeceptum

439 4565 543 4622 quo
573 4549 763 4605 omnia
786 4543 1015 4622 praedia
1039 4540 1323 4622 cujusdam
1366 4540 1584 4622 Adami1
1611 4541 1707 4622 qui
1734 4540 2028 4622 lieni-imm

438 4611 734 4677 diaconum
749 4611 1112 4692 'cardiualgn'
1131 4613 1508 4692 Cremonensis
1541 4611 1796 4692 Ecclesiae
1825 4611 2031 4692 iuiuste

439 4691 728 4758 occiderat,
781 4687 956 4745 cidem
1009 4686 1276 4743 Ecclesiae
1303 4684 1374 4740 ad
1405 4685 1810 4756 reparationem
1839 4681 2028 4736 damni

438 4762 700 4820 concedit.

875 4831 1061 4903 (Circa
1089 4843 1310 4886 annum
1345 4826 1528 4897 1037.)

683 4922 1029 4994 [Memnona
1063 4919 1246 4991 Antiq.
1275 4916 1428 4982 Ital.,
1462 4915 1532 4982 ll,
1567 4915 1671 4970 327
1679 4915 1716 4984 .j

437 5012 505 5069 In
534 5011 770 5069 nomine
800 5013 1012 5066 sanctaa
1033 5011 1091 5064 et
1111 5005 1422 5062 individua:
1445 5003 1774 5066 Trinitatis,
1798 5004 2025 5058 Cuuox-

367 5117 580 5167 mnus,
601 5099 798 5156 divina
821 5100 1045 5154 favente
1067 5094 1396 5160 clementia,
1423 5093 1817 5148 Romanorum
1843 5089 2027 5162 impe-

369 5195 528 5246 rator
555 5189 877 5258 Augustus.

441 5278 501 5334 Si
533 5276 746 5331 sanctae
775 5273 874 5328 Dei
907 5271 1197 5340 Ecclesiae,
1231 5276 1338 5328 etc.
1393 5271 1455 5325 In
1504 5270 1741 5326 veritate
1775 5283 2030 5340 namque

369 5359 765 5436 comperimus
794 5363 945 5434 quod
979 5361 1221 5434 quidam
1252 5357 1660 5416 Cremonensis
1702 5357 1814 5423 vir,
1845 5357 2030 5412 Adam

371 5451 633 5514 nomine,
661 5451 940 5520 superbiae
971 5449 1181 5520 spiritu
1233 5450 1493 5512 inﬂatus,
1523 5449 1581 5502 et
1609 5443 1898 5502 diabolica
1927 5462 2031 5501 au-

371 5539 540 5596 dacia
579 5537 920 5605 concitatus,
968 5539 1287 5610 quemdam
1341 5534 1675 5604 diaconum,
1715 5533 2031 5590 Heuricum

367 5627 630 5696 nomine,
663 5632 876 5685 sanctae
904 5626 1312 5685 Cremonensis
1350 5621 1619 5681 Ecclesiae
1650 5620 2030 5694 cardinalem,

2137 3313 2390 3381 Augusti.

2210 3399 2457 3473 Reliqua
2487 3400 2914 3458 desiderantur.

2861 3507 3081 3565 XXVII.

2138 3594 2459 3670 Chuonradi
2483 3598 2657 3670 primi
2675 3597 2909 3670 Augusti
2926 3597 3168 3670 diploma
3183 3613 3287 3670 per
3305 3595 3446 3670 quod
3467 3601 3811 3656 monasterio

2209 3668 2470 3743 Segusin
2496 3668 2558 3743 AS.
2585 3669 2739 3743 .lusti
2785 3669 2926 3743 bona
2973 3668 3200 3743 collata
3221 3670 3289 3724 ab
3315 3668 3502 3727 Alrico
3535 3673 3808 3743 episcopo,

2208 3743 2261 3794 et
2290 3739 2628 3810 Maginfredo
2655 3739 2993 3808 marchione,
3025 3740 3444 3812 conﬁrmantur.

2767 3829 2954 3900 (Anno
2987 3829 3171 3901 1037.)

2465 3917 2817 3990 [Μσιυτοιιῃ
2851 3919 3032 3992 Antig.
3067 3919 3216 3985 Itat.,
3249 3920 3294 3988 Ι,
3327 3919 3480 3995 347.]

2214 4025 2277 4080 In
2309 4025 2545 4081 nomine
2576 4029 2791 4082 sanctae
2821 4029 2878 4082 et
2905 4024 3220 4082 individua
3247 4024 3554 4082 Trinitatis
3579 4025 3814 4084 Caunu-

2141 4129 2352 4184 RADUS,
2384 4111 2784 4170 Romanorum
2807 4114 3130 4187 imperator
3148 4117 3474 4188 Augustus,
3503 4114 3707 4172 divina
3727 4116 3814 4172 fa-

2138 4206 2307 4260 vente
2338 4201 2760 4260 misericordia.

2211 4291 2270 4348 Si
2303 4291 2502 4347 divino
2523 4291 2880 4349 intrinsecus
2898 4292 3036 4349 tacti
3059 4291 3383 4366 spiramine
3405 4290 3575 4349 alme
3595 4297 3816 4352 sancta:

2139 4381 2310 4436 matri
2344 4380 2634 4449 Ecclesiae,
2665 4381 3020 4454 Christoque
3051 4382 3228 4456 digne
3261 4379 3606 4448 servientes,
3640 4397 3814 4438 mnu-

2138 4469 2309 4527 dialis
2348 4469 2530 4544 hujus
2588 4471 2873 4544 temporis
2921 4470 3139 4526 auxilia
3191 4470 3540 4544 praebentes,
3596 4475 3815 4528 nostra:

2061 4574 2106 4642 ι)
2139 4559 2413 4616 Romana
2467 4559 2799 4632 reipublicae
2848 4559 2917 4616 ad
2973 4559 3320 4632 profectum,
3353 4563 3532 4631 atque
3561 4559 3638 4615 ad
3669 4575 3813 4633 aug-

2139 4653 2404 4705 mentum
2437 4648 2746 4722 utriusque
2778 4649 2934 4718 vitae,
2965 4666 3081 4706 non
3112 4649 3386 4723 exiguum
3421 4647 3544 4705 fore
3567 4647 3817 4705 minime

2138 4737 2532 4812 ambigimus:
2565 4741 2620 4793 et
2651 4738 2701 4794 si
2731 4737 2846 4811 piis
2875 4743 3217 4794 nostrorum
3245 4735 3516 4794 ﬁdelium
3539 4736 3819 4810 precibus

2135 4830 2424 4883 Caesareas
2457 4843 2628 4882 aures
2656 4825 2976 4882 clementer
3001 4825 3382 4890 inclinamus,
3404 4823 3708 4882 fideliores
3728 4828 3816 4882 at-

2136 4932 2249 4988 que
2267 4916 2337 4970 ad
2358 4914 2660 4988 publicum
2679 4932 2784 4971 nec
2806 4933 2922 4970 non
2943 4915 3236 4988 privatum
3253 4913 3608 4985 obsequium
3625 4929 3822 4986 prom-

2137 5005 2354 5076 ptiores
2377 5022 2476 5060 eos
2499 5003 2708 5081 obnixe
2729 5004 3047 5060 credimus.
3073 5005 3438 5076 Quapropter
3458 5007 3817 5060 cunctorum

2136 5097 2308 5148 caste
2341 5092 2546 5148 matris
2577 5089 2848 5148 Ecclesiae
2873 5091 3138 5148 ﬁdelium
3163 5090 3411 5160 devotio,
3436 5090 3810 5148 animadver-

2137 5183 2225 5236 tat
2253 5180 2503 5252 qualiter
2533 5184 2734 5236 nostra
2777 5178 3102 5253 imperialis
3158 5179 3443 5252 majestas
3471 5178 3813 5237 interventu

2140 5268 2364 5324 domini
2395 5269 2687 5341 Popponis
2719 5267 3174 5342 archiprmsulis,
3209 5284 3316 5325 nec
3337 5284 3467 5324 “non
3499 5269 3686 5326 Bertae
3718 5285 3812 5326 co-

2140 5357 2406 5425 mitissae,
2436 5357 2720 5414 virtutum
2753 5356 3016 5414 moribus
3042 5352 3327 5430 expolitae,
3351 5355 3555 5431 dignis
3573 5357 3813 5432 petitio-

2141 5444 2317 5500 nibus
2346 5447 2500 5501 tacta
2529 5445 2927 5515 concedimus,
2957 5449 3132 5520 atque
3155 5461 3259 5520 per
3275 5445 3431 5502 hanc
3452 5447 3647 5504 nostri
3667 5463 3812 5522 prm-

2140 5533 2288 5606 cepti
2311 5535 2587 5608 paginam
2609 5535 3052 5592 corroborantes
3073 5535 3275 5591 omnia
3293 5534 3519 5608 predia
3540 5541 3812 5593 cunctas-

2141 5637 2256 5702 que
2287 5639 2379 5682 res
2409 5623 2540 5682 illas
2572 5639 2719 5698 quas
2749 5622 2892 5684 olim
2920 5623 3152 5684 Alricus
3193 5623 3554 5685 venerabilis
3584 5615 3811 5706 episce-
