3920 6208
212 340 418 436 sese

1609 350 2003 438 H‘ENRICUS
2046 364 2130 437 ιιι
2172 373 2336 438 IMP.

3516 360 3673 437 1086

256 502 572 561 dominum
595 521 771 563 suum
790 503 1162 575 interfecerit,
1181 500 1269 561 vel
1286 503 1695 573 vulneraverit,
1718 506 1914 580 ipsum
1944 508 1995 575 Α
2029 506 2163 562 cilia
2184 507 2242 562 in
2258 506 2651 580 longinquum
2670 506 2983 564 habuerint
3002 506 3066 576 “,
3083 506 3337 565 vasallus
3359 507 3595 565 domino
3609 526 3670 565 se

254 592 569 650 dominum
602 611 841 651 suamve
872 595 1176 651 dominam
1209 595 1545 664 obsederit.,
1577 596 1662 652 vel
1707 614 1841 653 eum
1872 598 1916 630 ³²

255 682 735 749 cucurbitaverit,
760 683 847 739 vel
870 688 1074 739 contra
1096 700 1163 739 ea
1183 700 1310 755 quae
1334 683 1392 738 in
1422 683 1699 740 fidelitate
1722 686 1916 740 nomi-

255 778 479 828 nantur
500 772 704 827 fecerit
721 773 787 839 33,
812 772 899 828 vel
916 772 1010 828 his
1033 772 1388 845 supradictis
1409 774 1719 830 consilium
1744 775 1917 829 dede-

212 902 217 907 .
253 861 357 929 rit,
390 860 625 933 parium
657 860 994 917 laudatione
1027 860 1374 917 beneﬁcium
1405 863 1679 917 amitttat.
1704 863 1761 917 Si
1784 880 1916 918 vero

256 950 333 1006 de
350 949 706 1022 supradictis
724 962 785 1005 se
802 949 1110 1005 defendere
1130 949 1394 1017 voluerit,
1428 952 1679 1005 testibus
1703 968 1736 1005 a
1756 956 1917 1023 parte

254 1037 487 1094 domini
518 1038 950 1105 deﬁcientibus,
985 1055 1118 1092 cum
1151 1038 1341 1093 tribus
1364 1038 1603 1110 paribus
1627 1056 1687 1094 se
1709 1056 1917 1111 expur-

256 1129 375 1200 get;
412 1126 458 1182 si
489 1131 688 1183 autem
719 1144 889 1199 pares
920 1126 1133 1182 habere
1164 1143 1276 1181 non
1311 1127 1583 1198 potuerit,
1614 1145 1746 1183 cum
1771 1129 1918 1184 duo-

257 1216 452 1272 decim
484 1214 1005 1289 propinquioribus
1039 1215 1381 1288 parentibus
1412 1232 1471 1272 se
1498 1218 1769 1272 defendat
1816 1217 1913 1287 (4).

254 1304 319 1361 Si
349 1304 485 1377 quis
514 1307 716 1359 autem
750 1321 993 1359 suorum
1026 1304 1278 1377 parium,
1312 1305 1558 1361 idoneus
1580 1311 1798 1373 tamen,
1828 1322 1917 1359 cx-

223 1409 227 1413 ’
253 1392 397 1449 inde
429 1409 491 1448 se
517 1392 820 1448 veritatem
852 1392 999 1448 scire
1031 1392 1261 1460 dixerit,
1297 1396 1353 1449 et
1375 1409 1477 1465 per
1498 1410 1755 1466 pugnam
1779 1410 1914 1449 eum

251 1472 503 1556 fatigare
528 1479 798 1549 voluerit,
833 1485 899 1536 ut
927 1498 1029 1553 per
1060 1498 1319 1555 pugnam
1352 1500 1412 1538 se
1443 1484 1716 1539 defendat
1736 1482 1912 1539 edici-

252 1587 400 1626 mus
418 1571 483 1625 “.
511 1569 569 1626 Si
599 1569 736 1642 quis
765 1574 960 1625 autem
996 1571 1103 1625 fuit
1123 1572 1169 1605 ³⁵
1195 1572 1294 1642 qui
1344 1571 1579 1626 domino
1630 1588 1745 1627 non
1795 1588 1915 1626 ser-

248 1658 448 1727 vierit,
481 1658 709 1730 parium
740 1658 1072 1715 laudatione
1102 1659 1449 1715 beneficium
1482 1660 1526 1694 ³⁸
1557 1660 1791 1715 amittat
1814 1660 1911 1730 (5).

254 1748 373 1806 Sed
408 1748 457 1803 si
488 1747 597 1803 hoc
628 1747 937 1804 defendere
958 1747 1206 1804 voluerit
1223 1749 1288 1814 ³⁷,
1315 1748 1461 1805 duos
1484 1748 1568 1804 vel
1592 1766 1779 1804 unum
1805 1749 1916 1803 sal-

254 1840 379 1894 tem
409 1851 610 1909 parem
638 1837 926 1905 ostendat,
951 1841 1161 1893 etcum
1186 1836 1278 1891 his
1301 1854 1361 1892 se
1385 1837 1634 1893 servisse
1652 1837 1832 1908 juret,
1859 1844 1916 1892 et

257 1926 313 1985 si
342 1941 515 1998 pares
544 1942 816 1998 paremve
846 1925 1059 1981 habere
1091 1926 1436 1998 nequiverit,
1462 1943 1595 1981 cum
1619 1926 1808 1982 tribus
1830 1926 1915 1983 vel

258 2014 496 2072 duobus
524 2011 1043 2086 propinquioribus
1073 2015 1416 2086 parentibus
1438 2032 1497 2071 se
1520 2016 1673 2070 intra
1694 2032 1914 2071 annum

255 2102 720 2173 servire”juret
752 2102 847 2173 (6).
881 2106 938 2159 Si
983 2106 1180 2159 autem
1221 2103 1583 2159 concorditer
1629 2120 1762 2159 cum
1814 2105 1913 2160 do-

252 2192 421 2249 mino
451 2207 559 2247 suo
590 2207 652 2246 se
699 2190 971 2247 habuerit
1020 2192 1325 2248 dominum
1357 2193 1402 2227 ³ο
1434 2209 1585 2263 saepe
1638 2192 1912 2262 videndo,

253 2278 401 2337 tunc
429 2278 715 2336 edicimus
763 2278 829 2346 ⁸ο,
874 2284 934 2334 ut
983 2280 1189 2352 probet
1238 2297 1341 2352 per
1386 2285 1565 2335 testes
1612 2282 1913 2336 servitium

253 2371 489 2446 fecisse,
522 2373 579 2425 et
608 2384 714 2441 per
746 2386 808 2425 se
838 2387 952 2426 non
978 2371 1230 2427 stetisse.
1254 2370 1309 2425 Si
1334 2376 1528 2427 autem
1553 2370 1747 2443 aliqua
1766 2371 1917 2427 inter

252 2458 566 2518 dominum
599 2462 657 2514 et
683 2458 971 2515 vasallum
1005 2459 1297 2516 discordia
1318 2460 1513 2528 fuerit,
1535 2459 1623 2515 vel
1648 2459 1696 2515 si
1726 2461 1912 2515 domi-

2028 598 2500 668 reprzesentando
2534 597 2833 654 servilium
2867 597 3189 669 promittat.
3222 602 3278 652 et
3300 599 3343 632 "
3365 598 3413 653 si
3436 615 3673 655 necesse

2027 685 2219 751 fuerit,
2255 686 2361 741 hoc
2396 687 2599 757 probet
2620 686 3087 759 “jurejurando,
3121 686 3327 741 saltem
3374 688 3443 742 ad
3497 688 3672 742 ﬁnem

2026 775 2428 829 controversiae
2459 774 2675 830 vasallo
2701 793 2735 830 a
2766 775 3006 847 paribus
3038 774 3193 829 dato.
3228 774 3285 829 Si
3315 774 3549 846 quidem
3583 775 3673 830 in-

2026 870 2118 917 tra
2147 880 2366 917 annum
2400 863 2682 931 servierit,
2710 864 2863 936 quod
2883 862 3244 919 levissimum
3280 862 3474 928 fuerit,
3499 867 3554 919 et
3574 865 3674 919 do-

2027 952 2222 1006 minus
2242 951 2397 1007 aliud
2424 953 2724 1007 servitium
2749 952 3097 1024 imposuerit
3117 952 3272 1023 quod
3298 950 3555 1007 vasallus
3578 968 3675 1008 ne-

2025 1039 2287 1111 glexerit,
2304 1041 2753 1096 undedamnum
2774 1042 3010 1097 domino
3031 1040 3258 1095 illatum
3278 1040 3468 1111 fuerit,
3490 1058 3678 1113 usque

2028 1129 2098 1183 ad
2132 1129 2327 1197 fruges
2382 1130 2742 1185 feudatarius
2786 1132 2830 1164 “
2878 1131 3109 1201 parium
3159 1129 3587 1185 existimatione
3635 1132 3680 1165 ‘5

2027 1217 2309 1271 damnum
2341 1218 2635 1274 resarciat.
2671 1221 2750 1275 De
2782 1218 2912 1275 aliis
2942 1236 3075 1273 vero
3107 1217 3296 1290 culpis
3326 1220 3481 1273 unde
3504 1220 3681 1274 bene-

2026 1305 2220 1360 ﬁcium
2248 1323 2360 1359 non
2385 1306 2694 1372 amittitur,
2713 1307 2874 1380 pariu
2892 1325 2947 1363 m
2963 1306 3295 1363 laudatione
3313 1307 3584 1363 defendat
3597 1324 3679 1374 se,

2026 1398 2091 1448 ut
2123 1411 2320 1465 supra,
2352 1395 2440 1450 vel
2472 1397 2741 1451 emendet
2766 1398 2827 1449 ιδ.

2025 1502 2147 1555 Alia
2173 1503 2483 1557 constitutio
2516 1504 2759 1557 Ileinrz'ei
2787 1504 2852 1558 de
2881 1504 3085 1558 rasallo
3133 1505 3229 1574 qui
3267 1521 3438 1558 unum
3470 1520 3539 1560 ex
3586 1504 3679 1560 do-

2608 1577 2775 1629 minis
2804 1577 3079 1646 refutauit.

2094 1661 2415 1733 Imperator
2444 1662 2767 1719 Heinricus.
2803 1662 2859 1717 Si
2892 1663 3219 1733 contigerit,
3254 1663 3495 1717 feudum
3520 1664 3681 1719 incu-

2024 1749 2107 1805 ria
2130 1756 2231 1805 aut
2251 1751 2440 1806 ﬁdelis
2462 1753 2503 1785 ‘7
2530 1751 2792 1824 neglectu
2818 1751 3189 1807 consortibus
3215 1751 3518 1823 applicari,
3545 1754 3677 1809 nul-

2025 1838 2148 1894 lum
2172 1840 2215 1873 ‘3
2237 1857 2302 1894 ex
2334 1857 2399 1894 eo
2432 1841 2696 1895 levamen
2729 1842 3004 1896 detrusus
3032 1840 3301 1912 excipiat,
3328 1859 3399 1896 ne
3433 1842 3685 1897 senioris

2026 1929 2116 1983 sui
2150 1932 2522 2000 contemptus
2552 1928 2763 1984 illusus
2798 1930 2915 1997 ﬁat,
2950 1930 3022 1984 ob
3055 1945 3231 2000 quem
3264 1929 3505 1984 feudum
3549 1931 3684 2001 jure

2025 2017 2348 2072 dimiserat.
2383 2019 2534 2073 Sane
2560 2018 2660 2089 qui
2683 2017 2854 2073 aliter
2876 2018 3119 2073 fecerint
3142 2034 3318 2089 quam
3342 2019 3497 2093 quod
3515 2036 3686 2076 mens

2026 2105 2422 2161 saluberrima:
2439 2112 2647 2161 nostrae
2665 2106 3099 2162 constitutionis
3115 2106 3684 2177 exposcit,beneficio

2027 2211 2087 2249 se
2109 2195 2396 2250 carituros
2419 2212 2547 2251 esse
2565 2200 2940 2266 cognoscant;
2966 2195 3044 2249 ita
3066 2199 3131 2249 ut
3152 2195 3236 2251 eis
3262 2195 3516 2267 amplius
3543 2212 3679 2268 spe-

2028 2300 2154 2339 rare
2184 2301 2299 2337 non
2330 2284 2533 2351 liceat;
2568 2284 2777 2339 seniori
2806 2284 3000 2338 danda
3041 2282 3293 2350 licentia,
3349 2288 3467 2338 tam
3510 2285 3562 2360 ‘°_
3610 2286 3681 2339 ab

2026 2372 2171 2443 ipsis
2203 2389 2521 2444 eorumque
2553 2372 2801 2444 posteris
2834 2389 3012 2443 quam
3049 2372 3256 2428 ceteris
3299 2372 3685 2430 detentatori-

2026 2462 2139 2516 bus
2174 2461 2516 2533 praedictum
2550 2461 2901 2517 beneficium
2935 2461 3295 2517 vendicandi.

1615 2610 1857 2665 VARI/E
1889 2610 2298 2667 LECTIONES.

329 2725 376 2797 3?
404 2741 534 2782 eam
567 2726 708 2782 Ard.
740 2728 858 2781 Alv.
892 2726 937 2760 ³³
965 2726 1108 2781 deest
1128 2727 1244 2781 Αιυ.
1280 2727 1325 2760 ³⁴
1369 2725 1631 2781 decimus
1689 2725 1816 2780 Ard.
1879 2727 1995 2781 Alv.
2029 2726 2074 2760 ³⁵
2132 2727 2330 2781 fecerit
2386 2726 2539 2797 quod
2595 2727 2710 2783 Alv.
2746 2727 2789 2760 ³⁵
2844 2727 2899 2781 b.
2959 2744 3072 2781 non
3105 2726 3341 2781 amittat
3372 2727 3496 2782 Αιυ.
3530 2729 3575 2763 ³⁷
3608 2731 3688 2784 ita

248 2796 390 2871 ᾼνᾴ.
424 2798 543 2871 Alc.
576 2797 833 2871 noluerit
856 2799 948 2869 Sp.
980 2798 1024 2832 ³⁸
1057 2800 1137 2871 ita
1165 2797 1277 2871 Ard
1308 2799 1436 2871 41v.
1471 2797 1742 2871 serviisse
1764 2797 1864 2871 Sp.
1898 2797 2212 2871 39domino
2248 2799 2373 2871 γᾼιυ.
2404 2796 2564 2871 “ita
2619 2801 2854 2871 correxi.
2906 2797 3161 2852 dicimus
3220 2799 3352 2854 Ard.
3414 2799 3533 2854 Alv.
3591 2800 3683 2871 Sp.

281 2869 298 2902 ⁸
340 2868 617 2926 habuerit
646 2870 764 2925 Αιυ.
797 2870 841 2903 ⁴²
871 2874 935 2924 ut
988 2869 1118 2924 Ard.
1176 2869 1295 2923 Alv.
1328 2869 1372 2902 ‘3

247 2938 412 3001 ,Ard.
443 2940 565 2996 Αιυ.
596 2941 639 2975 ⁸⁷
670 2958 729 2996 n.
760 2940 800 2995 f.
832 2940 922 3012 Sp.
956 2940 999 2974 ‘3
1030 2938 1229 2996 nullus
1256 2940 1386 2996 Ard.
1416 2938 1532 2995 Αιυ.
1560 2941 1605 2974 ⁴⁵
1632 2940 1775 2996 deest
1803 2940 1919 2995 Alv.

1472 2869 1679 2924 rebare
1733 2868 1863 2923 Ard.
1925 2868 2041 2925 Αιυ.
2079 2870 2123 2904 ⁴¹⁴
2176 2869 2398 2925 scilicet
2441 2870 2558 2923 Αιυ.

2618 2870 2661 2904 ⁸⁵
2716 2870 3086 2925 estimatione
3142 2870 3260 2924 Alv.
3322 2872 3365 2905 ⁴⁶
3416 2870 3691 2927 emendat

1860 3081 2095 3138 NOT/E.

272 3196 501 3270 ratione
529 3195 696 3270 vocis
712 3198 915 3270 senior,
949 3213 1077 3270 quae
1109 3196 1243 3270 inde
1264 3198 1350 3270 ab,
1369 3195 1922 3270 antiquistempori-

272 3268 390 3324 bus
420 3284 609 3335 usque
630 3266 701 3323 ad
725 3266 1139 3323 Chuonradum
1164 3268 1213 3324 II
1235 3268 1481 3335 obtinet,
1506 3266 1561 3324 et
1583 3266 1794 3323 ultima
1809 3268 1929 3323 vice

275 3355 433 3394 anno
466 3338 605 3395 H36
650 3338 710 3393 in
762 3339 1183 3395 constitutione
1230 3339 1485 3394 Lotharii
1535 3339 1609 3394 ΙΙΙ
1656 3340 1925 3403 occurrit,

271 3410 583 3481 Eichornio
613 3410 946 3466 accedimus
974 3426 1172 3465 vocem
1202 3410 1431 3481 feudum
1459 3410 1670 3466 szeculo
1691 3427 1746 3464 x1
1770 3411 1928 3465 inso-

262 3480 465 3553 litam,
498 3496 770 3553 queque,
804 3487 869 3536 ut
916 3481 1011 3553 hic
1065 3480 1209 3537 cum
1255 3483 1575 3552 beneﬁcium
1630 3481 1928 3536 alternans

267 3551 553 3625 primoiin
587 3551 1111 3625 constitutionibus
1132 3551 1390 3609 Lotharii
1413 3553 1487 3609 Ill
1512 3553 1784 3625 occurrit,
1810 3554 1928 3609 for-

269 3624 429 3681 tasse
458 3624 677 3680 Jacobo
708 3624 781 3679 de
804 3624 1088 3679 Ardizone
1119 3625 1340 3693 deberi,
1370 3624 1614 3697 opinati.

2103 3198 2177 3267 (4)
2212 3198 2325 3252 Usu
2360 3214 2491 3252 vero
2523 3196 2729 3252 curiali
2763 3197 2924 3252 solus
2955 3198 3241 3253 defendat.
3269 3198 3434 3252 Feml.
3606 3262 3611 3267 ἢ

2112 3270 2186 3339 (5)
2214 3268 2428 3323 Curiali
2459 3273 2653 3323 tamen
2674 3269 2889 3341 _usu‘id
2923 3268 3207 3341 redimere
3236 3274 3425 3340 potest
3446 3286 3549 3341 pro
3573 3286 3690 3325 me-

2039 3338 2252 3394 dietate
2283 3344 2570 3410 quantum
2602 3338 2866 3410 voluerit.
2901 3340 3063 3394 Feud.

2111 3412 2187 3534 (62
2222 3408 2338 3465 Usu
2378 3416 2573 3465 tamen
2626 3408 2829 3464 curiali
2879 3410 3038 3464 solus
3079 3412 3280 3480 jurare
3329 3410 3684 3466 conceditur.

2111 3499 2160 3534 ia
2186 3481 2298 3534 iter
2326 3486 2521 3534 autem
2550 3483 2720 3534 iuret.
2754 3497 2826 3534 an
2859 3481 3023 3534 solus
3056 3498 3126 3534 an
3160 3498 3296 3534 cum
3330 3481 3483 3534 aliis.
3535 3482 3684 3534 nihil

2038 3481 2298 3545 Qualiter
2326 3486 2521 3536 autem
2541 3483 2720 3551 juret,
2754 3497 2826 3535 an
2859 3481 3023 3535 solus
3056 3498 3126 3535 an
3160 3498 3296 3535 cum
3330 3481 3483 3549 aliis,
3534 3482 3685 3539 nihil

2040 3553 2302 3620 interest,
2331 3552 2473 3607 dum
2504 3558 2697 3608 tamen
2731 3552 2967 3607 servitia
2995 3553 3277 3608 nominet.
3304 3553 3465 3608 Fe-ud.

1029 3911 1554 4005 HENRICI
1625 3912 1761 4003 III
1839 3910 2085 4003 IMP.
2186 3910 2937 4004 DIPLOMATA.

1076 4222 1120 4276 Ι.

342 4311 710 4383 Privilegium
727 4327 828 4383 pro
848 4311 1176 4383 nwnasterio
1195 4310 1506 4367 Corbeiensi
1527 4316 1577 4367 et
1596 4313 1933 4383 parthenone

909 4382 1301 4453 Herifordmzsi.

901 4473 1092 4543 (Anno
1136 4471 1314 4542 1039.)

477 4560 766 4631 [ΕΒΗΑΒΒ,
795 4559 910 4616 cod.
943 4560 1166 4632 diplom.
1199 4561 1465 4631 Weslph.,
1493 4577 1549 4632 p.
1586 4562 1733 4631 102.]

350 4666 416 4722 G.
472 4665 536 4721 In
587 4666 824 4722 nomine
873 4671 1086 4723 sanctae
1137 4672 1195 4722 et
1242 4666 1552 4722 individua:
1606 4668 1926 4724 Trinitatis.

278 4754 621 4822 Hnmnicus,
656 4754 855 4810 divina
882 4756 1109 4811 favente
1140 4753 1467 4821 clementia,
1510 4772 1627 4811 rex.

350 4841 411 4899 Si
441 4842 760 4915 petitiones
791 4860 1094 4902 servorum
1125 4843 1224 4899 Dei
1247 4845 1445 4916 justas
1475 4848 1531 4899 et
1559 4845 1932 4902 rationabiles

256 4932 351 4987 'ad
368 4931 644 4989 effectum
667 4932 1135 5005 perduxerimus,
1156 4937 1215 4988 et
1235 4934 1306 4988 ad
1330 4932 1480 4988 hanc
1501 4933 1678 4989 vitam
1706 4934 1933 4993 felicius

277 5021 748 5093 transigendam,
779 5025 837 5078 et
867 5022 939 5077 ad
971 5026 1313 5094 perpetuam
1346 5022 1574 5079 facilius
1599 5040 1932 5093 promeren-

280 5109 417 5166 dam
431 5109 829 5185 proculdubio
842 5110 1012 5166 nobis
1028 5126 1131 5182 pro
1144 5109 1409 5165 futurum
1428 5128 1754 5184 speramus.
1780 5114 1933 5178 Qua-

280 5199 520 5272 propter
548 5202 755 5256 notum
782 5215 912 5256 esse
940 5198 1234 5264 volumus,
1270 5199 1545 5271 quoniam
1588 5201 1935 5257 venerabilis

280 5287 464 5344 abbas
482 5287 912 5344 Trucbtmarus
936 5288 1077 5343 adiit
1098 5287 1497 5344 excellentiam
1518 5295 1779 5344 nostram
1803 5307 1868 5346 su
1879 5308 1935 5361 p-

280 5374 514 5448 pliciter
534 5393 735 5446 orans,
753 5381 817 5433 ut
834 5380 1035 5434 nostra
1053 5376 1454 5433 muniﬁcentia
1467 5377 1935 5450 prospiceremus

282 5465 660 5522 monasteriis
691 5466 803 5522 sibi
828 5466 1184 5533 commissis,
1203 5482 1454 5537 quorum
1473 5483 1655 5521 unum
1679 5472 1765 5521 est
1788 5483 1938 5522 nova

282 5553 527 5611 Corbeia
538 5553 1075 5628 nuncupatum,ubi
1099 5558 1154 5609 et
1173 5553 1271 5608 ille
1293 5553 1541 5627 regulari
1566 5555 1935 5610 constitutio-

249 5698 259 5706 ,
282 5658 356 5699 ne
368 5642 554 5699 abbas
566 5642 810 5709 exstitit,
826 5647 882 5699 et
896 5642 1146 5700 alterum
1160 5641 1796 5701 estsanctimonialium
1822 5643 1934 5699 He-

1953 4226 1995 4291 C
2033 4223 2204 4279 rifort
2233 4224 2478 4287 dictum,
2513 4226 2571 4277 et
2601 4222 2843 4295 propria:
2895 4223 3206 4278 abbatissze
3258 4224 3428 4294 cujus
3474 4241 3687 4280 nomen

2042 4313 2343 4379 Gotesdiu,
2377 4312 2733 4381 subjectum,
2765 4311 2865 4366 sed
2891 4312 3053 4382 juxta
3070 4312 3554 4366 consuetudinem
3574 4329 3692 4384 qua

2040 4400 2387 4456 ancillarum
2423 4400 2519 4454 Dei
2553 4399 3105 4472 congregationibus
3157 4398 3451 4470 procurari
3502 4400 3693 4455 solent

2039 4490 2354 4562 praepositi,
2387 4506 2455 4544 ex
2481 4488 2872 4544 ecclesiastico
2904 4489 3128 4554 ordine,
3151 4490 3278 4558 jam
3311 4487 3462 4542 dicto
3494 4488 3691 4543 abbati

2040 4576 2603 4644 commendavimus,
2643 4581 2702 4631 ut
2731 4581 2851 4631 tam
2882 4580 2943 4631 in
2974 4574 3283 4647 disciplina
3329 4575 3690 4632 abbatissam

2040 4666 2357 4739 locijuvet,
2393 4682 2569 4739 quam
2603 4666 2661 4720 in
2711 4665 2935 4720 cunctis
2986 4664 3235 4737 negotiis
3284 4681 3410 4735 quae
3460 4665 3689 4720 famula:

2041 4754 2253 4811 Christi
2288 4758 2413 4827 (pro
2444 4772 2583 4810 sexu
2610 4756 2686 4827 et)
2723 4755 3080 4826 professione
3130 4771 3239 4809 sua
3286 4753 3524 4823 exsequi
3573 4771 3691 4809 non

2042 4848 2299 4916 possent,
2335 4843 2597 4915 ipsarum
2629 4843 2895 4915 provisor
2921 4847 2978 4898 et
3008 4845 3293 4914 patronus
3320 4842 3612 4898 existeret.
3637 4843 3690 4898 Is

2042 4949 2177 5005 ergo
2211 4932 2375 5004 petiit
2406 4930 2814 4987 celsitudinem
2847 4936 3107 4987 nostram
3142 4930 3483 5004 (recordari)
3533 4931 3691 5004 quod

2042 5021 2149 5095 pice
2164 5020 2456 5077 memoriae
2470 5024 2805 5077 antecessor
2820 5026 3020 5077 noster
3032 5022 3072 5076 L
3083 5020 3362 5077 udovicus
3376 5020 3696 5094 imperator

2044 5111 2216 5166 ambo
2248 5110 2367 5164 haec
2396 5110 2752 5165 monasteria
2781 5106 3041 5165 construi
3070 5109 3253 5181 jussit
3298 5111 3368 5165 ad
3424 5126 3693 5166 normam

2022 5198 2309 5253 'videlicet
2357 5198 2781 5269 praecipuorum
2831 5199 2889 5252 in
2942 5198 3129 5253 Gallia
3177 5198 3692 5263 monasteriorum,

2044 5306 2252 5344 novam
2283 5287 2505 5342 scilicet
2536 5287 2835 5341 Corbeiam
2867 5288 2936 5341 ad
2964 5286 3413 5341 similitudinem
3439 5285 3693 5356 antiquae

2043 5375 2317 5446 Gorbeize,
2336 5376 2741 5431 Herifordense
2762 5391 2893 5429 vero
2915 5374 3237 5428 cmnobium
3264 5373 3334 5426 ad
3358 5373 3693 5443 exemplum

2045 5463 2384 5520 monasterii
2398 5462 2931 5519 sanctimonialium
2948 5461 3003 5514 in
3019 5460 3440 5515 Suessionense
3461 5460 3696 5516 civitate

2044 5551 2387 5618 constructi,
2422 5556 2478 5607 et
2506 5556 2569 5605 ut
2600 5552 2656 5605 in
2709 5552 3137 5621 elcemosynam
3182 5564 3348 5603 suam
3399 5566 3465 5606 ac
3513 5549 3695 5606 totius

2043 5641 2274 5713 generis
2300 5639 2391 5695 sui
2421 5639 2861 5695 institutionum
2878 5637 3217 5695 earumdem
3237 5638 3514 5709 perfectio
3536 5654 3696 5696 com-
