3920 6208
298 334 454 400 ωϐἴ

296 577 432 616 cum
453 561 700 616 decimis
721 566 777 616 et
800 561 1271 633 possessionibus
1294 562 1544 634 aliisque
1565 560 1637 617 ad
1660 577 1788 616 eam
1813 576 1941 632 per-

295 648 640 717 tinentibus,
674 654 731 704 et
759 650 1066 707 ecclesiam
1106 652 1410 717 Eresburc,
1479 666 1655 723 quam
1704 646 1945 703 Carolus

296 738 486 810 primo
518 744 867 795 construens
896 738 955 794 in
987 739 1238 795 Saxonia
1278 739 1521 794 decimis
1569 736 1788 792 dotavit
1832 736 1942 791 cir-

298 844 669 900 cumquaque
686 827 1077 883 habitantium
1103 845 1206 899 per
1229 828 1375 882 duas
1397 827 1712 882 Saxonicas
1734 830 1941 889 rastas,

298 916 572 988 praefatus
595 917 919 971 Ludovicus
942 917 1010 970 ad
1035 933 1239 970 novam
1260 916 1499 970 tradidit
1515 915 1838 970 Corbeiam.
1856 914 1941 968 Ad

296 1005 720 1061 Herifordensis
752 1008 946 1060 autem
980 1004 1316 1060 monasterii
1349 1004 1758 1076 adjumentum
1780 1003 1943 1058 dedit

296 1095 355 1150 in
387 1095 720 1167 episcopatu
751 1093 1227 1164 Asnabruggcnsi
1268 1092 1588 1149 Ecclesiam
1641 1091 1940 1164 Buginithi

296 1201 427 1239 cum
460 1182 740 1252 subjectis
771 1180 879 1236 sibi
902 1180 1184 1246 ccclesiis,
1216 1181 1270 1235 in
1296 1181 1570 1253 parochia
1591 1197 1724 1236 vero
1750 1180 1940 1235 Mimi-

295 1270 733 1346 gernafordensi
767 1269 1084 1325 Ecclesiam
1117 1270 1260 1325 Reni
1292 1287 1424 1325 cum
1448 1270 1541 1325 his
1564 1288 1691 1342 qua:
1716 1270 1786 1324 ad
1810 1286 1939 1325 eam

294 1361 586 1435 pertinent
606 1358 887 1425 ecclesiis,
915 1360 993 1413 ita
1014 1376 1173 1423 sane,
1194 1364 1257 1413 ut
1283 1360 1643 1415 decimarum
1668 1358 1942 1414 aliorum-

294 1466 405 1524 que
437 1448 774 1503 reddituum
810 1452 1125 1519 proventus
1156 1465 1359 1503 omnes
1385 1448 1640 1520 praefatis
1671 1449 1941 1503 cederent

292 1535 681 1603 monasteriis,
715 1540 772 1591 et
802 1537 874 1591 ab
905 1536 997 1592 his
1021 1536 1280 1593 vicissim
1312 1542 1764 1609 procurarentur
1796 1537 1938 1591 sub-

284 1630 450 1701 jecta:
477 1626 678 1700 plebes
702 1624 759 1680 in
789 1625 1163 1698 baptismate,
1188 1625 1248 1681 in
1270 1625 1646 1693 eucharistia,
1669 1625 1726 1680 in
1751 1624 1941 1697 sepul-

293 1723 440 1786 tura,
475 1717 533 1771 in
564 1715 929 1773 confessione
961 1720 1331 1787 peccatorum
1364 1714 1674 1783 audienda,
1707 1719 1763 1769 et
1810 1731 1935 1787 pre~

1661 332 1975 402 MONUM.
2019 332 2341 400 DIPLGM.

299 470 574 545 pleretur,
608 467 913 528 ecclesiam
938 466 1095 544 juris
1124 470 1216 529 sui
1248 488 1375 545 quae
1404 475 1643 529 vocatur
1686 470 1937 543 Meppia,
1968 468 2025 535 Α

3548 328 3718 401 1088

2260 561 2616 632 Privilegium
2642 576 2744 631 pro
2767 560 3005 616 Ecclesia
3034 557 3498 617 Paderbomensi.

2676 650 2862 721 (Anno
2899 648 3079 722 1039.)

2427 740 2708 809 [Εηιωω.
2741 739 2842 794 ubi
2866 754 3057 810 supra,
3087 755 3145 810 p.
3180 738 3329 810 103.]

2124 826 2183 881 C.
2235 831 2297 881 In
2356 828 2591 882 nomine
2640 832 2854 884 sanctae
2899 832 2958 883 et
3010 826 3321 883 individua
3373 825 3707 896 Trinitatis,

2052 914 2387 983 Hammcus,
2416 915 2613 971 divina
2642 917 2866 972 favente
2895 914 3224 982 clementia,
3258 932 3376 971 rex.

2122 1005 2409 1069 Quoniam
2442 1004 2652 1062 divinae
2677 1004 3081 1078 dispositionis
3115 1004 3485 1076 providentia.
3507 1003 3583 1061 ad
3615 1020 3705 1063 me

2050 1094 2301 1166 gendam
2316 1093 2494 1150 totius
2508 1093 2838 1166 reipublicae
2853 1092 3253 1150 monarchiam
3266 1109 3386 1150 suae
3398 1092 3707 1149 immensa:

2050 1182 2282 1254 pietatis
2315 1183 2752 1256 magniﬁcentia
2780 1200 2887 1239 nos
2909 1183 3187 1255 provexit,
3212 1186 3347 1239 ante
3368 1182 3571 1238 omnia
3593 1198 3700 1238 au-

2048 1276 2165 1327 tem
2197 1271 2304 1327 hoc
2334 1271 2601 1327 laborare
2626 1272 2929 1338 debemus,
2963 1276 3031 1327 ut
3058 1272 3155 1344 qui
3181 1287 3460 1327 coronam
3482 1272 3705 1327 terreni

2049 1361 2211 1434 regni
2248 1362 2554 1429 concessit,
2590 1365 2722 1433 post
2741 1377 3047 1417 emensum
3071 1360 3251 1432 hujus
3269 1359 3400 1415 vita:
3416 1358 3704 1433 spatium,

2050 1466 2118 1504 ea
2147 1450 2324 1505 etiam
2356 1450 2619 1505 coronari
2652 1450 2971 1521 permittat,
3020 1466 3149 1520 quas
3172 1465 3288 1504 non
3319 1448 3624 1504 auferatur
3642 1448 3705 1506 in

2052 1543 2356 1595 aeternum.
2382 1539 2543 1602 Quod
2569 1539 2945 1610 potissimum
2966 1538 3087 1593 ﬁeri
3114 1553 3284 1610 posse
3307 1537 3705 1607 deseruimus,

2050 1627 2097 1682 si
2132 1626 2258 1683 loca
2286 1627 2694 1684 ecclesiasticis
2725 1626 3026 1699 obsequiis
3055 1626 3334 1698 deputata
3362 1630 3577 1683 nostra.
3596 1643 3706 1683 au.-

2050 1716 2316 1771 ctoritate
2346 1717 2812 1783 corroborentur,
2844 1720 2929 1783 ut,
2958 1714 3131 1771 omni.
3149 1715 3431 1771 exteriore
3464 1714 3706 1787 inquie-

291 1805 507 1881 sbytcri
527 1805 630 1896 qui
651 1803 1004 1877 principales
1026 1820 1094 1858 ex
1111 1803 1205 1859 bis
1226 1803 1513 1859 Ecclesiae
1533 1808 1817 1870 tenerent,
1841 1821 1938 1859 ar—
1966 1832 2015 1896 Β
2049 1804 2251 1861 tudine
2274 1809 2519 1873 remota,
2544 1805 2604 1861 in
2625 1804 3047 1875 tranquillitate
3069 1806 3471 1877 permaneant,
3493 1808 3703 1875 quate.

292 1895 858 1967 chipresbyterorum
904 1893 1095 1948 ofﬁcio
1144 1893 1545 1965 fungerentur,
1608 1893 1679 1948 ad
1739 1893 1937 1948 omnia

292 1984 558 2042 facienda
579 2000 705 2055 qua:
729 1981 917 2037 solent
938 1980 1062 2037 ﬁeri
1084 1982 1156 2037 ab
1180 1980 1697 2054 archipresbyteris
1720 1982 1937 2054 episco-

290 2090 520 2149 porum.
554 2072 701 2128 Cum
728 2075 924 2127 autem
954 2071 1067 2143 ipsi
1098 2070 1358 2143 episcopi
1402 2070 1745 2127 circationes
1798 2088 1937 2127 suas

292 2164 371 2219 ibi
401 2177 571 2236 agere
601 2160 897 2227 deberent,
931 2159 1003 2215 ad
1029 2175 1232 2214 eorum
1255 2159 1682 2215 mansionatica
1700 2160 1939 2215 daretur

291 2252 520 2327 quodin
536 2248 961 2323 capitularibus
982 2252 1417 2305 antecessorum
1444 2253 1777 2305 nostrorum
1801 2266 1940 2321 pra:-

291 2343 574 2415 scriptum
597 2338 865 2395 habetur.
891 2337 991 2393 Ille
1014 2338 1195 2411 igitur
1213 2341 1334 2394 rata
1357 2354 1485 2393 esse
1516 2337 1714 2394 volens
1732 2343 1940 2394 caetera

291 2430 507 2499 omnia,
542 2432 771 2485 tantum
802 2443 1088 2501 expensas
1116 2427 1188 2482 ad
1237 2427 1633 2484 ministerium
1680 2426 1938 2499 episcopi

291 2524 529 2594 propter
544 2517 949 2591 aegritudinem
969 2520 1024 2571 et
1046 2519 1401 2571 senectutem
1415 2517 1542 2586 ejus
1557 2514 1657 2588 qui
1676 2520 1817 2571 tunc
1830 2515 1941 2571 fuit

292 2607 597 2666 Gauzberti
612 2622 823 2678 augere
836 2605 1216 2676 debuit,quod
1227 2606 1397 2676 juxta
1410 2604 1750 2677 petitionem
1766 2604 1939 2676 primi

294 2698 560 2771 ejusdem
591 2695 699 2751 loci
719 2695 951 2750 abbatis
968 2693 1193 2748 Warini
1212 2694 1291 2749 ita
1310 2693 1595 2749 moderari
1615 2693 1854 2765 placuit,
1876 2698 1939 2749 ut

295 2787 587 2857 descripto
603 2786 887 2856 quantum
902 2782 1047 2838 satis
1060 2782 1136 2836 sit
1147 2783 1217 2837 ad
1232 2782 1531 2837 servitium
1556 2782 1810 2854 episcopi
1830 2782 1939 2838 hoe

295 2875 457 2931 nullo
480 2873 652 2928 modo
683 2870 1084 2939 subtrahatur,
1115 2875 1171 2925 et
1199 2871 1510 2943 episcopus
1535 2870 1790 2926 vicissim
1814 2887 1937 2927 am-

297 2964 482 3038 pliora
511 2978 629 3017 non
661 2962 901 3032 quaerat,
937 2975 1042 3015 nec
1073 2976 1206 3015 cum
1239 2958 1508 3032 pluribus
1537 2960 1731 3016 veniat
1759 2977 1937 3031 quam

293 3058 359 3110 ut
378 3052 464 3109 eis
490 3050 757 3107 sufﬁcere
780 3047 1026 3121 possint.
1052 3049 1114 3104 In
1138 3049 1355 3120 quibus
1377 3049 1522 3113 satis
1542 3066 1670 3105 esse
1694 3066 1938 3107 consen-

295 3143 372 3199 sit
402 3140 680 3215 prazfatus
720 3138 1029 3210 episcopus
1083 3154 1278 3194 coram
1329 3142 1693 3195 antecessore
1735 3143 1937 3195 nostro

292 3229 578 3287 Ludovico
604 3231 660 3283 et
688 3225 1122 3299 archiepiscopo
1153 3226 1410 3295 Rabano,
1444 3227 1783 3297 ceterisque
1802 3245 1935 3284 cum

292 3337 358 3377 eo
389 3320 449 3375 in
475 3318 694 3392 synodo
717 3316 1046 3389 agentibus,
1072 3315 1128 3371 id
1156 3320 1243 3372 est
1266 3320 1329 3370 ut
1347 3316 1563 3373 dentur
1580 3318 1651 3373 ad
1673 3316 1937 3390 singulas

290 3406 567 3465 ecclesias
598 3405 757 3479 porci
788 3420 841 3461 IV
867 3403 1127 3461 valentes
1160 3404 1376 3478 singuli
1408 3406 1679 3462 denarios
1700 3424 1799 3475 xu,
1834 3411 1939 3463 aut

290 3515 389 3554 vm
416 3495 625 3554 arietes
654 3494 1022 3551 tantumdem
1054 3493 1335 3563 valentes,
1368 3494 1605 3568 porcelli
1647 3513 1723 3563 1v,
1780 3513 1936 3552 aucte

290 3605 363 3656 iv,
397 3585 541 3659 pulli
572 3601 693 3650 VIII,
726 3583 914 3639 situla:
945 3601 1016 3639 xx
1039 3583 1109 3639 de
1142 3583 1409 3648 medone,
1441 3584 1512 3639 de
1543 3582 1765 3639 mellita
1813 3600 1936 3639 cer-

288 3675 436 3732 visia
462 3692 556 3740 xx,
587 3674 657 3728 de
682 3690 796 3727 non
815 3670 1055 3727 mellita.
1102 3714 1114 3725 .
1160 3714 1172 3725 .
1219 3715 1231 3726 .
1278 3714 1290 3739 ,
1316 3689 1498 3744 panes
1514 3689 1639 3740 cxx,
1660 3673 1731 3728 de
1755 3690 1938 3729 avena

290 3763 448 3820 modi
476 3780 528 3831 c,
562 3760 849 3832 manipuli
882 3777 971 3827 ne,
1006 3760 1198 3832 sitque
1229 3759 1289 3815 in
1343 3764 1631 3833 potestate
1676 3761 1934 3834 episcopi

290 3859 488 3909 utrum
520 3851 641 3905 haec
664 3866 765 3921 per
788 3849 1051 3921 singulas
1071 3848 1343 3906 ecclesias
1365 3850 1437 3905 ad
1461 3867 1645 3906 unum
1678 3852 1934 3907 mansio-

290 3941 549 3998 naticum
582 3956 653 3993 an
677 3938 748 3993 ad
772 3939 885 3994 duo
903 3937 1038 3993 velit
1054 3938 1288 3994 habere.
1308 3938 1389 3993 Ne
1407 3943 1601 3994 autem
1623 3939 1682 3995 in
1701 3956 1939 3996 summa

291 4027 473 4086 debiti
500 4027 595 4083 his
624 4026 758 4099 plus
780 4027 976 4083 minus
1004 4026 1413 4100 compleretur,
1441 4026 1549 4082 hoc
1572 4029 1936 4085 auctoritatis

292 4136 410 4175 sua:
438 4116 689 4173 decrevit
720 4121 892 4188 atque
915 4116 1115 4188 jussit.
1151 4115 1253 4170 His
1275 4115 1451 4169 etiam
1476 4116 1794 4189 adjungere
1817 4118 1936 4190 pla-

291 4208 411 4264 cuit
440 4207 683 4263 liberam
703 4205 935 4277 utrique
957 4204 1079 4260 loco
1106 4202 1539 4260 concessionem
1564 4203 1841 4277 eligendae
1864 4207 1936 4265 de

285 4295 521 4371 propria
549 4294 995 4368 congregatione
1027 4294 1086 4348 in
1120 4291 1384 4364 regimen
1440 4292 1533 4371 sui
1578 4309 1681 4367 per
1735 4296 1937 4353 futura

286 4403 518 4459 semper
540 4388 805 4457 tempora
834 4399 1103 4454 congrua:
1132 4396 1396 4452 personae
1416 4383 1573 4453 quod
1597 4387 1656 4439 et
1678 4401 1781 4441 nos
1798 4401 1933 4441 con-

285 4476 594 4532 ﬁrmamus
623 4477 680 4529 et
706 4472 1176 4538 corroboramus,
1198 4474 1256 4525 et
1278 4473 1344 4525 ut
1362 4471 1555 4527 omnis
1576 4471 1712 4529 hinc
1734 4474 1935 4532 dubie-

2051 1912 2163 1951 nus
2174 1911 2375 1950 eorum
2389 1895 2662 1967 precibus
2674 1894 3040 1963 adjuvemur,
3064 1892 3165 1965 qui
3188 1892 3269 1948 ibi
3289 1892 3385 1949 die
3402 1897 3703 1965 noctuque

2046 1983 2409 2040 orationibus
2440 1983 2497 2038 in
2529 1983 2629 2039 Dei
2653 1983 2888 2039 servitio
2904 1998 3106 2039 vacare
3124 1982 3434 2048 debentur,
3457 1985 3517 2038 et
3537 1981 3696 2055 quod

2049 2089 2151 2146 per
2171 2089 2275 2128 nos
2296 2075 2499 2145 utpote
2518 2071 2879 2128 conscientia
2896 2069 3107 2143 trepidi
3130 2086 3389 2142 quarere
3407 2087 3701 2145 nonprze-

2049 2162 2363 2228 sumimus,
2408 2165 2622 2217 sanctis
2676 2159 2776 2215 Dei
2835 2158 3105 2216 Ecclesiae
3163 2158 3547 2216 servientium
3600 2160 3702 2232 pia

2047 2249 2464 2307 intercessione
2493 2249 2898 2321 impetremus.
2925 2248 3289 2322 Quapropter
3326 2247 3702 2306 universitati

2048 2339 2309 2395 ﬁdelium
2341 2343 2675 2396 nostrorum
2709 2341 2905 2410 patere
2930 2336 3223 2404 volumus,
3266 2335 3516 2409 qualiter
3545 2336 3701 2394 Rue-

2048 2429 2244 2485 dolfus
2275 2426 3038 2486 sanctaePaterbrunnensis
3059 2425 3328 2483 Ecclesiae
3346 2425 3701 2485 venerabilis

2048 2519 2381 2590 episcopus,
2412 2533 2515 2590 pro
2544 2515 2813 2572 Ecclesiae
2840 2531 2963 2571 suae
2991 2514 3230 2582 honore,
3275 2512 3394 2570 imo
3441 2513 3701 2570 maxima

2048 2605 2320 2674 utilitate,
2356 2606 2464 2678 piae
2496 2603 2840 2661 intentionis
2869 2602 3172 2660 devotione
3205 2619 3312 2660 nos
3352 2602 3701 2676 suppliciter

2047 2695 2317 2752 aditurus
2337 2694 2610 2761 exoravit,
2636 2696 2701 2749 ut
2722 2692 2979 2749 Ecclesia
2997 2692 3089 2749 eui
3113 2692 3239 2765 ipse
3256 2690 3542 2764 pastorali
3559 2708 3702 2749 cura

2048 2785 2335 2856 praesidet,
2370 2788 2572 2839 nostra
2600 2781 2780 2855 regali
2811 2780 3153 2838 auctoritate
3199 2780 3698 2841 corroboraretur.

2046 2874 2227 2946 Cujus
2259 2872 2544 2947 petitioni,
2570 2872 2707 2945 quia
2736 2869 3105 2928 rationabilis
3132 2869 3385 2939 videtur,
3438 2869 3698 2944 gratuito

2048 2962 2455 3033 assentientes,
2476 2961 2761 3033 quidquid
2783 2960 2987 3016 eadem
3005 2958 3266 3015 Ecclesia
3285 2958 3699 3031 perjustitiam

2047 3053 2309 3109 obtinere
2337 3051 2509 3107 debet
2538 3054 2972 3107 antecessorum
3004 3051 3337 3103 nostrorum
3369 3062 3579 3120 regum
3609 3046 3699 3103 vel

2050 3142 2465 3213 imperatorum
2497 3138 2585 3194 vel
2617 3142 2816 3194 nostra
2844 3135 3135 3194 oblatione
3167 3135 3506 3208 cmterisque
3556 3134 3697 3190 ﬁde-

1968 3200 2011 3267 α
2050 3200 2207 3286 libus
2238 3228 2319 3285 ibi
2348 3226 2647 3295 collatum,
2681 3225 2740 3281 in
2763 3225 2959 3295 rebus,
2976 3222 3305 3292 territoriis,
3329 3200 3500 3279 vel-in
3522 3221 3702 3279 comi-

2045 3318 2266 3374 tatibus
2296 3334 2363 3373 ac
2394 3316 2685 3386 districtu,
2715 3313 2805 3371 vel
2836 3314 3293 3386 quibuscunque
3315 3309 3696 3381 utensilibus,

2046 3424 2114 3463 ac
2164 3406 2451 3479 quidquid
2497 3408 2932 3478 Megenwercus
2979 3400 3313 3475 episcopus,
3361 3404 3700 3458 anteanam

2045 3496 2266 3553 scilicet
2294 3494 2576 3568 praelibati
2608 3491 2874 3548 Ruodolﬁ
2905 3489 3183 3564 episcopi,
3215 3490 3289 3546 de
3319 3489 3697 3547 δυτικὴωωὶ-

2045 3589 2163 3640 tate
2192 3584 2272 3640 ibi
2294 3581 2560 3650 contulit,
2583 3579 2672 3637 vel
2690 3578 2926 3637 aliunde
2942 3594 3046 3652 per
3057 3577 3583 3635 commutationem
3596 3580 3699 3633 aut

2044 3673 2366 3745 precariam
2396 3670 2662 3744 legaliter
2690 3667 3016 3741 acquisivit,
3050 3668 3244 3724 denuo
3293 3665 3491 3723 stabili
3541 3666 3695 3723 dono

2044 3762 2419 3818 concedimus
2450 3766 2508 3816 et
2536 3759 2716 3832 regali
2747 3758 3094 3815 auctoritate
3133 3754 3578 3813 conﬁrmamus.
3633 3756 3694 3813 Si

2045 3852 2179 3924 quis
2207 3855 2404 3908 autem
2435 3852 2650 3906 nostrae
2678 3845 3141 3904 conﬁrmationis
3162 3844 3419 3901 edictum
3443 3843 3695 3901 ulterius

2042 3940 2245 4013 aliqua
2272 3937 2723 4012 praesumptione
2753 3936 3069 4009 infringere
3099 3933 3428 4003 tentaverit,
3452 3937 3692 3990 centum

2042 4030 2327 4086 librarum
2347 4028 2473 4083 auri
2486 4028 2558 4084 ad
2580 4030 2845 4083 nostrum
2869 4024 3101 4098 pondus
3123 4022 3525 4095 conpositione
3545 4022 3694 4079 mul-

2043 4123 2217 4187 tetur,
2252 4122 2318 4173 ut
2346 4115 2658 4172 dimidium
2691 4131 2935 4172 camerze
2977 4116 3189 4169 nostris
3241 4111 3557 4184 persolvat,
3611 4128 3700 4169 re-

2041 4207 2270 4281 liquum
2300 4222 2433 4263 vero
2463 4204 2651 4261 eidem
2702 4202 2971 4260 Ecclesia:
3020 4217 3198 4273 quam
3250 4200 3561 4256 temerarie
3609 4200 3703 4259 in-

2042 4297 2308 4370 quietare
2338 4293 2732 4368 praesumpsit.
2784 4294 2855 4347 Et
2900 4296 2968 4346 ut
3015 4290 3137 4346 haec
3186 4289 3554 4346 conﬁrmatio
3603 4306 3707 4363 per

2042 4385 2443 4443 successiones
2472 4387 2804 4456 temporum
2836 4379 3066 4438 stabilis
3091 4384 3148 4435 et
3177 4377 3524 4436 ineonvulsa
3569 4395 3704 4451 per-

2042 4478 2299 4542 maneat,
2332 4473 2481 4529 hanc
2510 4470 2723 4546 regalis
2752 4469 3025 4544 praecepti
3058 4467 3337 4541 paginam
3375 4466 3517 4523 inde
3562 4483 3704 4524 con-

282 4563 829 4631 tastollatur,manu
845 4560 1079 4634 propria
1092 4559 1742 4635 corroborantes,sigilli
1760 4566 1948 4622 nostri
1976 4569 2024 4635 Ι)
2055 4563 2231 4620 scribi
2265 4580 2331 4619 ac
2362 4579 2541 4618 manu
2572 4559 2808 4634 prOpria
2836 4559 3259 4615 conﬁrmantea
3283 4554 3477 4629 sigillo
3503 4560 3706 4614 nostro

284 4645 678 4727 impressione
707 4668 777 4707 ea
805 4649 1025 4723 signari
1045 4648 1362 4720 jussimus.

354 4744 592 4813 Signum
616 4740 807 4797 damni
852 4740 1102 4796 Heinrici
1145 4740 1299 4795 tertii
1347 4738 1433 4810 (L.
1470 4737 1572 4808 M.)
1620 4743 1764 4812 regis
1791 4744 1938 4801 invi-

282 4833 543 4889 ctissimi.

354 4918 749 4977 Theodericus
779 4917 1165 4975 euncellarius
1192 4917 1315 4973 vice
1346 4916 1632 4975 Bardonis
1674 4920 1934 4979 archica-

286 5007 505 5081 pellani
524 5009 872 5081 recognovit.

356 5097 504 5152 Data
520 5113 586 5151 111
611 5096 754 5152 Non.
782 5097 966 5169 Sept.,
990 5094 1296 5152 indictioni
1322 5113 1422 5163 vn,
1446 5113 1598 5153 anno
1620 5097 1934 5156 Dominicis

288 5182 712 5240 Incarnationis
756 5184 930 5251 1039;
981 5201 1134 5241 anno
1186 5188 1381 5240 autem
1432 5186 1631 5241 domui
1682 5186 1935 5246 Heinrici

286 5272 441 5330 tertii
472 5270 859 5328 ordinationis
887 5290 986 5341 xu,
1022 5273 1182 5345 regni
1215 5290 1348 5328 vero
1381 5292 1417 5328 ι.

357 5360 566 5415 Actum
594 5354 831 5414 Goslare
860 5359 1121 5418 feliciter.
1153 5363 1358 5420 Arnen.

2043 4653 2339 4725 jussimus
2367 4649 2660 4723 insigniri.
3296 4706 3301 4711 ,
3540 4708 3545 4713 ,

2114 4744 2349 4813 Signum
2375 4740 2565 4796 damni
2594 4738 2841 4795 Heinrici
2878 4735 3031 4793 tertii
3075 4734 3165 4807 (L.
3210 4732 3313 4805 M.)
3364 4732 3517 4805 regis
3557 4733 3703 4790 imi-

2044 4832 2296 4888 dissimi-

2117 4917 2515 4977 Tbeodericus
2567 4912 2953 4973 oancellarius
2998 4912 3127 4970 vice
3170 4910 3461 4970 Pardonis
3507 4910 3700 4969 archi-

2045 5007 2374 5066 oancellarii
2405 5003 2754 5079 recognovit.

2116 5099 2263 5155 Data
2280 5111 2384 5154 xm
2406 5094 2531 5152 Kal.
2555 5094 2706 5165 Oct.,
2729 5092 2932 5149 indict.
2956 5105 3077 5160 νιιι,
3099 5105 3256 5148 anno
3270 5088 3591 5147 Dominicae
3610 5088 3700 5149 In-

2043 5185 2401 5245 carnationis
2433 5184 2590 5250 1039;
2628 5198 2782 5238 anno
2811 5184 3010 5238 autem
3033 5178 3234 5235 domui
3257 5176 3518 5243 Heinrici
3541 5177 3700 5236 tertii

2041 5295 2142 5346 xu,
2173 5276 2337 5349 regni
2368 5292 2405 5332 ι.

2110 5368 2320 5423 Actum
2352 5360 2673 5421 Bothtfelht
2700 5359 2964 5419 feliciter.
2995 5358 3203 5425 Anien.
