3920 6208
269 323 422 385 1091

1627 323 1944 391 MONUM.
1990 319 2317 386 DIPLOM.

3523 314 3698 380 1092
3729 339 3738 346 '

267 454 790 528 \\'erzeburgensis
806 454 1086 530 episcopi,
1120 475 1224 514 nec
1259 475 1371 514 non
1407 459 1644 514 Kadeloi
1669 459 1922 532 episcopi
1953 457 2007 524 Α
2038 457 2297 528 genitore
2329 457 2525 507 nostro
2559 447 2672 521 ipsi
2703 448 2810 503 fuit
2849 447 3189 504 restitutum
3222 463 3257 503 a
3287 446 3502 504 comite
3551 448 3693 504 Her-

267 551 440 618 atque
463 545 790 602 cancellarii
817 547 1020 614 nostri,
1046 547 1288 602 consilio
1328 547 1714 603 saluberrimo
1749 549 1918 601 inter-

263 635 552 700 veniente,
607 640 818 690 DObtl'iﬂ
870 635 1082 706 regalis
1139 637 1500 692 auctoritatis
1546 642 1919 708 przcccplum,

266 725 423 796 quod
448 723 782 779 inviolabile
809 725 1224 796 perpetualitcr
1256 731 1540 793 teneatur,
1576 725 1694 780 ﬁeri
1721 742 1923 796 prrece-

267 814 484 886 pimus.
521 813 598 868 Ea
623 811 887 868 videlicet
909 813 1130 868 ratione
1164 819 1228 868 ut
1279 819 1394 868 tam
1439 831 1694 886 praesens
1739 814 1920 869 abbas

267 919 445 974 quam
471 902 650 956 futuri
693 900 915 956 nullam
957 906 1300 973 potestatem
1343 902 1619 974 deinceps
1670 902 1923 957 habeant

266 993 337 1046 de
371 992 545 1046 rebus
577 991 645 1046 ad
682 990 1015 1062 praedictam
1047 990 1339 1045 abbatiam
1384 991 1809 1062 pertinentibus
1835 992 1920 1046 di-

265 1081 662 1147 minuere,nec
687 1081 744 1133 in
782 1079 1126 1134 beneficium
1163 1080 1484 1146 dando,uec
1516 1081 1920 1136 commutatio-

270 1187 372 1224 nes
404 1185 504 1225 scu
531 1168 822 1240 precarias
855 1172 1028 1238 atque
1051 1167 1369 1224 libellarias
1401 1169 1826 1239 faciendo,sine
1857 1169 1921 1224 li-

265 1258 454 1313 centia
500 1256 757 1327 praedicti
805 1256 1057 1310 Ilubaldi
1105 1257 1361 1330 episcopi
1395 1263 1451 1312 et
1508 1275 1918 1314 successorum

264 1347 393 1416 ejus
440 1345 540 1416 qui
593 1363 694 1416 pro
728 1349 986 1417 tempore
1015 1345 1249 1399 fuerint.
1283 1345 1338 1398 Si
1385 1345 1518 1416 quis
1560 1363 1693 1401 vero
1737 1347 1917 1402 abbas

265 1438 468 1490 contra
497 1433 647 1488 hanc
681 1438 940 1488 nostram
993 1433 1397 1488 auctoritatem
1432 1435 1648 1500 fecerit,
1671 1435 1832 1490 irrita
1861 1441 1919 1490 et

265 1539 450 1578 vacua
479 1527 535 1577 et
565 1523 690 1577 sine
722 1522 924 1576 robore
963 1526 1364 1592 permaneant,
1387 1526 1443 1577 et
1472 1523 1654 1578 abbas
1683 1524 1916 1595 proprio

267 1611 484 1666 honore
511 1614 567 1664 et
591 1609 874 1682 dignitate
902 1609 1243 1680 privetur,et
1275 1608 1354 1662 illi
1379 1610 1476 1681 qui
1511 1609 1916 1666 investituram

270 1704 370 1753 aut
401 1698 630 1770 aliquod
657 1698 937 1768 scriptum
955 1698 1251 1769 suscipere
1267 1701 1918 1771 praesumpserit,sciant

270 1801 330 1840 sc
362 1785 792 1856 compositurus
825 1785 950 1839 auri
983 1785 1186 1856 optimi
1221 1785 1399 1840 libras
1431 1791 1686 1853 centum,
1707 1788 1918 1844 medie—
1945 1826 1994 1891 B

271 1879 449 1929 tatem
483 1890 724 1928 camera:
757 1877 988 1940 nostrae,
1021 1878 1078 1928 et
1122 1875 1493 1930 medietatem
1525 1876 1790 1942 abbatiie,
1824 1877 1917 1932 cui

270 1964 554 2018 damnum
587 1962 798 2017 inferre
829 1962 1154 2019 tentaverit.
1181 1964 1341 2030 Quod
1384 1969 1448 2018 ut
1495 1965 1686 2020 verius
1725 1968 1920 2022 creda-

267 2057 384 2116 tur,
417 2057 528 2106 etc.

340 2140 569 2210 Signum
597 2139 786 2194 domui
813 2140 1058 2194 Hcinrici
1085 2141 1476 2210 gloriosissimi
1500 2145 1549 2197 et
1572 2144 1921 2198 invictissimi

271 2230 430 2298 regis.

342 2315 623 2372 Kadeolus
657 2315 966 2387 episcopus
999 2321 1055 2372 et
1104 2317 1507 2386 cancellarius,
1555 2321 1674 2374 vice
1717 2319 1917 2374 domui

270 2404 607 2460 Herimanni
638 2403 1057 2474 archiepiscopi
1107 2413 1160 2458 et
1200 2405 1693 2464 archicancellarii
1729 2425 1919 2479 recog-

270 2493 420 2550 novi.

339 2583 546 2637 Datum
599 2599 688 2636 xv:
739 2580 1024 2636 Kalendas
1083 2582 1400 2649 Februarii,
1452 2585 1764 2640 indictione
1817 2602 1914 2652 vn,

269 2687 422 2726 anno
459 2672 611 2736 1040,
645 2687 797 2725 anno
829 2687 960 2724 vero
983 2669 1181 2724 domui
1214 2671 1485 2728 Ileinrici.
1525 2715 1535 2727 .
1575 2715 1587 2727 .
1624 2716 1636 2728 .

337 2762 546 2815 Actum
576 2761 849 2830 Augusta:
883 2757 1142 2812 feliciter.
1177 2761 1382 2814 Amen.

1070 2873 1134 2926 Υ.

270 2963 520 3036 Diploma
554 2961 808 3016 Ileinrici
837 2961 908 3015 111
939 2963 1082 3036 regis
1130 2963 1490 3018 Romanorum
1537 2969 1782 3036 Poppom'
1821 2968 1916 3021 ah-

340 3035 455 3108 bati
491 3048 824 3108 concessum.
861 3034 1151 3108 -Αθηιηιιδ
1200 3038 1517 3090 monasterii
1563 3034 1920 3108 possessiones

335 3113 386 3159 et
416 3106 792 3159 immunitates
815 3103 1120 3172 conﬁrmat.

889 3193 1072 3262 (Auno
1103 3193 1283 3264 1040.)

543 3280 863 3347 [Mamrst
896 3281 1072 3352 Ampi.
1109 3281 1347 3349 Collect.,
1393 3283 1488 3351 Ill,
1524 3287 1637 3355 .30.]

341 3380 400 3434 lu
437 3379 672 3434 nomine
705 3383 918 3434 sauctze
941 3385 998 3434 et
1021 3379 1331 3434 individua:
1355 3381 1660 3438 Trinitatis
1687 3384 1918 3440 Hamm-

266 3484 392 3535 cus,
425 3467 623 3524 divina
653 3468 878 3524 favente
904 3468 1233 3535 clementia,
1269 3486 1390 3525 rex.

337 3555 682 3612 Sublimitas
733 3555 946 3627 regalis
993 3558 1316 3630 prudentia:
1374 3559 1490 3614 Deo
1539 3561 1915 3617 servientium

266 3644 393 3716 paci
425 3661 491 3698 ac
527 3645 709 3716 quieti
755 3643 1112 3699 omnimodis
1155 3645 1326 3701 debet
1364 3648 1711 3719 prospicere.
1756 3650 1918 3708 Unde

267 3733 586 3804 comperiat
615 3733 881 3788 omnium
936 3732 1197 3789 fidelium
1253 3741 1587 3792 nostrorum
1620 3743 1739 3794 tam
1774 3756 1916 3810 pra:-

266 3823 522 3878 sentium
557 3839 736 3894 quam
777 3823 1109 3878 futurorum
1141 3824 1450 3892 industria,
1485 3829 1638 3898 quod
1683 3846 1915 3885 monas-

264 3911 394 3966 terii
427 3909 692 3966 Stabulai
743 3911 853 3966 sub
888 3915 1087 3966 nostra
1116 3911 1334 3968 ditione
1378 3913 1475 3968 siti
1507 3915 1583 3985 (7)
1618 3932 1919 3974 consecra-

265 3999 410 4054 tioui
440 4002 774 4071 presentes,
797 3999 854 4054 id
883 4003 970 4054 est
1001 4001 1296 4057 obtinente
1327 4003 1481 4074 apud
1515 4010 1776 4062 nostram
1811 4007 1918 4062 cel-

265 4086 586 4143 situdinem
611 4085 842 4143 abbatis
872 4087 1138 4159 ejusdem
1188 4087 1318 4155 loci,
1353 4089 1574 4146 scilicet
1626 4093 1918 4166 Popponis

265 4175 844 4248 reverentia,petente
877 4177 1078 4232 eodem
1103 4177 1333 4245 abbate,
1351 4178 1522 4248 juxta
1543 4183 1915 4255 antiquorum

267 4281 470 4338 regum
515 4264 810 4338 Sigiberti.
857 4264 1191 4332 Childerici,
1248 4264 1534 4336 Clodovei,
1589 4272 1915 4343 Dagoberti,

262 4355 363 4425 qui
395 4358 830 4411 constructores
865 4354 1022 4410 fuere
1074 4353 1297 4426 praefati
1330 4353 1690 4422 loci,necnon
1721 4365 1778 4416 et
1807 4361 1915 4416 im-

263 4447 598 4515 peratorum
621 4441 830 4509 Caroli,
864 4441 1476 4508 Ludovici,'0ttonum
1522 4446 1724 4511 trium,
1753 4449 1920 4505 Heiu-

2033 561 2247 599 manno
2279 560 2347 598 ex
2378 541 2604 596 haerede
2655 543 2883 593 mortuo
2932 554 3034 609 per
3070 535 3374 609 aliquanta
3419 541 3696 610 tempora

2029 633 2248 704 injuste
2276 633 2598 693 detentum,
2635 626 2887 683 Scaletin
2919 624 3189 681 videlicet
3216 628 3275 681 et
3301 624 3520 682 Palisol
3553 642 3692 681 cum

2029 722 2308 777 omnibus
2339 718 2692 792 appenditiis
2735 716 2880 783 suis,
2932 721 2989 771 et
3031 714 3320 787 quidquid
3369 715 3444 770 ad
3488 713 3692 787 ipsum

2029 809 2224 866 locum
2256 809 2646 877 emit,sextam
2679 805 2901 861 scilicet
2927 805 2996 860 de
3026 803 3311 859 Amblava
3340 807 3399 860 et
3437 803 3694 860 Tumbis

2029 915 2064 954 a
2095 898 2302 954 comite
2333 897 2644 952 Godefrido
2695 895 2765 950 de
2815 893 3067 964 Zingeis,
3098 891 3188 947 vel
3240 892 3399 965 quod
3429 893 3502 948 de
3533 892 3689 948 bono

2029 987 2282 1044 ecclesize
2309 985 2719 1041 concambium
2748 979 3227 1052 Wendengias,et
3245 981 3688 1037 Corworonnon

2028 1075 2256 1131 abbatis
2287 1075 2480 1129 Sancti
2515 1070 2817 1128 Maximini
2850 1071 2985 1124 data
3013 1068 3150 1124 villa
3177 1067 3685 1125 Astebronnaloco

2029 1163 2354 1220 concambii
2386 1163 2512 1218 sine
2543 1161 2741 1233 aliqua
2770 1159 3093 1214 infractura
3123 1161 3358 1214 maneat
3383 1157 3687 1214 inconvul-

2029 1253 2479 1320 sum.Quoniam
2510 1268 2642 1307 vero
2674 1249 3128 1323 przedecessores
3164 1247 3348 1303 nostri
3398 1263 3566 1321 reges
3594 1245 3686 1302 vel

2029 1343 2410 1415 imperatores
2469 1358 2587 1396 suae
2647 1337 3012 1394 auctoritatis
3070 1335 3345 1392 ﬁrmitate
3394 1335 3508 1409 ipsi
3555 1335 3684 1392 loco

2027 1431 2413 1495 sancivere,ut
2433 1429 2747 1484 advocatus
2759 1426 3021 1498 ejusdem
3060 1423 3317 1480 ecclesias
3339 1423 3399 1479 in
3419 1423 3686 1480 cortibus

2027 1521 2097 1575 ad
2133 1519 2326 1575 locum
2373 1515 2824 1589 respicientibus
2873 1531 2988 1569 non
3024 1516 3342 1584 praesumat
3369 1529 3688 1569 mansuras

2027 1613 2127 1663 aut
2157 1613 2465 1680 paraturas
2524 1607 2710 1661 facere
2763 1603 3162 1666 redibitioues,
3218 1602 3381 1657 freda
3431 1602 3684 1674 exigere,

2027 1702 2126 1752 aut
2158 1697 2436 1769 placitum
2461 1699 2782 1758 tenere,a'1t
2807 1692 3142 1766 parafredos
3165 1691 3277 1747 sibi
3301 1708 3536 1748 sumere
3556 1691 3688 1747 sine

2026 1787 2316 1858 permissu
2349 1786 2577 1840 abbatis
2616 1790 2673 1840 et
2713 1783 3011 1838 voluntate
3058 1781 3284 1847 eadem,
3332 1785 3390 1836 et
3420 1797 3528 1836 nos
3570 1779 3686 1853 ipsi

2027 1874 2220 1930 abbati
2281 1875 2567 1928 ﬁrmando
2626 1872 3092 1936 corroboramus,
3153 1869 3451 1942 bannique
3495 1867 3687 1924 nostri

2029 1963 2404 2036 impositione
2463 1980 2533 2017 ne
2589 1962 2863 2032 deinceps
2921 1960 3237 2032 quisquam
3294 1957 3415 2014 haec
3472 1958 3687 2014 audeat

2028 2051 2344 2122 infringere
2372 2051 2729 2123 vigoramus,
2755 2051 2811 2104 et
2858 2047 3147 2119 quidquid
3181 2063 3323 2103 sane
3371 2044 3685 2118 acquisivit

2027 2145 2128 2194 aut
2159 2139 2513 2212 acquisitum
2529 2137 2742 2210 reperit
2763 2137 2821 2191 in
2847 2134 3209 2208 quibuslibet
3221 2136 3396 2192 rebus
3415 2133 3681 2191 ecclesia

2028 2230 2335 2285 roboratur
2360 2233 2569 2284 nostra:
2599 2226 2962 2284 auctoritatis
2995 2229 3121 2280 rata
3140 2224 3547 2298 przeceptione,
3577 2222 3684 2280 ha-

2028 2318 2170 2372 bens
2195 2317 2576 2373 emunitalem
2592 2316 2663 2370 ab
2688 2314 2846 2370 omni
2862 2315 3272 2369 advocatorum
3289 2312 3682 2369 infestatione.

2030 2406 2094 2460 Et
2125 2405 2404 2478 quoniam
2441 2403 2745 2460 monachis
2779 2402 3018 2457 alterius
3050 2400 3385 2464 cceuobii,id
3425 2403 3516 2456 est
3548 2399 3689 2455 Mal-

2028 2494 2577 2564 mundarii,sancita
2604 2491 2978 2564 antiquorum
3010 2507 3215 2562 regum
3239 2489 3327 2546 vel
3365 2489 3683 2563 imperato-

2029 2600 2156 2638 rum
2192 2600 2305 2638 non
2339 2581 2714 2649 suffecerunt,
2739 2586 2796 2635 et
2828 2579 2936 2634 sub
2983 2579 3216 2634 duobus
3246 2576 3565 2634 abbatibus
3595 2593 3685 2634 re-

2028 2673 2292 2728 scindere
2330 2672 2530 2726 eadcm
2584 2669 2940 2724 monasteria
2986 2667 3420 2739 laboraverunt,
3462 2667 3622 2739 quod
3649 2683 3686 2722 a

2027 2761 2389 2832 temporibus
2420 2758 2606 2814 sancti
2641 2757 2904 2830 Remagii
2934 2757 3126 2813 adhuc
3149 2761 3348 2811 manet
3375 2753 3681 2811 inconvul-

2027 2866 2158 2906 sum
2192 2853 2426 2921 propter
2457 2847 2940 2918 hazc,inquam,ut
2972 2862 3043 2900 ne
3074 2861 3191 2916 qua
3218 2843 3495 2915 deinceps
3527 2843 3681 2900 inter

2026 2956 2124 2995 eos
2183 2937 2576 2993 controversia
2627 2935 2747 3002 ﬁat,
2782 2935 2937 3006 quod
2998 2933 3258 2990 evenisse
3317 2933 3684 3004 temporibus

2026 3028 2224 3084 domni
2259 3025 2630 3099 imperatoris
2661 3024 2891 3080 Ottonis
2921 3023 3162 3080 secundi
3193 3026 3444 3092 constat,
3465 3022 3682 3078 statui-

2029 3133 2160 3171 mus
2187 3115 2511 3171 sccundum
2546 3112 3019 3168 mansuetudinis
3052 3113 3262 3167 nostra:
3293 3109 3581 3177 edictum,
3615 3114 3685 3167 ut

1945 3190 1989 3258 C
2030 3205 2204 3259 unius
2261 3203 2489 3259 abbatis
2547 3201 2817 3275 regimini
2867 3201 3042 3256 sicut'
3077 3199 3302 3272 jugiter
3356 3198 3684 3271 permansit

2026 3297 2341 3364 utrumque
2371 3292 2700 3363 subjectum
2730 3289 3081 3346 camobium.
3117 3289 3187 3344 Et
3216 3291 3283 3343 ut
3312 3287 3435 3342 haec
3467 3291 3682 3344 nostra

2025 3381 2420 3438 concessionis
2449 3396 2515 3436 ac
2545 3377 3010 3436 confirmationis
3039 3377 3110 3432 de
3139 3376 3415 3432 omnibus
3445 3375 3542 3433 his
3565 3375 3682 3449 ple-

2027 3471 2156 3526 nior
2185 3470 2470 3525 habeatur
2491 3468 2832 3535 auctoritas,
2864 3484 3041 3522 manu
3075 3465 3313 3540 propria
3331 3465 3442 3522 hoc
3476 3481 3686 3539 praece-

2025 3563 2191 3630 ptum
2220 3558 2423 3614 subter
2449 3557 2835 3622 firmavimus,
2858 3555 3154 3629 sigillique
3197 3554 3382 3611 nostri
3434 3554 3683 3628 impres-

2026 3648 2188 3703 sione
2217 3647 2485 3719 insigniri
2508 3646 2825 3718 jussimus.

2097 3739 2327 3807 Signum
2354 3737 2542 3791 damni
2572 3737 2818 3791 Heinrici
2848 3737 2993 3805 regis
3026 3736 3391 3790 invictissimi.

2098 3824 2492 3880 Theodericus
2523 3823 2906 3880 cancellarius
2945 3823 3068 3879 vice
3100 3822 3382 3878 Bardonis
3413 3821 3686 3880 archica-

2026 3913 2240 3987 pellani
2277 3913 2602 3987 recognovi.

2098 4003 2242 4058 Data
2266 4003 2412 4058 Non.
2443 4001 2624 4070 Junii,
2658 4002 2975 4058 indictione
3025 4019 3146 4068 vui,
3178 4017 3330 4057 anno
3361 4001 3682 4060 Dominica

2025 4091 2452 4148 Incarnationis
2497 4091 2808 4147 millesimo
2857 4090 3332 4164 quadragesimo,
3381 4106 3538 4146 anno
3587 4107 3685 4147 au-

2025 4185 2144 4237 tem
2199 4179 2401 4236 domui
2460 4181 2711 4236 Heiurici
2760 4181 2920 4252 regis
2976 4179 3050 4235 ΙΙΙ
3108 4178 3498 4236 ordinationis
3557 4196 3682 4249 xm,

2028 4270 2190 4342 regni
2222 4287 2278 4324 Il.

2098 4361 2307 4414 Actum
2331 4357 2588 4413 Stabulai
2626 4357 2882 4414 feliciter.
2913 4359 3118 4412 Amen.

2797 4463 2890 4521 VI.

263 4532 496 4603 rici,sed
530 4535 586 4587 et
617 4529 1010 4587 serenissima;
1043 4531 1339 4586 memoriae
1367 4532 1700 4592 Chuonradi
1731 4536 1915 4611 impe-

2099 4555 2390 4624 'ivilegium
2429 4570 2526 4626 pro
2560 4553 2896 4626 parthengone
2927 4553 2980 4607 S.
3015 4553 3202 4609 Maria:
3232 4551 3681 4626 Mimigardefor—

261 4619 470 4676 ratoris
499 4620 784 4692 genitoris
815 4617 1000 4673 nostri
1047 4618 1292 4685 sancita,
1327 4623 1782 4693 appendeutium
1827 4629 1916 4683 vel

259 4709 607 4764 traditarum
645 4725 840 4764 rerum
889 4706 971 4761 illi
1026 4707 1283 4764 ecclesia:
1341 4726 1374 4764 a
1424 4715 1686 4784 tempore
1731 4721 1918 4804 sancti

262 4797 522 4869 Remain
557 4815 658 4870 per
688 4796 1062 4853 succedentia
1095 4805 1355 4869 tempora
1380 4803 1564 4856 ratam
1587 4796 1921 4876 praeceptio:

262 4902 396 4940 nem
431 4885 798 4942 ﬁrmavimus
827 4885 1006 4958 regali
1039 4887 1381 4942 auctoritate
1413 4894 1634 4946 nostra.
1671 4891 1766 4947 Est
1809 4893 1918 4967 igi-

262 4977 358 5030 tur
387 4977 586 5030 nostra
614 4974 954 5046 dignatione
981 4975 1368 5042 sancitum,ut
1390 4977 1673 5050 quidquid
1701 4984 1917 5052 praede-

263 5077 560 5117 cessorum
589 5080 830 5118 suorum
862 5063 1325 5137 temporibusilli
1360 5065 1486 5122 loco
1503 5068 1611 5124 fuit
1633 5071 1914 5128 traditum

263 5153 364 5202 aut
394 5151 812 5218 condonatum,
844 5153 944 5206 sed
986 5153 1138 5224 quod
1156 5152 1344 5208 eidem
1369 5155 1566 5210 abbati
1604 5159 1919 5229 imperator

263 5235 567 5292 Heinricus
613 5237 686 5292 ob
729 5254 847 5294 suae
877 5240 1084 5294 anima:
1135 5242 1462 5298 mercedem
1510 5245 1582 5301 de
1624 5247 1916 5306 Hasbanio

263 5323 517 5378 reddidit
567 5324 946 5394 beneficium,
975 5328 1094 5382 sive
1143 5330 1297 5400 quod
1352 5348 1385 5384 a
1429 5331 1573 5387 divas
1624 5337 1915 5392 memoria:

335 5446 413 5524 (7)
446 5445 595 5524 Hinc
643 5449 813 5524 patet
857 5451 1350 5509 consecrationem
1408 5456 1773 5513 Stabulensis
1829 5477 1917 5518 ec-

269 5514 1309 5612 ἓξέὶῗεηίθὲἒὶιξηλξῗὶῗὲίξ,,Ἦλθεἓοέεον
1369 5527 1480 5612 ευρ
1536 5527 1593 5608 .S-
1645 5514 1916 5612 Ρορροῇθ

269 5584 499 5652 abbate,
552 5585 651 5661 qui
699 5587 1073 5663 disciplinam
1119 5591 1180 5650 in
1231 5584 1585 5655 monasterio
1635 5584 1912 5680 restituit;

2764 4625 2936 4680 densi.

2653 4715 2840 4784 (Anno
2876 4713 3056 4783 1040.)

2224 4803 2503 4875 [Euxinum
2536 4802 2660 4858 Cod.
2694 4802 2919 4874 diplom.
2953 4801 3206 4872 li'estph.,
3239 4818 3298 4874 p.
3333 4801 3482 4872 107.]

2101 4892 2162 4947 Ο.
2199 4892 2257 4947 In
2316 4881 2550 4946 nomine
2609 4894 2820 4946 sanctae
2874 4893 2930 4946 et
2987 4888 3299 4945 individuis
3351 4887 3683 4963 Trinitatis,

2031 4981 2570 5046 Hsixmccsﬁivina
2598 4980 2824 5035 favente
2851 4978 3182 5048 clementia,
3209 4994 3328 5034 rex.

2099 5068 2374 5124 Omnium
2436 5068 2696 5124 fidelium
2747 5071 3081 5123 nostrorum
3129 5069 3252 5122 tam
3301 5070 3682 5140 praesentium

2029 5175 2202 5230 quam
2235 5161 2293 5213 et
2313 5159 2638 5213 futurorum
2662 5155 2846 5213 solers
2869 5157 3090 5212 noverit
3109 5154 3688 5229 industria,qualiter

2027 5264 2133 5303 nos
2166 5245 2362 5302 divina
2391 5246 2786 5302 admonitione
2817 5245 3286 5318 compuncti,nec
3316 5261 3434 5301 non
3465 5244 3682 5302 ﬁdelis-

2027 5337 2176 5392 simo
2207 5352 2272 5392 ac
2306 5335 2778 5406 frequentissimo
2822 5334 3056 5392 servitio
3083 5333 3438 5389 Heremanni
3487 5331 3684 5389 Mimi-

2025 5461 2268 5534 aediﬁcia
2306 5459 2484 5534 etiam
2533 5460 2792 5534 collapsa
2830 5465 3004 5534 atque
3031 5459 3176 5515 adeo
3207 5457 3518 5534 ecclesiam
3569 5474 3686 5534 raso

2024 5532 2478 5605 tauravit,-q_u0d
2495 5527 2764 5605 amplius
2814 5527 2974 5605 patet
3019 5527 3466 5605 exprimit-ioue
3495 5529 3700 5604 ipsius.
3735 5537 3740 5542 ’

2025 5599 2406 5668 dedicationis
2435 5599 2754 5681 (Μλινιῖιςκε,
2785 5599 2966 5682 Ᾱηιρι.
3003 5601 3244 5676 ϐοηθοίη
3276 5604 3353 5672 ΙΙ,
3377 5599 3492 5679 60).

2365 5825 2391 5850 \
