3920 6208
366 343 522 407 1095

1731 341 2044 405 NONUM.
2078 335 2410 403 IJIPLOM.

365 473 1090 545 fluminisjuxtaMindum
1106 472 1378 547 posita,et
1391 476 1499 533 sub
1518 478 1802 548 potestate
1821 471 2009 529 sancti
2039 474 2094 539 Α
2124 489 2262 544 pum
2293 472 2498 527 adesse
2528 468 2749 540 aliquid
2780 468 3080 542 impediat,
3113 469 3325 545 fragres
3351 471 3553 526 tamen
3569 467 3660 528 ibi
3673 483 3776 524 ea—

365 564 518 620 Petri
549 563 794 636 apostoli
827 563 1164 626 constituta,
1196 565 1252 618 in
1284 563 1502 619 honore
1535 564 1716 619 sancti
1752 561 2014 618 Mauricii

364 653 639 726 martyris
669 653 1079 724 sociorumque
1109 654 1236 723 ejus
1267 659 1325 708 et
1355 651 1604 708 aliorum
1653 657 2011 719 sanctorum,

363 748 422 798 et
449 760 552 816 pro
567 743 746 799 nostri
772 741 954 815 patris
972 742 1306 797 Chuonradi
1321 741 1690 814 imperatoris
1709 740 2012 806 memoria,

365 831 464 903 qui
495 831 766 886 eumdem
801 830 1118 902 pontificali
1153 830 1437 902 dignitate
1460 829 1888 896 sublimavit,et
1912 845 2013 900 pro

363 924 566 976 nostra
596 920 877 992 sospitate
921 924 976 974 et
1023 918 1184 989 regni
1235 918 1415 974 nostri
1459 917 1796 986 stabilitate,
1828 922 1883 971 et
1911 934 2012 988 pro

363 1026 424 1064 se
437 1009 678 1080 suisque
690 1007 1157 1062 antecessoribus
1171 1006 1289 1063 sive
1311 1007 1749 1062 successoribus
1771 1007 2014 1078 suisque

361 1098 537 1152 etiam
567 1097 930 1168 parentibus,
955 1113 988 1151 a
1013 1097 1177 1151 nobis
1209 1096 1506 1152 licentiam
1539 1100 1875 1151 construere
1907 1095 2013 1150 im-

361 1186 626 1258 petravit,
661 1203 775 1258 quo
797 1185 852 1240 in
874 1185 997 1240 loco
1011 1185 1186 1240 vitam
1203 1185 1619 1241 monachorum
1636 1183 2012 1253 constituere,

359 1275 696 1346 eisdemque
728 1274 998 1328 abbatem
1031 1290 1094 1330 se
1125 1273 1364 1329 licenter
1395 1274 1666 1329 ordinare
1690 1290 1795 1328 nos
1818 1277 2014 1344 postu-

359 1363 512 1418 lavit.
547 1363 616 1418 Et
645 1363 784 1434 quia
819 1363 1001 1419 ullam
1041 1362 1098 1418 in
1146 1363 1253 1418 hac
1303 1380 1362 1418 re
1413 1365 1725 1418 novitatem
1759 1361 2012 1433 incipere

356 1452 441 1508 vel
474 1469 580 1508 nos
609 1451 831 1524 aliquid
857 1452 1062 1507 exinde
1087 1451 1376 1522 postulare
1402 1455 1572 1507 antea
1595 1469 1704 1504 non
1730 1467 2009 1523 praesum-

357 1542 494 1612 psit,
527 1558 705 1612 quam
740 1541 1115 1595 monasteriis
1164 1539 1288 1594 suis
1333 1556 1460 1612 qua:
1513 1540 1733 1594 invenit
1771 1539 2008 1610 aliquod

353 1630 833 1702 supplementum
857 1629 1433 1700 adderet,locumquc
1454 1629 1606 1684 hunc
1625 1631 1734 1684 sub
1750 1633 2008 1684 nostram

355 1717 757 1774 defensionem
791 1717 1088 1789 suscipere
1111 1733 1216 1772 nos
1240 1718 1480 1790 rogavit.
1513 1719 1692 1788 Cujus
1745 1717 2008 1790 petitioni

2122 562 2258 618 dem
2287 558 2589 618 charitatis
2621 557 2922 614 vocatione
2951 559 3320 628 conveniant,
3359 561 3423 616 ut
3459 573 3576 630 ,ρει-
3627 556 3776 612 hanc

2123 649 2494 706 concordiam
2527 652 2584 704 et
2613 647 2985 705 dilectionem
3003 648 3064 705 in
3080 647 3185 706 Dei
3199 643 3436 706 s'ervitio
3453 647 3778 708 devotione

2123 739 2545 796 coadunentur.
2577 740 2766 810 Atque
2797 741 2861 793 ut
2899 737 3102 794 eadem
3149 737 3397 795 ecclesia
3441 751 3582 795 eum
3612 735 3779 796 bonis

2123 828 2246 884 suis
2279 845 2436 883 nunc
2466 828 2538 882 ab
2566 826 2692 898 ipso
2723 826 2774 882 ei
2807 825 3033 882 collatis
3061 826 3151 882 vel
3181 825 3774 900 postmodum-confe-

2123 916 2319 972 rendis
2351 916 2424 972 ab
2454 917 2582 987 ejus
2613 915 3054 971 successoribus
3080 914 3169 970 vel
3199 915 3274 970 ab
3305 913 3438 971 aliis
3467 913 3771 987 mugisse-

2122 1023 2263 1061 cura
2289 1005 2654 1070 consisteret,
2687 1003 2746 1060 in
2779 1003 3267 1060 mundiburdium
3299 1003 3500 1061 Sancti
3529 1001 3691 1060 'Petri
3717 1005 3776 1058 et

2123 1095 2429 1150 tuitionem
2462 1098 2722 1149 nostram
2754 1096 2812 1148 et
2839 1093 2950 1148 sub
2982 1096 3326 1164 potestatem
3354 1091 3623 1164 episcopi
3657 1090 3770 1148 loci

2123 1181 2280 1238 illius
2308 1181 2858 1238 collocavit.ldcirco
2879 1186 3087 1237 notum
3117 1180 3194 1236 sit
3221 1180 3502 1238 omnibus
3519 1179 3773 1253 qualiter

2120 1272 2177 1327 id
2209 1273 2403 1344 ipsum
2437 1269 2859 1326 monasterium
2881 1270 3268 1342 ejusdemque
3287 1268 3562 1328 abbatem
3583 1273 3644 1326 et
3664 1269 3776 1326 fra-

2120 1367 2238 1416 tres
2269 1360 2410 1415 inibi
2445 1363 2747 1416 manentes
2797 1359 2907 1414 sub
2957 1363 3157 1414 nostra
3186 1356 3369 1432 regali
3412 1357 3546 1416 sine
3595 1357 3771 1430 iunpo

2121 1449 2246 1504 riali
2287 1463 2813 1518 successorumque
2862 1451 3195 1503 nostrorum
3241 1446 3492 1504 tuitione
3536 1446 3772 1506 defendi

2118 1538 2410 1605 volumus,
2451 1537 2535 1591 sic
2575 1535 2796 1591 scilicet
2839 1541 2904 1591 ut
2954 1535 3153 1592 nullus
3195 1535 3462 1607 ejusdem
3503 1535 3776 1608 episcopi

2119 1643 2423 1683 successor
2452 1629 2796 1698 potestatem
2827 1625 3038 1680 habeat
3083 1624 3238 1681 bona
3275 1623 3543 1696 ejusdem
3565 1639 3774 1682 mone-

2119 1717 2278 1772 sterii
2311 1715 2508 1787 aliquo
2542 1715 2712 1769 modo
2745 1715 3044 1770 destruere
3060 1716 3162 1769 aut
3185 1711 3468 1770 minuere.
3501 1713 3694 1779 Quare
3719 1711 3771 1768 ἠ

355 1807 496 1879 quia
517 1808 682 1878 justa
712 1823 778 1862 ac
805 1805 1073 1878 religiosa
1096 1807 1680 1880 fuerat,nequaquaxn
1707 1807 2006 1892 contrarii,
2038 1839 2085 1904 Β
2116 1806 2202 1862 vel
2231 1805 2328 1860 ille
2356 1804 2443 1860 vel
2474 1803 2624 1859 alius
2655 1802 2869 1876 aliquis
2906 1801 3449 1904 hujusvdestruotor
3477 1805 3537 1860 et
3563 1814 3767 1900 mena.

358 1897 431 1952 ob
473 1895 864 1951 interventum
921 1895 1183 1950 videlicet
1232 1895 1611 1951 familiarium
1671 1888 2006 1950 nostrorum
2038 1888 2085 1904 "
2117 1895 2274 1950 sterii
2307 1894 2711 1963 bonorumque
2759 1906 3000 1946 suorum
3055 1889 3372 1962 dissipator
3413 1905 3550 1950 vero
3591 1888 3766 1956 sciat.

354 1984 693 2040 Herimanni
743 1983 1104 2039 Coloniensis
1162 1983 1583 2056 archiepiscopi
1632 1989 1688 2039 et
1736 1983 2004 2039 Hunfridi

357 2071 880 2146 Magdeburgensis
912 2072 1190 2145 episcOpi,
1222 2071 1398 2128 simul
1455 2074 1631 2128 etiam
1681 2089 1816 2127 cum
1866 2089 2004 2127 con-

357 2178 530 2216 sensu
565 2166 906 2216 caeterorum
939 2164 1276 2216 nostrorum
1297 2159 1558 2216 fidelium
1581 2161 1679 2233 qui
1705 2166 1842 2216 tunc
1864 2165 2006 2216 tem-

354 2249 511 2322 poris
544 2254 858 2320 praasentes
889 2250 1221 2317 adfuerunt,
1248 2250 1548 2322 praefatum
1583 2250 2002 2306 monasterium

353 2343 689 2394 construere
716 2343 774 2393 et
803 2338 1188 2394 monasticam
1219 2339 1396 2392 vitam
1427 2338 1816 2410 abbatemque
1858 2337 2001 2392 inibi

353 2427 709 2483 constituere
741 2426 826 2482 illi
861 2427 1427 2499 permisimus,Quod
1459 2443 1596 2482 cum
1637 2427 1844 2482 merito
1874 2427 2003 2497 ejus

356 2515 647 2571 desiderio
679 2515 1176 2592 permitteremus,
1233 2532 1300 2571 eo
1350 2520 1545 2571 tamen
1597 2515 1803 2586 majori
1846 2516 2002 2570 ﬁdu-

351 2603 441 2660 cia
469 2610 598 2660 voto
620 2603 806 2675 ipsius
825 2603 1578 2674 consensimus,quia,sicut
1604 2603 2000 2674 praediximus,

351 2693 507 2749 idem
537 2693 846 2766 episcopus
863 2692 922 2746 in
943 2693 1150 2764 primis
1178 2693 1333 2748 sedis
1353 2709 1469 2746 suae
1490 2691 1800 2764 primatem
1821 2690 2000 2747 eccle-

351 2783 499 2838 siam
545 2782 910 2851 fratrumque
959 2797 1204 2836 suorum
1252 2780 1566 2852 prandium
1616 2779 1834 2834 ibidem
1885 2781 2000 2836 Deo

337 2874 670 2940 sanctoque
702 2869 867 2924 Petro
917 2868 1329 2924 famulantium
1361 2869 1432 2924 de
1462 2868 1842 2924 haereditariis
1876 2869 1998 2925 suis

349 2958 524 3014 bonis
555 2957 802 3029 benigne
833 2956 1089 3012 adauxit.
1124 2957 1190 3012 Et
1220 2957 1336 3012 duo
1375 2957 1750 3024 monasteria,
1786 2963 1998 3014 sancta:

349 3047 541 3103 Maria:
564 3045 834 3102 videlicet
870 3050 927 3102 et
969 3045 1157 3102 sancti
1207 3045 1464 3113 Martini,
1513 3047 1586 3101 ab
1635 3051 1998 3104 antecessore

349 3151 456 3192 suo
485 3135 786 3208 Sigeberto
803 3135 1077 3207 episcopo
1096 3134 1483 3206 inccepta,iste
1499 3136 1747 3191 alterum
1771 3153 1998 3191 eorum-

347 3226 482 3281 dem
509 3225 667 3296 quod
699 3228 788 3279 est
819 3229 1034 3279 sanctis
1067 3223 1260 3279 Marica
1291 3228 1347 3280 et
1377 3241 1548 3297 opere
1597 3230 1653 3280 et
1693 3243 1994 3282 consecra-
2021 3209 2073 3276 -C

348 3315 504 3370 tione
532 3313 984 3381 consummavit,
1008 3310 1258 3368 alterum
1292 3315 1478 3370 sancti
1511 3314 1744 3369 Martini
1775 3331 1907 3370 vero
1929 3333 1997 3371 ex

346 3407 513 3475 parte
569 3402 772 3457 devote
821 3405 1322 3474 augmentaverat,
1349 3402 1580 3475 aliaque
1612 3403 1993 3460 monasteria-

345 3507 470 3564 que
500 3492 558 3546 in
588 3491 926 3564 episcopatu
955 3491 1086 3562 ejus
1116 3492 1227 3547 sub
1257 3507 1365 3546 suo
1390 3493 1525 3563 jure
1545 3496 1793 3560 erant,et
1823 3509 1995 3565 pran-

343 3579 440 3634 dia
465 3579 546 3635 ibi
576 3579 692 3636 Deo
738 3579 1116 3637 servientium
1167 3580 1301 3636 fidei
1349 3580 1634 3637 charitate
1681 3581 1992 3654 supplevit,

345 3672 640 3740 quatenus
669 3673 870 3723 votum
902 3685 1076 3723 suum
1097 3667 1157 3723 in
1173 3668 1282 3724 hoc
1305 3686 1538 3742 quoque
1555 3670 1910 3726 monasterio
1928 3687 1994 3726 eo

347 3756 553 3827 majori
609 3756 823 3810 fiducia
869 3757 1244 3827 postmodum
1294 3758 1565 3830 expedire
1614 3762 1832 3830 posset,
1880 3775 1994 3830 quo

347 3843 610 3900 ecclesiis
652 3843 776 3898 suis
823 3859 971 3914 quas
1020 3843 1240 3900 invenit
1286 3845 1641 3902 utilitatibus
1671 3850 1842 3902 antea
1871 3863 1997 3918 pro-

345 3933 653 3989 desset.Ad
685 3933 838 3988 idem
867 3950 999 3990 vero
1031 3935 1454 3992 monasterium
1499 3953 1568 3991 ex
1597 3936 1842 4008 propriae
1873 3936 1995 3991 hie-

345 4020 610 4078 reditatis
642 4038 759 4077 suae
791 4021 959 4078 bonis
991 4023 1110 4078 sive
1141 4027 1198 4079 et
1228 4040 1297 4080 ex
1325 4023 1456 4079 aliis
1489 4041 1854 4096 quaecunque
1901 4041 1993 4080 ac-

344 4110 574 4182 quirere
603 4109 792 4182 potuit
829 4110 1239 4168 collationibus
1270 4113 1564 4186 octoginta
1592 4129 1831 4168 mansos
1860 4130 1992 4169 cum

346 4197 679 4271 mancipiis,
711 4198 889 4268 villis,
923 4201 1096 4267 areis,
1129 4199 1597 4273 aediﬁciis,agris,
1627 4201 1799 4258 terris
1820 4202 1995 4260 cultis

341 4291 399 4342 et
421 4285 684 4355 incultis,
715 4287 825 4344 viis
855 4293 911 4344 et
945 4288 1137 4354 inviis,
1164 4287 1414 4344 exitibus
1445 4293 1502 4344 et
1533 4289 1997 4364 reditibus,quaa-

345 4375 476 4431 sitis
524 4379 581 4431 et
628 4375 1013 4448 inquirendis,
1065 4375 1269 4448 pratis,
1317 4377 1574 4448 pascuis,
1606 4378 1792 4447 silvis,
1825 4381 1995 4453 aquis

336 4481 753 4536 aquarumque
782 4464 1605 4537 decursibus,piscationibus,
1641 4468 1993 4526 molendinis

2115 1983 2256 2055 quia
2285 1981 2484 2038 abbati
2517 1980 2912 2052 fratribusque
2943 1979 3163 2034 ibidem
3220 1979 3332 2035 Deo
3367 1977 3765 2038 servientibus

2114 2073 2173 2128 in
2208 2072 2376 2129 nobis
2407 2069 2740 2141 nostrisque
2770 2067 3214 2125 successoribus
3242 2070 3468 2126 centum
3497 2070 3590 2128 est
3631 2065 3770 2130 inde

2113 2159 2502 2234 refugium.Et
2523 2161 2588 2213 ut
2609 2157 2716 2214 hoc
2747 2161 2959 2214 nostra;
2993 2155 3391 2214 concessionis
3405 2159 3768 2228 prisceme

2113 2268 2216 2323 per
2243 2266 2416 2305 omne
2434 2252 2666 2319 tempus
2681 2246 2888 2302 stabile
2901 2249 3240 2318 permaneat
3250 2248 3308 2300 et
3329 2243 3766 2315 ineonvulsum.

2113 2339 2262 2395 hanc
2293 2337 2568 2410 paginam
2614 2335 2749 2391 inde
2799 2334 3192 2406 conscriptam
3224 2333 3558 2406 subtusquc
3584 2349 3767 2392 manu

2113 2427 2348 2499 propria
2375 2425 2808 2482 corroboratam
2841 2421 3019 2496 sigilli
3036 2421 3625 2494 nostriimpressione
3635 2421 3768 2493 jus-

2114 2518 2302 2572 simus
2328 2513 2619 2588 insigniri.

2183 2611 2392 2661 Datum
2425 2603 2650 2660 decimo
2680 2601 2971 2659 Kalendas
3000 2597 3322 2667 Februarii,
3354 2614 3510 2656 anno
3555 2597 3764 2658 Domi.

2111 2711 2188 2750 ca:
2221 2692 2643 2750 Incarnationis
2685 2691 2848 2759 4043,
2879 2689 3197 2746 indictione
3242 2703 3323 2758 ιι,
3355 2703 3510 2744 anno
3557 2690 3762 2750 autem

2111 2783 2310 2839 domni
2343 2781 2592 2838 Heinrici
2623 2779 3007 2837 ordinationis
3037 2795 3130 2846 xv,
3163 2776 3324 2850 regni
3352 2791 3489 2836 vero
3514 2792 3593 2832 Iv.

2179 2875 2386 2927 Actum
2419 2869 2657 2926 Goslare
2689 2869 2746 2924 in
2775 2869 2873 2924 Dei
2905 2866 3142 2924 nomine
3171 2864 3419 2922 feliciter
3441 2865 3656 2924 Amen.

2178 2961 2496 3034 Adelgerus
2524 2957 2908 3016 cancellarius
2937 2956 3059 3013 vice
3088 2955 3372 3014 Bardonis
3397 2953 3759 3028 mbioapel»

2107 3050 2226 3106 lani
2253 3047 2602 3122 recognovit.

2287 3228 2654 3298 Privilegium
2679 3241 2780 3298 pro
2803 3225 3136 3280 monasterio
3167 3222 3573 3295 Hertfordemi.

2730 3314 2919 3386 (Anno
2951 3312 3136 3384 1044.)

2473 3405 2756 3477 [Eanum
2791 3402 2916 3458 Cod.
2948 3401 3202 3473 dipknn.,
3235 3400 3383 3470 111.]

2175 3495 2233 3551 C.
2284 3500 2349 3550 In
2410 3493 2648 3550 nomine
2695 3495 2909 3549 sanctae
2959 3495 3017 3546 et
3059 3488 3378 3546 individua
3435 3487 3761 3546 Trinitntis.

2103 3589 2434 3651 Hammone,
2468 3581 2663 3638 divina
2691 3581 2921 3636 favente
2951 3578 3284 3648 clementia,
3307 3592 3431 3634 rex.

2175 3674 2235 3730 Si
2267 3673 2434 3745 regiae
2464 3653 2832 3727 liberalitatis
2860 3667 3266 3724 muniﬁcentia
3283 3665 3574 3722 locis'Deo
3604 3663 3767 3722 dicu-

2104 3763 2182 3820 tis
2212 3762 2492 3836 quiddam
2522 3758 2900 3826 conferimus,
2934 3762 2992 3814 et
3039 3757 3112 3813 ad
3157 3753 3547 3828 temporalem
3575 3753 3756 3810 vitam

2104 3857 2161 3907 et
2189 3857 2465 3906 aeternam
2497 3849 2666 3904 nobis
2699 3847 3074 3920 profuturum
3107 3859 3238 3901 esse
3265 3842 3496 3916 liquido
3518 3840 3764 3900 conﬁdi-

2103 3957 2257 3996 mus.
2291 3942 2654 4010 Quapropter
2680 3937 2947 3992 omnium
2994 3933 3208 3990 Christi
3255 3931 3564 4004 nostrique
3618 3930 3762 3986 ﬁde-

2103 4029 2246 4084 lium
2278 4033 2398 4084 tam
2430 4028 2764 4083 futurorum
2786 4042 2966 4098 quam
2990 4021 3368 4096 praesentium
3391 4017 3639 4076 solertia
3658 4033 3766 4074 no:-

2102 4118 2268 4187 verit,
2303 4115 2556 4188 qualiter
2605 4131 2714 4170 nos
2745 4113 3036 4187 praecipue
3083 4127 3188 4184 pro
3235 4125 3435 4166 amore
3463 4106 3668 4165 divino
3710 4108 3770 4161 et

2103 4207 2310 4262 animae
2342 4208 2552 4260 nostra;
2583 4203 2996 4271 remedio,tum
3017 4201 3090 4256 ob
3110 4201 3506 4256 interventum
3534 4195 3766 4252 dilecto

2101 4293 2439 4354 contectalis
2467 4297 2678 4350 nostra;
2696 4291 2930 4364 Agnetis
2977 4287 3510 4363 regine,quasdam
3541 4299 3658 4342 mes
3697 4283 3770 4340 ab

2103 4383 2574 4442 antecessoribus
2616 4381 2836 4438 nostris
2881 4379 3119 4453 regibus
3164 4376 3255 4433 vel
3298 4372 3770 4449 imperatoribus

2105 4471 2460 4529 monasterio
2491 4469 2900 4526 Herivordensi
2943 4467 3005 4523 in
3056 4468 3341 4522 honorem
3389 4464 3612 4520 sanctum
3645 4458 3766 4517 Dei

342 4558 402 4644 et
431 4552 681 4644 utilitate
714 4553 1134 4644 silvarum.Nec
1167 4571 1282 4644 non
1314 4571 1449 4611 cum
1481 4557 1758 4613 omnibus
1783 4575 1997 4631 appen-
2027 4579 2072 4644 ι)
2106 4561 2405 4636 genitricis
2437 4564 2726 4632 perpetua:
2775 4557 3020 4630 virginis
3068 4554 3264 4644 Maria
3294 4553 3677 4644 constructo.
3711 4550 3772 4604 et

341 4641 513 4699 diciis
541 4660 668 4716 qua:
699 4642 813 4698 dici
846 4647 948 4698 aut
978 4643 1268 4699 nominari
1304 4649 1574 4716 possunt,
1608 4646 1850 4702 tradidit
1871 4664 1996 4720 pero

331 4731 656 4805 'petualiter
703 4731 781 4788 ibi
832 4733 1231 4804 permanenda
1281 4733 1537 4806 exceptis
1584 4734 1676 4789 his
1721 4753 1846 4808 quae
1903 4736 1990 4793 vel

335 4821 485 4893 ipse,
519 4819 634 4876 Deo
660 4820 1006 4892 opitulante,
1041 4826 1242 4893 postea
1291 4821 1589 4893 acquirere
1639 4825 1868 4894 poterit,
1901 4825 1990 4882 vel

338 4907 648 4964 collatione
681 4909 943 4966 fidelium
969 4910 1104 4966 huic
1127 4909 1426 4983 provenire
1459 4913 1686 4983 possint
1713 4913 1990 4982 ecclesiae,

339 4996 485 5068 quin
516 4996 692 5053 etiam
723 4999 965 5073 triginta
995 5016 1233 5056 mansos
1264 5005 1320 5056 et
1348 5001 1643 5072 octoginta
1672 5009 1864 5059 aratra
1898 5006 1992 5060 de-

339 5083 724 5141 cimationum
755 5088 827 5143 de
867 5087 1207 5144 monasterii
1256 5088 1450 5143 Sancti
1502 5089 1652 5144 Petri
1700 5091 1872 5146 bonis
1918 5093 1991 5148 ad

341 5171 821 5244 supplementum
853 5176 1043 5232 eidem
1076 5175 1430 5237 monasterio
1462 5178 1990 5236 condonavit.Con-

343 5259 538 5316 stituit
562 5275 793 5330 quoque
822 5268 887 5318 ut
916 5282 1018 5336 per
1047 5263 1310 5336 singulos
1340 5281 1526 5320 annos
1579 5265 1638 5321 in
1686 5265 1995 5326 festivitate

343 5347 533 5404 sancti
563 5346 826 5403 Mauricii
857 5353 1122 5423 ejusdem
1145 5353 1301 5408 sedis
1323 5353 1635 5424 episcopus
1651 5370 1784 5411 cum
1807 5356 1995 5414 fratri-

342 5435 457 5489 bus
487 5435 820 5492 monasterii
842 5439 1038 5496 Sancti
1073 5440 1222 5494 Petri
1251 5441 1320 5496 ad
1349 5441 1757 5512 supradictum
1787 5462 1992 5502 mona-

345 5519 594 5575 sterium
625 5521 814 5580 veniat
843 5544 908 5584 ac
941 5529 1260 5584 missarum
1291 5527 1578 5586 solemnia
1607 5529 1858 5590 celebret
1877 5535 1992 5592 ibi-

349 5615 466 5681 que
492 5609 826 5680 prandendo
857 5615 1208 5676 charitatem
1232 5615 1572 5696 adimpleat.
1591 5619 1662 5678 Et
1689 5621 1740 5681 si
1769 5625 1993 5701 episco-

2110 4653 2286 4708 beatae
2321 4647 2570 4705 Bosinne
2600 4645 2979 4720 corporaliter
3027 4643 3175 4700 inibi
3206 4638 3560 4716 quiescenti,
3617 4637 3773 4694 duas

2105 4739 2329 4795 scilicet
2385 4741 2580 4792 curtes
2636 4734 3002 4792 Overanberh
3053 4737 3110 4787 et
3158 4726 3640 4793 Liutwinesdorf,
3691 4725 3767 4779 in

2100 4845 2274 4884 usum
2317 4824 2855 4882 sanctimonialium
2904 4823 3019 4880 Deo
3063 4821 3283 4877 ibidem
3330 4813 3760 4878 famulantinm

2101 4918 2289 4984 datas,
2325 4918 2534 4970 nostrae
2580 4911 2944 4970 auctoritatis
2977 4924 3256 4967 renovare
3286 4905 3526 4979 scriptis
3555 4909 3618 4960 et
3673 4918 3776 4958 co-

2102 5006 2335 5060 ﬁrmare
2367 5001 2834 5069 voluimus,sitas
2865 5002 2925 5056 in
2956 5016 3104 5073 pago
3123 4997 3614 5070 Angeresganwe
3632 4990 3774 5048 etin

2102 5093 2381 5150 comitatu
2425 5091 2783 5149 Witechindi
2831 5091 3090 5155 comitis,
3109 5102 3257 5144 cum
3303 5083 3586 5142 omnibus
3614 5079 3768 5138 suis

2102 5181 2484 5255 appendiciis,
2533 5180 2641 5236 hoc
2685 5187 2776 5238 est
2821 5179 3128 5250 utriusque
3186 5189 3361 5232 sexus
3411 5168 3764 5242 mancipiis.

2101 5271 2276 5342 areis,
2308 5269 2588 5336 aediﬁciis,
2621 5269 2794 5326 terris
2829 5268 3005 5326 cultis
3034 5270 3091 5323 et
3119 5261 3384 5330 incultis,
3415 5259 3626 5333 pratis,
3645 5272 3774 5330 :pa—

2102 5360 2282 5426 scuis,
2315 5359 2484 5430 aquis
2509 5375 2916 5431 aquarumque
2945 5344 3761 5419 decursibus,molis,molm-

2103 5447 2279 5513 dinis,
2313 5445 2756 5520 piscationibus,
2793 5445 2976 5517 silvis,
3025 5439 3461 5505 venationibus,
3503 5435 3768 5495 exitibus

2103 5541 2160 5594 et
2191 5535 2498 5601 reditibus,
2534 5535 2642 5592 viis
2671 5540 2728 5592 et
2758 5536 2950 5606 inviis,
2984 5531 3246 5607 quaesitis
3277 5533 3336 5584 et
3361 5521 3762 5600 inquirendis,

2103 5641 2238 5686 cum
2268 5623 2430 5684 omni
2449 5623 2702 5686 utilitate
2729 5642 2858 5702 quas
2890 5623 3007 5685 ullo
3029 5620 3210 5682 modo
3233 5613 3774 5692 ladepoterihpee-
3825 5637 3830 5640 ·
