3920 6208
156 318 330 396 ἾὸθἾ

1512 306 1908 402 immndus
1951 330 2034 401 III
2074 326 2245 403 IMP.

3420 298 3587 409 ibis

164 468 384 525 venire.
417 465 500 523 Ea
540 460 810 521 videlicet
871 442 1118 531 ratione,
1165 468 1231 520 ut
1274 467 1551 538 prmdieta
1598 470 1724 527 loca
1770 471 1829 526 in
1860 471 1915 541 Α
1950 474 2102 531 ditas
2132 475 2348 531 habere
2377 472 2625 531 videtur.
2658 448 2938 533 Videlicet
2966 460 3389 551 monasterium
3428 478 3584 551 quod

165 566 341 613 neum
370 551 922 611 sanctimonialium
952 552 1097 609 inibi
1129 554 1394 610 omnium
1423 562 1648 614 remota
1690 576 1822 615 con-

159 644 511 703 tradictione
535 642 952 716 perpetualiter
981 646 1309 712 teneantur,
1342 645 1484 701 nulli
1528 647 1585 701 in
1609 648 1824 703 beneﬁ-

160 732 318 791 cium
349 732 705 806 praa'standa.
732 731 884 787 Illud
906 731 1081 788 etiam
1100 748 1234 787 cum
1259 737 1692 791 antecessorum
1717 754 1820 792 no-

158 827 419 880 strarum
442 819 757 877 traditione
774 824 832 876 et
852 820 1264 893 astipulatione
1280 821 1530 895 benigne
1550 823 1820 880 concedi-

158 928 294 968 mus
323 911 856 976 et‘coniirmamos,
887 914 955 965 ut
984 909 1458 967 sanctimoniales
1509 913 1652 969 inibi
1700 913 1815 969 Deo

155 1000 511 1057 famulantes
556 999 865 1054 arbitrium
909 1002 967 1053 et
1008 1002 1359 1071 potestatem
1415 1000 1670 1058 habeant
1712 1000 1814 1057 eli-

151 1089 326 1164 gendi
380 1086 766 1154 abbatissam,
823 1103 957 1143 cum
1009 1086 1282 1160 quaelibet
1341 1105 1542 1145 earum
1615 1088 1812 1145 locum

152 1183 342 1234 morte
366 1176 750 1233 intercidente
779 1176 1112 1244 mutaverit,
1143 1182 1199 1232 et
1231 1182 1293 1232 ut
1314 1176 1813 1249 nullajudiciaria

151 1280 404 1340 persona
432 1265 492 1320 in
528 1264 622 1321 his
671 1281 799 1337 quas
844 1265 1110 1320 eamdem
1159 1265 1465 1322 ecclesiam
1515 1266 1811 1323 continere

149 1356 439 1423 videatur,
472 1354 561 1410 vel
607 1357 857 1420 exactor,
910 1352 999 1407 vel
1049 1351 1322 1425 publicus
1371 1355 1554 1425 judex
1598 1370 1809 1411 causas

149 1458 325 1516 agere
350 1442 442 1499 vel
473 1442 635 1498 {reda
663 1441 911 1513 exigere,
946 1457 1049 1497 seu
1100 1441 1170 1496 ad
1211 1441 1549 1499 mansiones
1597 1441 1684 1499 vel
1733 1443 1806 1499 ad

144 1532 455 1605 quodlibet
484 1530 878 1586 ministerium
911 1528 1259 1602 compellere
1290 1535 1630 1603 praasumat,
1690 1532 1803 1587 nisi

140 1621 464 1677 advocatus
496 1635 669 1692 quem
714 1618 977 1689 ejusdem
1022 1618 1137 1674 loci
1194 1618 1431 1693 elegerit
1486 1620 1800 1688 abbatissa,

135 1708 408 1765 locorum
442 1709 702 1781 quidem
758 1708 976 1775 horum
1036 1707 1307 1764 homines
1365 1724 1399 1764 a
1455 1714 1800 1765 caeterorum

137 1798 413 1873 omnium.
439 1797 707 1853 districtu
740 1797 861 1851 sint
889 1795 1081 1851 liberi.
1116 1797 1186 1850 Et
1214 1801 1280 1852 ut
1312 1798 1433 1852 haec
1465 1798 1635 1870 regiae
1690 1814 1797 1853 no-

139 1890 277 1943 stras
304 1885 639 1942 traditionis
669 1890 725 1941 et
747 1884 1213 1941 confirmationis
1236 1886 1550 1942 auctoritas
1568 1886 1802 1943 stabilis

139 1972 582 2049 et'ineonvulsa
612 1973 906 2029 omniaavo
937 1978 1297 2045 permaneat,
1350 1974 1501 2031 hanc
1537 1975 1801 2031 chartam

135 2063 284 2120 inde
315 2063 706 2136 conscriptam
738 2078 916 2118 manu
950 2063 1205 2135 propria,
1238 2067 1303 2118 ut
1351 2062 1503 2119 infra
1547 2064 1800 2131 videtur,

135 2152 587 2209 corroborantes
618 2149 797 2224 sigilli
828 2150 1013 2206 nostri
1065 2150 1357 2222 jussimus
1408 2152 1799 2224 impressione

137 2240 374 2309 signifi.

196 2328 443 2401 Signum
468 2330 657 2386 damni
686 2330 930 2385 Ileinricz‘
966 2330 1122 2385 tertii
1170 2330 1250 2402 (L.
1305 2329 1400 2398 M.)
1448 2331 1592 2399 regis
1643 2331 1798 2386 invi-

126 2418 392 2475 ctissimi.
429 2423 457 2484 t
491 2418 604 2474 CR.
642 2424 668 2484 ’r
706 2428 712 2435 ‘

197 2507 605 2563 Theodericus
637 2506 1019 2563 cancellarius
1048 2505 1167 2563 vice
1196 2506 1479 2563 Bardonis
1497 2507 1799 2563 archican-

132 2594 366 2651 ceilarii
398 2595 748 2669 recognovit.

197 2685 363 2739 Data
387 2703 443 2740 v1
468 2682 599 2740 'Kal.
634 2682 783 2753 Oct.,
817 2700 967 2739 anno
1008 2683 1319 2741 Dominicze
1368 2683 1796 2748 Incarnationis

127 2773 305 2840 1044,
338 2772 657 2831 indictione
687 2789 800 2841 x11;
840 2789 996 2828 anno
1048 2776 1243 2829 autem
1296 2772 1498 2828 domni
1544 2772 1796 2828 Heinrici

124 2860 300 2917 tertii
320 2861 706 2919 ordinationis
734 2861 864 2933 ejus
888 2878 1022 2928 xvu,
1056 2863 1220 2934 regni
1243 2878 1377 2918 vero
1400 2878 1475 2917 vr.

208 2954 437 3009 Actum
465 2951 815 3024 Aquisgrani
846 2944 907 3005 in
931 2949 1031 3005 Dei
1051 2951 1288 3006 nomine
1312 2949 1793 3007 feliciter.Amen.

942 3057 1007 3113 X.

129 3150 503 3213 Conﬁmuuio
528 3140 949 3220 priuilegiorum
975 3146 1279 3220 etjurjum
1326 3146 1638 3220 Mantuanae
1684 3146 1792 3220 Ec-

1932 563 2149 619 factum
2181 567 2271 619 est
2301 563 2359 619 in
2390 562 2609 621 honore
2637 567 2978 622 sanctorum
3008 552 3305 634 Memoris,
3326 548 3506 635 'Probi
3528 569 3588 629 et

1932 653 2172 721 Rulﬁni,
2208 670 2343 708 cum
2367 653 2645 710 omnibus
2673 654 2798 712 suis
2822 652 3188 729 adjacentiis,
3205 654 3428 729 sciiicet
3447 642 3583 723 cum

1932 748 2104 814 aqua,
2139 760 2264 815 quae
2292 741 2508 798 dicitur
2534 724 3053 814 Mulinelles,-cum
3080 724 3207 802 suis
3236 724 3584 801 decursibus

1929 831 2000 886 de
2022 831 2119 887 illo
2135 831 2282 899 loco,
2302 833 2457 888 unde
2478 832 2680 889 eadem
2703 851 2857 907 aqua
2879 826 3165 907 originem
3180 828 3584 906 sumit,u.sc'Iue

1928 919 1986 974 in
2020 920 2214 975 Mincii
2245 937 2498 988 amnem,
2532 924 2589 977 et
2616 939 2686 978 ex
2716 927 2966 995 utraque
2996 921 3195 979 lectuli
3220 910 3393 997 parte
3422 918 3571 989 duo-

1925 1005 2109 1060 decim
2142 1007 2338 1077 pedes,
2372 1024 2505 1062 cum
2563 1008 2840 1066 omnibus
2880 1009 3250 1083 pertinentiis
3300 998 3578 1081 ejusdem

1926 1094 2287 1162 monasterii,
2309 1112 2443 1151 cum
2477 1096 2740 1154 curtibus
2770 1094 2944 1154 etiam
2991 1099 3051 1154 in
3102 1094 3423 1156 Veron'ensi
3446 1090 3574 1169 ⁵νὶ-

1922 1182 2172 1251 centino,
2192 1183 2529 1252 Mantuano,
2543 1184 2826 1256 Brisiano,
2846 1187 3205 1258 Placentino,
3221 1182 3571 1261 Mutinensi,

1922 1275 2097 1343 atque
2128 1271 2501 1328 Cremonensi
2531 1274 2909 1332 comitatibus
2940 1275 3094 1345 sitis,
3122 1278 3251 1350 qua;
3275 1272 3359 1349 ita
3382 1276 3569 1346 nomi-

1920 1364 2155 1429 nantur,
2190 1360 2485 1433 Bagniolo,
2509 1360 2764 1431 Colonia,
2795 1368 2852 1420 et
2881 1363 2940 1420 in
2970 1365 3221 1421 circuitu
3273 1356 3561 1434 fluminis,

1919 1450 2074 1521 quod
2100 1448 2315 1505 dicitur
2335 1452 2519 1522 Caput
2546 1450 2813 1523 Alponis,
2844 1452 3109 1523 Puliana,
3150 1438 3381 1529 Monte,
3418 1438 3565 1527 1:80-

1918 1537 2074 1610 nigo,
2107 1542 2281 1610 atque
2312 1537 2588 1606 Sablone;
2622 1556 2724 1595 seu
2758 1540 2815 1595 in
2847 1536 3190 1597 Cardinensi
3219 1536 3562 1598 Judiciaria.

1915 1642 2049 1681 cum
2084 1627 2263 1682 servis
2290 1630 2347 1683 et
2376 1626 2605 1682 ancillis
2628 1627 2846 1683 ibidem
2879 1627 3329 1701 pertinentibus,
3354 1628 3410 1685 et
3432 1644 3561 1685 om-

1914 1732 2016 1770 nes
2049 1715 2194 1771 alias
2224 1732 2316 1771 res
2347 1716 2610 1786 ejusdem
2644 1716 3006 1785 monasterii,
3027 1716 3153 1790 quae
3175 1714 3388 1774 suntin
3426 1714 3568 1790 pm-

1910 1804 2082 1860 dictis
2111 1804 2506 1874 comitatibus,
2539 1804 2631 1861 vel
2654 1804 2806 1862 infra
2822 1810 3091 1885 nostrum
3107 1805 3378 1885 Italicum
3398 1821 3565 1885 rega-

1910 1910 2093 1966 gnum
2104 1909 2380 1965 ,seuquas
2393 1896 2732 1953 ceeterorum
2746 1894 3562 1962 hominumconcessionibus,

1912 1982 2347 2047 traditionibus,
2372 1982 2812 2051 offensionibus,
2838 1983 3566 2056 Comparationibus,eom-

1912 2069 2703 2140 mutationibus,libellorum
2719 2058 2951 2145 quoque
2962 2072 3051 2128 vel
3068 2072 3564 2146 qualicunquere-

1911 2158 2055 2214 lium
2072 2158 2406 2215 chartarum
2421 2161 3093 2233 consc'ripti‘onibus,’seu
3130 2160 3561 2235 pheothecariis

1908 2248 2254 2321 emphiteosi
2269 2248 2392 2320 ipse
2409 2253 2647 2305 sanctus
2661 2249 2825 2306 locus
2840 2248 3556 2323 obtinuit.Con{irmamus

1906 2336 2103 2411 itaque
2133 2337 2244 2393 sibi
2278 2337 2507 2409 plebem
2540 2336 2865 2394 Mantuane:
2910 2337 3158 2395 civitatis
3201 2332 3336 2394 eum
3388 2328 3557 2411 plebe

1908 2422 2166 2494 Sasselli,
2200 2443 2328 2498 quae
2359 2430 2447 2482 est
2464 2425 2521 2481 in
2540 2427 2979 2499 Porto,plebem
2994 2422 3295 2507 devSuav'e‘,
3322 2425 3553 2507 plebem

1906 2512 2115 2583 Mauri,
2135 2512 2363 2587 plebem
2386 2514 2581 2570 Sancti
2608 2514 2796 2582 Metri,
2818 2515 3047 2589 plebem
3070 2502 3140 2571 de
3161 2502 3405 2597 Octavo,
3429 2502 3554 2597 pl'e-

1906 2604 2038 2659 bem
2071 2604 2142 2659 de
2172 2598 2429 2670 Riverso,
2460 2603 2779 2685 plebemde
2802 2604 2953 2670 Goti,
2975 2605 3046 2660 de
3065 2592 3555 2685 Volta,deBona-

1906 2711 1999 2766 go,
2033 2692 2104 2748 de
2136 2691 2302 2775 Corte
2335 2693 2404 2747 de
2433 2682 2721 2749 Cauriana
2752 2691 2823 2775 de
2842 2692 3233 2775 Calzia’go,_de
3255 2682 3550 2775 cessata;

1906 2800 1999 2856 go,
2034 2783 2104 2838 de
2133 2774 2329 2854 Capite
2359 2770 3397 2861 Tartari,deMargareja,de’Ludolo,

1907 2874 1995 2927 est
2044 2871 2103 2925 in
2162 2870 2537 2939 Seorzarolio,
2589 2870 2659 2925 de
2703 2856 3011 2942 ’I‘uriselle,
3053 2870 3124 2949 de
3169 2856 3420 2939 Saviola,
3481 2856 3553 2927 as

1907 2957 2251 3015 Castellione
2268 2957 2605 3024 Mantuano,
2630 2958 2701 3014 de
2721 2952 3031 3026 Boneﬁcio,
3052 2958 3125 3014 de
3145 2950 3454 3032 Bigarello,
3477 2956 3551 3015 de

1907 3048 2120 3104 Sancto
2151 3046 2415 3120 Georgio,
2449 3047 2521 3102 de
2550 3045 2885 3117 Ponterioli,
2918 3034 2990 3101 de
3019 3045 3319 3125 Barbasio,
3352 3046 3424 3125 de
3453 3036 3560 3103 Ga-

1907 3136 2185 3202 risedolo,
2216 3136 2288 3191 de
2314 3136 2542 3203 Sancto
2582 3135 2886 3203 Cassiano,
2934 3134 3005 3191 de
3053 3122 3265 3191 sancto
3310 3122 3560 3193 Martino

603 3202 669 3274 ab
699 3202 928 3274 Henrico
985 3202 1081 3285 ιη’,
1139 3218 1446 3274 Germaniw
1504 3220 1555 3273 et
1598 3202 1794 3273 Italic?
1824 3205 1867 3273 (ἶ
1906 3228 1976 3283 de
2007 3224 2197 3282 casale
2228 3202 2488 3290 Ba'rbasi,
2522 3224 2592 3278 de
2618 3223 2831 3279 Sancto
2865 3202 3174 3279 Laurentio
3222 3222 3283 3277 in
3333 3216 3547 3290 casale,

199 3311 361 3367 rege.

765 3380 952 3451 (Anno
984 3377 1169 3449 1045.)

466 3469 818 3543 [ΜυιιιΑἸ-οῐιῐ,
851 3462 1030 3538 Αήιίᾳ.
1055 3467 1175 3522 Ital.
1202 3465 1296 3533 VI,
1321 3466 1467 3532 415.]

199 3582 273 3637 In
310 3577 548 3634 nomine
565 3578 780 3631 sancte:
803 3578 859 3630 et
876 3572 1186 3629 individuis
1210 3570 1536 3627 Trinitatis.
1560 3573 1796 3626 Hamm-

122 3679 264 3740 cus,
303 3665 507 3723 divina
528 3664 754 3719 favente
783 3661 1110 3729 clementia,
1146 3678 1261 3716 rex.

199 3758 272 3815 Si
304 3757 368 3811 in
402 3744 1051 3825 sacratisjomnipotenti
1074 3751 1190 3806 Deo
1213 3747 1356 3804 locis
1379 3765 1413 3803 a
1446 3747 1806 3821 quibuslibet

123 3842 428 3903 desolatis
459 3839 919 3912 recuperationis
950 3840 1333 3911 augmentum
1362 3836 1457 3909 pio
1478 3836 1671 3891 favore
1690 3835 1803 3890 lar-

123 3938 365 4011 gimur,
402 3924 460 3986 id
495 3927 664 3985 nobis
693 3932 750 3984 et
780 3928 851 3984 ad
871 3927 1103 4000 imperii
1127 3926 1311 3982 nostri
1342 3924 1805 3981 stabilimentum

122 4032 321 4099 atque
345 4020 421 4077 ad
445 4023 669 4074 aeternae
694 4014 1184 4072 remunerationis
1207 4012 1671 4070 emolumentum
1686 4029 1806 4068 cre-

123 4116 341 4171 dimus
376 4107 772 4181 profuturum.
802 4108 1166 4177 Quapropter
1188 4102 1452 4159 omnium
1478 4107 1689 4157 sancta:
1707 4101 1810 4158 Dei

120 4200 441 4265 Ecclesia,
476 4200 928 4267 nostrorumque
951 4191 1234 4263 ﬁdelium,
1252 4191 1629 4263 praesentium
1653 4190 1809 4247 scili-

121 4297 223 4348 cet
258 4304 331 4346 ac
365 4286 725 4352 futurorum,
758 4281 984 4339 noverit
1004 4280 1355 4337 universitas
1377 4280 1531 4351 quod
1562 4278 1814 4335 Marcia-

1900 3318 1969 3371 de
1994 3311 2329 3370 Gubernule
2357 3312 2426 3367 de
2456 3312 2851 3385 Septengenti,
2873 3312 2945 3367 de
2960 3312 3229 3380 Serm’ite,
3253 3306 3326 3369 de
3344 3308 3561 3389 Sancta

1901 3404 2082 3461 Maria
2107 3403 2177 3457 de
2198 3398 2456 3469 Baniolo,
2491 3400 2562 3455 de
2591 3399 3030 3468 Castellucehio,
3056 3401 3128 3458 de
3159 3398 3549 3473 Campedello,

1904 3494 1976 3548 de
2014 3486 2447 3547 Radaldescho:
2479 3488 2735 3560 itemque
2763 3487 2991 3560 plebem
3014 3487 3074 3546 in
3094 3487 3360 3567 Flumine
3381 3505 3551 3571 novo,

1907 3580 2135 3655 plebem
2168 3579 2239 3633 de
2271 3576 2512 3644 Pletule,
2548 3593 2684 3631 cum
2714 3576 2993 3632 omnibus
3019 3575 3151 3633 aliis
3182 3571 3453 3650 plebibus
3503 3580 3562 3633 et

1889 3667 2165 3743 capellis,
2198 3682 2331 3721 cum
2363 3665 2534 3721 terris
2564 3664 2739 3722 cultis
2771 3667 2827 3721 et
2858 3664 3120 3733 incultis,
3154 3681 3289 3747 eum
3312 3662 3478 3743 silvis
3500 3666 3557 3733 et

1910 3754 2338 3820 venationibus,
2371 3751 2636 3819 decimis,
2669 3768 2772 3808 seu
2805 3752 3094 3820 curtibus,
3119 3752 3343 3815 mansis
3386 3750 3564 3809 etiam

1911 3843 2138 3902 vestitis
2165 3847 2339 3914 atque
2371 3840 2739 3909 absentibus,
2768 3842 3016 3914 campis,
3050 3842 3258 3915 pratis,
3309 3834 3571 3914 pascuis,

1915 3938 2129 3990 etcum
2161 3931 2434 3988 omnibus
2460 3929 2695 4002 insulis,
2727 3946 2855 4003 qua:
2882 3934 3021 3986 sunt
3052 3930 3110 3986 in
3143 3930 3385 3987 ﬂumine
3407 3929 3570 3999 Padi,

1917 4025 1987 4079 de
2017 4022 2159 4077 Zara
2189 4035 2377 4092 usque
2403 4019 2464 4073 in
2496 4023 2750 4088 Burana,
2802 4023 2859 4075 et
2907 4035 3096 4092 usque
3143 4019 3200 4076 in
3257 4019 3572 4087 ViZanum,

1918 4113 2070 4169 sicut
2101 4110 2294 4166 Padus
2316 4108 2644 4180 antiquitus
2666 4106 3046 4165 decurrebat:
3072 4125 3207 4165 cum
3229 4098 3569 4181 piscationi-

1917 4200 2051 4268 bus,
2066 4199 2298 4263 caretis,
2313 4196 2650 4269 paludibus,
2668 4196 3042 4266 molendinis,
3061 4198 3570 4269 aquis,aquarum-

1921 4305 2032 4361 que
2062 4286 2432 4355 decursibus,
2464 4284 2627 4356 ripis,
2661 4284 2860 4340 omnia
2889 4284 3129 4341 omnino
3162 4285 3221 4339 in
3269 4282 3570 4357 integrum

116 4397 245 4437 nus
266 4372 834 4434 sanctzeMantuanaa
849 4370 1357 4443 sedisepiscopus,
1376 4372 1648 4423 nostram
1667 4366 1815 4422 adiit
1921 4390 2283 4451 qumcunque
2313 4372 2427 4429 dici
2452 4371 2538 4428 vel
2566 4373 2858 4429 nominari
2888 4374 3135 4446 possint,
3181 4372 3336 4429 unde
3362 4371 3568 4429 eadem

117 4464 544 4531 clementiam,
582 4459 893 4535 postumus
926 4464 990 4515 ut
1023 4477 1126 4533 pro
1149 4459 1249 4514 Dei
1272 4473 1468 4514 amore
1482 4461 1813 4529 nostraeque
1922 4468 2125 4523 saneta
2145 4461 2585 4519 Mantuanensis
2603 4460 2863 4518 Ecclesia
2883 4461 3156 4518 investita
3172 4458 3355 4517 fuisse
3371 4460 3574 4533 digno-

116 4558 354 4615 animae
382 4549 647 4608 remedio
679 4549 752 4605 ad
782 4549 1290 4605 conﬁrmationem
1307 4546 1396 4602 vel
1436 4544 1809 4602 restauratio-
1839 4560 1887 4630 Ι)
1916 4555 2122 4620 θείων,
2154 4567 2505 4624 quocunque
2529 4550 2733 4606 ordine
2752 4549 2840 4606 v91
2872 4549 3130 4622 qualibet
3159 4548 3424 4622 legitima
3463 4564 3568 4621 an-

127 4662 281 4703 nem
318 4640 591 4700 omnium
626 4654 867 4695 suorum
901 4639 1185 4695 bonorum
1211 4640 1421 4692 nostra
1443 4633 1807 4690 auctoritatis
1918 4643 2201 4700 ctoritate.
2235 4640 2482 4713 Insuper
2512 4655 2857 4694 renovamus
2888 4638 3171 4710 scriptum
3198 4635 3387 4693 sancti
3420 4632 3570 4713 pas-

120 4726 514 4809 prasceptum
556 4742 674 4784 suae
724 4725 995 4783 Ecclesia:
1039 4726 1354 4782 concedere
1406 4722 1805 4795 dignaremur.
1920 4730 2071 4788 siani
2105 4704 2441 4797 abbatim,-a
2471 4726 2716 4800 paganis
2748 4704 3078 4794 devastat-re,
3111 4742 3215 4798 per
3261 4725 3372 4782 hos
3420 4704 3571 4780 flues

119 4822 332 4894 Cujus
364 4816 643 4891 precibus
672 4812 969 4884 inclinati;
1005 4814 1109 4888 per
1136 4813 1529 4869 interventum
1575 4827 1808 4884 quoque
1917 4820 2266 4886 terminatas,
2299 4817 2371 4872 de
2403 4816 2627 4888 Agritia
2658 4815 2876 4887 Majore
2906 4830 3094 4887 usque
3125 4815 3184 4870 in
3214 4814 3395 4888 viam,
3443 4829 3576 4887 quae

120 4905 496 4969 Herimanni
512 4905 698 4961 nostri
722 4900 1095 4960 dilectissimi
1114 4900 1535 4974 archiepiscopi
1552 4905 1605 4956 et
1619 4899 1806 4956 archi-
1914 4908 2088 4982 vulgo
2120 4906 2335 4961 dicitur
2365 4901 2693 4971 Viscovilis,
2721 4919 2913 4976 usque
2944 4903 3005 4959 in
3047 4901 3338 4977 Agritiam
3385 4896 3579 4981 Minq‘.

118 4993 507 5062 cancellarii,
531 4998 588 5049 et
605 4993 897 5049 Brunonis
918 4992 1101 5048 nostri
1118 4989 1509 5047 amantissimi
1529 4989 1805 5061 episcopi,
1919 5013 2069 5065 rem;
2098 4995 2231 5050 inde
2253 4992 2519 5049 decurrit
2538 4992 2875 5049 terminatio
2895 4993 3156 5064 usquein
3186 4984 3576 5061 Vereﬁscul'a;

120 5076 413 5143 libenter
442 5082 914 5154 θεοίίαίθεοθηῖθεε
947 5084 1003 5136 et
1034 5079 1311 5153 quoniam
1344 5077 1588 5151 dignum
1604 5082 1713 5144 θεῖ»
1736 5094 1809 5132 Πθ
1919 5086 2054 5143 inde
2082 5084 2377 5141 derivatur
2407 5096 2511 5154 per
2537 5081 2724 5137 fossas
2754 5080 2947 5137 Paluti
2978 5082 3039 5137 in
3064 5076 3261 5138 lacum
3296 5076 3578 5157 Mantua);

115 5191 231 5231 res
264 5166 670 5228 Ecclesiarum
706 5170 807 5227 Dei
842 5187 875 5224 a
904 5167 1268 5242 quibuslibet
1296 5167 1663 5239 depraedentu

2032 5191 2055 5230 e
2080 5173 2332 5237 Fissaro,
2355 5173 2413 5225 et
2442 5185 2545 5242 per
2568 5168 2867 5224 Fissarum
2883 5180 3072 5240 usque
3086 5169 3146 5225 in
3163 5168 3449 5242 Agritiam
3463 5162 3580 5223 Ma-

113 5265 204 5319 ab
242 5276 462 5318 earum
495 5256 738 5324 ἀίιὶοῐὶθο
762 5258 919 5330 (Ῑυοά
944 5272 1199 5329 nequam
1219 5259 1308 5311 est
1327 5254 1686 5321 anferantur,
1710 5255 1811 5310 ἀθ-
1912 5264 2124 5336 jorem,
2141 5256 2690 5317 ubiterminationis
2703 5257 3007 5312 exordium
3020 5257 3445 5330 sumpsit,cum
3459 5268 3575 5310 om-

109 5349 446 5409 crevimus
477 5346 667 5404 eidem
699 5344 1017 5419 Mantuane
1048 5344 1408 5418 episcopatui
1459 5359 1663 5400 omnes
1720 5360 1812 5400 res
1922 5353 2099 5408 nibus
2128 5347 2498 5422 pertinentiis
2529 5348 2585 5402 et
2614 5340 2980 5416 adjacentiis,
3011 5359 3141 5416 qua?
3172 5346 3244 5402 ad
3263 5344 3450 5416 ipsam
3468 5340 3578 5411 ab-

109 5454 296 5514 quas
310 5437 490 5509 modo
511 5436 583 5493 de
607 5436 779 5493 donis
805 5451 1012 5509 regum
1028 5450 1134 5491 seu
1152 5434 1573 5506 imperatorum
1593 5432 1811 5504 praede-

106 5530 455 5588 cessorum
487 5527 849 5593 nostrorum,
880 5523 971 5581 vel
1000 5521 1113 5581 alio
1146 5520 1410 5594 quolibet
1431 5521 1607 5591 modo,
1635 5523 1812 5591 tenet,

101 5616 231 5703 ἶσοι
260 5619 422 5694 quas
455 5612 586 5674 sine
614 5612 745 5690 lege
772 5611 1138 5688 potestative,
1167 5608 1259 5670 vel
1279 5625 1413 5668 cum
1434 5608 1649 5669 virtute
1689 5625 1814 5684 pera

477 5740 746 5829 PATROL.
789 5738 938 5807 CLI.

1921 5439 2140 5496 batiam
2157 5437 2446 5511 pertinere
2456 5434 2748 5501 videntur,
2763 5437 3054 5507 quatenus
3072 5433 3229 5490 idem
3244 5428 3580 5489 Marcianus

1923 5526 2158 5604 praesul,
2192 5527 2446 5605 ejusque
2461 5538 2833 5605 successores
2861 5523 2983 5579 haec
3013 5521 3213 5605 omnia
3234 5520 3314 5605 ad
3359 5516 3581 5605 utilita-

1922 5601 2043 5669 tem
2075 5604 2167 5666 sui
2193 5602 2477 5682 episOOpii
2506 5601 2729 5679 absque
2759 5603 3012 5683 alicujus
3058 5601 3481 5680 impedimento
3521 5603 3583 5665 et

3178 5731 3260 5805 85
