3920 6208
409 276 563 338 1099

1760 280 2078 349 MONUM.
2120 281 2449 347 'DIPLOM.

3668 281 3818 349 “T00

404 407 886 466 contradictionis
907 409 1174 467 molestia
1195 413 1848 485 perpetualitervaleant
1861 419 2048 489 possi-
2076 421 2133 487 Α
2163 420 2295 474 inde
2318 420 2552 484 fecerat,
2573 419 2725 489 apud
2740 417 3020 490 genitoris
3036 418 3219 474 nostri
3237 417 3815 477 excellentiam-mul-

402 501 557 555 dere.
590 498 806 554 Verum
839 499 1014 554 etiam
1072 502 1492 558 conﬁrmamus
1545 505 1732 559 eidem
1776 505 2041 560 Ecclesim

401 604 573 643 omne
595 587 912 653 toloueum,
937 588 1114 659 ripas,
1138 595 1193 642 et
1210 589 1543 662 ripaticum,
1569 597 1623 647 et
1647 594 1862 648 ﬁxuras
1884 595 2043 666 palo-

401 694 532 732 rum
563 677 700 748 ripae
734 677 1060 732 Mantuanae
1093 677 1340 733 civitatis
1372 684 1425 734 et
1456 681 1630 751 porti,
1659 686 1713 736 et
1737 687 1914 737 totam
1938 701 2044 754 pu-

403 766 616 823 blicam
648 765 1025 834 functionem,
1060 770 1236 837 atque
1266 767 1522 824 insulam
1555 771 1768 825 reveris
1811 775 1866 825 et
1914 789 2042 826 cur-

402 861 520 911 tem
552 852 848 927 Regalem,
875 870 979 908 nec
995 870 1106 908 non
1128 854 1478 924 etinsnlam,
1499 859 2044 928 quazdiciturSuza-

401 945 507 1012 ria,
540 948 647 999 etc.

466 1034 696 1104 Signum
727 1030 828 1103 (ab)
857 1029 1044 1085 damni
1085 1033 1332 1088 ch‘nrz’cz’
1387 1038 1540 1091 tertii
1598 1039 1744 1106 regis
1801 1039 2047 1092 invictis-

398 1125 546 1178 sunt

466 1213 806 1270 Adelberius
834 1216 1218 1272 cancellarius
1243 1215 1364 1269 vice
1389 1213 1725 1268 llerimanni
1745 1214 2046 1269 archican-

397 1300 617 1357 cellarii
650 1306 976 1375 recognovi.

467 1390 613 1446 Data
644 1408 796 1447 anno
827 1393 1143 1448 Dominicae
1201 1390 1623 1447 [ncarnationis
1685 1392 1843 1458 1045,
1885 1393 2049 1462 judi-

397 1479 588 1534 ctioue
618 1497 738 1546 x111,
775 1497 928 1536 anno
959 1499 1090 1536 vero
1124 1480 1323 1535 domui
1359 1478 1610 1535 Heinrici
1639 1479 1788 1533 tertii
1824 1480 2050 1535 ordina-

399 1568 575 1623 tionis
607 1568 734 1639 ejus
767 1587 858 1637 xv,
892 1570 1192 1641 regnantis
1223 1585 1355 1623 vero
1378 1587 1452 1623 νι.

466 1659 676 1711 Actum
702 1661 970 1729 Augusta
992 1657 1255 1713 feliciter.
1292 1663 1501 1712 Amen.

1182 1747 1279 1800 XI.

400 1817 684 1872 Heinricus
716 1816 764 1871 II
792 1817 1094 1888 impera-tor
1126 1819 1480 1873 Cremonensi
1504 1817 1754 1870 Ecclesia:
1770 1819 2052 1872 restituen-
2081 1786 2128 1851 Β

469 1888 540 1943 da
569 1888 812 1943 decernit
836 1889 1012 1944 eidem
1038 1889 1220 1945 ablata
1247 1906 1279 1941 (ι
1314 1888 1546 1944 Gerardo
1571 1892 1758 1958 nepote
1778 1890 2050 1944 Heriberti

470 1961 865 2031 archiepiscOpi
886 1961 1337 2015 Mediolanensis.

853 2031 1115 2102 (Circiter
1144 2047 1366 2086 annum
1400 2031 1584 2102 7170746.)

713 2101 989 2171 [MURAT.,
1022 2104 1202 2173 Antiq.
1236 2104 1358 2157 Ital.
1395 2101 1488 2168 VI,
1520 2103 1673 2169 217.]

468 2191 532 2245 In
565 2189 799 2246 nomine
829 2190 1061 2245 Domini
1095 2191 1192 2246 Dei
1225 2189 1445 2245 aeterni.
1483 2191 1828 2261 ﬂammeus,
1853 2190 2050 2245 divina

397 2280 620 2335 favente
651 2279 961 2334 clementia
990 2279 1307 2350 imperator
1335 2281 1653 2349 Augustus.

466 2368 522 2422 Si
557 2373 892 2423 sanctarum
917 2367 1017 2422 Dei
1040 2367 1431 2422 Ecclesiarum
1452 2366 1787 2438 pastoribus
1809 2383 1895 2434 ea,
1918 2385 2044 2439 qua:

395 2466 568 2537 digne
599 2482 632 2519 a
656 2465 870 2520 nostris
905 2465 1175 2519 ﬁdelibus
1208 2465 1361 2536 apud
1395 2469 1655 2520 nostram
1676 2466 2043 2534 majestatem

394 2553 788 2626 postulantur,
820 2554 1240 2624 impendimus,
1274 2555 1329 2607 id
1364 2554 1434 2608 ad
1460 2557 1683 2608 aeterna:
1708 2571 2044 2609 remunera-

397 2641 570 2697 tionis
593 2641 870 2697 meritum
894 2641 1062 2695 nobis
1077 2643 1355 2712 proﬁcere
1374 2658 1488 2695 non
1509 2641 1868 2697 dubitamus.
1892 2643 2042 2706 Quo-

400 2731 829 2786 circaomuium
848 2725 1110 2784 ﬁdelium
1136 2733 1348 2784 sanctae
1371 2729 1472 2784 Dei
1496 2728 1789 2798 Ecclesiae,
1816 2736 2044 2786 nostro-

394 2834 664 2888 rumque,
698 2816 1073 2888 praesentium
1107 2816 1328 2872 scilicet
1349 2834 1415 2871 ac
1443 2817 1795 2884 futurorum,
1821 2820 2044 2874 noverit

393 2906 686 2961 industria
715 2923 780 2961 eo
811 2906 966 2976 quod
981 2906 1285 2960 Hubaldus
1298 2905 1642 2961 venerabilis
1665 2912 1876 2962 sancta
1907 2908 2039 2964 Cre-

394 2995 694 3051 monensis
741 2993 1007 3050 Ecclesia:
1051 2994 1382 3066 episcopUs,
1436 2995 1800 3067 dilectusque
1850 2996 2039 3054 ﬁdelis

393 3089 608 3151 noster,
629 3102 730 3156 per
753 3085 1035 3139 domuum
1059 3083 1481 3139 Herimanuum
1502 3085 2036 3141 reverentissimum

392 3172 796 3229 Colonieusem
815 3171 1825 3244 archicpiscopum,etdulcissimum
1844 3191 2043 3229 conso-
2074 3152 2116 3217 Ο

394 3261 629 3317 brinum
676 3265 965 3328 nostrum,
1018 3264 1232 3315 nostrae
1281 3261 1451 3332 regiae
1502 3261 1808 3316 humiliter
1850 3262 2051 3319 retulit

394 3351 688 3423 potestati,
725 3349 978 3421 qualiter
1008 3365 1177 3404 suam
1196 3348 1511 3406 Ecclesiam
1539 3366 1683 3420 pene
1721 3351 2044 3407 desolatam

402 3439 721 3512 multisque
748 3438 1180 3494 calamitatibus
1201 3443 1257 3493 et
1277 3437 1530 3494 miseriis
1552 3438 1870 3495 invenisset
1889 3440 2049 3496 attri-

401 3533 543 3585 tam.
568 3525 940 3600 Imperatoris
963 3543 1215 3596 namque
1239 3526 1378 3580 diva:
1405 3527 1697 3582 memoriae
1711 3527 2045 3584 Chuouradi

397 3619 478 3674 im
486 3614 1019 3690 peratorisAugusti
1033 3614 1165 3685 geni
1176 3615 1312 3669 toris
1326 3615 1507 3670 nostri
1522 3619 1779 3688 tempore
1793 3617 2045 3673 domnus

399 3704 723 3763 Landulfus
751 3702 1181 3775 prmnominata:
1213 3703 1482 3759 Ecclesiae
1510 3708 1568 3758 et
1600 3705 1749 3775 parti
1797 3706 2042 3760 Romani

398 3793 628 3865 imperii
659 3809 762 3864 per
789 3790 985 3846 omnia
1009 3807 1240 3862 semper
1270 3791 1673 3858 ﬁdelissimus,
1705 3794 1862 3864 gravi
1887 3794 2042 3848 infir-

396 3882 599 3937 mitate
630 3885 953 3952 correptus,
975 3880 1034 3934 in
1066 3881 1195 3952 ipsa
1241 3880 1583 3935 infirmitate
1646 3881 1879 3952 longam
1937 3900 2041 3954 pro

393 3971 566 4026 traxit
595 3971 792 4025 vitam.
819 3974 880 4023 In
904 3970 1074 4040 cujus
1094 3969 1264 4041 longa
1287 3968 1631 4040 aegritudine
1653 3986 1762 4024 sua
1785 3970 2042 4027 Ecclesia

392 4077 507 4116 non
533 4058 820 4115 modicam
839 4075 1012 4130 passa
1028 4059 1438 4128 estjacturam,
1462 4057 1712 4113 maxime
1727 4057 2035 4128 aGirardo,

389 4148 674 4206 Heriberti
707 4147 1161 4202 Mediolanensis
1193 4145 1616 4217 archiepiscOpi
1652 4151 1881 4217 nepote,
1938 4147 2038 4219 qui

387 4239 632 4296 audacia
662 4236 854 4309 patrui
885 4235 1001 4302 sui,
1035 4233 1133 4305 qui
1167 4249 1339 4288 omne
1375 4249 1622 4306 regnum
1650 4235 1915 4290 Italicum
1964 4238 2037 4292 ad

389 4345 564 4385 suum
587 4325 933 4398 disponebat
959 4328 1191 4390 nutum,
1217 4323 1465 4393 superbe
1483 4321 1724 4391 levatus,
1749 4324 2034 4397 quidquid

390 4417 500 4474 sibi
533 4415 808 4489 placitum
828 4417 972 4478 erat,
989 4412 1220 4482 justum
1242 4416 1342 4466 aut
1361 4411 1670 4482 injustum,
1694 4415 2036 4485 potestative

389 4507 739 4579 operabatur
759 4502 816 4556 in
837 4517 1035 4572 regno.
1059 4500 1273 4555 Invasit
1295 4500 1488 4570 itaque
1502 4505 1718 4556 cortem
1734 4506 1789 4556 et
1806 4501 2034 4574 plebem
2065 4517 2112 4582 ι)

385 4597 457 4652 de
485 4593 724 4650 Arciaco
757 4595 959 4645 contra
986 4587 1344 4644 voluntatem
1368 4594 1423 4644 et
1475 4590 1600 4644 sine
1651 4589 2036 4662 permissione

384 4687 643 4741 multum
660 4680 877 4751 diuque
895 4677 1230 4750 :egrotantis
1252 4679 1528 4750 epiSCOpi.
1555 4678 1808 4742 Quicum
1826 4679 2031 4752 liquis-

388 4777 476 4830 set
505 4773 730 4836 infima,
755 4773 813 4824 et
844 4767 1154 4840 migrasset
1199 4767 1270 4822 ad
1321 4784 1588 4838 superos,
1643 4769 1930 4824 successit
1980 4769 2032 4826 ei

387 4859 691 4918 Hubaldus
707 4857 1036 4930 episcopus,
1054 4861 1251 4911 noster
1265 4856 1322 4910 in
1340 4855 1613 4910 omnibus
1629 4856 2025 4916 ﬁdelissimus.

382 4951 485 5006 Cui
521 4965 654 5005 cum
687 4962 922 5004 necesse
953 4949 1108 5000 esset
1137 4945 1206 5000 ad
1235 4944 2028 5016 episcOpalemconsecratio-

383 5056 518 5095 nem
550 5037 841 5103 accedere,
873 5035 945 5090 ab
997 5034 1432 5105 archiepiscopo
1484 5039 1547 5088 ut
1591 5040 2030 5091 consecraretur

385 5129 1080 5200 impetrareueqnaquam
1094 5121 1296 5191 valuit,
1329 5123 1555 5193 plebem
1583 5127 1639 5178 et
1659 5129 1876 5179 cortem
1912 5125 2026 5180 nisi

384 5232 562 5289 quam
597 5215 810 5282 injuste
841 5217 896 5267 et
928 5211 1269 5283 potestative
1301 5210 1613 5278 invaserat,
1667 5213 1864 5282 nepoti
1919 5229 2026 5268 suo

384 5302 743 5361 concederet.
776 5305 1036 5370 Cumque
1057 5299 1115 5353 in
1148 5299 1388 5371 longum
1417 5316 1518 5370 pro
1550 5299 1659 5354 hac
1707 5299 2026 5357 intentione

385 5393 514 5460 ejus
537 5389 915 5459 protelaretur
933 5388 1309 5452 consecratio,
1331 5405 1446 5442 non
1468 5391 1675 5456 sponte
1701 5389 1802 5442 sed
1829 5393 2026 5445 coacte

387 5479 690 5549 concessit,
715 5483 869 5554 quod
897 5477 1160 5552 petierat,
1192 5473 1688 5531 consecrationem
1719 5493 1834 5531 non
1858 5477 2028 5533 aliter

389 5573 752 5630 consecutus.
786 5569 935 5637 Quia
945 5579 1078 5624 vero
1099 5564 1350 5623 multum
1369 5559 1612 5627 moleste
1634 5562 1854 5624 ferebat
1868 5567 2022 5642 quod

2153 509 2325 563 toties
2359 512 2719 579 conquestus
2747 511 2837 562 est
2859 525 2921 562 se
2951 507 3062 563 hoc
3095 512 3303 580 sponte
3325 525 3442 564 non
3468 509 3813 567 fecisse.Cui

2160 615 2293 652 cum
2326 597 2662 669 praedictam
2695 601 2913 652 cortem
2947 602 3002 652 et
3022 596 3253 668 plebem
3283 598 3596 654 restituere
3628 598 3813 666 vellet,

2154 703 2302 756 saepe
2333 690 2389 740 et
2413 684 2735 756 smpissime
2766 701 2868 756 per
2900 702 3038 740 suas
3072 684 3296 741 litteras
3329 685 3412 740 illi
3460 687 3814 743 mandatum

2155 779 2430 829 estuteas
2461 775 2531 829 ad
2568 777 2789 846 partem
2823 774 3418 846 episcopiihabendas
3439 775 3814 848 relinqueret.

2155 863 2313 925 Quod
2349 879 2652 933 nunquam
2681 863 3004 934 impetrare
3034 863 3239 930 valuit,
3272 865 3371 920 sed
3407 864 3703 921 diabolico
3733 866 3814 921 iu-

2157 951 2395 1012 stinctu,
2427 951 2518 1004 cui
2545 969 2579 1005 a
2609 951 2938 1018 cunabulis,
2974 951 3126 1006 sicut
3155 951 3432 1008 omnibus
3449 956 3570 1008 tam
3596 953 3806 1010 Italicis

2157 1057 2332 1111 quam
2361 1039 2693 1095 Teutonicis
2714 1043 2891 1110 patet,
2917 1040 3292 1109 deservierat,
3314 1041 3444 1111 ejus
3461 1041 3809 1114 legationem

2152 1129 2537 1200 vilipcndens,
2574 1129 2854 1200 superius
2877 1129 3031 1184 dicta
3060 1129 3310 1185 detinuit
3357 1135 3415 1185 et
3463 1129 3579 1186 alia
3630 1131 3807 1186 mulio

2159 1219 2381 1288 majora
2413 1217 2483 1271 ad
2517 1217 2798 1288 genitoris
2829 1217 3079 1274 dedecus
3109 1222 3166 1272 et
3197 1217 3503 1285 vilitatem,
3530 1220 3802 1277 invadere

2158 1325 2270 1361 non
2292 1305 3114 1378 formidavit,scilicetplebem
3133 1307 3202 1361 de
3225 1307 3476 1363 Misiauo
3499 1325 3635 1363 cum
3651 1312 3806 1364 omni
3887 1331 3892 1434 4

2160 1394 2487 1434 intonvit-uin
2519 1412 2620 1434 mm
2679 1400 2732 1434 nt
2765 1396 3050 1434 (Ini-imam
3083 1397 3152 1434 ΑΩ
3183 1402 3373 1434 nnch-n
3427 1396 3703 1434 Amnolln
3750 1400 3809 1434 ari

2160 1394 2487 1464 integritate
2519 1412 2644 1459 sua,
2679 1400 2736 1449 et
2765 1396 3054 1450 decimam
3083 1397 3154 1451 de
3183 1402 3373 1452 castro
3421 1396 3703 1469 Aganello
3749 1400 3810 1454 ad

2160 1472 2493 1554 praedictam
2529 1484 2754 1555 plebem
2787 1484 2856 1539 de
2888 1485 3127 1541 Arciaco
3147 1485 3558 1556 pertinentem,
3585 1488 3812 1543 etdeci-

2161 1501 2493 1554 praeclaram
2529 1501 2754 1555 pienem
2787 1501 2856 1539 ne
2888 1501 3127 1541 areiaco
3147 1501 3558 1556 pertinentem,
3585 1501 3812 1543 etnec:-

2161 1589 2315 1627 mam
2351 1573 2421 1627 de
2453 1572 2779 1644 Mauriugo,
2811 1573 2882 1627 ad
2913 1571 3145 1644 plebem
3178 1575 3249 1629 de
3271 1574 3530 1630 Fornovo
3552 1576 3806 1632 attinen-
3887 1501 3892 1682 ‘

2161 1665 2269 1682 1--.-
2334 1677 2435 1682 ..-Α
2469 1677 2576 1682 ..-..
2611 1664 2653 1682 ,ι
2682 1660 3048 1682 _.-.1I.'-1_L-_.
3081 1661 3143 1682 ,1-
3173 1665 3352 1682 -_._L_-
3381 1661 3657 1682 n_¥L__.A,,
3686 1681 3700 1682 γ
3758 1665 3810 1682 ,1

2159 1665 2297 1726 tem,
2334 1677 2438 1714 nec
2469 1677 2580 1714 non
2605 1664 2661 1714 et
2682 1660 3054 1716 medietatem
3076 1661 3147 1715 de
3168 1665 3359 1716 castro
3381 1661 3736 1735 Cortegano,
3752 1665 3814 1718 ad
3889 1660 3891 1726 Τ

2158 1749 2454 1804 abbatiam
2488 1748 2684 1803 Sancti
2719 1749 3011 1805 Laurentii
3045 1749 3454 1821 pertinentem.
3490 1751 3566 1806 Eo
3606 1756 3804 1808 autem

2159 1839 2216 1891 in
2245 1854 2420 1909 regno
2436 1838 2695 1892 veniente
2709 1854 2842 1892 cum
2857 1839 3238 1910 comperisset
3255 1839 3407 1912 quod
3424 1840 3816 1914 archiepisco-
3889 1837 3891 1914 έ

2159 1945 2267 1998 pus
2299 1926 2511 1981 violata
2546 1925 2822 1982 ﬁdelitate
2853 1943 3030 1998 quam
3062 1925 3146 1981 illi
3170 1927 3404 1994 fecerat,
3428 1944 3684 2002 regnum
3708 1931 3813 1987 sibi

2158 2015 2428 2069 invadere
2462 2013 2782 2082 moliretur,
2809 2015 3052 2070 Girardo
3074 2015 3392 2087 instigante
3413 2017 3535 2072 etei
3572 2019 3813 2075 omnino

2159 2106 2532 2174 suffragante,
2566 2104 2761 2158 omnia
2793 2103 3092 2175 praedicta,
3117 2104 3269 2159 sicut
3292 2121 3387 2160 reo
3412 2106 3751 2176 majestatis
3769 2115 3818 2164 et

2159 2191 2582 2264 proscriptione
2609 2192 2806 2263 digno,
2821 2193 2982 2262 juste
2999 2191 3050 2247 ei
3073 2191 3320 2248 abstulit
3344 2196 3401 2248 et
3421 2194 3716 2268 episcopo
3739 2213 3816 2252 nc-

2157 2280 2366 2336 stituit.
2401 2280 2510 2334 Sed
2544 2281 2802 2352 genitore
2834 2284 3031 2336 nostro
3062 2281 3133 2336 de
3153 2297 3331 2354 regno
3351 2284 3692 2350 recedente,
3718 2284 3815 2340 ite-

2157 2387 2286 2424 rum
2302 2369 2500 2424 omnia
2523 2369 2794 2425 invadere
2807 2386 2922 2424 nou
2941 2368 3156 2436 timuit,
3173 2373 3369 2442 spreta
3380 2372 3510 2443 ejus
3533 2389 3809 2429 reveren-

2154 2460 2236 2514 tia
2262 2464 2318 2514 et
2349 2458 2573 2512 timore.
2609 2458 2722 2512 Nos
2749 2474 2879 2513 vero
2912 2458 3288 2531 episcopatus
3327 2459 3718 2517 diminutioni
3760 2470 3811 2518 et

2155 2547 2402 2602 miseriae
2431 2546 2829 2612 condolentes,
2863 2550 3245 2618 etpaternum
3265 2548 3521 2605 dedecus
3541 2551 3812 2607 conside-

2153 2640 2368 2701 rantes,
2403 2635 2522 2690 haec
2562 2635 2757 2690 omnia
2800 2634 3092 2706 episcopio
3135 2635 3483 2692 aaternaliter
3531 2638 3808 2695 habenda

2152 2724 2546 2790 concedimus,
2578 2728 2634 2778 et
2664 2724 2906 2796 insuper
2934 2740 3036 2795 per
3057 2725 3327 2797 praecepti
3345 2727 3531 2781 nostri
3555 2730 3810 2784 auctori-

2150 2816 2329 2868 tatem
2363 2812 2666 2868 retiuenda
2695 2811 3082 2878 instituimus,
3113 2827 3182 2868 ea
3199 2812 3468 2870 videlicet
3504 2815 3738 2871 ratione
3758 2823 3815 2871 ut

2150 2900 2351 2956 nullus
2403 2900 2899 2972 archiepiscopus,
2947 2899 3278 2972 episcopus,
3325 2901 3464 2967 dux,
3517 2904 3803 2968 marchio,

2149 3006 2364 3055 comes,
2399 2989 2734 3055 vicecomes,
2761 3005 2862 3044 seu
2887 3003 3104 3060 magna
3121 3005 3416 3060 parvaque
3435 2991 3602 3063 regni
3625 2992 3808 3048 nostri

2149 3095 2396 3150 persona
2425 3076 2728 3133 ecclesiam
2753 3077 3020 3132 eamdem
3045 3077 3318 3133 divestire
3340 3079 3579 3134 audeat.
3605 3081 3660 3135 Si
3679 3082 3808 3152 quis

2153 3184 2307 3232 vero,
2340 3170 2448 3222 etc.

2231 3256 2344 3327 Ego
2373 3256 2717 3312 Ramuudus
2749 3255 3013 3311 notarius
3043 3255 3225 3328 hujus
3251 3257 3465 3313 exomii
3510 3260 3814 3332 exemplar

2155 3343 2271 3399 vidi
2299 3348 2354 3399 et
2385 3343 2518 3415 legi.

3885 1881 3892 2054 Α

3884 2083 3892 2304 ι

2154 3505 2401 3577 Ησίηνίει·
2431 3505 2504 3559 III
2536 3507 2700 3572 regis,
2735 3432 3081 3575 imperaﬁrl't's
3115 3505 3176 3571 II,
3209 3504 3451 3577 diploma
3485 3524 3592 3577 quo
3620 3513 3810 3564 omnia

2226 3576 2362 3658 bona
2391 3578 2675 3646 conﬁrmat
2732 3577 3060 3632 monasterio
3126 3576 3414 3632 Veronensi
3463 3576 3658 3636 Sancti
3716 3581 3810 3636 Ze-

2226 3663 2332 3702 non
2342 3663 2407 3701 IS.

2774 3720 2960 3789 (Anno
2993 3718 3179 3785 4047.)

2449 3789 2801 3860 [Munnony
2835 3791 3054 3860 Aantz’q.
3089 3791 3210 3845 Ital.
3248 3790 3327 3858 VI,
3362 3792 3518 3862 22L]

2223 3879 2286 3934 In
2303 3879 2538 3934 nomine
2560 3883 2774 3933 sancta:
2796 3883 2853 3933 et
2873 3876 3182 3932 individuae
3205 3878 3532 3936 Trinitatis.
3560 3881 3808 3938 Hamm-

2150 3985 2276 4034 cus,
2292 3967 2488 4022 divina
2500 3967 2723 4022 favente
2736 3965 3468 4037 clementia,Romanorum
3483 3969 3815 4042 imperator

2149 4060 2473 4128 Augustus.

2222 4143 2588 4216 Imperialem
2621 4142 3044 4200 sublimitatem
3065 4146 3362 4213 condecet,
3386 4151 3530 4215 etc.;
3553 4148 3815 4219 qualiter

2147 4223 2442 4288 Walterus
2465 4237 2676 4288 sancta:
2697 4232 3048 4288 Veronensis
3071 4231 3337 4289 Ecclesia:
3351 4235 3674 4308 episcopus
3691 4253 3814 4293 una

2146 4339 2281 4377 cum
2313 4321 2602 4388 Alberico,
2650 4321 2860 4375 abbate
2910 4321 3249 4377 monasterii
3307 4323 3504 4377 Sancti
3551 4324 3811 4381 Zenonis

2147 4411 2438 4483 martyris,
2466 4415 2725 4467 nostram
2751 4410 3122 4466 clementiam
3147 4411 3811 4482 suppliciterexorando

2143 4501 2306 4567 adiit,
2339 4500 2410 4556 ob
2445 4516 2703 4555 amorem
2734 4499 2834 4554 Dei
2857 4499 3296 4571 omnipotentis,
3321 4499 3597 4572 beatique
3620 4502 3809 4558 Zeno-

2148 4590 2237 4646 nis
2255 4589 2656 4655 reverentiam,
2682 4591 2790 4642 etc.
2815 4587 2933 4642 Nos
2955 4604 3109 4656 vero,
3127 4586 3310 4658 justis
3333 4604 3538 4644 eorum
3558 4589 3810 4661 petitio-

2143 4678 2318 4734 nibus
2349 4676 2798 4741 consentientes,
2833 4692 2934 4746 pro
2967 4676 3224 4732 remedio
3245 4676 3458 4732 animas
3480 4682 3726 4745 nostrae,
3747 4686 3812 4735 et

2141 4767 2213 4823 ob
2228 4767 2617 4822 interventum
2633 4763 3028 4820 dilectissima:
3045 4763 3314 4838 conjugis
3327 4767 3832 4840 nostraaimperas

2141 4855 2304 4910 tricis
2317 4853 2578 4926 Agnetis,
2595 4852 2869 4924 praedicto
2890 4853 3248 4909 monasterio
3262 4854 3639 4910 concedendo
3655 4872 3818 4911 con-

2138 4948 2468 5007 firmamus,
2501 4946 2610 4997 etc.
2641 4941 2700 4995 ld
2733 4946 2821 4996 est
2844 4942 2903 4996 in
2927 4941 3131 4997 eodem
3154 4942 3444 4998 territorio
3472 4942 3812 5002 Veronensi

2140 5031 2564 5087 monasterium
2596 5033 3000 5084 constructum
3031 5030 3089 5084 in
3121 5030 3344 5086 honore
3371 5031 3560 5087 sancti
3612 5033 3806 5105 Petri,

2138 5121 2293 5194 quod
2325 5119 2538 5175 dicitur
2569 5117 2894 5185 Mauritica,
2927 5134 3062 5173 cum
3113 5117 3355 5174 decimis
3405 5135 3470 5174 ac
3518 5121 3816 5179 terminis

2137 5225 2338 5264 eorum
2352 5206 2727 5264 cernentibus
2751 5223 2784 5259 a
2804 5207 2919 5261 ﬁne
2937 5206 3166 5263 Fissaro
3187 5223 3374 5279 usque
3397 5208 3456 5261 in
3477 5207 3814 5266 Fossatum

2136 5299 2542 5359 Mantuanum,
2575 5311 2645 5350 ex
2675 5311 2790 5349 uno
2822 5294 3000 5350 latere
3043 5296 3116 5350 ab
3164 5294 3397 5368 Agricia
3433 5311 3630 5366 usque
3678 5297 3817 5355 ﬁne

2132 5385 2350 5453 Finale,
2393 5390 2450 5439 et
2479 5383 2816 5456 pertingens
2846 5382 2906 5437 in
2936 5383 3169 5456 Agricia
3199 5400 3388 5455 usque
3431 5383 3811 5456 Trivularia,

2133 5475 2204 5529 de
2237 5489 2352 5529 uno
2382 5473 2570 5545 capite
2629 5470 3056 5538 Castellionem,
3117 5472 3422 5540 Silvatico;
3475 5472 3810 5532 castellum

2133 5563 2308 5630 etiam
2339 5563 2399 5620 in
2410 5559 2733 5636 Vallepicta
2752 5577 2887 5640 cum
2908 5559 3152 5622 decimis
3174 5564 3231 5622 et
3251 5560 3598 5643 appendicis
3622 5563 3766 5628 suis
3790 5584 3807 5650 ξ
