3920 6208
123 301 269 369 HM-

120 525 426 580 sanctorum
457 515 634 571 Firmi
664 521 722 570 et
749 516 994 581 Rustici,
1025 533 1159 572 cum
1193 514 1456 585 decimis,
1490 514 1737 586 placitis,

120 609 451 672 districtis,et
469 603 746 660 omnibus
769 603 895 660 suis
921 603 1310 676 pertinentiis,
1327 604 1500 660 sicuti
1524 621 1557 659 a
1576 605 1740 659 bona

118 696 382 756 memoria
402 693 602 750 Karolo
634 693 902 766 piissimo
934 693 1286 765 imperatore
1316 708 1662 748 concessum
1686 697 1744 746 et

117 788 352 845 oblatum
380 787 465 839 est
495 781 850 838 monasterio
882 783 1080 837 Sancti
1115 781 1392 848 Zenonis;
1434 779 1740 837 castellum

115 876 396 933 Herbetum
420 887 554 927 cum
585 870 814 926 cunctis
841 870 1210 940 pertinentiis
1232 870 1356 925 suis
1387 875 1445 926 et
1473 871 1740 941 adjacen-

113 966 225 1033 tiis;
247 959 542 1020 castellum
561 959 1050 1027 Trebunciolum;
1075 964 1132 1015 et
1147 959 1454 1015 castellum
1467 959 1741 1030 Vicoade_

111 1055 206 1122 ris;
237 1047 504 1122 capellam
537 1048 735 1104 Sancti
774 1047 1070 1103 Laurentii
1116 1049 1293 1104 sitam
1325 1048 1385 1102 in
1417 1047 1545 1119 ripa
1573 1045 1735 1129 Padi,

111 1158 221 1212 qua
248 1138 452 1194 dicitur
489 1136 716 1203 Ostilia,
741 1153 876 1192 cum
909 1136 1153 1192 decimis
1195 1141 1254 1192 et
1300 1135 1576 1192 omnibus
1606 1151 1734 1207 per-

109 1229 342 1287 tinentiis
371 1226 524 1294 suis;
559 1225 948 1298 Campolana,
975 1242 1249 1297 campum
1283 1225 1643 1289 Palliarium,
1675 1228 1735 1279 et

103 1317 506 1382 Novoletum,et
530 1315 587 1367 in
613 1314 968 1386 Gajojugias
995 1319 1320 1380 trecentas;
1353 1311 1478 1368 loco
1509 1310 1733 1366 Casale-

104 1407 242 1472 Orci;
274 1402 400 1459 villa
429 1419 560 1474 qua
601 1402 815 1457 dicitur
854 1405 1040 1474 Aspo;
1073 1401 1386 1457 Castellum
1420 1400 1729 1456 Romania-

100 1511 244 1562 num,
266 1510 391 1548 cum
424 1490 671 1547 facticiis
703 1491 900 1547 Sancti
938 1491 1209 1557 Zenonis,
1241 1496 1297 1546 et
1339 1494 1597 1546 montem
1630 1497 1731 1560 qui

100 1584 291 1638 dicitur
317 1581 558 1646 Alferia;
597 1581 654 1634 in
694 1580 890 1636 Lisino
923 1581 1020 1635 ubi
1051 1581 1266 1635 dicitur
1295 1579 1553 1646 Melario,
1578 1594 1733 1633 cam-

102 1691 191 1744 pos
233 1672 401 1737 duos;
433 1670 495 1724 in
531 1668 796 1724 Clariano
857 1685 1096 1741 campos
1157 1674 1304 1738 tres;
1356 1668 1417 1723 in
1466 1668 1729 1723 Crodano

101 1776 314 1833 campos
333 1760 513 1826 duos;
539 1758 597 1812 in
622 1757 863 1828 Laupha
883 1773 1159 1828 campum
1181 1774 1398 1825 unum;
1422 1755 1727 1854 castellum
1756 1789 1804 1854 Β

98 1848 270 1904 Sancti
290 1846 396 1902 Viti
419 1862 560 1902 cum
593 1845 960 1916 pertinentiis
983 1847 1135 1913 suis;
1162 1845 1467 1914 Paronam,
1492 1843 1726 1900 Cassia-

96 1954 240 2002 num,
269 1934 408 1991 cella
459 1935 665 1989 Sancti
697 1934 845 1989 Petri
895 1933 1048 1989 infra
1095 1934 1387 1990 civitatem
1435 1933 1724 1988 Veronam

92 2043 207 2082 cum
234 2023 596 2098 pertinentiis
628 2023 780 2090 suis;
811 2022 869 2076 in
888 2023 1017 2078 Cavi
1041 2021 1248 2079 cellam
1266 2023 1460 2078 Sancti
1481 2023 1722 2077 Andrea

90 2131 206 2170 cum
234 2111 593 2186 pertinentiis
620 2111 772 2178 suis;
805 2111 863 2166 in
885 2111 1053 2167 Venti
1076 2111 1361 2184 capellam
1389 2111 1587 2167 Sancti
1609 2109 1724 2180 Viti

88 2218 204 2259 cum
257 2199 624 2274 pertinentiis
677 2201 842 2269 suis;
894 2200 952 2255 in
1007 2200 1320 2256 Puviniaca
1360 2199 1722 2255 curticellam

89 2294 334 2360 unam,et
357 2294 525 2346 curte
557 2288 617 2343 in
650 2288 940 2344 Rivariola
960 2305 1091 2343 cum
1125 2289 1398 2344 omnibus
1431 2288 1723 2360 pertinen-

89 2379 173 2434 tiis
200 2379 352 2446 suis;
380 2383 434 2433 et
467 2379 531 2432 in
564 2376 742 2432 Pualo
765 2393 1003 2448 campos
1032 2382 1185 2443 tres;
1221 2394 1323 2433 nec
1357 2395 1468 2432 non
1502 2381 1558 2432 et
1586 2393 1718 2431 cum

91 2466 340 2524 omnibus
370 2467 550 2523 rebus
599 2467 671 2522 ad
720 2465 1026 2538 prafatum
1080 2466 1504 2521 monasterium
1541 2466 1720 2537 perti-

91 2557 360 2622 nentibus,
384 2573 522 2611 cum
568 2553 852 2620 ecclesiis,
885 2553 1161 2623 castellis,
1187 2555 1349 2620 vicis,
1391 2553 1716 2621 colonibus,

88 2644 392 2717 mancipiis,
414 2643 882 2708 comendaticiis,
907 2642 1171 2710 facticiis,
1194 2649 1300 2698 etc.
1319 2644 1718 2698 Admonemus

91 2732 247 2788 etiam
278 2733 552 2789 abbatem
594 2731 692 2803 qui
727 2736 954 2803 praeest,
988 2733 1236 2803 ejusque
1279 2732 1718 2788 successoribus

87 2821 496 2888 interdicimus,
521 2837 591 2876 ne
615 2837 704 2876 res
727 2820 1139 2892 stipendiarias
1158 2819 1385 2875 alendis
1415 2820 1719 2876 monachis

87 2911 382 2974 dedicatas,
417 2912 490 2966 de
519 2910 651 2966 sinu
682 2909 1021 2965 monasterii
1059 2909 1305 2982 rapiant,
1340 2913 1397 2964 et
1425 2908 1717 2964 saculari-

85 3000 180 3055 bus
208 3000 263 3055 in
298 2999 649 3055 beneﬁcium
692 2998 974 3066 tribuant,
997 2998 1137 3069 quia
1174 2998 1269 3069 pia
1301 2996 1504 3070 religio
1537 2997 1713 3054 recla-

85 3095 207 3153 mat,
237 3088 285 3144 si
314 3087 463 3144 servi
496 3087 598 3143 Dei
630 3088 938 3142 tabescunt
980 3086 1198 3158 inopia,
1227 3090 1284 3141 et
1332 3086 1433 3158 qui
1466 3103 1580 3142 non
1614 3087 1710 3142 de-

1428 276 1823 356 HENnIcus
1851 289 1952 353 .m
1992 284 2161 356 IMP.

122 440 171 492 et
203 428 485 491 castellum
535 425 878 483 Mauriatica
927 443 1060 482 cum
1109 425 1351 482 ecclesia
1400 424 1460 480 in
1519 426 1737 483 honore
1765 426 1822 492 Α

3341 287 3501 354 Ηοῖ

2610 411 2751 479 XIII.

1849 543 2136 598 Heinricus
2165 542 2244 596 Ill
2266 557 2385 607 rex,
2413 543 2462 594 et
2502 541 2798 612 imperator
2825 538 2875 612 II
2900 538 3179 612 canonicis
3214 539 3500 596 Patavinis

2088 628 2381 685 eorumque
2410 610 2658 667 Ecclesia:
2691 610 2987 682 privilegia
3016 612 3257 664 renovat.

2471 755 2662 826 {Anno
2694 752 2877 823 1047.)

2178 888 2521 957 [Μυωτοηῃ
2553 888 2735 958 Antig.
2767 887 2891 942 Ital.
2926 885 2967 957 Ι,
3003 886 3186 956 1001.]

1916 1050 1978 1104 In
2011 1048 2248 1104 nomine
2277 1053 2488 1104 sancta
2534 1052 2592 1104 et
2631 1047 2944 1104 individua
2973 1046 3296 1104 Trinitatis.
3330 1047 3498 1104 Ham-

1845 1154 2014 1193 mcus
2044 1137 2240 1192 divina
2271 1138 2497 1193 favente
2526 1136 2837 1193 clementia
2879 1137 3278 1194 Romanorum
3309 1137 3495 1211 impe-

1844 1231 2002 1282 rator
2027 1228 2345 1298 Augustus.

1913 1315 1970 1370 Si
2004 1314 2186 1370 sacris
2217 1318 2274 1369 et
2317 1314 2746 1370 venerabilibus
2791 1315 2955 1382 locis,
2990 1320 3098 1372 etc.
3131 1317 3494 1389 Quapropter

1841 1405 2104 1460 omnium
2140 1403 2402 1459 ﬁdelium
2436 1407 2645 1458 sancta
2686 1403 2788 1458 Dei
2817 1403 3104 1472 Ecclesia,
3129 1409 3492 1461 nostrorum-

1841 1510 1952 1564 que
1995 1493 2369 1565 prasentium
2419 1491 2641 1547 scilicet
2683 1509 2748 1546 ac
2794 1491 3125 1548 futurorum
3175 1492 3494 1564 comperiat

1840 1583 2152 1650 industria,
2184 1579 2505 1636 Arnaldum
2557 1583 2770 1636 sancta
2819 1580 3175 1636 Pataviensis
3220 1581 3489 1637 Ecclesia

1837 1669 2226 1728 venerabilem
2258 1669 2622 1741 episcopum,
2646 1685 2751 1724 nec
2782 1686 2897 1724 non
2918 1673 2975 1725 et
3000 1670 3361 1725 Bernardum
3393 1686 3495 1725 no-

1838 1763 2026 1815 strum
2057 1758 2449 1832 capellanum,
2485 1759 2870 1830 ejusdemque
2907 1757 3161 1814 ecclesia
3197 1757 3489 1814 archidia-

1835 1865 2047 1904 conum
2106 1851 2366 1903 nostram
2419 1846 2726 1902 humiliter
2769 1861 3037 1903 exorase
3091 1844 3484 1915 clementiam,

1833 1941 2125 2009 quatenus
2157 1953 2260 2008 pro
2294 1935 2396 1991 Dei
2428 1935 2849 2006 omnipotentis
2893 1950 3111 2006 amore,
3142 1939 3200 1992 et
3228 1935 3486 1992 remedio

1833 2026 2040 2081 anima
2072 2029 2306 2090 nostra,
2340 2041 2442 2079 nec
2493 2041 2608 2080 non
2653 2029 2709 2079 et
2753 2029 2958 2096 rogatu
3014 2024 3268 2080 Heinrici
3300 2024 3484 2082 nostri

1832 2113 2198 2171 dilectissimi
2259 2112 2590 2169 cancellarii
2635 2113 2836 2168 omnia
2885 2117 3171 2185 pracepta
3227 2130 3353 2184 qua
3411 2113 3484 2168 ab

1833 2202 2300 2260 antecessoribus
2325 2201 2561 2268 nostris,
2583 2218 2684 2256 seu
2713 2201 3101 2256 instrumenta
3122 2201 3478 2269 chartarum,

1831 2310 1957 2364 qua
1992 2310 2024 2346 a
2053 2291 2327 2346 ﬁdelibus
2357 2289 2498 2345 viris
2547 2293 2761 2344 sancta
2812 2288 3167 2345 Pataviensis
3215 2288 3480 2345 Ecclesia

1831 2398 2017 2453 nuper
2045 2379 2257 2436 collata
2301 2382 2458 2446 sunt,
2492 2383 2692 2433 nostra
2733 2377 3076 2433 auctoritate
3104 2377 3481 2434 corroborare

1829 2470 2224 2542 dignaremur.
2258 2467 2517 2529 Quorum
2549 2465 2819 2538 precibus
2862 2471 2982 2521 tam
3015 2481 3120 2538 pro
3148 2465 3251 2522 Dei
3281 2482 3480 2522 amore

1829 2575 2006 2630 quam
2037 2575 2140 2629 pro
2189 2556 2455 2627 ejusdem
2504 2554 2774 2610 Ecclesia
2816 2555 3186 2611 veneratione
3231 2554 3482 2611 libenter

1828 2662 2135 2703 assensum
2170 2643 2730 2717 prabentes,omnia
2749 2660 2875 2715 qua
2905 2660 3009 2716 per
3037 2647 3324 2716 pracepta
3343 2643 3482 2700 alio-

1827 2753 1958 2791 rum
1984 2751 2186 2808 regum
2202 2733 2290 2790 vel
2315 2733 2757 2804 imperatorum,
2781 2749 2886 2788 nec
2909 2749 3025 2788 non
3049 2749 3175 2805 qua
3197 2748 3300 2805 per
3317 2732 3481 2788 char-

1826 2830 2020 2880 tarum
2053 2825 2444 2880 instrumenta
2475 2820 2662 2876 eidem
2693 2820 2962 2876 Ecclesia
2992 2821 3218 2876 dudum
3240 2837 3276 2876 a
3295 2819 3479 2876 ﬁdeli-

1827 2915 1937 2968 bus
1953 2913 2094 2967 viris
2111 2911 2306 2967 oblata
2321 2915 2480 2977 sunt,
2499 2927 2601 2982 per
2616 2909 2768 2966 hanc
2789 2913 3052 2966 nostram
3075 2909 3480 2966 auctoritatem

1825 3002 2074 3074 prafata
2094 2999 2449 3056 Pataviensis
2475 2998 2740 3054 Ecclesiae
2765 2999 3207 3054 confirmamus.
3222 2998 3337 3054 Nec
3360 3014 3478 3056 non

1825 3090 2143 3146 statuimus
2173 3093 2238 3144 ut
2267 3086 2532 3143 canonici
2561 3087 2826 3158 ejusdem
2865 3085 3129 3142 Ecclesia
3160 3085 3478 3142 servientes

83 3177 203 3233 bent
229 3193 426 3233 eorum
460 3175 758 3232 ditescunt
786 3176 970 3247 copia.
1003 3175 1061 3231 Si
1094 3175 1228 3246 quis
1265 3177 1447 3231 abbas
1477 3176 1710 3231 incaute
1741 3155 1784 3222 (ἶ
1825 3196 1981 3235 nunc
2007 3183 2063 3233 et
2092 3193 2460 3233 successores
2492 3155 2727 3230 illorum
2766 3174 3012 3230 liberam
3051 3173 3310 3230 habeant
3337 3189 3474 3229 cum

83 3270 169 3321 aut
193 3266 499 3322 temerarie
532 3266 687 3337 quod
719 3264 1018 3320 sancimus
1051 3263 1406 3337 perfregerit,
1439 3266 1593 3336 quod
1626 3264 1710 3320 in-

75 3355 215 3423 juste
244 3354 469 3421 tribuit,
508 3354 669 3425 juste
715 3354 957 3420 auferat,
991 3357 1048 3408 et
1080 3353 1412 3413 membrum
1463 3353 1710 3408 fractum

80 3443 285 3514 corpori
314 3441 623 3498 Dominico
653 3439 1003 3510 consolidet;
1040 3445 1103 3495 ut
1132 3442 1179 3496 si
1212 3441 1362 3497 male
1395 3442 1545 3497 facta
1573 3459 1711 3514 pur-

81 3547 201 3603 gare
229 3531 492 3600 voluerit,
530 3535 586 3587 et
633 3529 976 3603 nequiverit,
1011 3535 1307 3601 superstes
1340 3532 1467 3602 ejus
1515 3535 1715 3587 nostra

80 3623 127 3673 et
178 3625 515 3676 nostrorum
588 3635 995 3675 successorum
1054 3620 1344 3675 sententia
1407 3621 1715 3676 roboratus

82 3709 350 3775 emendet,
393 3708 558 3780 quod
607 3725 754 3764 suus
807 3711 1139 3763 antecessor
1186 3708 1402 3764 amisit.
1455 3709 1718 3781 Denique

81 3796 453 3868 praecipiendo
511 3795 830 3861 sancimus,
882 3800 948 3850 ut
1003 3795 1201 3851 nullus
1255 3797 1392 3866 dux,
1434 3797 1716 3866 marchio,

82 3883 399 3956 episcopus,
429 3900 650 3951 comes,
675 3883 1013 3953 vicecomes,
1041 3888 1146 3940 etc.
1174 3885 1232 3938 Si
1265 3886 1398 3956 quis
1426 3902 1559 3941 vero
1591 3903 1723 3941 con-

79 3977 158 4028 tra
183 3973 289 4030 hos
321 3979 567 4031 nostros
590 3973 812 4045 regales
836 3972 1028 4044 apices
1057 3972 1380 4046 insurgere,
1405 3980 1508 4030 aut
1536 3975 1595 4029 in
1626 3975 1726 4030 ali-

81 4078 182 4130 quo
209 4062 428 4119 violare
460 4062 790 4128 tentaverit,
823 4061 975 4116 infra
1006 4061 1320 4117 dictionem
1352 4063 1514 4135 regni
1541 4065 1725 4119 nostri

79 4151 409 4219 consistens,
447 4150 600 4208 sciat
637 4167 698 4207 se
746 4149 927 4206 libras
973 4149 1215 4222 triginta
1261 4150 1388 4206 auri
1437 4153 1726 4223 probatis-

77 4237 196 4292 simi
245 4239 680 4306 exsoluturum,
731 4239 1104 4294 medietatem
1141 4239 1400 4311 praedicti
1441 4246 1732 4300 monaste.

74 4326 155 4394 rii,
188 4332 243 4384 et
268 4329 649 4385 medietatem
694 4327 897 4400 palatii
950 4328 1154 4384 nostri.
1190 4329 1261 4383 Et
1303 4328 1413 4384 hoc
1461 4335 1729 4388 nostrum

73 4422 418 4489 praceptum
452 4417 517 4472 in
563 4416 661 4472 Dei
693 4416 954 4484 nomine,
987 4421 1052 4472 ut
1101 4416 1424 4488 pleniorem
1475 4419 1734 4492 obtineat

75 4503 430 4572 firmitatem,
463 4510 577 4562 etc.

137 4593 365 4663 Signum
395 4595 593 4650 damni
621 4595 870 4650 Heinrici
902 4597 1054 4651 tertii
1081 4598 1227 4664 regis
1260 4597 1630 4664 invictissimi,
1657 4615 1736 4655 se.

75 4680 233 4736 eundi
261 4684 645 4738 Romanorum
673 4685 1027 4753 imperatoris
1057 4687 1318 4756 Augusti.

137 4771 450 4828 Heinricus
486 4770 875 4828 cancellarius
905 4773 1028 4828 vice
1066 4773 1404 4829 Herimanni
1435 4774 1735 4830 archican-

77 4855 286 4915 cellarii
323 4861 666 4932 recognovi.

140 4947 284 5005 Data
312 4967 419 5005 vm
452 4950 596 5006 Idus
619 4950 774 5018 Maii,
799 4967 952 5006 anno
976 4951 1290 5007 Dominica
1314 4952 1737 5009 Incarnationis

79 5035 228 5103 1047,
249 5037 583 5094 indictione
608 5057 698 5106 xv,
724 5057 879 5096 anno
911 5044 1110 5096 autem
1131 5041 1335 5096 domni
1361 5041 1608 5097 lleinrici
1633 5046 1739 5102 ter.

72 5123 154 5190 tii,
186 5126 590 5184 ordinationis
636 5129 765 5200 ejus
814 5145 976 5199 xvm,
1010 5130 1310 5202 regnantis
1341 5149 1463 5197 VIII,
1499 5133 1741 5187 secundi

80 5210 431 5284 imperantis
464 5214 677 5288 primo.

134 5306 352 5362 Actum
388 5305 634 5364 Folerni
663 5306 722 5364 in
753 5307 852 5366 Dei
888 5309 1126 5366 nomine
1154 5309 1416 5369 feliciter.
1447 5311 1652 5368 Amen.

1819 3284 2108 3324 consensu
2139 3263 2532 3337 episcopi,qui
2566 3279 2669 3334 pro
2699 3266 2961 3332 tempore
2991 3261 3184 3330 fuerit,
3221 3265 3472 3334 potesta-

1820 3361 1938 3412 tem
1971 3356 2042 3410 de
2071 3353 2367 3418 omnibus,
2397 3369 2522 3423 qua
2564 3350 2683 3405 illis
2719 3350 2880 3420 juste
2911 3353 2970 3405 et
2997 3349 3263 3422 legaliter
3291 3349 3468 3422 perti—

1823 3461 1958 3501 nere
1987 3444 2112 3498 visa
2144 3445 2303 3509 sunt,
2327 3445 2428 3495 aut
2452 3439 2575 3496 visa
2605 3438 2840 3504 fuerint,
2861 3439 3011 3494 inter
3039 3453 3122 3505 se,
3144 3442 3209 3493 ut
3229 3454 3470 3494 consue-

1822 3535 1962 3590 tudo
1982 3533 2111 3599 fuit,
2129 3529 2443 3599 dividendi,
2460 3527 2621 3584 omni
2641 3531 2997 3600 potestatum
3014 3526 3472 3583 contradictione

1824 3626 2049 3678 remota
2080 3639 2092 3676 :
2125 3617 2392 3674 videlicet
2422 3618 2493 3672 de
2524 3616 2768 3672 decimis
2813 3614 3065 3672 civitatis
3108 3631 3210 3688 per
3251 3614 3472 3683 omnia,

1827 3728 1960 3768 cum
1991 3708 2178 3765 titulis
2208 3711 2384 3778 atque
2426 3723 2562 3761 cum
2591 3704 2746 3761 villis
2776 3705 2902 3761 suis
2933 3705 3006 3760 ad
3037 3704 3302 3761 eamdem
3331 3702 3475 3759 civi-

1827 3805 2006 3857 tatem
2057 3795 2510 3870 pertinentibus.
2545 3795 2606 3850 In
2658 3793 2865 3867 primis
2911 3791 3050 3850 villa
3092 3809 3220 3864 qua
3267 3791 3483 3848 dicitur

1830 3891 2089 3953 Limena,
2119 3891 2174 3941 et
2213 3884 2350 3940 villa
2398 3901 2524 3956 qua
2573 3882 2786 3938 dicitur
2828 3883 3055 3953 Arzere,
3078 3885 3136 3937 et
3161 3879 3482 3949 Autikeria,

1832 3983 1890 4035 et
1918 3979 2103 4034 Turre
2136 3979 2192 4031 et
2224 3975 2468 4042 Noenta,
2491 3976 2548 4028 et
2571 3971 2707 4028 villa
2729 3988 2854 4042 qua
2875 3970 3089 4026 dicitur
3117 3970 3406 4043 Bergomi,
3430 3973 3489 4026 et

1835 4064 2133 4131 Roncalia,
2158 4069 2214 4119 et
2243 4063 2436 4118 Itonco
2469 4059 2706 4128 Liuteri,
2741 4063 2798 4116 et
2825 4058 2962 4116 villa
2991 4077 3117 4132 qua
3150 4059 3369 4115 dicitur
3386 4058 3491 4116 Ca-

1837 4157 1976 4224 sale,
2010 4159 2068 4210 et
2097 4153 2282 4209 altera
2311 4169 2437 4223 qua
2469 4151 2686 4206 dicitur
2723 4147 3075 4216 Publitiano,
3107 4152 3165 4204 et
3195 4146 3331 4203 villa
3359 4163 3488 4218 qua

1837 4244 2178 4301 nominatur
2203 4239 2590 4312 Albignaseca
2618 4243 2675 4293 et
2705 4238 3045 4303 Masserata,
3073 4239 3183 4292 etc.
3217 4235 3491 4291 Concedi-

1840 4351 1974 4389 mus
2003 4331 2178 4388 etiam
2210 4329 2398 4384 eidem
2422 4327 2684 4382 Ecclesia
2718 4330 2786 4382 ut
2813 4324 3013 4381 nullus
3042 4325 3180 4391 dux,
3204 4323 3488 4390 marchio,

1843 4438 2057 4487 comes,
2089 4420 2430 4482 vicecomes,
2472 4413 2823 4482 sculdassio,
2871 4412 3180 4488 gastaldio,
3232 4411 3491 4468 decanus

1761 4522 1811 4588 Β
1839 4511 1926 4567 vel
1959 4508 2235 4582 quislibet
2264 4505 2509 4578 publica
2539 4503 2724 4576 partis
2755 4502 3042 4571 minister,
3073 4505 3186 4558 etc.

1915 4600 2146 4671 Signum
2191 4595 2380 4650 damni
2435 4594 2679 4649 Heinrici
2726 4591 3073 4647 invictissimi
3124 4591 3494 4646 Romanorum

1846 4687 2194 4761 imperatoris
2223 4683 2471 4754 Augusti.

1916 4775 2227 4832 Heinricus
2256 4770 2641 4827 cancellarius
2668 4769 2792 4825 vice
2822 4767 3156 4825 Herimanni
3191 4765 3497 4824 archican-

1849 4865 2069 4924 cellarii
2102 4861 2406 4934 recognovi
2438 4863 2496 4916 et
2525 4858 2871 4931 subscripsi.

1920 4959 2064 5010 Data
2091 4970 2129 5007 ν
2153 4951 2290 5006 ldus
2338 4947 2491 5016 Maii,
2525 4965 2678 5004 anno
2712 4947 3022 5004 Dominica
3075 4944 3502 5004 Incarnationis

1852 5046 2010 5112 1047,
2045 5039 2362 5097 indictione
2410 5054 2502 5105 xv,
2549 5053 2700 5092 anno
2758 5040 2955 5092 autem
3003 5036 3199 5092 domni
3249 5033 3502 5092 Heinrici

1850 5133 2030 5200 tertii,
2063 5127 2452 5186 ordinationis
2480 5127 2608 5198 ejus
2638 5141 2798 5197 xvm,
2826 5125 3130 5196 regnantis
3156 5141 3282 5195 vni,
3313 5125 3413 5179 sed
3446 5125 3505 5176 et

1850 5218 2198 5294 imperantis
2228 5217 2438 5289 primo.

1920 5312 2131 5367 Actum
2160 5303 2500 5362 Tridentino
2530 5302 2590 5358 in
2615 5299 2718 5358 Dei
2742 5299 2980 5357 nomine
3011 5296 3274 5356 feliciter.
3297 5299 3504 5358 Amen.
