3920 6208
406 276 562 339 ίθ99

1754 282 2077 352 MONUM.
2116 282 2448 350 DIPLOM.

3658 284 3822 355 Hm

401 407 883 468 contradictionis
904 409 1172 469 molestia
1192 414 2046 492 perpetualitervaleantpossi-
2073 423 2131 490 Α
2160 422 2293 477 inde
2316 422 2550 487 fecerat,
2570 422 2723 493 apud
2737 420 3018 494 genitoris
3032 420 3217 478 nostri
3234 421 3819 482 excelle’ntiammul-

400 501 555 556 dere.
588 498 803 555 Verum
835 499 1012 556 etiam
1069 503 1490 560 conﬁrmamus
1542 507 1731 562 eidem
1774 507 2039 564 Ecclesiae

398 604 570 644 omne
591 586 909 655 toloneum,
933 588 1112 661 ripas,
1135 596 1191 645 et
1206 590 1251 645 ri
1258 592 1541 665 paticum,
1565 598 1622 649 et
1645 596 1861 650 ﬁxuras
1880 596 2041 669 palo-

398 694 530 734 rum
560 677 698 750 ripze
729 677 1057 733 Mantuanae
1089 678 1338 736 civitatis
1368 685 1423 737 et
1453 683 1628 754 porti,
1656 686 1711 738 et
1733 688 1911 739 totam
1935 702 2042 757 pu-

398 766 613 824 blicam
644 766 1022 835 iunctionem,
1057 771 1233 839 atque
1264 769 1520 825 insulam
1551 772 1765 827 reveris
1808 777 1865 828 et
1911 791 2042 829 cur-

398 862 516 912 tem
548 853 845 928 Regalem,
871 870 977 909 nec
991 870 1105 909 non
1125 859 1181 909 et
1198 855 1476 925 insulam,
1496 876 1624 930 quae
1638 860 1853 916 dicitur
1869 866 2042 918 Suza-

397 945 503 1013 ria,
536 948 643 999 etc.

462 1033 693 1105 Signum
723 1030 825 1104 (›ι‹)
853 1030 1041 1086 domni
1083 1034 1330 1089 Heinrici
1384 1039 1538 1093 tertii
1594 1040 1741 1108 regis
1798 1041 2045 1095 invictis-

394 1124 542 1179 simi.

462 1213 803 1271 Adelberius
830 1217 1215 1274 cancellarius
1240 1216 1362 1271 vice
1384 1213 1723 1270 llerimanni
1741 1215 2043 1271 archican-

393 1300 615 1357 cellarii
645 1306 973 1376 recognovi.

463 1390 610 1447 Data
640 1408 793 1448 anno
822 1393 1141 1450 Dominicaa
1194 1391 1620 1448 Incarnationis
1680 1394 1840 1461 1045,
1882 1394 2047 1464 judi-

394 1479 585 1535 ctioue
614 1497 735 1547 xm,
771 1498 925 1537 anno
954 1498 1087 1537 vero
1120 1481 1321 1536 domui
1354 1479 1607 1537 Heinrici
1634 1480 1787 1535 tertii
1820 1481 2047 1538 ordina-

395 1568 571 1624 tionis
604 1568 731 1640 ejus
762 1587 855 1639 xv,
888 1570 1188 1642 regnantis
1218 1586 1351 1625 vero
1372 1587 1448 1624 vn.

463 1658 672 1712 Actum
697 1660 966 1730 Augusta
988 1658 1251 1714 feliciter.
1287 1663 1499 1714 Amen.

1177 1748 1275 1801 XI.

464 1887 536 1943 da
564 1888 808 1944 decernit
831 1887 1008 1945 eidem
1034 1888 1219 1946 ablata
1243 1906 1277 1943 a
1309 1888 1542 1945 Gerardo
1566 1894 1755 1960 nepote
1774 1892 2047 1946 Heriberti

465 1960 861 2032 archiepiscopi
881 1960 1334 2032 Mediolanensis.

848 2031 1111 2102 (Circiter
1140 2048 1362 2087 annum
1396 2032 1580 2098 1046.)

708 2101 985 2171 [ΜυΒΑτη
1017 2102 1199 2175 Antiq.
1232 2104 1355 2159 Ital.
1391 2102 1485 2169 VI,
1516 2104 1670 2171 217.]

463 2191 528 2245 In
559 2189 795 2246 nomine
824 2190 1057 2246 Domini
1089 2191 1189 2247 Dei
1220 2190 1441 2246 aeterni.
1479 2192 1824 2263 Hsmmcus,
1849 2192 2045 2247 divina

392 2279 617 2335 favente
646 2278 958 2334 clementia
985 2279 1304 2351 imperator
1330 2281 1649 2351 Augustus.

460 2367 518 2423 Si
552 2372 888 2423 sanctarum
911 2367 1013 2423 Dei
1035 2367 1427 2423 Ecclesiarum
1447 2368 1783 2440 pastoribus
1804 2384 1891 2435 ea,
1914 2386 2041 2441 quae

391 2464 564 2537 digne
594 2481 627 2520 a
651 2465 866 2521 nostris
900 2464 1171 2520 ﬁdelibus
1203 2466 1358 2538 apud
1390 2470 1651 2522 nostram
1671 2467 2039 2537 majestatem

389 2552 783 2625 postulantur,
816 2553 1236 2625 impendimus,
1269 2555 1324 2609 id
1359 2555 1429 2609 ad
1455 2558 1679 2609 aeternas
1702 2572 2040 2611 remunera-

390 2640 566 2697 tionis
588 2640 865 2697 meritum
887 2640 1059 2696 nobis
1070 2642 1351 2713 proﬁcere
1369 2658 1484 2697 non
1503 2642 1864 2699 dubitamus.
1887 2645 2037 2708 Quo-

394 2722 825 2791 circaomnium
843 2720 1106 2785 ﬁdelium
1130 2732 1343 2786 sanctae
1366 2729 1468 2785 Dei
1490 2729 1784 2801 Ecclesiae,
1810 2739 2038 2788 nostro-

387 2833 658 2888 rumque,
692 2815 1068 2889 praesentium
1101 2816 1323 2873 scilicet
1342 2834 1410 2872 ac
1437 2818 1791 2886 futurorum,
1816 2822 2039 2876 noverit

386 2905 680 2961 industria
709 2922 775 2961 eo
805 2906 961 2977 quod
975 2905 1637 2963 Hubaldusveuerabilis
1658 2913 1871 2964 sanctae
1901 2909 2034 2966 Cre-

388 2994 689 3051 monensis
734 2992 1002 3051 Ecclesiae
1045 2995 1376 3068 episcopUs,
1430 2995 1795 3068 dilectusque
1846 2997 2035 3057 ﬁdelis

388 3088 603 3152 noster,
623 3101 726 3157 per
747 3084 1031 3139 domuum
1052 3084 1477 3140 Herimannum
1496 3085 2031 3143 reverentissimum

2150 511 2324 566 toties
2357 514 2717 582 conquestus
2744 513 2835 566 est
2856 527 2919 567 se
2948 510 3059 567 hoc
3091 515 3300 584 sponte
3322 528 3440 568 non
3464 512 3817 573 fecisse.Cui

2157 616 2291 654 cum
2324 599 2661 671 prredictam
2692 603 2911 655 cortem
2944 604 3000 655 et
3019 599 3251 672 plebem
3280 601 3591 659 restituere
3621 603 3815 672 vellet,

2151 705 2300 759 saepe
2330 693 2387 743 et
2411 687 2732 759 saepissime
2763 704 2866 759 per
2897 704 3036 744 suas
3068 687 3293 745 litteras
3326 688 3411 744 illi
3457 691 3816 748 mandatum

2152 780 2428 833 estuteas
2458 776 2528 832 ad
2564 781 2785 849 partem
2819 777 3415 850 episcopiihabendas
3435 779 3816 853 relinqueret.

2152 866 2311 928 Quod
2345 882 2649 936 nunquam
2677 866 3002 937 impetrare
3030 866 3236 935 valuit,
3268 868 3368 923 sed
3403 868 3697 926 diabolico
3726 870 3817 927 in-

2153 953 2393 1017 stinctu,
2424 952 2517 1007 cui
2542 970 2576 1008 a
2606 953 2935 1022 cunabulis,
2971 953 3124 1010 sicut
3151 954 3428 1013 omnibus
3445 961 3566 1013 tam
3591 957 3808 1015 Italicis

2153 1058 2329 1114 quam
2358 1041 2691 1097 Teutonicis
2710 1046 2888 1113 patet,
2914 1044 3290 1114 deservierat,
3311 1045 3440 1116 ejus
3456 1045 3812 1118 legationem

2148 1131 2535 1202 vilipendens,
2570 1132 2851 1203 superius
2873 1132 3028 1188 dicta
3056 1132 3307 1188 detinuit
3353 1139 3412 1189 et
3458 1134 3575 1191 alia
3624 1135 3810 1192 mulio

2155 1221 2377 1290 majora
2409 1220 2480 1274 ad
2513 1219 2795 1292 genitoris
2824 1221 3076 1278 dedecus
3106 1225 3163 1277 et
3193 1220 3499 1289 vilitatem,
3525 1224 3803 1282 invadere

2154 1326 2267 1363 non
2288 1308 2636 1373 formidavit,
2652 1309 3111 1382 scilicetplebem
3128 1312 3200 1366 de
3221 1311 3472 1367 Misiano
3494 1329 3631 1368 cum
3644 1314 3806 1369 omni

2154 1396 2484 1467 integritate
2515 1414 2642 1463 sua,
2675 1402 2733 1453 et
2761 1399 3051 1455 decimam
3079 1400 3151 1455 de
3178 1404 3369 1456 castro
3416 1400 3696 1473 Aganello
3741 1404 3812 1459 ad

2155 1472 2490 1557 praedictam
2525 1486 2752 1559 plebem
2783 1487 2854 1543 de
2884 1488 3125 1544 Arciaco
3142 1472 3553 1561 pertinentem,
3579 1495 3637 1547 et
3654 1492 3812 1548 deci-

2157 1591 2313 1630 mam
2347 1575 2419 1630 de
2450 1575 2775 1648 Mauringo,
2807 1576 2879 1631 ad
2909 1575 3142 1648 plebem
3173 1578 3246 1633 de
3266 1578 3526 1634 Fornovo
3547 1580 3805 1636 attinen-

2156 1668 2294 1731 tem,
2331 1679 2435 1718 nec
2464 1680 2578 1718 non
2601 1666 2658 1718 et
2678 1663 3051 1720 medietatem
3072 1665 3144 1719 de
3164 1668 3355 1721 castro
3376 1664 3727 1739 Cortegano,
3743 1668 3815 1724 ad

1177 1751 1275 1801 XI.
1468 1820 1477 1829 ο
1695 1819 1705 1830 ⁸
1887 1821 1895 1830 ι
2046 1776 2124 1854 εΒ
2154 1751 2451 1807 abbatiam
2484 1751 2683 1806 Sancti
2714 1752 3008 1808 Laurentii
3041 1753 3450 1824 pertinentem.
3485 1754 3561 1810 Eo
3600 1760 3802 1813 autem

395 1817 680 1888 θείηνίεηδ
710 1816 759 1871 Π
787 1816 1092 1888 imperato"
1122 1819 1473 1875 σνθῖηθηθηδῖ
1501 1818 1751 1873 lacaenae
1766 1827 2048 1874 “sumen”
2156 1841 2210 1888 in
2242 1856 2417 1888 regno
2432 1840 2692 1888 veniente
2705 1856 2836 1888 enim
2853 1842 3234 1888 cnmnerissnt
3251 1842 3401 1888 nnnd
3419 1843 3802 1888 nmhieninnn.

2155 1841 2213 1894 in
2242 1856 2417 1913 regno
2432 1840 2692 1895 veniente
2705 1856 2839 1896 cum
2853 1842 3234 1913 comperisset
3251 1842 3403 1915 quod
3419 1843 3815 1918 archiepiscoo

2154 1946 2264 2000 pus
2296 1928 2508 1984 violata
2540 1928 2819 1985 ﬁdelitate
2849 1946 3026 2001 quam
3057 1929 3143 1984 illi
3165 1929 3399 1998 fecerat,
3424 1947 3677 2005 regnum
3700 1935 3813 1992 sibi

2153 2017 2425 2072 invadere
2458 2015 2778 2086 moliretur,
2805 2017 3049 2074 Girardo
3069 2017 3387 2091 instigante
3407 2023 3463 2076 et
3478 2020 3530 2077 ei
3566 2022 3812 2080 omnino

2154 2107 2529 2177 suffragante,
2562 2106 2758 2162 omnia
2789 2106 3087 2179 praedicta,
3112 2107 3265 2163 sicut
3287 2124 3382 2163 reo
3406 2110 3742 2180 majestatis
3761 2117 3817 2168 et

2153 2193 2578 2267 proscriptione
2604 2195 2803 2267 digno,
2816 2195 2979 2266 juste
2995 2194 3046 2251 ei
3068 2194 3315 2252 abstulit
3339 2200 3396 2252 et
3416 2197 3707 2272 episcopo
3728 2217 3815 2257 re-

2152 2281 2361 2338 stituit.
2397 2282 2506 2338 Sed
2539 2283 2798 2355 genitore
2830 2287 3027 2339 nostro
3057 2284 3129 2340 de
3149 2300 3327 2357 regno
3345 2286 3685 2354 recedente,
3709 2287 3813 2344 ite-

2152 2389 2282 2426 rum
2297 2372 2496 2427 omnia
2518 2372 2790 2428 invadere
2803 2389 2918 2427 nou
2936 2371 3152 2440 timuit,
3168 2376 3364 2446 spreta
3374 2376 3425 2447 ej
3435 2391 3506 2431 us
3527 2392 3806 2432 reveren-

2149 2462 2231 2517 tia
2257 2464 2313 2516 et
2344 2461 2569 2515 timore.
2604 2461 2718 2515 Nos
2744 2477 2875 2517 vero
2907 2461 3283 2535 episcopatus
3321 2462 3711 2521 diminutioui
3751 2472 3810 2522 et

2150 2549 2398 2604 miseriae
2426 2548 2825 2615 condolentes,
2858 2552 2916 2605 et
2930 2552 3240 2621 paternum
3259 2551 3514 2609 dedecus
3533 2555 3809 2611 conside-

2148 2642 2363 2704 rantes,
2398 2637 2518 2692 hzsc
2557 2636 2753 2692 omnia
2795 2637 3088 2711 episcopio
3129 2638 3478 2696 aeternaliter
3523 2641 3803 2699 habenda

2146 2725 2542 2794 concedimus,
2573 2729 2630 2781 et
2660 2726 2901 2799 insuper
2928 2742 3031 2798 per
3052 2727 3322 2800 praecepti
3339 2729 3523 2786 nostri
3545 2732 3807 2788 auctori-

2144 2818 2326 2870 tatem
2358 2814 2661 2871 retinenda
2690 2814 3076 2881 instituimus,
3108 2830 3177 2871 ea
3192 2814 3462 2874 videlicet
3496 2817 3730 2876 ratione
3749 2824 3813 2875 ut

2145 2901 2346 2958 nullus
2397 2902 2894 2975 archiepiscopus,
2941 2902 3273 2977 episcopus,
3318 2904 3457 2972 dux,
3508 2907 3798 2975 marchio,

2143 3007 2359 3057 comes,
2393 2991 2730 3059 vicecomes,
2756 3007 2857 3047 seu
2881 3007 3099 3064 magna
3114 3008 3409 3064 parvaque
3426 2993 3591 3066 regni
3614 2994 3804 3052 nostri

2143 3096 2391 3152 persona
2419 3078 2723 3137 ecclesiam
2747 3080 3015 3136 eamdem
3039 3080 3313 3137 divestire
3334 3082 3568 3138 audeat.
3593 3084 3656 3139 Si
3672 3085 3804 3156 quis

387 3153 789 3229 Coloniensem
809 3171 1820 3245 archiepiscopum,etdulcissimum
1838 3190 2037 3231 conso-
2068 3153 2111 3219 (ἶ
2147 3185 2302 3235 vero.
2335 3172 2443 3224 ϐίοι

387 3261 623 3319 briuum
669 3265 960 3328 nostrum,
1012 3265 1227 3316 nostrae
1274 3262 1446 3334 regiae
1495 3261 1802 3318 humiliter
1843 3263 2046 3320 retulit

388 3351 683 3423 potestati,
719 3349 973 3422 qualiter
1003 3366 1172 3406 suam
1189 3349 1506 3406 Ecclesium
1531 3367 1677 3422 pene
1715 3351 2039 3409 desolatam

395 3439 716 3513 multisque
742 3438 1175 3495 calamitatibus
1195 3444 1251 3494 et
1271 3438 1524 3496 miseriis
1543 3439 1864 3497 invenisset
1883 3441 2043 3497 attri-

394 3533 538 3585 tam.
561 3526 934 3602 Imperatoris
956 3543 1209 3598 namque
1232 3526 1372 3581 divae
1397 3528 1691 3584 memoria)
1704 3528 2040 3587 Chuonradi

391 3615 1015 3690 imperatorisAugusti
1026 3615 1307 3686 genitoris
1320 3615 1500 3671 nostri
1514 3618 1773 3690 tempore
1786 3618 2040 3676 domnus

392 3704 717 3764 Landulfus
744 3703 1175 3776 praenominatze
1206 3703 1476 3761 Ecclesiae
1503 3709 1561 3760 et
1592 3706 1743 3777 parti
1789 3707 2037 3764 Romani

390 3792 622 3865 imperii
652 3808 755 3865 per
782 3790 980 3847 omnia
1002 3807 1235 3864 semper
1263 3792 1666 3862 ﬁdelissimus,
1698 3796 1857 3867 gravi
1880 3795 2036 3851 infir-

388 3881 592 3937 mitate
623 3884 947 3952 correptus,
968 3880 1028 3935 in
1059 3880 1188 3953 ipsa
1233 3881 1577 3937 inﬁrmitate
1640 3882 1873 3955 longam
1930 3901 2035 3957 pro

384 3970 560 4027 traxit
588 3969 787 4025 vitam.
811 3974 875 4024 In
898 3970 1069 4042 cujus
1087 3968 1258 4043 longa
1280 3970 1624 4043 aegritudine
1645 3988 1756 4026 sua
1776 3972 2036 4029 Ecclesia

384 4076 499 4115 non
524 4058 812 4115 modicam
831 4074 1006 4131 passa
1020 4059 1432 4129 estjacturam,
1453 4058 1706 4114 maxime
1720 4059 2029 4130 aGirardo,

383 4147 669 4206 Heriberti
701 4146 1155 4203 Mediolauensis
1186 4146 1611 4218 archiepisc0pi
1644 4153 1874 4220 nepote,
1930 4149 2033 4222 qui

380 4237 626 4297 audacia
654 4236 847 4310 patrui
878 4235 994 4304 sui,
1027 4234 1126 4307 qui
1159 4250 1332 4290 omne
1367 4251 1615 4307 regnum
1642 4236 1908 4292 Italicum
1956 4240 2030 4295 ad

382 4343 557 4385 suum
580 4326 926 4400 disponebat
951 4329 1184 4391 nutum,
1209 4323 1457 4395 superbe
1474 4323 1718 4394 levatus,
1741 4326 2028 4400 quidquid

382 4416 494 4473 sibi
525 4415 800 4489 placitum
820 4417 965 4480 erat,
981 4413 1214 4483 justum
1234 4416 1335 4468 aut
1352 4411 1662 4484 injustum,
1684 4416 2029 4487 potestative

2224 3258 2339 3331 Ego
2367 3258 2712 3315 Ramundus
2743 3257 3007 3314 notarius
3037 3258 3219 3332 hujus
3244 3259 3456 3316 exomii
3499 3263 3808 3337 exemplar

2148 3345 2266 3402 vidi
2294 3350 2349 3402 et
2378 3345 2513 3420 legi.

2928 3435 3045 3492 XII.

2147 3508 2396 3582 Heinricz'
2424 3507 2695 3582 III_rcgis,
2729 3509 3076 3582 imperatoris
3107 3508 3171 3582 (I,
3202 3507 3445 3581 diploma
3474 3527 3581 3582 quo
3606 3516 3805 3570 omnia

2220 3578 2356 3633 bona
2384 3580 2670 3649 conﬁrmat
2726 3580 3054 3634 monasterio
3118 3578 3407 3636 νενοήεωί
3455 3578 3652 3640 Sancti
3706 3585 3804 3641 Ze-

2220 3665 2401 3705 7107128.

2768 3722 2954 3791 (Auno
2986 3721 3173 3789 4047.)

2442 3791 2795 3863 [Μυιυιτοιιῃ
2828 3794 3048 3864 Aantiq.
3082 3794 3203 3849 Ital.
3240 3794 3320 3861 VI,
3354 3795 3508 3866 22L]

2215 3881 2281 3936 In
2296 3881 2532 3937 nomine
2553 3884 2768 3936 sancta:
2789 3885 2847 3936 et
2865 3879 3176 3937 individua:
3197 3881 3521 3940 Trinitatis.
3550 3883 3799 3943 Hamm-

2143 3987 2269 4036 cus,
2285 3968 2482 4025 divina
2493 3969 2717 4025 favente
2729 3966 3461 4040 clementia,Romanorum
3474 3971 3803 4046 imperator

2141 4061 2466 4131 Augustus.

2214 4144 2582 4224 Imperialem
2614 4145 3036 4204 sublimitatem
3058 4149 3355 4219 condecet,
3379 4153 3489 4206 etc.
3507 4168 3521 4218 ;
3542 4151 3803 4224 qualiter

2139 4221 2435 4291 Walterus
2457 4239 2669 4291 sanctae
2689 4234 3042 4292 Veronensis
3063 4235 3330 4293 Ecclesiae
3344 4221 3664 4312 episcopus
3679 4257 3800 4297 una

2139 4341 2275 4380 cum
2306 4323 2595 4393 Alberico,
2642 4324 2852 4379 abbate
2902 4324 3242 4381 monasterii
3298 4326 3494 4381 Sancti
3541 4327 3798 4386 Zenonis

2138 4413 2432 4487 martyris,
2457 4417 2719 4470 nostram
2743 4412 3116 4470 clementiam
3140 4413 3485 4486 suppliciter
3495 4418 3796 4474 exorando

381 4506 731 4578 operabatur
750 4503 809 4558 in
829 4517 1028 4573 regno.
1050 4500 1265 4556 Invasit
1286 4501 1480 4572 itaque
1493 4506 1711 4559 cortem
1726 4507 1782 4558 et
1798 4502 2028 4576 plebem
2056 4519 2105 4584 D
2135 4503 2299 4570 adiit,
2331 4503 2403 4559 ob
2436 4518 2696 4559 amorem
2726 4501 2828 4557 Dei
2849 4501 3288 4574 omnipotentis,
3313 4502 3588 4575 beatique
3609 4505 3795 4562 Zeno-

377 4596 450 4652 de
477 4593 717 4651 Arciaco
748 4595 952 4646 contra
978 4587 1337 4646 voluntatem
1359 4595 1416 4646 et
1466 4590 1593 4646 sine
1641 4591 2028 4665 permissione
2140 4592 2229 4648 nis
2247 4591 2649 4659 reverentiam,
2673 4593 2782 4646 etc.
2806 4590 2926 4646 Nos
2946 4606 3103 4659 vero,
3119 4589 3303 4661 justis
3324 4607 3529 4647 eorum
3548 4593 3795 4664 petitio-

377 4686 636 4741 multum
651 4680 869 4753 diuque
886 4678 1223 4751 aegrotantis
1244 4679 1521 4752 episcOpi.
1546 4679 1800 4743 Quicum
1817 4681 2023 4755 liquis-

381 4777 470 4831 set
497 4772 722 4838 inﬁma,
746 4772 809 4825 et
834 4767 1147 4840 migrasset
1190 4768 1261 4824 ad
1313 4784 1581 4840 superos,
1634 4771 1922 4827 successit
1971 4772 2023 4828 ei

378 4858 683 4918 Hubaldus
699 4856 1028 4931 episcopus,
1046 4857 1314 4913 uosterin
1331 4856 1605 4913 omnibus
1618 4858 2017 4918 ﬁdelissimus.

373 4951 477 5007 Cui
512 4964 647 5006 cum
677 4962 914 5003 necesse
944 4950 1099 5002 esset
1129 4946 1200 5000 ad
1226 4944 1614 5018 episcopalem
1630 4950 2019 5005 consecratio-

373 5057 508 5096 nem
541 5037 833 5104 accedere,
865 5036 937 5091 ab
989 5035 1424 5107 archiepiscopo
1475 5039 1539 5090 ut
1581 5042 2022 5093 consecraretur

375 5130 1072 5203 impetrareuequaquam
1085 5122 1287 5192 valuit,
1320 5123 1547 5194 plebem
1574 5128 1631 5179 et
1650 5129 1868 5181 cortem
1904 5126 2019 5182 nisi

372 5234 552 5292 quam
584 5216 801 5286 injuste
831 5218 888 5268 et
918 5212 1260 5284 potestative
1292 5211 1605 5280 invaserat,
1657 5213 1855 5284 nepoti
1910 5231 2017 5270 suo

370 5306 732 5365 concederet.
765 5308 1027 5373 Cumque
1048 5300 1107 5355 in
1138 5300 1377 5372 longum
1407 5317 1510 5372 pro
1540 5299 1650 5355 hac
1697 5299 2018 5359 intentione

371 5399 501 5468 ejus
523 5394 907 5468 protelaretur
923 5389 1300 5456 consecratio,
1322 5405 1437 5444 non
1458 5391 1667 5458 sponte
1691 5390 1792 5444 sed
1819 5395 2017 5448 coacte

372 5484 682 5551 concessit,
706 5486 861 5557 quod
886 5480 1150 5556 petierat,
1182 5475 1679 5534 consecrationem
1710 5493 1825 5533 non
1848 5478 2019 5536 aliter

374 5575 746 5637 consecutus.
780 5571 1067 5663 Quiavero
1089 5566 1341 5629 multum
1359 5561 1604 5658 moleste
1624 5562 1845 5625 ferebat
1858 5568 2013 5646 quod

2134 4680 2310 4736 nibus
2340 4678 2790 4745 consentientes,
2824 4694 2927 4750 pro
2958 4679 3217 4736 remedio
3237 4679 3450 4736 animas
3471 4685 3715 4749 nostrae,
3735 4688 3797 4738 et

2132 4769 2204 4825 ob
2218 4770 2610 4825 interventum
2624 4765 3020 4823 dilectissime:
3037 4766 3307 4842 conjugis
3318 4769 3817 4843 nostreimpera-,

2132 4857 2296 4913 tricis
2308 4855 2570 4929 Agnetis,
2587 4854 2862 4928 praedicto
2882 4856 3240 4912 monasterio
3253 4856 3627 4914 concedendo
3644 4875 3801 4915 con-

2130 4948 2459 5010 ﬁrmamus,
2493 4949 2602 5000 etc.
2632 4943 2692 4998 1d
2724 4944 2895 4999 estin
2918 4944 3122 5000 eodem
3146 4944 3436 5001 territorio
3463 4944 3793 5004 Veroneusi

2131 5033 2556 5089 monasterium
2587 5035 2992 5088 constructum
3021 5032 3081 5088 in
3112 5032 3335 5090 honore
3362 5033 3552 5091 sancti
3599 5034 3787 5106 Petri,

2128 5123 2284 5196 quod
2315 5121 2530 5177 dicitur
2560 5119 2885 5187 Mauritica,
2918 5136 3053 5176 cum
3103 5121 3347 5178 decimis
3396 5138 3463 5178 ac
3509 5123 3795 5181 terminis

2127 5227 2330 5267 eorum
2342 5208 2719 5266 cernentibus
2742 5225 2776 5262 a
2794 5208 2910 5264 ﬁne
2928 5208 3158 5265 Fissaro
3177 5226 3367 5282 usque
3388 5210 3447 5265 in
3468 5210 3792 5268 Fossatum

2127 5300 2533 5362 Mantuanum,
2565 5312 2636 5351 ex
2666 5312 2782 5351 uno
2811 5296 2991 5353 latere
3033 5298 3108 5353 ab
3154 5297 3388 5371 Agricia
3425 5312 3616 5369 usque
3667 5299 3794 5357 ﬁne

2123 5385 2341 5454 Finale,
2383 5389 2441 5440 et
2468 5384 2807 5457 pertingens
2836 5384 2897 5440 iu
2926 5385 3160 5458 Agricia
3188 5403 3379 5458 usque
3422 5385 3785 5457 Trivularia,

2123 5475 2194 5529 de
2227 5489 2342 5529 uno
2372 5473 2560 5546 capite
2619 5471 3047 5541 Castellionem,
3108 5474 3414 5544 Silvatico;
3466 5474 3785 5533 castellum

2123 5562 2299 5651 etiam
2328 5562 2389 5622 iu
2400 5560 2724 5639 Vallepicta
2743 5578 2877 5628 cum
2898 5561 3143 5624 decimis
3165 5565 3223 5625 et
3241 5562 3585 5646 appendicis
3606 5564 3783 5651 suis;
