3920 6208
110 291 256 360 ΗΜ

106 518 422 572 sanctorum
454 511 632 566 Firmi
663 517 721 567 et
749 512 993 576 Rustici,
1024 529 1158 568 cum
1192 510 1454 580 decimis,
1490 511 1736 582 placitis,

106 602 448 666 districtis,et
467 599 744 656 omnibus
768 599 894 656 suis
919 599 1308 672 pertinentiis,
1325 600 1498 656 sicuti
1522 616 1555 655 a
1575 601 1738 656 bona

105 690 376 748 memoria
399 688 600 744 Karolo
632 689 901 762 piissimo
932 689 1284 760 imperatore
1314 705 1661 744 concessum
1685 693 1742 742 et

105 780 344 836 oblatum
375 783 464 834 est
493 777 849 833 monasterio
881 778 1079 832 Sancti
1113 776 1390 844 Zenonis;
1433 775 1738 833 castellum

103 868 392 927 Herbetum
417 883 554 922 cum
584 866 813 922 cunctis
840 865 1208 936 pertinentiis
1231 866 1354 922 suis
1385 870 1444 922 et
1471 867 1738 936 adjacen-

102 958 214 1025 tiis;
238 954 540 1013 castellum
559 955 1049 1022 Trebunciolum;
1073 960 1130 1010 et
1146 955 1452 1010 castellum
1467 955 1739 1025 Vicoade_

98 1047 195 1114 ris;
227 1042 503 1118 capellam
535 1043 732 1100 Sancti
774 1043 1069 1098 Laurentii
1114 1044 1291 1099 sitam
1324 1044 1384 1097 in
1416 1043 1543 1115 ripa
1571 1041 1734 1124 Padi,

98 1152 211 1205 qua
239 1134 452 1188 dicitur
489 1131 715 1199 Ostilia,
740 1149 874 1188 cum
907 1131 1152 1188 decimis
1194 1137 1252 1187 et
1299 1131 1575 1187 omnibus
1605 1147 1732 1202 per-

94 1223 336 1280 tinentiis
365 1222 522 1288 suis;
557 1220 946 1294 Campolana,
974 1237 1247 1292 campum
1281 1220 1641 1286 Palliarium,
1674 1224 1733 1275 et

91 1311 504 1377 Novoletum,et
528 1310 585 1362 in
610 1309 750 1379 Gajo
766 1309 966 1382 jugias
995 1313 1319 1376 trecentas;
1352 1307 1477 1364 loco
1507 1306 1731 1362 Casale-

92 1401 232 1467 Orci;
265 1397 398 1454 villa
431 1415 558 1470 qua
599 1398 813 1452 dicitur
853 1399 1038 1469 Aspo;
1071 1397 1384 1452 Castellum
1419 1396 1728 1451 Romania-

88 1505 384 1557 num,cum
424 1486 669 1542 facticiis
701 1487 898 1542 Sancti
936 1486 1208 1553 Zenonis,
1239 1492 1295 1542 et
1337 1490 1596 1541 montem
1629 1493 1729 1555 qui

88 1578 281 1632 dicitur
308 1576 556 1642 Alferia;
596 1577 652 1630 in
690 1576 888 1631 Lisino
921 1576 1019 1631 ubi
1049 1577 1263 1631 dicitur
1293 1574 1551 1642 Melario,
1576 1590 1731 1629 cam-

90 1685 182 1737 pos
225 1667 398 1732 duos;
437 1666 494 1720 in
528 1664 793 1720 Clariano
855 1681 1095 1736 campos
1156 1669 1302 1733 tres;
1354 1664 1415 1720 in
1464 1664 1728 1719 Crodano

1426 273 1822 352 HENRICUS
1849 285 1951 350 ,ΙΙΙ
1990 282 2159 353 IMP.

109 432 159 482 et
191 422 482 482 castellum
535 421 877 480 Mauriatica
926 439 1059 478 cum
1107 422 1349 478 ecclesia
1400 421 1459 476 in
1519 422 1736 479 honore
1763 422 1821 488 Α

3337 284 3499 351 MOE

2608 417 2749 476 XIII.

1848 539 2134 594 Heinricus
2164 539 2243 593 Ill
2266 553 2383 603 rex,
2411 540 2461 591 et
2499 538 2796 608 imperator
2823 535 2874 608 II
2899 535 3176 608 canonicis
3211 536 3498 594 Patavinis

2086 625 2379 681 eorumque
2408 607 2656 664 Eccleiia:
2690 607 2984 679 privilegia
3013 610 3254 662 renovat.

2469 751 2659 822 {Anno
2692 749 2874 820 1047.)

2176 884 2518 953 [Munxronn
2549 884 2732 955 Antiq.
2765 883 2889 938 Ital.
2922 881 2964 954 Ι,
3000 883 3183 954 1001.]

1915 1046 1975 1100 In
2010 1044 2245 1100 nomine
2274 1049 2485 1100 sancta
2531 1049 2589 1100 et
2629 1044 2941 1100 individua
2969 1043 3293 1101 Trinitatis.
3327 1044 3495 1102 Hem-

1844 1151 2012 1189 mcus
2043 1133 2238 1188 divina
2268 1135 2494 1190 favente
2524 1132 2834 1190 clementia
2876 1134 3275 1190 Romanorum
3305 1134 3492 1208 impe-

1843 1227 2001 1277 rator
2025 1225 2343 1294 Augustus.

1911 1312 1969 1366 Si
2002 1310 2184 1366 sacris
2215 1315 2272 1366 et
2315 1310 2744 1366 venerabilibus
2788 1311 2952 1379 locis,
2986 1317 3096 1368 etc.
3127 1314 3491 1387 Quapropter

1839 1401 2102 1456 omnium
2138 1399 2400 1455 ﬁdelium
2433 1403 2643 1454 sancta
2683 1399 2785 1455 Dei
2814 1399 3100 1469 Ecclesia,
3126 1405 3489 1458 nostrorum-

1839 1506 1951 1561 que
1993 1489 2367 1561 prasentium
2417 1487 2640 1543 scilicet
2681 1505 2746 1542 ac
2792 1488 3123 1544 futurorum
3173 1489 3491 1562 comperiat

1839 1579 2150 1646 industria,
2182 1575 2503 1632 Arnaldum
2555 1579 2768 1632 sancta
2818 1577 3172 1633 Pataviensis
3217 1578 3485 1634 Ecclesia

1835 1665 2224 1723 venerabilem
2257 1665 2620 1737 episcopum,
2644 1682 2750 1721 nec
2780 1683 2894 1720 non
2915 1669 2974 1722 et
2997 1667 3359 1722 Bernardum
3390 1683 3491 1722 no-

90 1771 307 1828 campos
327 1755 511 1819 duos;
535 1753 595 1808 in
620 1752 860 1824 Laupha
881 1769 1158 1825 campum
1179 1770 1396 1820 unum;
1420 1750 1725 1850 castellum
1755 1785 1802 1850 Β
1837 1760 2025 1811 strum
2056 1755 2448 1827 capellanum,
2483 1755 2868 1826 ejusdemque
2905 1753 3158 1810 ecclesia
3195 1754 3486 1811 archidia-

87 1843 264 1898 Sancti
283 1841 392 1897 Viti
423 1857 556 1896 cum
590 1841 958 1912 pertinentiis
980 1843 1133 1908 suis;
1161 1841 1466 1909 Paronam,
1491 1839 1724 1895 Cassia-

85 1949 231 1998 num,
261 1929 406 1986 cella
464 1930 662 1985 Sancti
694 1929 843 1984 Petri
893 1929 1046 1985 infra
1093 1930 1386 1986 civitatem
1434 1929 1723 1984 Veronam

81 2038 198 2076 cum
227 2019 594 2093 pertinentiis
625 2019 778 2086 suis;
809 2018 868 2072 in
886 2018 1017 2074 Gavi
1039 2017 1247 2075 cellam
1264 2019 1457 2074 Sancti
1479 2019 1720 2073 Andreae

81 2127 199 2165 cum
227 2107 590 2181 pertinentiis
617 2107 769 2173 suis;
802 2107 861 2162 in
884 2107 1052 2162 Venti
1074 2106 1358 2180 capellam
1387 2108 1584 2163 Sancti
1607 2106 1722 2177 Viti

80 2213 198 2254 cum
253 2195 622 2271 pertinentiis
676 2197 840 2264 suis;
891 2196 950 2250 in
1006 2195 1319 2252 Puviniaca
1358 2195 1720 2251 curticellam

83 2290 332 2356 unam,et
356 2289 524 2342 ourte
554 2283 615 2339 in
647 2284 938 2340 Rivariola
959 2301 1090 2339 cum
1123 2284 1397 2340 omnibus
1430 2284 1721 2356 pertinen-

81 2374 168 2430 tiis
196 2375 349 2441 suis;
379 2378 435 2429 et
469 2374 529 2428 in
561 2372 739 2428 Pualo
763 2389 1001 2444 campos
1030 2377 1183 2439 tres;
1219 2391 1321 2428 nec
1355 2391 1466 2428 non
1500 2378 1556 2428 et
1584 2389 1717 2427 cum

86 2462 338 2520 omnibus
369 2463 548 2519 rebus
597 2463 668 2517 ad
718 2462 1024 2533 prafatum
1077 2462 1501 2518 monasterium
1540 2462 1719 2533 perti-

87 2553 358 2618 nantibus,
383 2568 521 2606 cum
567 2549 850 2616 ecclesiis,
883 2549 1159 2619 castellis,
1185 2551 1347 2615 vicis,
1389 2549 1715 2617 colonibus,

85 2639 392 2713 mancipiis,
414 2639 880 2705 comendaticiis,
907 2638 1168 2706 facticiis,
1193 2644 1299 2694 etc.
1317 2639 1716 2694 Admonemus

87 2727 244 2784 etiam
277 2728 550 2784 abbatem
592 2726 690 2798 qui
724 2731 952 2799 praest,
987 2728 1234 2799 ejusque
1277 2727 1716 2783 successoribus

84 2817 496 2883 interdicimus,
519 2832 590 2872 ne
613 2833 703 2871 res
726 2815 1136 2887 stipendiarias
1157 2815 1383 2871 alendis
1415 2815 1716 2872 monachis

85 2907 379 2970 dedicatas,
416 2907 489 2961 de
517 2905 649 2960 sinu
680 2904 1020 2961 monasterii
1057 2905 1304 2977 rapiant,
1339 2908 1395 2959 et
1423 2904 1714 2960 saeculari-

83 2996 180 3051 bus
207 2996 263 3051 in
295 2994 646 3051 beneﬁcium
691 2993 972 3061 tribuant,
995 2993 1135 3065 quia
1173 2993 1266 3064 pia
1299 2992 1502 3066 religio
1535 2993 1711 3049 recla-

83 3090 206 3149 mat,
236 3084 284 3140 si
313 3083 464 3140 servi
496 3082 597 3139 Dei
629 3083 936 3138 tabescunt
977 3081 1196 3154 inopia,
1225 3086 1282 3137 et
1330 3082 1430 3154 qui
1464 3099 1578 3138 non
1612 3083 1708 3137 de-

1833 1861 2046 1900 conum
2105 1847 2364 1898 nostram
2417 1842 2724 1898 humiliter
2766 1858 3035 1899 exorasse
3089 1841 3482 1912 clementiam,

1832 1937 2123 2005 quatenus
2155 1949 2258 2004 pro
2292 1931 2393 1986 Dei
2426 1931 2847 2002 omnipotentis
2891 1947 3109 2004 amore,
3139 1935 3198 1988 et
3226 1933 3483 1989 remedio

1831 2022 2038 2078 anima
2071 2025 2304 2086 nostra,
2337 2036 2440 2074 nec
2491 2037 2606 2076 non
2651 2025 2707 2075 et
2750 2025 2956 2092 rogatu
3012 2020 3267 2077 Heinrici
3299 2021 3483 2079 nostri

1831 2109 2195 2167 dilectissimi
2255 2108 2587 2165 cancellarii
2633 2109 2834 2164 omnia
2883 2114 3168 2181 pracepta
3225 2126 3352 2181 qua
3410 2110 3482 2165 ab

1831 2199 2297 2255 antecessoribus
2323 2197 2558 2264 nostris,
2580 2214 2682 2252 seu
2710 2197 3099 2253 instrumenta
3121 2197 3476 2266 chartarum,

1829 2306 1955 2360 qua
1989 2305 2022 2341 ει
2051 2286 2324 2342 ﬁdelibus
2355 2285 2495 2341 viris
2545 2289 2759 2340 sancta
2809 2285 3164 2342 Pataviensis
3212 2285 3478 2343 Ecclesia

1829 2394 2015 2449 nuper
2043 2375 2254 2431 collata
2298 2379 2456 2441 sunt,
2489 2379 2690 2429 nostra
2731 2374 3074 2430 auctoritate
3102 2375 3478 2431 corroborare

1827 2466 2222 2538 dignaremur.
2256 2463 2515 2525 Quorum
2547 2461 2817 2534 precibus
2859 2467 2979 2517 tam
3013 2478 3118 2534 pro
3146 2461 3248 2518 Dei
3278 2479 3476 2519 amore

1826 2571 2004 2626 quam
2036 2570 2138 2624 pro
2187 2552 2453 2623 ejusdem
2502 2550 2771 2606 Ecclesia
2814 2551 3184 2608 veneratione
3229 2550 3478 2608 libenter

1825 2659 2134 2698 assensum
2168 2639 2728 2712 prabentes,omnia
2747 2657 2873 2712 qua
2904 2656 3007 2712 per
3035 2644 3321 2712 pracepta
3340 2639 3479 2696 alio-

1825 2748 1954 2786 rum
1982 2747 2184 2803 regum
2201 2728 2289 2785 vel
2314 2729 2755 2800 imperatorum,
2780 2745 2885 2784 nec
2907 2745 3023 2784 non
3047 2745 3173 2801 qua
3194 2745 3297 2801 per
3315 2728 3478 2784 char-

1822 2825 2018 2876 tarum
2051 2820 2443 2875 instrumenta
2473 2817 2659 2873 eidem
2691 2816 2960 2873 Ecclesia
2990 2817 3216 2872 dudum
3238 2834 3273 2872 a
3292 2816 3476 2873 ﬁdeli-

1824 2911 1935 2964 bus
1951 2908 2092 2962 viris
2109 2907 2303 2963 oblata
2319 2911 2478 2974 sunt,
2496 2923 2600 2978 per
2614 2905 2766 2962 hanc
2787 2910 3050 2962 nostram
3073 2905 3477 2962 auctoritatem

1823 2998 2071 3070 praefata
2091 2995 2446 3051 Pataviensis
2472 2994 2738 3050 Ecclesia
2762 2995 3205 3050 conﬁrmamus.
3220 2995 3335 3050 Nec
3357 3011 3476 3052 non

1822 3086 2141 3142 statuimus
2170 3088 2236 3139 ut
2265 3081 2529 3138 canonici
2559 3083 2823 3153 ejusdem
2863 3082 3126 3138 Ecclesia
3157 3082 3474 3140 servientes

81 3172 203 3228 bent
229 3189 428 3229 eorum
461 3171 756 3228 ditescunt
784 3172 968 3243 copia.
1002 3170 1058 3226 Si
1092 3171 1226 3242 quis
1263 3172 1446 3226 abbas
1476 3172 1707 3227 incaute
1739 3151 1782 3218 ί]
1823 3192 1978 3231 nunc
2004 3178 2060 3230 et
2090 3189 2456 3229 successores
2488 3151 2724 3226 illorum
2763 3169 3010 3226 liberam
3049 3169 3307 3226 habeant
3335 3186 3471 3226 cum

83 3267 170 3316 aut
195 3262 500 3319 temerarie
531 3261 685 3332 quod
717 3259 1016 3315 sancimus
1049 3259 1404 3332 perfregerit,
1437 3262 1591 3331 quod
1623 3260 1708 3316 in-

75 3350 216 3418 juste
244 3349 471 3417 tribuit,
507 3349 667 3420 juste
713 3349 955 3415 auferat,
989 3353 1046 3403 et
1078 3348 1410 3408 membrum
1459 3348 1708 3404 fractum

81 3438 285 3511 corpori
316 3437 621 3494 Dominico
651 3435 1001 3504 consolidet;
1039 3441 1101 3491 ut
1130 3437 1176 3492 si
1210 3437 1360 3492 male
1392 3438 1543 3493 facta
1572 3455 1710 3509 pur-

83 3543 202 3599 gare
230 3527 494 3596 voluerit,
528 3531 585 3583 et
632 3525 974 3599 nequiverit,
1009 3530 1305 3596 superstes
1339 3528 1466 3598 ejus
1514 3531 1713 3583 nostra

83 3620 129 3669 et
180 3620 514 3672 nostrorum
586 3630 992 3671 successorum
1052 3616 1343 3671 sententia
1406 3616 1714 3671 roboratus

85 3705 352 3771 emendet,
395 3704 557 3775 quod
606 3721 753 3759 suus
805 3707 1136 3758 antecessor
1183 3703 1401 3760 amisit.
1453 3705 1716 3776 Denique

85 3793 455 3864 pracipiendo
510 3791 828 3857 sancimus,
880 3795 945 3845 ut
1000 3791 1199 3846 nullus
1253 3793 1389 3860 dux,
1432 3793 1714 3861 marchio,

87 3880 402 3952 episcopus,
431 3895 649 3945 comes,
671 3879 1011 3948 vicecomes,
1039 3883 1143 3935 etc.
1172 3880 1230 3934 Si
1264 3881 1396 3952 quis
1424 3898 1558 3937 vero
1589 3898 1722 3937 con-

83 3973 162 4024 tra
187 3969 293 4026 hos
325 3975 564 4026 nostros
588 3967 810 4040 regales
834 3967 1025 4038 apices
1056 3967 1378 4041 insurgere,
1403 3975 1506 4025 aut
1535 3971 1594 4025 in
1625 3971 1724 4026 ali-

87 4073 187 4126 quo
212 4057 430 4115 violare
463 4057 788 4124 tentaverit,
821 4056 974 4111 infra
1004 4056 1318 4113 dictionem
1351 4059 1512 4131 regni
1540 4061 1724 4115 nostri

85 4147 413 4214 consistens,
451 4145 598 4203 sciat
635 4163 696 4202 se
744 4145 925 4201 libras
971 4144 1213 4218 triginta
1259 4147 1386 4202 auri
1436 4149 1724 4220 probatis-

85 4232 203 4288 simi
250 4234 678 4302 exsoluturum,
729 4235 1102 4290 medietatem
1139 4235 1399 4307 pradicti
1439 4242 1730 4296 monaste.

36 4335 37 4342 ‘
83 4321 164 4390 rii,
195 4329 249 4379 et
274 4324 646 4380 medietatem
692 4323 895 4396 palatii
947 4324 1152 4379 nostri.
1188 4325 1259 4379 Et
1301 4324 1411 4380 hoc
1459 4330 1727 4383 nostrum

83 4417 420 4484 praceptum
454 4412 515 4467 in
561 4412 658 4467 Dei
692 4413 951 4480 nomine,
985 4417 1050 4468 ut
1099 4411 1422 4484 pleniorem
1472 4413 1732 4486 obtineat

84 4497 432 4567 firmitatem,
464 4505 574 4557 etc.

145 4589 370 4658 Signum
398 4589 590 4645 domui
619 4592 868 4646 Heinrici
900 4593 1052 4646 tertii
1080 4593 1226 4660 regis
1258 4593 1628 4657 invictissimi,
1655 4609 1735 4649 se.

85 4675 239 4731 eundi
267 4679 642 4734 Romanorum
671 4681 1026 4749 imperatoris
1055 4681 1316 4751 Augusti.

147 4765 453 4822 Heinricus
487 4766 873 4823 cancellarius
903 4768 1026 4823 vice
1065 4768 1401 4823 Herimanni
1433 4768 1733 4826 archican-

88 4849 292 4909 cellarii
330 4856 664 4926 recognovi.

36 4935 38 4960 ³
151 4941 291 4999 Data
318 4961 423 5000 VIII
455 4944 594 5000 Idus
619 4945 772 5014 Maii,
797 4962 950 5001 anno
974 4946 1288 5001 Dominica
1313 4947 1736 5003 Incarnationis

91 5029 236 5098 1047,
257 5032 581 5088 indictione
608 5051 696 5102 xv,
722 5051 877 5090 anno
909 5038 1108 5090 autem
1129 5035 1332 5090 domni
1360 5036 1606 5092 Heinrici
1631 5040 1739 5096 ter.

87 5116 166 5183 tii,
197 5120 589 5178 ordinationis
635 5123 764 5194 ejus
814 5138 975 5192 xvm,
1009 5125 1308 5195 regnantis
1340 5142 1462 5191 vm,
1497 5126 1739 5181 secundi

93 5208 432 5278 imperantis
464 5208 676 5281 primo.

147 5299 358 5356 Actum
392 5298 633 5358 Folerni
662 5300 721 5357 in
751 5301 850 5359 Dei
885 5301 1124 5359 nomine
1154 5301 1414 5363 feliciter.
1446 5305 1650 5361 Amen.

1817 3280 2107 3320 consensu
2137 3259 2529 3333 episcopi,qui
2563 3275 2665 3330 pro
2696 3263 2958 3329 tempore
2988 3257 3182 3326 fuerit,
3220 3261 3470 3330 potesta-

1817 3358 1936 3409 tem
1969 3353 2040 3408 de
2070 3349 2364 3413 omnibus,
2394 3365 2519 3419 qua
2562 3345 2679 3401 illis
2716 3346 2878 3417 juste
2909 3350 2967 3401 et
2993 3345 3260 3418 legaliter
3288 3345 3466 3418 perti-

1820 3458 1956 3498 nere
1986 3441 2110 3496 visa
2142 3442 2300 3506 sunt,
2325 3441 2426 3492 aut
2449 3435 2572 3491 visa
2602 3435 2837 3500 fuerint,
2857 3435 3008 3490 inter
3036 3449 3118 3501 se,
3141 3438 3206 3490 ut
3226 3450 3467 3490 consue~

1821 3531 1961 3587 tudo
1982 3529 2110 3597 fuit,
2128 3524 2441 3595 dividendi,
2457 3523 2619 3580 omni
2639 3527 2995 3596 potestatum
3011 3522 3470 3579 contradictione

1822 3623 2047 3674 remota
2079 3636 2091 3673 :
2123 3613 2390 3670 videlicet
2421 3614 2491 3669 de
2523 3613 2766 3668 decimis
2811 3611 3063 3668 civitatis
3105 3628 3208 3684 per
3249 3611 3469 3680 omnia,

1825 3725 1958 3763 cum
1988 3705 2177 3761 titulis
2206 3708 2382 3775 atque
2425 3719 2560 3758 cum
2589 3701 2744 3758 villis
2774 3701 2900 3757 suis
2931 3701 3004 3756 ad
3035 3701 3300 3758 eamdem
3329 3699 3472 3756 civi-

1825 3801 2004 3852 tatem
2057 3792 2507 3866 pertinentibus.
2543 3791 2604 3846 In
2656 3789 2863 3863 primis
2909 3789 3048 3847 villa
3091 3807 3218 3862 qua
3266 3789 3481 3845 dicitur

1828 3886 2087 3948 Limena,
2117 3887 2172 3937 ct
2212 3881 2349 3936 villa
2396 3898 2522 3952 qua
2570 3879 2784 3934 dicitur
2826 3880 3054 3950 Arzere,
3076 3882 3134 3934 et
3159 3877 3480 3946 Autikeria,

1831 3979 1888 4030 et
1916 3975 2101 4029 Turre
2135 3976 2190 4026 et
2223 3971 2466 4038 Noenta,
2489 3973 2546 4024 et
2569 3967 2704 4024 villa
2727 3985 2852 4039 qua
2873 3967 3088 4023 dicitur
3117 3967 3404 4041 Bergomi,
3429 3971 3487 4024 et

1833 4060 2131 4125 Roncalia,
2156 4065 2211 4115 et
2241 4060 2433 4114 Ronco
2465 4056 2703 4125 Liuteri,
2738 4060 2796 4112 et
2823 4055 2960 4112 villa
2988 4074 3115 4128 qua
3148 4057 3367 4113 dicitur
3385 4056 3488 4112 Ca-

1834 4152 1974 4220 sale,
2007 4155 2066 4205 et
2095 4148 2280 4204 altera
2309 4165 2435 4219 qua
2467 4147 2683 4203 dicitur
2721 4144 3073 4212 Publitiano,
3105 4149 3164 4200 et
3193 4143 3330 4200 villa
3357 4161 3486 4215 qua

1835 4240 2175 4296 nominatur
2201 4234 2587 4307 Albignaseca
2616 4239 2673 4290 et
2703 4234 3042 4298 Masserata,
3071 4237 3181 4288 etc.
3215 4231 3488 4287 Concedi-

1839 4346 1972 4384 mus
2001 4326 2176 4383 etiam
2208 4323 2394 4380 eidem
2419 4323 2682 4379 Ecclesia
2715 4327 2783 4378 ut
2811 4320 3010 4377 nullus
3039 4321 3179 4388 dux,
3203 4319 3486 4387 marchio,

1840 4433 2055 4482 comes,
2086 4415 2428 4478 vicecomes,
2470 4410 2822 4480 sculdassio,
2869 4409 3177 4484 gastaldio,
3230 4409 3488 4465 decanus

1758 4516 1810 4582 D
1837 4506 1924 4562 vel
1956 4502 2234 4576 quislibet
2261 4500 2507 4572 publica
2537 4500 2722 4572 partis
2753 4500 3040 4568 minister,
3071 4502 3184 4555 etc.

1913 4594 2144 4665 Signum
2189 4589 2377 4644 domui
2433 4589 2676 4644 Heinrici
2723 4589 3071 4645 invictissimi
3124 4588 3492 4644 Romanorum

1844 4681 2191 4755 imperatoris
2219 4678 2468 4748 Augusti.

1915 4768 2224 4826 Heinricus
2253 4763 2639 4822 cancellarius
2666 4766 2790 4822 vice
2819 4765 3155 4823 Herimanni
3191 4763 3494 4821 archican-

1846 4858 2065 4918 cellarii
2101 4855 2404 4927 recognovi
2436 4858 2493 4910 et
2522 4853 2868 4925 subscripsi.

1918 4952 2062 5004 Data
2089 4964 2124 5001 v
2150 4945 2288 5000 Idus
2335 4941 2488 5009 Maii,
2522 4957 2676 4996 anno
2709 4940 3019 4996 Dominica
3073 4941 3500 4998 Incarnationis

1851 5040 2007 5106 1047,
2042 5033 2360 5090 indictione
2407 5049 2500 5100 xv,
2546 5045 2697 5084 anno
2755 5032 2950 5084 autem
2999 5029 3196 5085 domni
3247 5029 3501 5086 Heinrici

1849 5127 2028 5193 tertii,
2060 5121 2449 5180 ordinationis
2477 5120 2605 5191 ejus
2635 5133 2795 5188 xvm,
2823 5117 3126 5186 regnantis
3153 5133 3281 5189 vm,
3312 5120 3414 5174 sed
3446 5121 3506 5172 et

1849 5213 2196 5290 imperantis
2226 5211 2436 5285 primo.

1920 5286 2130 5362 Actum
2160 5298 2498 5359 Tridentino
2529 5295 2589 5354 in
2613 5292 2716 5352 Dei
2740 5289 2978 5350 nomine
3008 5286 3277 5347 feliciter.
3301 5295 3509 5354 Amen.
