3920 6208
409 281 564 342 ῒο99

1759 285 2079 354 MONUM.
2120 285 2450 351 'DIPLOM.

3661 283 3817 354 που

404 413 886 471 contradictionis
907 413 1174 472 molestia
1196 418 2048 494 perpetualitervalcantpossi-
2076 425 2133 491 Α
2163 425 2296 478 inde
2319 424 2552 487 fecerat,
2573 423 2726 493 apud
2741 421 3020 493 genitoris
3035 421 3219 478 nostri
3238 421 3814 481 excelle‘nt‘iammul-

403 505 558 560 dere.
591 503 805 558 Verum
839 503 1014 559 etiam
1072 507 1492 563 confirmamus
1546 509 1733 564 eidem
1776 510 2041 565 Ecclesia:

401 608 574 648 omne
595 591 911 657 toloneum,
936 593 1114 664 ripas,
1138 600 1193 648 et
1211 594 1543 666 ripaticum,
1568 602 1624 651 et
1647 599 1862 652 [ixuras
1883 599 2043 670 palo-

402 699 533 737 rum
563 681 700 753 ripae
733 682 1060 736 Mantuana
1093 682 1340 738 civitatis
1372 690 1425 738 et
1456 685 1631 756 porti,
1659 690 1713 740 et
1737 691 1914 741 totam
1938 705 2044 758 pu-

401 771 616 828 blicam
647 769 1025 838 iunctionem,
1061 775 1236 842 atque
1267 772 1522 828 insulam
1556 775 1768 830 reveris
1811 779 1867 830 et
1914 794 2043 831 cur-

402 866 519 916 tcm
553 857 848 931 Regalem,
876 874 1107 913 necnon
1128 858 1478 927 etinsulam,
1499 879 1627 933 quae
1642 863 1856 918 dicitur
1872 869 2044 919 Suza-

401 950 506 1016 ria,
540 953 647 1004 etc.

466 1038 697 1109 Signum
727 1034 1044 1107 (r1<)domni
1086 1037 1334 1092 Heinrici
1388 1041 1540 1095 tertii
1598 1042 1744 1110 regis
1802 1043 2047 1096 invictis-

399 1129 546 1182 simi.

465 1217 806 1274 Adelberius
835 1221 1218 1277 cancellarius
1245 1219 1365 1273 vice
1388 1217 1726 1272 Herimanni
1746 1218 2046 1274 archican-

397 1305 617 1361 cellarii
650 1310 976 1380 recognovi.

467 1394 613 1450 Data
644 1413 796 1451 anno
827 1397 1143 1453 Dominicze
1201 1395 1624 1451 lncarnationis
1685 1397 1844 1462 1045,
1886 1396 2050 1466 judi-

398 1484 588 1538 ctione
618 1502 738 1551 x111,
775 1502 928 1540 anno
959 1503 1090 1540 vero
1124 1485 1326 1539 domni
1358 1483 1611 1539 I-Ieinrici
1639 1483 1790 1537 tertii
1825 1484 2050 1539 ordina-

400 1572 575 1627 tionis
608 1573 734 1644 ejus
767 1591 858 1642 xv,
893 1573 1192 1646 regnantis
1223 1590 1355 1628 vero
1376 1591 1451 1627 va.

467 1663 676 1716 Actum
702 1665 970 1734 Augusta
993 1662 1255 1718 feliciter.
1292 1667 1502 1717 Amen.

1182 1752 1280 1805 Xl.

400 1822 684 1876 Heinricus
716 1820 763 1875 ΙΙ
791 1821 1095 1892 imperator
1127 1823 1481 1878 Cremonensi
1505 1821 1755 1875 Ecclesiae
1771 1823 2052 1876 restiluen-
2082 1791 2128 1855 Β

469 1892 540 1947 da
569 1892 812 1948 decernit
836 1893 1013 1948 eidem
1039 1893 1222 1949 ablata-
1247 1911 1282 1946 (ι
1315 1892 1547 1948 Gerardo
1571 1897 1759 1962 nepote
1781 1894 2051 1948 lleriberti

470 1965 869 2036 archiepiscopi
886 1965 1337 2036 Mediolanensis.

853 2034 1116 2105 (Circiter
1145 2051 1366 2091 annum
1401 2036 1584 2101 1046.)

713 2106 989 2175 [Μυῐωτη
1023 2107 1204 2177 Antiq.
1237 2108 1359 2162 Ital.
1396 2105 1490 2172 VI,
1521 2107 1674 2174 217.]

469 2195 532 2249 In
565 2193 800 2250 nomine
831 2194 1060 2249 Domini
1096 2194 1192 2250 Dei
1225 2194 1446 2249 aeterni.
1484 2195 1829 2265 Hsmmcus,
1854 2194 2050 2249 divina

397 2284 620 2338 favente
652 2283 963 2337 clementia
991 2283 1308 2354 imperator
1335 2284 1654 2354 Augustus.

466 2372 522 2426 Si
559 2376 893 2427 sanctarum
917 2371 1018 2426 Dei
1040 2371 1432 2426 Ecclesiarum
1452 2371 1787 2442 pastoribus
1810 2387 1896 2437 ea,
1919 2390 2045 2443 qua:

396 2469 569 2541 digne
599 2487 633 2523 a
657 2470 872 2525 nostris
907 2469 1176 2523 fidelibus
1209 2470 1362 2541 apud
1396 2473 1656 2524 nostram
1676 2470 2043 2539 majestatem

395 2557 789 2630 postulantur,
823 2558 1241 2628 impendimus,
1276 2559 1329 2611 id
1364 2559 1434 2612 ad
1460 2561 1684 2612 aeternae
1708 2575 2044 2613 remunera-

395 2645 572 2701 tionis
594 2645 871 2702 meritum
894 2644 1064 2700 nobis
1077 2646 1356 2716 proﬁcere
1374 2662 1488 2700 non
1509 2645 1868 2702 dubitamus.
1892 2647 2042 2710 Quo-

400 2735 829 2790 circaomnium
849 2729 1110 2788 fidelium
1136 2737 1348 2788 sanctae
1372 2733 1473 2788 Dei
1496 2732 1789 2802 Ecclesiae,
1816 2741 2044 2790 nostro-

395 2838 664 2892 rumque,
699 2820 1073 2892 praesentium
1107 2820 1327 2876 scilicet
1349 2837 1415 2875 ac
1444 2821 1796 2887 futurorum,
1821 2823 2044 2878 noverit

395 2910 686 2965 industria
716 2927 781 2966 eo
812 2911 966 2980 quod
981 2909 1642 2965 Hubaldusvenerabilis
1665 2915 1876 2966 sancte
1907 2912 2040 2968 Cre-

395 2999 695 3055 monensis
741 2997 1008 3054 Ecclesia:
1051 2999 1382 3070 episcopos,
1436 2998 1801 3071 dilectusque
1850 3000 2040 3058 ﬁdelis

394 3093 609 3155 noster,
629 3106 732 3160 per
754 3089 1035 3143 domnum
1060 3088 1482 3143 Herimannum
1502 3089 2036 3146 reverentissimum

2153 513 2326 567 toties
2359 517 2720 583 conquestus
2747 514 2837 566 est
2860 528 2921 566 se
2953 511 3062 567 hoc
3094 516 3303 584 sponte
3325 529 3441 568 non
3468 513 3812 571 fecisse.Cui

2160 618 2294 656 cum
2327 601 2664 672 praedictam
2695 604 2913 655 cortem
2947 607 3003 655 et
3022 599 3252 672 plebem
3283 601 3593 657 restituere
3624 602 3812 670 vellet,

2155 707 2302 760 saepe
2333 695 2389 744 et
2414 688 2735 760 saepissime
2766 705 2868 760 per
2901 705 3039 744 suas
3072 688 3296 744 litteras
3329 688 3415 743 illi
3460 691 3812 747 mandatum

2155 783 2430 833 estuteas
2461 778 2531 832 ad
2568 781 2788 849 partem
2823 778 3417 850 episcopiihabendas
3439 778 3812 852 relinqueret.

2155 867 2314 929 Quod
2350 883 2652 938 nunqnam
2683 866 3004 938 impetrare
3035 866 3239 933 valuit,
3271 868 3372 923 sed
3407 867 3700 924 diabolico
3728 869 3814 924 in-

2157 955 2395 1017 stinctu,
2427 955 2519 1009 cui
2545 973 2578 1009 a
2610 955 2938 1022 cunabulis,
2975 954 3127 1010 sicut
3155 955 3431 1011 omnibus
3449 961 3569 1012 tam
3594 957 3806 1013 Italicis

2157 1061 2332 1115 quam
2362 1043 2693 1098 Teutonicis
2715 1048 2891 1114 patet,
2918 1044 3293 1113 deservierat,
3314 1045 3444 1115 ejus
3461 1045 3809 1117 legationem

2153 1133 2538 1204 vilipendens,
2574 1133 2855 1203 superius
2877 1133 3031 1188 dicta
3060 1133 3310 1188 detinuit
3357 1139 3415 1188 et
3462 1133 3578 1190 alia
3629 1135 3808 1190 mulio

2158 1223 2380 1292 majora
2414 1221 2482 1275 ad
2517 1221 2798 1293 genitoris
2829 1222 3079 1277 dedecus
3109 1225 3166 1276 et
3197 1221 3502 1288 vilitatem,
3529 1224 3801 1280 invadere

2158 1329 2270 1365 non
2291 1310 2639 1373 formidavit,
2655 1309 3114 1382 scilicetplebem
3133 1312 3202 1366 de
3225 1311 3475 1367 Misiano
3499 1329 3634 1367 cum
3649 1314 3805 1368 omni

2159 1398 2487 1469 integritate
2519 1416 2645 1464 sua,
2679 1404 2736 1453 et
2765 1399 3054 1455 decimam
3083 1400 3154 1455 de
3182 1405 3372 1456 castro
3420 1400 3700 1473 Aganello
3745 1403 3810 1458 ad

2159 1475 2492 1559 praedictam
2528 1488 2754 1560 plebem
2787 1488 2857 1543 de
2888 1489 3128 1544 Arciaco
3146 1489 3557 1560 pertinentem,
3583 1494 3640 1546 et
3659 1491 3811 1547 deci-

2161 1594 2316 1631 mam
2351 1578 2422 1631 de
2453 1577 2779 1648 Mauringo,
2811 1577 2883 1631 ad
2914 1576 3145 1648 plebem
3177 1579 3249 1633 de
3270 1579 3530 1633 Fornovo
3552 1579 3805 1635 attinen-

2159 1671 2298 1732 tem,
2334 1681 2438 1718 nec
2469 1681 2581 1718 non
2606 1669 2662 1718 et
2683 1664 3054 1720 medietatem
3076 1665 3147 1720 de
3169 1668 3358 1720 castro
3381 1665 3731 1738 Cortegano,
3746 1668 3814 1722 ad

2159 1753 2453 1808 abbatiam
2488 1752 2686 1807 Sancti
2719 1753 3013 1808 Laurentii
3046 1753 3454 1824 pertinentem.
3489 1755 3565 1810 Eo
3604 1760 3802 1812 autem

2160 1843 2216 1895 in
2246 1858 2421 1913 regno
2436 1842 2696 1896 veniente
2710 1858 2842 1897 cum
2858 1843 3237 1914 comperisset
3255 1843 3407 1915 quod
3423 1843 3815 1917 archiepisco-

2159 1949 2268 2002 pus
2301 1930 2511 1985 violata
2545 1929 2823 1986 fidelitate
2853 1947 3030 2002 quam
3062 1930 3146 1985 illi
3169 1930 3403 1999 fecerat,
3428 1948 3681 2006 regnum
3706 1935 3813 1990 sibi

2157 2019 2429 2073 invadere
2462 2017 2782 2088 moliretur,
2810 2019 3053 2074 Girardo
3075 2018 3391 2091 instigante
3412 2024 3467 2076 et
3483 2020 3536 2076 ei
3571 2023 3812 2079 omnino

2159 2109 2533 2179 sulfragante,
2567 2108 2762 2163 omnia
2793 2107 3092 2180 praedicta,
3117 2107 3270 2163 sicut
3291 2125 3386 2164 reo
3412 2110 3745 2180 majestatis
3764 2117 3817 2167 et

2160 2195 2582 2268 proscriptione
2609 2196 2806 2268 digno,
2821 2197 2982 2266 juste
3000 2196 3050 2251 ei
3073 2195 3319 2252 abstulit
3343 2201 3400 2252 et
3421 2198 3712 2271 episcopo
3733 2217 3815 2256 re-

2157 2284 2366 2339 stituit.
2402 2284 2510 2339 Sed
2544 2285 2803 2356 genitore
2836 2288 3031 2339 nostro
3062 2285 3133 2340 de
3154 2301 3331 2357 regno
3352 2287 3690 2353 recedente,
3714 2287 3814 2343 ite-

2158 2391 2286 2428 rum
2303 2374 2500 2428 omnia
2524 2373 2794 2428 invadere
2808 2390 2922 2428 non
2941 2372 3157 2441 timuit,
3172 2376 3510 2447 spretaejus
3532 2392 3808 2432 reveren-

2155 2464 2235 2518 tia
2263 2467 2318 2517 et
2351 2463 2574 2516 timore.
2610 2463 2722 2516 Nos
2749 2478 2880 2517 vero
2913 2462 3288 2535 episcopatus
3327 2463 3716 2521 diminutioni
3756 2472 3811 2521 et

2156 2551 2403 2605 miseriae
2432 2550 2830 2616 condolentes,
2864 2555 2921 2606 et
2936 2554 3246 2622 paternum
3265 2552 3519 2608 dedecus
3539 2555 3811 2610 conside-

2155 2644 2369 2704 rantes,
2403 2639 2522 2693 hzec
2562 2638 2758 2693 omnia
2801 2638 3093 2711 episcopio
3135 2639 3482 2696 zeternaliter
3529 2641 3806 2698 habenda

2153 2727 2546 2795 concedimus,
2579 2732 2635 2782 et
2665 2727 2906 2799 insuper
2934 2743 3036 2799 per
3057 2728 3326 2800 praecepti
3345 2730 3528 2785 nostri
3551 2732 3809 2788 auctori-

2150 2819 2331 2871 tatem
2364 2816 2667 2872 retinenda
2696 2815 3082 2882 instituimus,
3114 2831 3182 2872 ea
3199 2815 3467 2874 videlicet
3502 2818 3734 2875 ratione
3755 2824 3815 2874 ut

2152 2903 2352 2960 nullus
2404 2903 2899 2976 archiepiscopus,
2947 2903 3278 2977 episcopus,
3324 2905 3462 2972 dux,
3514 2907 3802 2975 marchio,

2150 3009 2364 3058 comes,
2400 2993 2736 3059 vicecomes,
2762 3009 2862 3048 seu
2888 3008 3104 3064 magna
3121 3009 3415 3065 parvaque
3433 2994 3596 3066 regni
3620 2995 3807 3052 nostri

2149 3099 2396 3154 persona
2426 3081 2729 3137 ecclesiam
2754 3081 3020 3137 eamdem
3045 3082 3318 3138 divestire
3340 3082 3573 3138 audeat.
3599 3085 3661 3139 Si
3680 3085 3808 3156 quis

394 3176 795 3233 Coloniensem
816 3174 1826 3248 archiepiscopum,etdulcissimum
1845 3194 2043 3233 conso-
2074 3156 2116 3222 (ἶ
2153 3188 2308 3236 νϐτον
2341 3175 2449 3226 elc-

395 3265 629 3322 brinum
677 3270 966 3331 nostrum,
1019 3269 1232 3319 nostra:
1282 3265 1451 3337 regiae
1502 3264 1808 3321 humiliter
1850 3266 2052 3322 retulit

395 3355 689 3427 potestati,
726 3353 979 3425 qualiter
1009 3370 1178 3408 suam
1196 3352 1513 3409 Ecclesiam
1538 3370 1684 3425 pene
1722 3355 2044 3411 desolatam

401 3443 722 3516 multisque
750 3442 1181 3498 calamitatibus
1202 3448 1257 3497 et
1278 3441 1530 3499 miseriis
1552 3442 1870 3499 invenisset
1890 3443 2049 3500 attri-

402 3537 544 3589 tam.
569 3529 941 3604 Imperatoris
962 3547 1215 3601 namque
1239 3530 1378 3584 diva:
1405 3531 1698 3586 memorie
1712 3531 2046 3588 Chuonradi

398 3618 1021 3694 imperatorisAugusti
1033 3618 1313 3690 genitoris
1327 3619 1506 3674 nostri
1523 3623 1779 3692 tempore
1793 3621 2046 3678 domnus

399 3709 724 3767 Landulfus
752 3706 1182 3779 praenominatae
1213 3707 1483 3763 Ecclesiae
1511 3713 1568 3762 et
1599 3709 1749 3778 parti
1797 3709 2042 3765 Romani

397 3797 628 3869 imperii
661 3813 762 3868 per
789 3794 986 3850 omnia
1010 3811 1241 3867 semper
1269 3795 1672 3862 fidelissimus,
1705 3798 1863 3868 gravi
1888 3798 2043 3853 inﬁr-

396 3886 600 3941 mitate
631 3889 954 3956 correptus,
977 3883 1034 3938 in
1067 3884 1194 3956 ipsa
1241 3884 1583 3939 infirmitate
1647 3884 1880 3957 longam
1937 3903 2042 3959 pro

392 3974 567 4031 traxit
595 3974 793 4029 vitam.
818 3978 881 4028 In
905 3974 1075 4045 cujus
1094 3972 1265 4045 longa
1288 3972 1630 4045 aegritudine
1653 3990 1762 4028 sua
1785 3974 2043 4031 Ecclesia

393 4081 507 4119 non
533 4062 820 4119 modicam
841 4079 1013 4134 passa
1028 4066 1116 4117 est
1119 4063 1439 4132 jacturam,
1461 4062 1712 4116 maxime
1727 4079 1760 4117 a
1773 4062 2037 4132 Girardo,

390 4152 677 4209 Heriberti
709 4150 1162 4207 Mediolanensis
1194 4149 1616 4222 archiepiscOpi
1652 4156 1881 4222 nepote,
1939 4153 2039 4224 qui

388 4241 634 4299 audacia
664 4240 854 4313 patrui
886 4239 1001 4307 sui,
1034 4237 1133 4309 qui
1167 4254 1340 4292 omne
1375 4255 1622 4310 regnum
1651 4240 1915 4295 Italicum
1964 4243 2037 4298 ad

390 4348 565 4388 suum
589 4330 934 4403 disponebat
959 4333 1192 4394 nutum,
1217 4327 1465 4397 superbe
1482 4326 1725 4396 levatus,
1749 4330 2034 4402 quidquid

391 4421 501 4477 sibi
534 4419 808 4493 placitum
829 4421 972 4482 erat,
988 4416 1221 4486 justum
1243 4421 1344 4470 aut
1361 4415 1670 4486 injustum,
1695 4419 2036 4489 potestative

2231 3261 2345 3332 Ego
2374 3260 2718 3315 Ramundus
2749 3259 3013 3314 notarius
3043 3259 3225 3332 hujus
3251 3260 3461 3316 exomii
3505 3263 3812 3336 exemplar

2156 3348 2271 3404 vidi
2301 3353 2354 3404 et
2385 3347 2518 3421 legi.

2934 3436 3052 3492 Xll.

2154 3510 2402 3581 Heinrici
2431 3509 2506 3564 ΙΙΙ
2536 3510 2702 3577 regis,
2736 3510 3081 3581 imperatoris
3114 3509 3177 3574 II,
3209 3508 3449 3580 diploma
3481 3527 3587 3581 quo
3613 3516 3810 3569 omnia

2227 3580 2362 3634 bona
2391 3582 2675 3650 conﬁrmat
2732 3580 3060 3635 monasterio
3127 3582 3414 3637 Veronensi
3461 3580 3659 3640 Sancti
3714 3585 3809 3640 Ze-

2227 3667 2407 3706 noms.

2775 3723 2961 3792 (Anno
2994 3723 3179 3789 4047.)

2449 3793 2802 3864 [ΜΟΗΑΤΟΗΙ,
2835 3796 3054 3864 Aantiq.
3089 3795 3209 3849 Ital.
3248 3794 3327 3861 VI,
3362 3795 3515 3865 22L]

2223 3883 2287 3938 In
2304 3883 2538 3939 nomine
2560 3887 2774 3938 sancta:
2797 3887 2854 3938 et
2873 3880 3183 3937 individuae
3205 3882 3528 3940 Trinitatis.
3557 3883 3804 3942 Hamm-

2151 3989 2277 4038 cus,
2293 3971 2489 4027 divina
2501 3972 2722 4026 favente
2737 3969 3467 4040 clementia,Romanorum
3482 3972 3810 4046 imperator

2150 4064 2474 4132 Augustus.

2222 4147 2588 4221 Imperialem
2621 4146 3042 4204 sublimitatem
3066 4150 3362 4217 condecet,
3386 4155 3527 4218 etc.;
3550 4152 3809 4224 qualiter

2148 4225 2442 4293 Walterus
2465 4241 2676 4292 sanctae
2697 4235 3048 4292 Veronensis
3072 4235 3338 4292 Ecclesia:
3351 4238 3671 4312 episcopus
3687 4257 3806 4297 una

2147 4344 2282 4382 cum
2314 4325 2602 4394 Alberico,
2650 4325 2859 4379 abbate
2909 4325 3249 4381 monasterii
3306 4326 3501 4381 Sancti
3549 4328 3805 4385 Zenonis

2146 4415 2439 4488 martyris,
2466 4419 2726 4471 nostram
2751 4413 3122 4470 clementiam
3147 4413 3804 4486 suppliciterexorando

389 4510 739 4582 operabatur
760 4507 817 4561 in
837 4521 1035 4576 regno.
1057 4504 1274 4558 Invasit
1297 4504 1488 4574 itaque
1503 4509 1720 4560 cortem
1735 4509 1790 4560 et
1807 4505 2034 4577 plebem
2065 4522 2112 4586 D
2143 4506 2307 4571 adiit,
2340 4505 2410 4560 ob
2444 4520 2703 4560 amorem
2733 4503 2834 4558 Dei
2857 4502 3295 4575 omnipotentis,
3321 4503 3595 4575 beatique
3617 4505 3802 4561 Zeno-

386 4601 458 4656 de
486 4597 725 4654 Arciaco
757 4599 958 4649 contra
985 4591 1345 4648 voluntatem
1369 4597 1425 4648 et
1475 4593 1600 4648 sine
1651 4593 2035 4666 permissione

385 4691 644 4745 multum
661 4684 877 4756 diuque
895 4681 1230 4754 aegrotantis
1253 4682 1529 4753 episc0pi.
1555 4682 1660 4745 Qui
1675 4700 1808 4739 cum
1825 4683 2031 4756 liquis-

390 4781 478 4835 set
507 4776 730 4841 inﬁma,
755 4776 813 4828 et
843 4771 1154 4843 migrasset
1199 4771 1270 4825 ad
1323 4787 1589 4842 superos,
1644 4773 1929 4828 successit
1979 4775 2031 4830 ei

388 4863 691 4922 Hubaldus
707 4861 1036 4934 episcopus,
1054 4859 1322 4915 nosterin
1341 4859 1614 4915 omnibus
1629 4860 2025 4920 fidelissimus.

383 4955 486 5011 Cui
521 4969 655 5009 cum
687 4965 922 5006 necesse
953 4953 1107 5004 esset
1137 4950 1208 5003 ad
1235 4947 1622 5021 episcopalem
1640 4953 2028 5007 consecratio-

382 5062 517 5100 nem
551 5041 841 5107 accedere,
873 5039 945 5094 ab
997 5037 1433 5109 archiepiscopo
1485 5043 1548 5092 ut
1591 5045 2030 5096 consecraretur

384 5135 696 5206 impetrare
710 5144 1079 5200 nequaquam
1095 5125 1296 5195 valuit,
1329 5126 1556 5196 plebem
1584 5131 1640 5181 et
1660 5132 1877 5182 cortem
1913 5129 2027 5184 nisi

381 5239 561 5296 quam
595 5221 809 5290 injuste
841 5221 896 5272 et
927 5215 1269 5288 potestative
1301 5215 1613 5281 invaserat,
1667 5216 1864 5285 nepoti
1919 5233 2026 5272 suo

380 5311 740 5369 concederet.
774 5313 1035 5376 Cumque
1057 5304 1115 5359 in
1147 5304 1387 5375 longum
1417 5320 1519 5375 pro
1550 5303 1659 5356 hac
1708 5302 2027 5360 intentione

381 5403 510 5472 ejus
533 5398 915 5472 protelaretur
933 5393 1308 5457 consecratio,
1331 5409 1446 5446 non
1468 5394 1676 5460 sponte
1701 5392 1802 5445 sed
1829 5397 2027 5449 coacte

382 5488 691 5554 concessit,
715 5490 870 5560 quod
896 5484 1158 5559 petierat,
1191 5478 1688 5536 consecrationem
1720 5495 1835 5534 non
1858 5481 2029 5537 aliter

384 5579 755 5638 consecutus.
789 5575 1076 5642 Quiavero
1098 5570 1350 5630 multum
1369 5565 1612 5625 moleste
1633 5565 1854 5626 ferebat
1868 5570 2022 5646 quod

2148 4595 2237 4650 nis
2257 4593 2656 4660 reverentiam,
2682 4596 2789 4647 etc.
2814 4591 2933 4646 Nos
2955 4608 3109 4660 vero,
3127 4590 3310 4662 justis
3332 4608 3536 4647 eorum
3557 4593 3803 4664 petitio-

2142 4682 2318 4738 nibus
2349 4680 2797 4744 consentientes,
2833 4696 2934 4751 pro
2966 4680 3224 4736 remedio
3245 4680 3458 4736 animae
3480 4685 3722 4748 nostrae,
3743 4688 3805 4738 et

2141 4772 2212 4827 ob
2227 4772 2618 4827 interventum
2633 4767 2912 4824 dilectissi
2923 4785 3027 4824 ma:
3045 4768 3314 4842 conjugis
3327 4770 3825 4842 nostraeimpera-.

2141 4860 2303 4914 tricis
2318 4857 2578 4931 Agnetis,
2595 4857 2869 4929 praedicto
2890 4857 3247 4912 monasterio
3262 4857 3635 4913 concedendo
3653 4875 3810 4914 con-

2139 4954 2468 5012 lirmauius,
2501 4951 2610 5002 etc.
2642 4945 2700 4999 ld
2733 4949 2821 5000 est
2843 4945 2902 5000 in
2927 4945 3130 5000 eodem
3155 4945 3444 5001 territorio
3471 4945 3802 5004 Veronensi

2141 5035 2563 5091 monasterium
2596 5036 2999 5088 constructum
3030 5033 3088 5087 in
3120 5033 3342 5089 honore
3369 5033 3560 5090 sancti
3608 5035 3796 5105 Petri,

2138 5126 2292 5197 quod
2324 5123 2538 5179 dicitur
2569 5121 2892 5187 Mauritica,
2926 5137 3061 5175 cum
3112 5121 3355 5177 decimis
3404 5137 3470 5177 ac
3518 5123 3805 5180 terminis

2137 5229 2338 5268 eorum
2352 5210 2727 5267 cernentibus
2750 5226 2784 5263 a
2803 5210 2918 5264 ﬁne
2936 5209 3166 5265 Fissaro
3187 5226 3374 5281 usque
3397 5211 3455 5264 in
3476 5210 3802 5267 Fossatum

2137 5302 2542 5362 Mantuannm,
2575 5313 2644 5352 ex
2676 5314 2790 5351 uno
2820 5297 2998 5352 latere
3041 5298 3116 5352 ab
3164 5297 3396 5371 Agricia
3433 5312 3624 5369 usque
3678 5299 3804 5356 fine

2133 5387 2349 5454 Finale,
2392 5391 2449 5441 et
2478 5386 2815 5458 pertingens
2845 5385 2905 5439 in
2934 5385 3169 5457 Agricia
3198 5403 3388 5458 usque
3431 5385 3796 5455 Trivularia,

2133 5477 2204 5530 de
2237 5491 2351 5530 uno
2381 5474 2569 5547 capite
2627 5473 3055 5541 Castellionem,
3117 5475 3422 5544 Silvatico;
3475 5474 3797 5532 castellum

2133 5565 2308 5632 etiam
2338 5564 2398 5622 in
2409 5561 2732 5640 Vallepicta
2752 5580 2885 5628 cum
2907 5563 3151 5624 decimis
3173 5566 3231 5624 et
3250 5562 3593 5646 appendicis
3616 5565 3794 5650 suis;
