  <div class='ocr_page' id='page_1' title='image "/cluster/home/n/w/nwhite01/storage/ocr_20150623/151/uva.x000829795/596.png"; bbox 0 0 3920 6208; ppageno 0'>
   <div class='ocr_carea' id='block_1_1' title="bbox 110 290 260 358">
    <p class='ocr_par' dir='ltr' id='par_1_1' title="bbox 110 290 260 358">
     <span class='ocr_line' id='line_1_1' title="bbox 110 290 260 358; baseline -0.007 -2"><span class='ocrx_word' id='word_1_1' title='bbox 110 290 260 358; x_wconf 71' lang='grc' dir='ltr'>ΗΜ</span> 
     </span>
    </p>
   </div>
   <div class='ocr_carea' id='block_1_2' title="bbox 108 419 1826 487">
    <p class='ocr_par' dir='ltr' id='par_1_2' title="bbox 108 419 1826 487">
     <span class='ocr_line' id='line_1_2' title="bbox 108 419 1826 487; baseline -0.003 -6"><span class='ocrx_word' id='word_1_2' title='bbox 108 430 159 481; x_wconf 87' lang='lat' dir='ltr'>et</span> <span class='ocrx_word' id='word_1_3' title='bbox 193 421 488 480; x_wconf 78' lang='lat' dir='ltr'>castellum</span> <span class='ocrx_word' id='word_1_4' title='bbox 539 420 882 478; x_wconf 90' lang='lat' dir='ltr'>Mauriatica</span> <span class='ocrx_word' id='word_1_5' title='bbox 931 437 1063 476; x_wconf 91' lang='lat' dir='ltr'>cum</span> <span class='ocrx_word' id='word_1_6' title='bbox 1112 420 1354 477; x_wconf 81' lang='lat' dir='ltr'>ecclesia</span> <span class='ocrx_word' id='word_1_7' title='bbox 1405 419 1464 475; x_wconf 91' lang='lat' dir='ltr'>in</span> <span class='ocrx_word' id='word_1_8' title='bbox 1524 421 1741 478; x_wconf 85' lang='lat' dir='ltr'>honore</span> <span class='ocrx_word' id='word_1_9' title='bbox 1769 421 1826 487; x_wconf 78' lang='grc' dir='ltr'><strong>Α</strong></span> 
     </span>
    </p>
   </div>
   <div class='ocr_carea' id='block_1_3' title="bbox 107 509 1741 581">
    <p class='ocr_par' dir='ltr' id='par_1_3' title="bbox 107 509 1741 581">
     <span class='ocr_line' id='line_1_3' title="bbox 107 509 1741 581; baseline -0.003 -11"><span class='ocrx_word' id='word_1_10' title='bbox 107 516 428 570; x_wconf 84' lang='lat' dir='ltr'>sanctorum</span> <span class='ocrx_word' id='word_1_11' title='bbox 460 510 637 565; x_wconf 81' lang='lat' dir='ltr'>Firmi</span> <span class='ocrx_word' id='word_1_12' title='bbox 669 515 726 565; x_wconf 88' lang='lat' dir='ltr'>et</span> <span class='ocrx_word' id='word_1_13' title='bbox 754 511 998 576; x_wconf 82' lang='lat' dir='ltr'>Rustici,</span> <span class='ocrx_word' id='word_1_14' title='bbox 1029 527 1164 566; x_wconf 89' lang='lat' dir='ltr'>cum</span> <span class='ocrx_word' id='word_1_15' title='bbox 1197 509 1460 578; x_wconf 86' lang='lat' dir='ltr'>decimis,</span> <span class='ocrx_word' id='word_1_16' title='bbox 1495 509 1741 581; x_wconf 79' lang='lat' dir='ltr'>placitis,</span> 
     </span>
    </p>
   </div>
   <div class='ocr_carea' id='block_1_4' title="bbox 107 597 1743 671">
    <p class='ocr_par' dir='ltr' id='par_1_4' title="bbox 107 597 1743 671">
     <span class='ocr_line' id='line_1_4' title="bbox 107 597 1743 671; baseline -0.003 -13"><span class='ocrx_word' id='word_1_17' title='bbox 107 601 453 664; x_wconf 87' lang='lat' dir='ltr'>districtis,et</span> <span class='ocrx_word' id='word_1_18' title='bbox 472 597 749 654; x_wconf 91' lang='lat' dir='ltr'>omnibus</span> <span class='ocrx_word' id='word_1_19' title='bbox 773 598 899 654; x_wconf 83' lang='lat' dir='ltr'>suis</span> <span class='ocrx_word' id='word_1_20' title='bbox 924 598 1313 671; x_wconf 88' lang='lat' dir='ltr'>pertinentiis,</span> <span class='ocrx_word' id='word_1_21' title='bbox 1330 598 1504 655; x_wconf 87' lang='lat' dir='ltr'>sicuti</span> <span class='ocrx_word' id='word_1_22' title='bbox 1527 615 1560 654; x_wconf 92' lang='lat' dir='ltr'>a</span> <span class='ocrx_word' id='word_1_23' title='bbox 1580 600 1743 654; x_wconf 79' lang='lat' dir='ltr'>bonae</span> 
     </span>
    </p>
   </div>
   <div class='ocr_carea' id='block_1_5' title="bbox 107 687 1748 760">
    <p class='ocr_par' dir='ltr' id='par_1_5' title="bbox 107 687 1748 760">
     <span class='ocr_line' id='line_1_5' title="bbox 107 687 1748 760; baseline -0.003 -14"><span class='ocrx_word' id='word_1_24' title='bbox 107 688 382 746; x_wconf 65' lang='lat' dir='ltr'>memoriae</span> <span class='ocrx_word' id='word_1_25' title='bbox 404 687 605 743; x_wconf 89' lang='lat' dir='ltr'>Karolo</span> <span class='ocrx_word' id='word_1_26' title='bbox 637 687 906 760; x_wconf 86' lang='lat' dir='ltr'>piissimo</span> <span class='ocrx_word' id='word_1_27' title='bbox 937 687 1289 760; x_wconf 81' lang='lat' dir='ltr'>imperatore</span> <span class='ocrx_word' id='word_1_28' title='bbox 1319 703 1666 743; x_wconf 90' lang='lat' dir='ltr'>concessum</span> <span class='ocrx_word' id='word_1_29' title='bbox 1690 692 1748 741; x_wconf 89' lang='lat' dir='ltr'>et</span> 
     </span>
    </p>
   </div>
   <div class='ocr_carea' id='block_1_6' title="bbox 105 774 1744 843">
    <p class='ocr_par' dir='ltr' id='par_1_6' title="bbox 105 774 1744 843">
     <span class='ocr_line' id='line_1_6' title="bbox 105 774 1744 843; baseline -0.002 -9"><span class='ocrx_word' id='word_1_30' title='bbox 105 779 349 835; x_wconf 89' lang='lat' dir='ltr'>oblatum</span> <span class='ocrx_word' id='word_1_31' title='bbox 380 781 469 832; x_wconf 90' lang='lat' dir='ltr'>est</span> <span class='ocrx_word' id='word_1_32' title='bbox 498 775 854 832; x_wconf 88' lang='lat' dir='ltr'>monasterio</span> <span class='ocrx_word' id='word_1_33' title='bbox 886 777 1083 831; x_wconf 84' lang='lat' dir='ltr'>Sancti</span> <span class='ocrx_word' id='word_1_34' title='bbox 1117 775 1395 843; x_wconf 84' lang='lat' dir='ltr'>Zenonis;</span> <span class='ocrx_word' id='word_1_35' title='bbox 1437 774 1744 831; x_wconf 87' lang='lat' dir='ltr'>castellum</span> 
     </span>
    </p>
   </div>
   <div class='ocr_carea' id='block_1_7' title="bbox 105 864 1743 935">
    <p class='ocr_par' dir='ltr' id='par_1_7' title="bbox 105 864 1743 935">
     <span class='ocr_line' id='line_1_7' title="bbox 105 864 1743 935; baseline -0.002 -11"><span class='ocrx_word' id='word_1_36' title='bbox 105 867 397 925; x_wconf 81' lang='lat' dir='ltr'>Herbetum</span> <span class='ocrx_word' id='word_1_37' title='bbox 423 881 558 921; x_wconf 90' lang='lat' dir='ltr'>cum</span> <span class='ocrx_word' id='word_1_38' title='bbox 589 865 817 920; x_wconf 89' lang='lat' dir='ltr'>cunctis</span> <span class='ocrx_word' id='word_1_39' title='bbox 844 864 1214 934; x_wconf 89' lang='lat' dir='ltr'>pertinentiis</span> <span class='ocrx_word' id='word_1_40' title='bbox 1236 865 1360 920; x_wconf 88' lang='lat' dir='ltr'>suis</span> <span class='ocrx_word' id='word_1_41' title='bbox 1390 869 1448 920; x_wconf 93' lang='lat' dir='ltr'>et</span> <span class='ocrx_word' id='word_1_42' title='bbox 1476 865 1743 935; x_wconf 88' lang='lat' dir='ltr'>adjacen-</span> 
     </span>
    </p>
   </div>
   <div class='ocr_carea' id='block_1_8' title="bbox 103 953 1744 1024">
    <p class='ocr_par' dir='ltr' id='par_1_8' title="bbox 103 953 1744 1024">
     <span class='ocr_line' id='line_1_8' title="bbox 103 953 1744 1024; baseline -0.002 -13"><span class='ocrx_word' id='word_1_43' title='bbox 103 957 217 1024; x_wconf 88' lang='lat' dir='ltr'>tiis;</span> <span class='ocrx_word' id='word_1_44' title='bbox 241 953 544 1011; x_wconf 82' lang='lat' dir='ltr'>castellum</span> <span class='ocrx_word' id='word_1_45' title='bbox 564 953 1020 1010; x_wconf 86' lang='lat' dir='ltr'>Trebunciulum</span> <span class='ocrx_word' id='word_1_46' title='bbox 1041 972 1054 1021; x_wconf 92' lang='lat'>;</span> <span class='ocrx_word' id='word_1_47' title='bbox 1078 959 1134 1009; x_wconf 89' lang='lat' dir='ltr'>et</span> <span class='ocrx_word' id='word_1_48' title='bbox 1151 954 1457 1009; x_wconf 87' lang='lat' dir='ltr'>castellum</span> <span class='ocrx_word' id='word_1_49' title='bbox 1472 953 1744 1024; x_wconf 88' lang='lat' dir='ltr'>Vicoade_</span> 
     </span>
    </p>
   </div>
   <div class='ocr_carea' id='block_1_9' title="bbox 100 1040 1739 1123">
    <p class='ocr_par' dir='ltr' id='par_1_9' title="bbox 100 1040 1739 1123">
     <span class='ocr_line' id='line_1_9' title="bbox 100 1040 1739 1123; baseline -0.003 -23"><span class='ocrx_word' id='word_1_50' title='bbox 100 1045 198 1113; x_wconf 89' lang='lat' dir='ltr'>ris;</span> <span class='ocrx_word' id='word_1_51' title='bbox 231 1041 508 1116; x_wconf 85' lang='lat' dir='ltr'>capellam</span> <span class='ocrx_word' id='word_1_52' title='bbox 539 1041 738 1098; x_wconf 87' lang='lat' dir='ltr'>Sancti</span> <span class='ocrx_word' id='word_1_53' title='bbox 779 1042 1073 1097; x_wconf 78' lang='lat' dir='ltr'>Laurentii</span> <span class='ocrx_word' id='word_1_54' title='bbox 1119 1043 1296 1098; x_wconf 87' lang='lat' dir='ltr'>sitam</span> <span class='ocrx_word' id='word_1_55' title='bbox 1329 1043 1388 1096; x_wconf 92' lang='lat' dir='ltr'>in</span> <span class='ocrx_word' id='word_1_56' title='bbox 1421 1042 1548 1114; x_wconf 84' lang='lat' dir='ltr'>ripa</span> <span class='ocrx_word' id='word_1_57' title='bbox 1575 1040 1739 1123; x_wconf 57' lang='lat' dir='ltr'>Padi,</span> 
     </span>
    </p>
   </div>
   <div class='ocr_carea' id='block_1_10' title="bbox 100 1130 1737 1203">
    <p class='ocr_par' dir='ltr' id='par_1_10' title="bbox 100 1130 1737 1203">
     <span class='ocr_line' id='line_1_10' title="bbox 100 1130 1737 1203; baseline -0.003 -14"><span class='ocrx_word' id='word_1_58' title='bbox 100 1151 214 1203; x_wconf 70' lang='lat' dir='ltr'>qua:</span> <span class='ocrx_word' id='word_1_59' title='bbox 243 1132 457 1186; x_wconf 91' lang='lat' dir='ltr'>dicitur</span> <span class='ocrx_word' id='word_1_60' title='bbox 494 1130 720 1197; x_wconf 89' lang='lat' dir='ltr'>Ostilia,</span> <span class='ocrx_word' id='word_1_61' title='bbox 745 1147 879 1186; x_wconf 92' lang='lat' dir='ltr'>cum</span> <span class='ocrx_word' id='word_1_62' title='bbox 912 1130 1156 1186; x_wconf 88' lang='lat' dir='ltr'>decimis</span> <span class='ocrx_word' id='word_1_63' title='bbox 1199 1136 1258 1186; x_wconf 91' lang='lat' dir='ltr'>et</span> <span class='ocrx_word' id='word_1_64' title='bbox 1303 1130 1580 1186; x_wconf 91' lang='lat' dir='ltr'>omnibus</span> <span class='ocrx_word' id='word_1_65' title='bbox 1610 1146 1737 1202; x_wconf 90' lang='lat' dir='ltr'>per-</span> 
     </span>
    </p>
   </div>
   <div class='ocr_carea' id='block_1_11' title="bbox 97 1219 1738 1292">
    <p class='ocr_par' dir='ltr' id='par_1_11' title="bbox 97 1219 1738 1292">
     <span class='ocr_line' id='line_1_11' title="bbox 97 1219 1738 1292; baseline -0.002 -14"><span class='ocrx_word' id='word_1_66' title='bbox 97 1221 340 1278; x_wconf 88' lang='lat' dir='ltr'>tinentiis</span> <span class='ocrx_word' id='word_1_67' title='bbox 369 1221 527 1287; x_wconf 82' lang='lat' dir='ltr'>suis;</span> <span class='ocrx_word' id='word_1_68' title='bbox 562 1219 951 1292; x_wconf 72' lang='lat' dir='ltr'>Campolanzc,</span> <span class='ocrx_word' id='word_1_69' title='bbox 979 1236 1252 1291; x_wconf 91' lang='lat' dir='ltr'>campum</span> <span class='ocrx_word' id='word_1_70' title='bbox 1286 1219 1646 1284; x_wconf 91' lang='lat' dir='ltr'>Palliarium,</span> <span class='ocrx_word' id='word_1_71' title='bbox 1679 1222 1738 1274; x_wconf 88' lang='lat' dir='ltr'>et</span> 
     </span>
    </p>
   </div>
   <div class='ocr_carea' id='block_1_12' title="bbox 94 1305 1736 1380">
    <p class='ocr_par' dir='ltr' id='par_1_12' title="bbox 94 1305 1736 1380">
     <span class='ocr_line' id='line_1_12' title="bbox 94 1305 1736 1380; baseline -0.002 -16"><span class='ocrx_word' id='word_1_72' title='bbox 94 1309 509 1375; x_wconf 88' lang='lat' dir='ltr'>Novoletum,et</span> <span class='ocrx_word' id='word_1_73' title='bbox 533 1308 589 1361; x_wconf 92' lang='lat' dir='ltr'>in</span> <span class='ocrx_word' id='word_1_74' title='bbox 615 1308 756 1378; x_wconf 87' lang='lat' dir='ltr'>Gajo</span> <span class='ocrx_word' id='word_1_75' title='bbox 771 1307 971 1380; x_wconf 86' lang='lat' dir='ltr'>jugias</span> <span class='ocrx_word' id='word_1_76' title='bbox 999 1312 1324 1373; x_wconf 87' lang='lat' dir='ltr'>trecentas;</span> <span class='ocrx_word' id='word_1_77' title='bbox 1357 1305 1482 1362; x_wconf 94' lang='lat' dir='ltr'>loco</span> <span class='ocrx_word' id='word_1_78' title='bbox 1513 1305 1736 1361; x_wconf 88' lang='lat' dir='ltr'>Casale-</span> 
     </span>
    </p>
   </div>
   <div class='ocr_carea' id='block_1_13' title="bbox 94 1395 1733 1468">
    <p class='ocr_par' dir='ltr' id='par_1_13' title="bbox 94 1395 1733 1468">
     <span class='ocr_line' id='line_1_13' title="bbox 94 1395 1733 1468; baseline -0.004 -14"><span class='ocrx_word' id='word_1_79' title='bbox 94 1399 236 1465; x_wconf 85' lang='lat' dir='ltr'>Orci;</span> <span class='ocrx_word' id='word_1_80' title='bbox 269 1395 400 1452; x_wconf 87' lang='lat' dir='ltr'>villa</span> <span class='ocrx_word' id='word_1_81' title='bbox 435 1413 562 1468; x_wconf 73' lang='lat' dir='ltr'>quae</span> <span class='ocrx_word' id='word_1_82' title='bbox 604 1396 818 1450; x_wconf 90' lang='lat' dir='ltr'>dicitur</span> <span class='ocrx_word' id='word_1_83' title='bbox 858 1398 1042 1467; x_wconf 90' lang='lat' dir='ltr'>Aspo;</span> <span class='ocrx_word' id='word_1_84' title='bbox 1076 1395 1389 1451; x_wconf 85' lang='lat' dir='ltr'>Castellum</span> <span class='ocrx_word' id='word_1_85' title='bbox 1423 1395 1733 1450; x_wconf 79' lang='lat' dir='ltr'>Romania-</span> 
     </span>
    </p>
   </div>
   <div class='ocr_carea' id='block_1_14' title="bbox 90 1484 1734 1555">
    <p class='ocr_par' dir='ltr' id='par_1_14' title="bbox 90 1484 1734 1555">
     <span class='ocr_line' id='line_1_14' title="bbox 90 1484 1734 1555; baseline -0.004 -13"><span class='ocrx_word' id='word_1_86' title='bbox 90 1504 238 1555; x_wconf 90' lang='lat' dir='ltr'>num,</span> <span class='ocrx_word' id='word_1_87' title='bbox 260 1503 388 1541; x_wconf 91' lang='lat' dir='ltr'>cum</span> <span class='ocrx_word' id='word_1_88' title='bbox 427 1484 674 1540; x_wconf 82' lang='lat' dir='ltr'>facticiis</span> <span class='ocrx_word' id='word_1_89' title='bbox 706 1485 903 1540; x_wconf 83' lang='lat' dir='ltr'>Sancti</span> <span class='ocrx_word' id='word_1_90' title='bbox 941 1485 1212 1551; x_wconf 87' lang='lat' dir='ltr'>Zenonis,</span> <span class='ocrx_word' id='word_1_91' title='bbox 1243 1490 1300 1540; x_wconf 91' lang='lat' dir='ltr'>et</span> <span class='ocrx_word' id='word_1_92' title='bbox 1342 1488 1601 1540; x_wconf 81' lang='lat' dir='ltr'>montem</span> <span class='ocrx_word' id='word_1_93' title='bbox 1633 1491 1734 1554; x_wconf 80' lang='lat' dir='ltr'>qui</span> 
     </span>
    </p>
   </div>
   <div class='ocr_carea' id='block_1_15' title="bbox 90 1572 1736 1641">
    <p class='ocr_par' dir='ltr' id='par_1_15' title="bbox 90 1572 1736 1641">
     <span class='ocr_line' id='line_1_15' title="bbox 90 1572 1736 1641; baseline -0.002 -10"><span class='ocrx_word' id='word_1_94' title='bbox 90 1576 284 1631; x_wconf 89' lang='lat' dir='ltr'>dicitur</span> <span class='ocrx_word' id='word_1_95' title='bbox 311 1574 560 1640; x_wconf 83' lang='lat' dir='ltr'>Alferia;</span> <span class='ocrx_word' id='word_1_96' title='bbox 602 1575 658 1628; x_wconf 91' lang='lat' dir='ltr'>in</span> <span class='ocrx_word' id='word_1_97' title='bbox 696 1574 893 1629; x_wconf 88' lang='lat' dir='ltr'>Lisino</span> <span class='ocrx_word' id='word_1_98' title='bbox 926 1575 1024 1629; x_wconf 93' lang='lat' dir='ltr'>ubi</span> <span class='ocrx_word' id='word_1_99' title='bbox 1054 1575 1268 1630; x_wconf 90' lang='lat' dir='ltr'>dicitur</span> <span class='ocrx_word' id='word_1_100' title='bbox 1299 1572 1556 1641; x_wconf 89' lang='lat' dir='ltr'>Melario,</span> <span class='ocrx_word' id='word_1_101' title='bbox 1581 1588 1736 1628; x_wconf 87' lang='lat' dir='ltr'>cam-</span> 
     </span>
    </p>
   </div>
   <div class='ocr_carea' id='block_1_16' title="bbox 93 1662 1733 1736">
    <p class='ocr_par' dir='ltr' id='par_1_16' title="bbox 93 1662 1733 1736">
     <span class='ocr_line' id='line_1_16' title="bbox 93 1662 1733 1736; baseline -0.005 -13"><span class='ocrx_word' id='word_1_102' title='bbox 93 1683 185 1736; x_wconf 86' lang='lat' dir='ltr'>pos</span> <span class='ocrx_word' id='word_1_103' title='bbox 228 1666 400 1730; x_wconf 91' lang='lat' dir='ltr'>duos;</span> <span class='ocrx_word' id='word_1_104' title='bbox 440 1663 498 1718; x_wconf 91' lang='lat' dir='ltr'>in</span> <span class='ocrx_word' id='word_1_105' title='bbox 533 1662 798 1718; x_wconf 86' lang='lat' dir='ltr'>Clariano</span> <span class='ocrx_word' id='word_1_106' title='bbox 860 1680 1100 1735; x_wconf 88' lang='lat' dir='ltr'>campos</span> <span class='ocrx_word' id='word_1_107' title='bbox 1161 1668 1308 1732; x_wconf 88' lang='lat' dir='ltr'>tres;</span> <span class='ocrx_word' id='word_1_108' title='bbox 1359 1663 1420 1718; x_wconf 89' lang='lat' dir='ltr'>in</span> <span class='ocrx_word' id='word_1_109' title='bbox 1469 1662 1733 1718; x_wconf 83' lang='lat' dir='ltr'>Crodano</span> 
     </span>
    </p>
   </div>
   <div class='ocr_carea' id='block_1_17' title="bbox 1431 272 2164 352">
    <p class='ocr_par' dir='ltr' id='par_1_17' title="bbox 1431 272 2164 352">
     <span class='ocr_line' id='line_1_17' title="bbox 1431 272 2164 352; baseline 0.003 -3"><span class='ocrx_word' id='word_1_110' title='bbox 1431 272 1827 351; x_wconf 74' lang='lat' dir='ltr'>HENRICUS</span> <span class='ocrx_word' id='word_1_111' title='bbox 1855 283 1955 348; x_wconf 79' lang='grc' dir='ltr'>,ΙΙΙ</span> <span class='ocrx_word' id='word_1_112' title='bbox 1995 280 2164 352; x_wconf 88' lang='lat' dir='ltr'>IMP.</span> 
     </span>
    </p>
   </div>
   <div class='ocr_carea' id='block_1_18' title="bbox 3343 283 3504 350">
    <p class='ocr_par' dir='ltr' id='par_1_18' title="bbox 3343 283 3504 350">
     <span class='ocr_line' id='line_1_18' title="bbox 3343 283 3504 350; baseline 0.031 -5"><span class='ocrx_word' id='word_1_113' title='bbox 3343 283 3504 350; x_wconf 65' lang='grc'>1109</span> 
     </span>
    </p>
   </div>
   <div class='ocr_carea' id='block_1_19' title="bbox 2612 416 2754 475">
    <p class='ocr_par' dir='ltr' id='par_1_19' title="bbox 2612 416 2754 475">
     <span class='ocr_line' id='line_1_19' title="bbox 2612 416 2754 475; baseline -0.007 -1"><span class='ocrx_word' id='word_1_114' title='bbox 2612 416 2754 475; x_wconf 87' lang='grc' dir='ltr'>ΧΙΙΙ.</span> 
     </span>
    </p>
   </div>
   <div class='ocr_carea' id='block_1_20' title="bbox 1853 534 3503 607">
    <p class='ocr_par' dir='ltr' id='par_1_20' title="bbox 1853 534 3503 607">
     <span class='ocr_line' id='line_1_20' title="bbox 1853 534 3503 607; baseline 0 -16"><span class='ocrx_word' id='word_1_115' title='bbox 1853 538 2139 593; x_wconf 81' lang='lat' dir='ltr'>Hcinricus</span> <span class='ocrx_word' id='word_1_116' title='bbox 2169 538 2246 592; x_wconf 86' lang='lat' dir='ltr'><strong><em>III</em></strong></span> <span class='ocrx_word' id='word_1_117' title='bbox 2270 552 2388 602; x_wconf 76' lang='lat' dir='ltr'>rex,</span> <span class='ocrx_word' id='word_1_118' title='bbox 2416 539 2466 590; x_wconf 86' lang='lat' dir='ltr'>et</span> <span class='ocrx_word' id='word_1_119' title='bbox 2505 537 2802 607; x_wconf 81' lang='lat' dir='ltr'>imperator</span> <span class='ocrx_word' id='word_1_120' title='bbox 2828 534 2879 607; x_wconf 78' lang='grc'>11</span> <span class='ocrx_word' id='word_1_121' title='bbox 2904 534 3181 607; x_wconf 82' lang='lat' dir='ltr'>canonicis</span> <span class='ocrx_word' id='word_1_122' title='bbox 3216 535 3503 592; x_wconf 84' lang='lat' dir='ltr'>Patavinis</span> 
     </span>
    </p>
   </div>
   <div class='ocr_carea' id='block_1_21' title="bbox 2091 606 3260 680">
    <p class='ocr_par' dir='ltr' id='par_1_21' title="bbox 2091 606 3260 680">
     <span class='ocr_line' id='line_1_21' title="bbox 2091 606 3260 680; baseline -0.003 -16"><span class='ocrx_word' id='word_1_123' title='bbox 2091 624 2384 680; x_wconf 81' lang='lat' dir='ltr'>eorumque</span> <span class='ocrx_word' id='word_1_124' title='bbox 2413 606 2661 663; x_wconf 72' lang='lat' dir='ltr'>Ecclesiae</span> <span class='ocrx_word' id='word_1_125' title='bbox 2695 606 2990 678; x_wconf 80' lang='lat' dir='ltr'>privilegia</span> <span class='ocrx_word' id='word_1_126' title='bbox 3019 608 3260 660; x_wconf 83' lang='lat' dir='ltr'>renovat.</span> 
     </span>
    </p>
   </div>
   <div class='ocr_carea' id='block_1_22' title="bbox 2474 748 2880 822">
    <p class='ocr_par' dir='ltr' id='par_1_22' title="bbox 2474 748 2880 822">
     <span class='ocr_line' id='line_1_22' title="bbox 2474 748 2880 822; baseline 0 -19"><span class='ocrx_word' id='word_1_127' title='bbox 2474 750 2664 822; x_wconf 78' lang='lat' dir='ltr'>(Anno</span> <span class='ocrx_word' id='word_1_128' title='bbox 2697 748 2880 820; x_wconf 79' lang='grc'>1047.)</span> 
     </span>
    </p>
   </div>
   <div class='ocr_carea' id='block_1_23' title="bbox 2181 881 3189 954">
    <p class='ocr_par' dir='ltr' id='par_1_23' title="bbox 2181 881 3189 954">
     <span class='ocr_line' id='line_1_23' title="bbox 2181 881 3189 954; baseline -0.004 -14"><span class='ocrx_word' id='word_1_129' title='bbox 2181 883 2523 952; x_wconf 60' lang='grc' dir='ltr'>[Μίνωα-σω,</span> <span class='ocrx_word' id='word_1_130' title='bbox 2555 883 2737 954; x_wconf 80' lang='lat' dir='ltr'>Antig.</span> <span class='ocrx_word' id='word_1_131' title='bbox 2770 883 2894 938; x_wconf 86' lang='lat' dir='ltr'>Ital.</span> <span class='ocrx_word' id='word_1_132' title='bbox 2928 881 2969 953; x_wconf 88' lang='grc' dir='ltr'>Ι,</span> <span class='ocrx_word' id='word_1_133' title='bbox 3006 882 3189 953; x_wconf 89' lang='grc'>1001.]</span> 
     </span>
    </p>
   </div>
   <div class='ocr_carea' id='block_1_24' title="bbox 1919 1043 3500 1101">
    <p class='ocr_par' dir='ltr' id='par_1_24' title="bbox 1919 1043 3500 1101">
     <span class='ocr_line' id='line_1_24' title="bbox 1919 1043 3500 1101; baseline 0.002 -3"><span class='ocrx_word' id='word_1_134' title='bbox 1919 1045 1980 1098; x_wconf 92' lang='lat' dir='ltr'>In</span> <span class='ocrx_word' id='word_1_135' title='bbox 2014 1043 2250 1099; x_wconf 87' lang='lat' dir='ltr'>nomine</span> <span class='ocrx_word' id='word_1_136' title='bbox 2279 1048 2491 1100; x_wconf 70' lang='lat' dir='ltr'>sanctas</span> <span class='ocrx_word' id='word_1_137' title='bbox 2537 1047 2594 1099; x_wconf 93' lang='lat' dir='ltr'>et</span> <span class='ocrx_word' id='word_1_138' title='bbox 2634 1043 2946 1099; x_wconf 67' lang='lat' dir='ltr'>individua:</span> <span class='ocrx_word' id='word_1_139' title='bbox 2975 1043 3298 1100; x_wconf 87' lang='lat' dir='ltr'>Trinitatis.</span> <span class='ocrx_word' id='word_1_140' title='bbox 3332 1044 3500 1101; x_wconf 72' lang='lat' dir='ltr'>Hem-</span> 
     </span>
    </p>
   </div>
   <div class='ocr_carea' id='block_1_25' title="bbox 1849 1131 3498 1207">
    <p class='ocr_par' dir='ltr' id='par_1_25' title="bbox 1849 1131 3498 1207">
     <span class='ocr_line' id='line_1_25' title="bbox 1849 1131 3498 1207; baseline 0.002 -20"><span class='ocrx_word' id='word_1_141' title='bbox 1849 1149 2017 1188; x_wconf 80' lang='lat' dir='ltr'>RICUS</span> <span class='ocrx_word' id='word_1_142' title='bbox 2047 1132 2243 1187; x_wconf 88' lang='lat' dir='ltr'>divina</span> <span class='ocrx_word' id='word_1_143' title='bbox 2273 1133 2500 1188; x_wconf 82' lang='lat' dir='ltr'>favente</span> <span class='ocrx_word' id='word_1_144' title='bbox 2529 1131 2840 1189; x_wconf 87' lang='lat' dir='ltr'>clementia</span> <span class='ocrx_word' id='word_1_145' title='bbox 2881 1133 3280 1190; x_wconf 81' lang='lat' dir='ltr'>Romanorum</span> <span class='ocrx_word' id='word_1_146' title='bbox 3311 1133 3498 1207; x_wconf 86' lang='lat' dir='ltr'>impe-</span> 
     </span>
    </p>
   </div>
   <div class='ocr_carea' id='block_1_26' title="bbox 1848 1224 2348 1293">
    <p class='ocr_par' dir='ltr' id='par_1_26' title="bbox 1848 1224 2348 1293">
     <span class='ocr_line' id='line_1_26' title="bbox 1848 1224 2348 1293; baseline -0.002 -17"><span class='ocrx_word' id='word_1_147' title='bbox 1848 1226 2006 1276; x_wconf 89' lang='lat' dir='ltr'>rator</span> <span class='ocrx_word' id='word_1_148' title='bbox 2030 1224 2348 1293; x_wconf 87' lang='lat' dir='ltr'>Augustus.</span> 
     </span>
    </p>
   </div>
   <div class='ocr_carea' id='block_1_27' title="bbox 1916 1309 3496 1386">
    <p class='ocr_par' dir='ltr' id='par_1_27' title="bbox 1916 1309 3496 1386">
     <span class='ocr_line' id='line_1_27' title="bbox 1916 1309 3496 1386; baseline 0.003 -22"><span class='ocrx_word' id='word_1_149' title='bbox 1916 1311 1974 1364; x_wconf 90' lang='lat' dir='ltr'>Si</span> <span class='ocrx_word' id='word_1_150' title='bbox 2007 1309 2190 1365; x_wconf 89' lang='lat' dir='ltr'>sacris</span> <span class='ocrx_word' id='word_1_151' title='bbox 2220 1314 2277 1364; x_wconf 92' lang='lat' dir='ltr'>et</span> <span class='ocrx_word' id='word_1_152' title='bbox 2320 1309 2750 1366; x_wconf 88' lang='lat' dir='ltr'>venerabilibus</span> <span class='ocrx_word' id='word_1_153' title='bbox 2793 1310 2957 1378; x_wconf 85' lang='lat' dir='ltr'>locis,</span> <span class='ocrx_word' id='word_1_154' title='bbox 2991 1316 3101 1367; x_wconf 92' lang='lat' dir='ltr'>etc.</span> <span class='ocrx_word' id='word_1_155' title='bbox 3133 1313 3496 1386; x_wconf 87' lang='lat' dir='ltr'>Quapropter</span> 
     </span>
    </p>
   </div>
   <div class='ocr_carea' id='block_1_28' title="bbox 1844 1398 3494 1467">
    <p class='ocr_par' dir='ltr' id='par_1_28' title="bbox 1844 1398 3494 1467">
     <span class='ocr_line' id='line_1_28' title="bbox 1844 1398 3494 1467; baseline 0.001 -13"><span class='ocrx_word' id='word_1_156' title='bbox 1844 1400 2107 1454; x_wconf 90' lang='lat' dir='ltr'>omnium</span> <span class='ocrx_word' id='word_1_157' title='bbox 2143 1398 2405 1454; x_wconf 83' lang='lat' dir='ltr'>fidelium</span> <span class='ocrx_word' id='word_1_158' title='bbox 2438 1403 2648 1453; x_wconf 72' lang='lat' dir='ltr'>sanctae</span> <span class='ocrx_word' id='word_1_159' title='bbox 2689 1398 2790 1454; x_wconf 90' lang='lat' dir='ltr'>Dei</span> <span class='ocrx_word' id='word_1_160' title='bbox 2819 1399 3106 1467; x_wconf 66' lang='lat' dir='ltr'>Ecclesiae,</span> <span class='ocrx_word' id='word_1_161' title='bbox 3131 1404 3494 1457; x_wconf 80' lang='lat' dir='ltr'>nostrorum-</span> 
     </span>
    </p>
   </div>
   <div class='ocr_carea' id='block_1_29' title="bbox 1844 1486 3496 1561">
    <p class='ocr_par' dir='ltr' id='par_1_29' title="bbox 1844 1486 3496 1561">
     <span class='ocr_line' id='line_1_29' title="bbox 1844 1486 3496 1561; baseline 0.002 -18"><span class='ocrx_word' id='word_1_162' title='bbox 1844 1505 1955 1559; x_wconf 90' lang='lat' dir='ltr'>que</span> <span class='ocrx_word' id='word_1_163' title='bbox 1997 1488 2372 1560; x_wconf 67' lang='lat' dir='ltr'>prazsentium</span> <span class='ocrx_word' id='word_1_164' title='bbox 2422 1486 2645 1542; x_wconf 88' lang='lat' dir='ltr'>scilicet</span> <span class='ocrx_word' id='word_1_165' title='bbox 2686 1504 2752 1542; x_wconf 91' lang='lat' dir='ltr'>ac</span> <span class='ocrx_word' id='word_1_166' title='bbox 2797 1487 3128 1543; x_wconf 80' lang='lat' dir='ltr'>futurorum</span> <span class='ocrx_word' id='word_1_167' title='bbox 3178 1488 3496 1561; x_wconf 85' lang='lat' dir='ltr'>comperiat</span> 
     </span>
    </p>
   </div>
   <div class='ocr_carea' id='block_1_30' title="bbox 1843 1575 3490 1644">
    <p class='ocr_par' dir='ltr' id='par_1_30' title="bbox 1843 1575 3490 1644">
     <span class='ocr_line' id='line_1_30' title="bbox 1843 1575 3490 1644; baseline 0 -12"><span class='ocrx_word' id='word_1_168' title='bbox 1843 1577 2155 1644; x_wconf 89' lang='lat' dir='ltr'>industria,</span> <span class='ocrx_word' id='word_1_169' title='bbox 2187 1575 2508 1630; x_wconf 88' lang='lat' dir='ltr'>Arnaldum</span> <span class='ocrx_word' id='word_1_170' title='bbox 2560 1578 2772 1631; x_wconf 80' lang='lat' dir='ltr'>sanctae</span> <span class='ocrx_word' id='word_1_171' title='bbox 2823 1575 3177 1632; x_wconf 90' lang='lat' dir='ltr'>Pataviensis</span> <span class='ocrx_word' id='word_1_172' title='bbox 3223 1577 3490 1634; x_wconf 67' lang='lat' dir='ltr'>Ecclesia:</span> 
     </span>
    </p>
   </div>
   <div class='ocr_carea' id='block_1_31' title="bbox 1841 1665 3496 1736">
    <p class='ocr_par' dir='ltr' id='par_1_31' title="bbox 1841 1665 3496 1736">
     <span class='ocr_line' id='line_1_31' title="bbox 1841 1665 3496 1736; baseline 0.001 -16"><span class='ocrx_word' id='word_1_173' title='bbox 1841 1665 2229 1722; x_wconf 85' lang='lat' dir='ltr'>venerabilem</span> <span class='ocrx_word' id='word_1_174' title='bbox 2262 1665 2625 1736; x_wconf 85' lang='lat' dir='ltr'>episcopum,</span> <span class='ocrx_word' id='word_1_175' title='bbox 2649 1681 2755 1719; x_wconf 92' lang='lat' dir='ltr'>nec</span> <span class='ocrx_word' id='word_1_176' title='bbox 2785 1681 2898 1720; x_wconf 92' lang='lat' dir='ltr'>non</span> <span class='ocrx_word' id='word_1_177' title='bbox 2920 1668 2979 1720; x_wconf 90' lang='lat' dir='ltr'>et</span> <span class='ocrx_word' id='word_1_178' title='bbox 3003 1666 3364 1721; x_wconf 90' lang='lat' dir='ltr'>Bernardum</span> <span class='ocrx_word' id='word_1_179' title='bbox 3395 1682 3496 1721; x_wconf 90' lang='lat' dir='ltr'>no-</span> 
     </span>
    </p>
   </div>
   <div class='ocr_carea' id='block_1_32' title="bbox 94 1749 3492 1850">
    <p class='ocr_par' dir='ltr' id='par_1_32' title="bbox 94 1749 3492 1850">
     <span class='ocr_line' id='line_1_32' title="bbox 94 1749 3492 1850; baseline 0 -41"><span class='ocrx_word' id='word_1_180' title='bbox 94 1770 312 1826; x_wconf 85' lang='lat' dir='ltr'>campos</span> <span class='ocrx_word' id='word_1_181' title='bbox 331 1753 516 1818; x_wconf 91' lang='lat' dir='ltr'>duos;</span> <span class='ocrx_word' id='word_1_182' title='bbox 541 1752 600 1806; x_wconf 90' lang='lat' dir='ltr'>in</span> <span class='ocrx_word' id='word_1_183' title='bbox 625 1751 866 1822; x_wconf 88' lang='lat' dir='ltr'>Laupba</span> <span class='ocrx_word' id='word_1_184' title='bbox 887 1767 1163 1823; x_wconf 90' lang='lat' dir='ltr'>campum</span> <span class='ocrx_word' id='word_1_185' title='bbox 1184 1769 1401 1819; x_wconf 91' lang='lat' dir='ltr'>unum;</span> <span class='ocrx_word' id='word_1_186' title='bbox 1425 1749 1730 1806; x_wconf 88' lang='lat' dir='ltr'>castellum</span> <span class='ocrx_word' id='word_1_187' title='bbox 1759 1784 1807 1850; x_wconf 81' lang='grc' dir='ltr'><strong>Β</strong></span> <span class='ocrx_word' id='word_1_188' title='bbox 1841 1759 2030 1810; x_wconf 88' lang='lat' dir='ltr'>strum</span> <span class='ocrx_word' id='word_1_189' title='bbox 2061 1754 2452 1826; x_wconf 90' lang='lat' dir='ltr'>capellanum,</span> <span class='ocrx_word' id='word_1_190' title='bbox 2488 1755 2873 1825; x_wconf 85' lang='lat' dir='ltr'>ejusdemque</span> <span class='ocrx_word' id='word_1_191' title='bbox 2911 1753 3164 1810; x_wconf 84' lang='lat' dir='ltr'>ecclesiae</span> <span class='ocrx_word' id='word_1_192' title='bbox 3200 1753 3492 1810; x_wconf 89' lang='lat' dir='ltr'>archidia-</span> 
     </span>
    </p>
   </div>
   <div class='ocr_carea' id='block_1_33' title="bbox 92 1838 1728 1910">
    <p class='ocr_par' dir='ltr' id='par_1_33' title="bbox 92 1838 1728 1910">
     <span class='ocr_line' id='line_1_33' title="bbox 92 1838 1728 1910; baseline -0.003 -13"><span class='ocrx_word' id='word_1_193' title='bbox 92 1841 269 1897; x_wconf 85' lang='lat' dir='ltr'>Sancti</span> <span class='ocrx_word' id='word_1_194' title='bbox 288 1840 399 1896; x_wconf 88' lang='lat' dir='ltr'>Viti</span> <span class='ocrx_word' id='word_1_195' title='bbox 423 1856 561 1895; x_wconf 90' lang='lat' dir='ltr'>cum</span> <span class='ocrx_word' id='word_1_196' title='bbox 595 1839 963 1910; x_wconf 88' lang='lat' dir='ltr'>pertinentiis</span> <span class='ocrx_word' id='word_1_197' title='bbox 985 1841 1138 1907; x_wconf 90' lang='lat' dir='ltr'>suis;</span> <span class='ocrx_word' id='word_1_198' title='bbox 1165 1840 1470 1909; x_wconf 87' lang='lat' dir='ltr'>Paronam,</span> <span class='ocrx_word' id='word_1_199' title='bbox 1495 1838 1728 1894; x_wconf 88' lang='lat' dir='ltr'>Cassia-</span> 
     </span>
    </p>
   </div>
   <div class='ocr_carea' id='block_1_34' title="bbox 90 1928 1727 1996">
    <p class='ocr_par' dir='ltr' id='par_1_34' title="bbox 90 1928 1727 1996">
     <span class='ocr_line' id='line_1_34' title="bbox 90 1928 1727 1996; baseline -0.002 -11"><span class='ocrx_word' id='word_1_200' title='bbox 90 1947 237 1996; x_wconf 90' lang='lat' dir='ltr'>num,</span> <span class='ocrx_word' id='word_1_201' title='bbox 268 1928 412 1985; x_wconf 87' lang='lat' dir='ltr'>cella</span> <span class='ocrx_word' id='word_1_202' title='bbox 466 1929 666 1983; x_wconf 87' lang='lat' dir='ltr'>Sancti</span> <span class='ocrx_word' id='word_1_203' title='bbox 699 1928 848 1983; x_wconf 92' lang='lat' dir='ltr'>Petri</span> <span class='ocrx_word' id='word_1_204' title='bbox 899 1928 1051 1983; x_wconf 81' lang='lat' dir='ltr'>infra</span> <span class='ocrx_word' id='word_1_205' title='bbox 1098 1928 1390 1984; x_wconf 88' lang='lat' dir='ltr'>civitatem</span> <span class='ocrx_word' id='word_1_206' title='bbox 1439 1928 1727 1982; x_wconf 88' lang='lat' dir='ltr'>Veronam</span> 
     </span>
    </p>
   </div>
   <div class='ocr_carea' id='block_1_35' title="bbox 87 2016 1725 2091">
    <p class='ocr_par' dir='ltr' id='par_1_35' title="bbox 87 2016 1725 2091">
     <span class='ocr_line' id='line_1_35' title="bbox 87 2016 1725 2091; baseline -0.003 -16"><span class='ocrx_word' id='word_1_207' title='bbox 87 2036 204 2076; x_wconf 88' lang='lat' dir='ltr'>cum</span> <span class='ocrx_word' id='word_1_208' title='bbox 232 2017 599 2091; x_wconf 87' lang='lat' dir='ltr'>pertinentiis</span> <span class='ocrx_word' id='word_1_209' title='bbox 630 2017 782 2084; x_wconf 89' lang='lat' dir='ltr'>suis;</span> <span class='ocrx_word' id='word_1_210' title='bbox 813 2016 872 2071; x_wconf 90' lang='lat' dir='ltr'>in</span> <span class='ocrx_word' id='word_1_211' title='bbox 890 2017 1021 2072; x_wconf 87' lang='lat' dir='ltr'>Gavi</span> <span class='ocrx_word' id='word_1_212' title='bbox 1044 2016 1252 2073; x_wconf 91' lang='lat' dir='ltr'>cellam</span> <span class='ocrx_word' id='word_1_213' title='bbox 1269 2018 1462 2073; x_wconf 88' lang='lat' dir='ltr'>Sancti</span> <span class='ocrx_word' id='word_1_214' title='bbox 1483 2017 1725 2072; x_wconf 67' lang='lat' dir='ltr'>Andreae</span> 
     </span>
    </p>
   </div>
   <div class='ocr_carea' id='block_1_36' title="bbox 85 2104 1726 2180">
    <p class='ocr_par' dir='ltr' id='par_1_36' title="bbox 85 2104 1726 2180">
     <span class='ocr_line' id='line_1_36' title="bbox 85 2104 1726 2180; baseline -0.002 -17"><span class='ocrx_word' id='word_1_215' title='bbox 85 2125 204 2163; x_wconf 88' lang='lat' dir='ltr'>cum</span> <span class='ocrx_word' id='word_1_216' title='bbox 232 2105 595 2180; x_wconf 90' lang='lat' dir='ltr'>pertinentiis</span> <span class='ocrx_word' id='word_1_217' title='bbox 622 2105 774 2172; x_wconf 89' lang='lat' dir='ltr'>suis;</span> <span class='ocrx_word' id='word_1_218' title='bbox 807 2105 866 2160; x_wconf 92' lang='lat' dir='ltr'>in</span> <span class='ocrx_word' id='word_1_219' title='bbox 888 2105 1056 2161; x_wconf 87' lang='lat' dir='ltr'>Venti</span> <span class='ocrx_word' id='word_1_220' title='bbox 1078 2105 1363 2178; x_wconf 89' lang='lat' dir='ltr'>capellam</span> <span class='ocrx_word' id='word_1_221' title='bbox 1392 2106 1589 2162; x_wconf 89' lang='lat' dir='ltr'>Sancti</span> <span class='ocrx_word' id='word_1_222' title='bbox 1611 2104 1726 2175; x_wconf 76' lang='lat' dir='ltr'>Viti</span> 
     </span>
    </p>
   </div>
   <div class='ocr_carea' id='block_1_37' title="bbox 83 2193 1724 2269">
    <p class='ocr_par' dir='ltr' id='par_1_37' title="bbox 83 2193 1724 2269">
     <span class='ocr_line' id='line_1_37' title="bbox 83 2193 1724 2269; baseline -0.003 -16"><span class='ocrx_word' id='word_1_223' title='bbox 83 2211 202 2253; x_wconf 86' lang='lat' dir='ltr'>cum</span> <span class='ocrx_word' id='word_1_224' title='bbox 257 2193 627 2269; x_wconf 87' lang='lat' dir='ltr'>pertinentiis</span> <span class='ocrx_word' id='word_1_225' title='bbox 680 2195 844 2262; x_wconf 91' lang='lat' dir='ltr'>suis;</span> <span class='ocrx_word' id='word_1_226' title='bbox 897 2195 955 2249; x_wconf 91' lang='lat' dir='ltr'>in</span> <span class='ocrx_word' id='word_1_227' title='bbox 1010 2193 1324 2250; x_wconf 88' lang='lat' dir='ltr'>Puviniaca</span> <span class='ocrx_word' id='word_1_228' title='bbox 1363 2193 1724 2250; x_wconf 88' lang='lat' dir='ltr'>curticellam</span> 
     </span>
    </p>
   </div>
   <div class='ocr_carea' id='block_1_38' title="bbox 85 2281 1725 2355">
    <p class='ocr_par' dir='ltr' id='par_1_38' title="bbox 85 2281 1725 2355">
     <span class='ocr_line' id='line_1_38' title="bbox 85 2281 1725 2355; baseline -0.003 -14"><span class='ocrx_word' id='word_1_229' title='bbox 85 2289 336 2355; x_wconf 87' lang='lat' dir='ltr'>unam,et</span> <span class='ocrx_word' id='word_1_230' title='bbox 359 2288 528 2340; x_wconf 92' lang='lat' dir='ltr'>curte</span> <span class='ocrx_word' id='word_1_231' title='bbox 559 2281 619 2337; x_wconf 90' lang='lat' dir='ltr'>in</span> <span class='ocrx_word' id='word_1_232' title='bbox 653 2282 943 2338; x_wconf 81' lang='lat' dir='ltr'>Rivariola</span> <span class='ocrx_word' id='word_1_233' title='bbox 963 2299 1094 2338; x_wconf 89' lang='lat' dir='ltr'>cum</span> <span class='ocrx_word' id='word_1_234' title='bbox 1127 2283 1401 2338; x_wconf 88' lang='lat' dir='ltr'>omnibus</span> <span class='ocrx_word' id='word_1_235' title='bbox 1434 2283 1725 2355; x_wconf 86' lang='lat' dir='ltr'>pertinen-</span> 
     </span>
    </p>
   </div>
   <div class='ocr_carea' id='block_1_39' title="bbox 83 2371 1721 2442">
    <p class='ocr_par' dir='ltr' id='par_1_39' title="bbox 83 2371 1721 2442">
     <span class='ocr_line' id='line_1_39' title="bbox 83 2371 1721 2442; baseline 0 -16"><span class='ocrx_word' id='word_1_236' title='bbox 83 2373 171 2428; x_wconf 87' lang='lat' dir='ltr'>tiis</span> <span class='ocrx_word' id='word_1_237' title='bbox 199 2374 352 2440; x_wconf 84' lang='lat' dir='ltr'>suis;</span> <span class='ocrx_word' id='word_1_238' title='bbox 383 2377 438 2427; x_wconf 89' lang='lat' dir='ltr'>et</span> <span class='ocrx_word' id='word_1_239' title='bbox 472 2373 534 2426; x_wconf 91' lang='lat' dir='ltr'>in</span> <span class='ocrx_word' id='word_1_240' title='bbox 566 2371 744 2426; x_wconf 89' lang='lat' dir='ltr'>Pualo</span> <span class='ocrx_word' id='word_1_241' title='bbox 767 2387 1005 2442; x_wconf 85' lang='lat' dir='ltr'>campos</span> <span class='ocrx_word' id='word_1_242' title='bbox 1035 2375 1187 2438; x_wconf 89' lang='lat' dir='ltr'>tres;</span> <span class='ocrx_word' id='word_1_243' title='bbox 1223 2389 1326 2427; x_wconf 92' lang='lat' dir='ltr'>nec</span> <span class='ocrx_word' id='word_1_244' title='bbox 1359 2389 1471 2426; x_wconf 91' lang='lat' dir='ltr'>non</span> <span class='ocrx_word' id='word_1_245' title='bbox 1504 2377 1560 2427; x_wconf 91' lang='lat' dir='ltr'>et</span> <span class='ocrx_word' id='word_1_246' title='bbox 1588 2387 1721 2426; x_wconf 91' lang='lat' dir='ltr'>cum</span> 
     </span>
    </p>
   </div>
   <div class='ocr_carea' id='block_1_40' title="bbox 89 2459 1723 2532">
    <p class='ocr_par' dir='ltr' id='par_1_40' title="bbox 89 2459 1723 2532">
     <span class='ocr_line' id='line_1_40' title="bbox 89 2459 1723 2532; baseline -0.001 -16"><span class='ocrx_word' id='word_1_247' title='bbox 89 2461 342 2519; x_wconf 88' lang='lat' dir='ltr'>omnibus</span> <span class='ocrx_word' id='word_1_248' title='bbox 373 2461 552 2517; x_wconf 89' lang='lat' dir='ltr'>rebus</span> <span class='ocrx_word' id='word_1_249' title='bbox 601 2461 673 2516; x_wconf 89' lang='lat' dir='ltr'>ad</span> <span class='ocrx_word' id='word_1_250' title='bbox 723 2459 1028 2531; x_wconf 68' lang='lat' dir='ltr'>praefatum</span> <span class='ocrx_word' id='word_1_251' title='bbox 1082 2460 1506 2516; x_wconf 88' lang='lat' dir='ltr'>monasterium</span> <span class='ocrx_word' id='word_1_252' title='bbox 1544 2461 1723 2532; x_wconf 86' lang='lat' dir='ltr'>perti-</span> 
     </span>
    </p>
   </div>
   <div class='ocr_carea' id='block_1_41' title="bbox 90 2547 1720 2618">
    <p class='ocr_par' dir='ltr' id='par_1_41' title="bbox 90 2547 1720 2618">
     <span class='ocr_line' id='line_1_41' title="bbox 90 2547 1720 2618; baseline -0.001 -14"><span class='ocrx_word' id='word_1_253' title='bbox 90 2551 362 2617; x_wconf 87' lang='lat' dir='ltr'>nentibus,</span> <span class='ocrx_word' id='word_1_254' title='bbox 386 2566 525 2605; x_wconf 89' lang='lat' dir='ltr'>cum</span> <span class='ocrx_word' id='word_1_255' title='bbox 571 2548 854 2614; x_wconf 89' lang='lat' dir='ltr'>ecclesiis,</span> <span class='ocrx_word' id='word_1_256' title='bbox 887 2547 1164 2618; x_wconf 85' lang='lat' dir='ltr'>castellis,</span> <span class='ocrx_word' id='word_1_257' title='bbox 1189 2549 1352 2614; x_wconf 89' lang='lat' dir='ltr'>vicis,</span> <span class='ocrx_word' id='word_1_258' title='bbox 1393 2549 1720 2616; x_wconf 91' lang='lat' dir='ltr'>colonibus,</span> 
     </span>
    </p>
   </div>
   <div class='ocr_carea' id='block_1_42' title="bbox 86 2637 1720 2712">
    <p class='ocr_par' dir='ltr' id='par_1_42' title="bbox 86 2637 1720 2712">
     <span class='ocr_line' id='line_1_42' title="bbox 86 2637 1720 2712; baseline -0.001 -18"><span class='ocrx_word' id='word_1_259' title='bbox 86 2638 394 2712; x_wconf 87' lang='lat' dir='ltr'>mancipiis,</span> <span class='ocrx_word' id='word_1_260' title='bbox 417 2637 884 2703; x_wconf 89' lang='lat' dir='ltr'>comendaticiis,</span> <span class='ocrx_word' id='word_1_261' title='bbox 910 2637 1173 2704; x_wconf 87' lang='lat' dir='ltr'>facticiis,</span> <span class='ocrx_word' id='word_1_262' title='bbox 1198 2643 1304 2693; x_wconf 90' lang='lat' dir='ltr'>etc.</span> <span class='ocrx_word' id='word_1_263' title='bbox 1322 2638 1720 2693; x_wconf 88' lang='lat' dir='ltr'>Admonemus</span> 
     </span>
    </p>
   </div>
   <div class='ocr_carea' id='block_1_43' title="bbox 89 2725 1721 2798">
    <p class='ocr_par' dir='ltr' id='par_1_43' title="bbox 89 2725 1721 2798">
     <span class='ocr_line' id='line_1_43' title="bbox 89 2725 1721 2798; baseline 0 -16"><span class='ocrx_word' id='word_1_264' title='bbox 89 2727 247 2783; x_wconf 87' lang='lat' dir='ltr'>etiam</span> <span class='ocrx_word' id='word_1_265' title='bbox 279 2727 554 2783; x_wconf 89' lang='lat' dir='ltr'>abbatem</span> <span class='ocrx_word' id='word_1_266' title='bbox 596 2725 694 2797; x_wconf 92' lang='lat' dir='ltr'>qui</span> <span class='ocrx_word' id='word_1_267' title='bbox 728 2729 957 2797; x_wconf 65' lang='lat' dir='ltr'>praeest,</span> <span class='ocrx_word' id='word_1_268' title='bbox 991 2726 1238 2798; x_wconf 87' lang='lat' dir='ltr'>ejusque</span> <span class='ocrx_word' id='word_1_269' title='bbox 1282 2726 1721 2782; x_wconf 90' lang='lat' dir='ltr'>successoribus</span> 
     </span>
    </p>
   </div>
   <div class='ocr_carea' id='block_1_44' title="bbox 86 2814 1721 2886">
    <p class='ocr_par' dir='ltr' id='par_1_44' title="bbox 86 2814 1721 2886">
     <span class='ocr_line' id='line_1_44' title="bbox 86 2814 1721 2886; baseline 0 -16"><span class='ocrx_word' id='word_1_270' title='bbox 86 2816 500 2881; x_wconf 88' lang='lat' dir='ltr'>interdicimus,</span> <span class='ocrx_word' id='word_1_271' title='bbox 523 2831 594 2871; x_wconf 91' lang='lat' dir='ltr'>ne</span> <span class='ocrx_word' id='word_1_272' title='bbox 618 2831 707 2870; x_wconf 89' lang='lat' dir='ltr'>res</span> <span class='ocrx_word' id='word_1_273' title='bbox 729 2814 1141 2886; x_wconf 86' lang='lat' dir='ltr'>stipendiarias</span> <span class='ocrx_word' id='word_1_274' title='bbox 1161 2814 1388 2870; x_wconf 84' lang='lat' dir='ltr'>alendis</span> <span class='ocrx_word' id='word_1_275' title='bbox 1419 2815 1721 2871; x_wconf 85' lang='lat' dir='ltr'>monachis</span> 
     </span>
    </p>
   </div>
   <div class='ocr_carea' id='block_1_45' title="bbox 86 2903 1719 2976">
    <p class='ocr_par' dir='ltr' id='par_1_45' title="bbox 86 2903 1719 2976">
     <span class='ocr_line' id='line_1_45' title="bbox 86 2903 1719 2976; baseline -0.001 -17"><span class='ocrx_word' id='word_1_276' title='bbox 86 2906 382 2969; x_wconf 89' lang='lat' dir='ltr'>dedicatas,</span> <span class='ocrx_word' id='word_1_277' title='bbox 418 2906 493 2959; x_wconf 93' lang='lat' dir='ltr'>de</span> <span class='ocrx_word' id='word_1_278' title='bbox 521 2904 652 2959; x_wconf 89' lang='lat' dir='ltr'>sinu</span> <span class='ocrx_word' id='word_1_279' title='bbox 684 2903 1025 2960; x_wconf 88' lang='lat' dir='ltr'>monasterii</span> <span class='ocrx_word' id='word_1_280' title='bbox 1062 2904 1308 2976; x_wconf 80' lang='lat' dir='ltr'>rapiant,</span> <span class='ocrx_word' id='word_1_281' title='bbox 1343 2907 1400 2958; x_wconf 89' lang='lat' dir='ltr'>et</span> <span class='ocrx_word' id='word_1_282' title='bbox 1428 2903 1719 2959; x_wconf 60' lang='lat' dir='ltr'>seculari-</span> 
     </span>
    </p>
   </div>
   <div class='ocr_carea' id='block_1_46' title="bbox 84 2991 1716 3065">
    <p class='ocr_par' dir='ltr' id='par_1_46' title="bbox 84 2991 1716 3065">
     <span class='ocr_line' id='line_1_46' title="bbox 84 2991 1716 3065; baseline 0 -17"><span class='ocrx_word' id='word_1_283' title='bbox 84 2995 182 3050; x_wconf 87' lang='lat' dir='ltr'>bus</span> <span class='ocrx_word' id='word_1_284' title='bbox 209 2995 264 3050; x_wconf 91' lang='lat' dir='ltr'>in</span> <span class='ocrx_word' id='word_1_285' title='bbox 297 2992 651 3050; x_wconf 83' lang='lat' dir='ltr'>beneﬁcium</span> <span class='ocrx_word' id='word_1_286' title='bbox 695 2992 976 3060; x_wconf 88' lang='lat' dir='ltr'>tribuant,</span> <span class='ocrx_word' id='word_1_287' title='bbox 1000 2992 1140 3064; x_wconf 91' lang='lat' dir='ltr'>quia</span> <span class='ocrx_word' id='word_1_288' title='bbox 1177 2992 1271 3064; x_wconf 86' lang='lat' dir='ltr'>pia</span> <span class='ocrx_word' id='word_1_289' title='bbox 1304 2991 1506 3065; x_wconf 84' lang='lat' dir='ltr'>religio</span> <span class='ocrx_word' id='word_1_290' title='bbox 1540 2991 1716 3048; x_wconf 88' lang='lat' dir='ltr'>recla-</span> 
     </span>
    </p>
   </div>
   <div class='ocr_carea' id='block_1_47' title="bbox 85 3080 1713 3153">
    <p class='ocr_par' dir='ltr' id='par_1_47' title="bbox 85 3080 1713 3153">
     <span class='ocr_line' id='line_1_47' title="bbox 85 3080 1713 3153; baseline -0.001 -16"><span class='ocrx_word' id='word_1_291' title='bbox 85 3088 208 3147; x_wconf 85' lang='lat' dir='ltr'>mat,</span> <span class='ocrx_word' id='word_1_292' title='bbox 238 3083 286 3138; x_wconf 90' lang='lat' dir='ltr'>si</span> <span class='ocrx_word' id='word_1_293' title='bbox 315 3082 465 3139; x_wconf 81' lang='lat' dir='ltr'>servi</span> <span class='ocrx_word' id='word_1_294' title='bbox 500 3080 600 3138; x_wconf 89' lang='lat' dir='ltr'>Dei</span> <span class='ocrx_word' id='word_1_295' title='bbox 633 3082 940 3137; x_wconf 89' lang='lat' dir='ltr'>tabescunt</span> <span class='ocrx_word' id='word_1_296' title='bbox 982 3081 1201 3153; x_wconf 90' lang='lat' dir='ltr'>inopia,</span> <span class='ocrx_word' id='word_1_297' title='bbox 1230 3085 1287 3136; x_wconf 92' lang='lat' dir='ltr'>et</span> <span class='ocrx_word' id='word_1_298' title='bbox 1335 3081 1435 3153; x_wconf 92' lang='lat' dir='ltr'>qui</span> <span class='ocrx_word' id='word_1_299' title='bbox 1469 3098 1582 3136; x_wconf 92' lang='lat' dir='ltr'>non</span> <span class='ocrx_word' id='word_1_300' title='bbox 1617 3082 1713 3136; x_wconf 92' lang='lat' dir='ltr'>de-</span> 
     </span>
    </p>
   </div>
   <div class='ocr_carea' id='block_1_48' title="bbox 83 3150 1786 3241">
    <p class='ocr_par' dir='ltr' id='par_1_48' title="bbox 83 3150 1786 3241">
     <span class='ocr_line' id='line_1_48' title="bbox 83 3150 1786 3241; baseline 0 -15"><span class='ocrx_word' id='word_1_301' title='bbox 83 3171 205 3227; x_wconf 87' lang='lat' dir='ltr'>bent</span> <span class='ocrx_word' id='word_1_302' title='bbox 230 3188 429 3228; x_wconf 91' lang='lat' dir='ltr'>eorum</span> <span class='ocrx_word' id='word_1_303' title='bbox 462 3170 760 3226; x_wconf 90' lang='lat' dir='ltr'>ditescunt</span> <span class='ocrx_word' id='word_1_304' title='bbox 788 3171 972 3241; x_wconf 90' lang='lat' dir='ltr'>copia.</span> <span class='ocrx_word' id='word_1_305' title='bbox 1006 3150 1231 3241; x_wconf 74' lang='lat' dir='ltr'>Siquis</span> <span class='ocrx_word' id='word_1_306' title='bbox 1268 3150 1450 3225; x_wconf 82' lang='lat' dir='ltr'>abbas</span> <span class='ocrx_word' id='word_1_307' title='bbox 1480 3171 1713 3226; x_wconf 89' lang='lat' dir='ltr'>incaute</span> <span class='ocrx_word' id='word_1_308' title='bbox 1743 3150 1786 3217; x_wconf 61' lang='grc' dir='ltr'>δ</span> 
     </span>
    </p>
   </div>
   <div class='ocr_carea' id='block_1_49' title="bbox 85 3258 1713 3331">
    <p class='ocr_par' dir='ltr' id='par_1_49' title="bbox 85 3258 1713 3331">
     <span class='ocr_line' id='line_1_49' title="bbox 85 3258 1713 3331; baseline 0.001 -17"><span class='ocrx_word' id='word_1_309' title='bbox 85 3266 172 3316; x_wconf 90' lang='lat' dir='ltr'>aut</span> <span class='ocrx_word' id='word_1_310' title='bbox 197 3261 504 3318; x_wconf 87' lang='lat' dir='ltr'>temerarie</span> <span class='ocrx_word' id='word_1_311' title='bbox 534 3260 689 3331; x_wconf 90' lang='lat' dir='ltr'>quod</span> <span class='ocrx_word' id='word_1_312' title='bbox 721 3258 1020 3314; x_wconf 90' lang='lat' dir='ltr'>sancimus</span> <span class='ocrx_word' id='word_1_313' title='bbox 1054 3258 1409 3331; x_wconf 79' lang='lat' dir='ltr'>perfregerit,</span> <span class='ocrx_word' id='word_1_314' title='bbox 1442 3261 1596 3330; x_wconf 91' lang='lat' dir='ltr'>quod</span> <span class='ocrx_word' id='word_1_315' title='bbox 1628 3259 1713 3315; x_wconf 90' lang='lat' dir='ltr'>in-</span> 
     </span>
    </p>
   </div>
   <div class='ocr_carea' id='block_1_50' title="bbox 77 3347 1712 3419">
    <p class='ocr_par' dir='ltr' id='par_1_50' title="bbox 77 3347 1712 3419">
     <span class='ocr_line' id='line_1_50' title="bbox 77 3347 1712 3419; baseline -0.001 -15"><span class='ocrx_word' id='word_1_316' title='bbox 77 3349 217 3418; x_wconf 84' lang='lat' dir='ltr'>juste</span> <span class='ocrx_word' id='word_1_317' title='bbox 247 3349 472 3416; x_wconf 87' lang='lat' dir='ltr'>tribuit,</span> <span class='ocrx_word' id='word_1_318' title='bbox 511 3348 671 3419; x_wconf 90' lang='lat' dir='ltr'>juste</span> <span class='ocrx_word' id='word_1_319' title='bbox 717 3347 960 3414; x_wconf 85' lang='lat' dir='ltr'>auferat,</span> <span class='ocrx_word' id='word_1_320' title='bbox 994 3352 1050 3402; x_wconf 87' lang='lat' dir='ltr'>et</span> <span class='ocrx_word' id='word_1_321' title='bbox 1083 3347 1414 3407; x_wconf 89' lang='lat' dir='ltr'>membrum</span> <span class='ocrx_word' id='word_1_322' title='bbox 1464 3347 1712 3403; x_wconf 85' lang='lat' dir='ltr'>fractum</span> 
     </span>
    </p>
   </div>
   <div class='ocr_carea' id='block_1_51' title="bbox 84 3434 1714 3510">
    <p class='ocr_par' dir='ltr' id='par_1_51' title="bbox 84 3434 1714 3510">
     <span class='ocr_line' id='line_1_51' title="bbox 84 3434 1714 3510; baseline 0.001 -19"><span class='ocrx_word' id='word_1_323' title='bbox 84 3437 288 3510; x_wconf 88' lang='lat' dir='ltr'>corpori</span> <span class='ocrx_word' id='word_1_324' title='bbox 318 3435 625 3493; x_wconf 91' lang='lat' dir='ltr'>Dominico</span> <span class='ocrx_word' id='word_1_325' title='bbox 654 3434 1006 3503; x_wconf 90' lang='lat' dir='ltr'>consolidet;</span> <span class='ocrx_word' id='word_1_326' title='bbox 1043 3440 1106 3490; x_wconf 89' lang='lat' dir='ltr'>ut</span> <span class='ocrx_word' id='word_1_327' title='bbox 1135 3436 1182 3491; x_wconf 90' lang='lat' dir='ltr'>si</span> <span class='ocrx_word' id='word_1_328' title='bbox 1215 3436 1366 3491; x_wconf 88' lang='lat' dir='ltr'>male</span> <span class='ocrx_word' id='word_1_329' title='bbox 1397 3437 1548 3492; x_wconf 81' lang='lat' dir='ltr'>facta</span> <span class='ocrx_word' id='word_1_330' title='bbox 1577 3454 1714 3508; x_wconf 88' lang='lat' dir='ltr'>pur-</span> 
     </span>
    </p>
   </div>
   <div class='ocr_carea' id='block_1_52' title="bbox 85 3524 1718 3599">
    <p class='ocr_par' dir='ltr' id='par_1_52' title="bbox 85 3524 1718 3599">
     <span class='ocr_line' id='line_1_52' title="bbox 85 3524 1718 3599; baseline 0.001 -19"><span class='ocrx_word' id='word_1_331' title='bbox 85 3542 205 3599; x_wconf 84' lang='lat' dir='ltr'>gare</span> <span class='ocrx_word' id='word_1_332' title='bbox 233 3525 496 3594; x_wconf 88' lang='lat' dir='ltr'>voluerit,</span> <span class='ocrx_word' id='word_1_333' title='bbox 530 3529 588 3582; x_wconf 88' lang='lat' dir='ltr'>et</span> <span class='ocrx_word' id='word_1_334' title='bbox 635 3524 978 3597; x_wconf 88' lang='lat' dir='ltr'>nequiverit,</span> <span class='ocrx_word' id='word_1_335' title='bbox 1013 3529 1310 3595; x_wconf 85' lang='lat' dir='ltr'>superstes</span> <span class='ocrx_word' id='word_1_336' title='bbox 1343 3527 1470 3596; x_wconf 84' lang='lat' dir='ltr'>ejus</span> <span class='ocrx_word' id='word_1_337' title='bbox 1519 3531 1718 3582; x_wconf 90' lang='lat' dir='ltr'>nostra</span> 
     </span>
    </p>
   </div>
   <div class='ocr_carea' id='block_1_53' title="bbox 85 3614 1718 3671">
    <p class='ocr_par' dir='ltr' id='par_1_53' title="bbox 85 3614 1718 3671">
     <span class='ocr_line' id='line_1_53' title="bbox 85 3614 1718 3671; baseline 0.001 -3"><span class='ocrx_word' id='word_1_338' title='bbox 85 3620 132 3669; x_wconf 88' lang='lat' dir='ltr'>et</span> <span class='ocrx_word' id='word_1_339' title='bbox 182 3619 516 3671; x_wconf 88' lang='lat' dir='ltr'>nostrorum</span> <span class='ocrx_word' id='word_1_340' title='bbox 590 3629 997 3669; x_wconf 86' lang='lat' dir='ltr'>successorum</span> <span class='ocrx_word' id='word_1_341' title='bbox 1057 3614 1348 3670; x_wconf 87' lang='lat' dir='ltr'>sententia</span> <span class='ocrx_word' id='word_1_342' title='bbox 1410 3615 1718 3670; x_wconf 88' lang='lat' dir='ltr'>roboratus</span> 
     </span>
    </p>
   </div>
   <div class='ocr_carea' id='block_1_54' title="bbox 87 3702 1720 3774">
    <p class='ocr_par' dir='ltr' id='par_1_54' title="bbox 87 3702 1720 3774">
     <span class='ocr_line' id='line_1_54' title="bbox 87 3702 1720 3774; baseline 0.001 -18"><span class='ocrx_word' id='word_1_343' title='bbox 87 3704 354 3770; x_wconf 87' lang='lat' dir='ltr'>emendet,</span> <span class='ocrx_word' id='word_1_344' title='bbox 398 3703 560 3774; x_wconf 89' lang='lat' dir='ltr'>quod</span> <span class='ocrx_word' id='word_1_345' title='bbox 609 3719 757 3758; x_wconf 90' lang='lat' dir='ltr'>suus</span> <span class='ocrx_word' id='word_1_346' title='bbox 810 3705 1142 3758; x_wconf 90' lang='lat' dir='ltr'>antecessor</span> <span class='ocrx_word' id='word_1_347' title='bbox 1189 3702 1405 3758; x_wconf 89' lang='lat' dir='ltr'>amisit.</span> <span class='ocrx_word' id='word_1_348' title='bbox 1458 3703 1720 3774; x_wconf 89' lang='lat' dir='ltr'>Denique</span> 
     </span>
    </p>
   </div>
   <div class='ocr_carea' id='block_1_55' title="bbox 86 3789 1718 3863">
    <p class='ocr_par' dir='ltr' id='par_1_55' title="bbox 86 3789 1718 3863">
     <span class='ocr_line' id='line_1_55' title="bbox 86 3789 1718 3863; baseline 0.001 -19"><span class='ocrx_word' id='word_1_349' title='bbox 86 3791 458 3863; x_wconf 68' lang='lat' dir='ltr'>praecipiendo</span> <span class='ocrx_word' id='word_1_350' title='bbox 512 3789 832 3856; x_wconf 88' lang='lat' dir='ltr'>sancimus,</span> <span class='ocrx_word' id='word_1_351' title='bbox 885 3793 950 3844; x_wconf 90' lang='lat' dir='ltr'>ut</span> <span class='ocrx_word' id='word_1_352' title='bbox 1004 3789 1204 3845; x_wconf 90' lang='lat' dir='ltr'>nullus</span> <span class='ocrx_word' id='word_1_353' title='bbox 1257 3791 1394 3859; x_wconf 83' lang='lat' dir='ltr'>dux,</span> <span class='ocrx_word' id='word_1_354' title='bbox 1437 3791 1718 3860; x_wconf 90' lang='lat' dir='ltr'>marchio,</span> 
     </span>
    </p>
   </div>
   <div class='ocr_carea' id='block_1_56' title="bbox 89 3877 1725 3952">
    <p class='ocr_par' dir='ltr' id='par_1_56' title="bbox 89 3877 1725 3952">
     <span class='ocr_line' id='line_1_56' title="bbox 89 3877 1725 3952; baseline 0.003 -21"><span class='ocrx_word' id='word_1_355' title='bbox 89 3879 404 3952; x_wconf 78' lang='lat' dir='ltr'>episcopus,</span> <span class='ocrx_word' id='word_1_356' title='bbox 433 3894 652 3944; x_wconf 88' lang='lat' dir='ltr'>comes,</span> <span class='ocrx_word' id='word_1_357' title='bbox 676 3877 1016 3946; x_wconf 89' lang='lat' dir='ltr'>vicecomes,</span> <span class='ocrx_word' id='word_1_358' title='bbox 1043 3882 1148 3933; x_wconf 92' lang='lat' dir='ltr'>etc.</span> <span class='ocrx_word' id='word_1_359' title='bbox 1177 3878 1236 3933; x_wconf 93' lang='lat' dir='ltr'>Si</span> <span class='ocrx_word' id='word_1_360' title='bbox 1269 3880 1401 3950; x_wconf 88' lang='lat' dir='ltr'>quis</span> <span class='ocrx_word' id='word_1_361' title='bbox 1430 3897 1562 3936; x_wconf 83' lang='lat' dir='ltr'>vero</span> <span class='ocrx_word' id='word_1_362' title='bbox 1593 3897 1725 3936; x_wconf 91' lang='lat' dir='ltr'>con-</span> 
     </span>
    </p>
   </div>
   <div class='ocr_carea' id='block_1_57' title="bbox 85 3965 1728 4040">
    <p class='ocr_par' dir='ltr' id='par_1_57' title="bbox 85 3965 1728 4040">
     <span class='ocr_line' id='line_1_57' title="bbox 85 3965 1728 4040; baseline 0.002 -20"><span class='ocrx_word' id='word_1_363' title='bbox 85 3972 164 4022; x_wconf 88' lang='lat' dir='ltr'>tra</span> <span class='ocrx_word' id='word_1_364' title='bbox 189 3968 295 4024; x_wconf 89' lang='lat' dir='ltr'>hos</span> <span class='ocrx_word' id='word_1_365' title='bbox 327 3973 568 4025; x_wconf 88' lang='lat' dir='ltr'>nostros</span> <span class='ocrx_word' id='word_1_366' title='bbox 592 3966 814 4039; x_wconf 83' lang='lat' dir='ltr'>regales</span> <span class='ocrx_word' id='word_1_367' title='bbox 838 3966 1030 4038; x_wconf 87' lang='lat' dir='ltr'>apices</span> <span class='ocrx_word' id='word_1_368' title='bbox 1060 3965 1382 4040; x_wconf 85' lang='lat' dir='ltr'>insurgere,</span> <span class='ocrx_word' id='word_1_369' title='bbox 1408 3974 1510 4024; x_wconf 91' lang='lat' dir='ltr'>aut</span> <span class='ocrx_word' id='word_1_370' title='bbox 1539 3969 1597 4023; x_wconf 91' lang='lat' dir='ltr'>in</span> <span class='ocrx_word' id='word_1_371' title='bbox 1629 3969 1728 4024; x_wconf 91' lang='lat' dir='ltr'>ali-</span> 
     </span>
    </p>
   </div>
   <div class='ocr_carea' id='block_1_58' title="bbox 89 4055 1727 4130">
    <p class='ocr_par' dir='ltr' id='par_1_58' title="bbox 89 4055 1727 4130">
     <span class='ocr_line' id='line_1_58' title="bbox 89 4055 1727 4130; baseline 0.004 -22"><span class='ocrx_word' id='word_1_372' title='bbox 89 4072 189 4126; x_wconf 84' lang='lat' dir='ltr'>quo</span> <span class='ocrx_word' id='word_1_373' title='bbox 215 4057 432 4114; x_wconf 90' lang='lat' dir='ltr'>violare</span> <span class='ocrx_word' id='word_1_374' title='bbox 466 4056 792 4122; x_wconf 89' lang='lat' dir='ltr'>tentaverit,</span> <span class='ocrx_word' id='word_1_375' title='bbox 825 4055 978 4110; x_wconf 83' lang='lat' dir='ltr'>infra</span> <span class='ocrx_word' id='word_1_376' title='bbox 1008 4055 1322 4112; x_wconf 89' lang='lat' dir='ltr'>dictionem</span> <span class='ocrx_word' id='word_1_377' title='bbox 1355 4057 1516 4130; x_wconf 81' lang='lat' dir='ltr'>regni</span> <span class='ocrx_word' id='word_1_378' title='bbox 1544 4059 1727 4114; x_wconf 90' lang='lat' dir='ltr'>nostri</span> 
     </span>
    </p>
   </div>
   <div class='ocr_carea' id='block_1_59' title="bbox 87 4143 1728 4218">
    <p class='ocr_par' dir='ltr' id='par_1_59' title="bbox 87 4143 1728 4218">
     <span class='ocr_line' id='line_1_59' title="bbox 87 4143 1728 4218; baseline 0.005 -22"><span class='ocrx_word' id='word_1_379' title='bbox 87 4146 414 4213; x_wconf 83' lang='lat' dir='ltr'>consistens,</span> <span class='ocrx_word' id='word_1_380' title='bbox 452 4144 602 4202; x_wconf 88' lang='lat' dir='ltr'>sciat</span> <span class='ocrx_word' id='word_1_381' title='bbox 639 4161 700 4201; x_wconf 89' lang='lat' dir='ltr'>se</span> <span class='ocrx_word' id='word_1_382' title='bbox 748 4143 930 4200; x_wconf 86' lang='lat' dir='ltr'>libras</span> <span class='ocrx_word' id='word_1_383' title='bbox 975 4143 1218 4216; x_wconf 88' lang='lat' dir='ltr'>triginta</span> <span class='ocrx_word' id='word_1_384' title='bbox 1264 4145 1390 4201; x_wconf 87' lang='lat' dir='ltr'>auri</span> <span class='ocrx_word' id='word_1_385' title='bbox 1440 4147 1728 4218; x_wconf 90' lang='lat' dir='ltr'>probatis-</span> 
     </span>
    </p>
   </div>
   <div class='ocr_carea' id='block_1_60' title="bbox 87 4231 1734 4306">
    <p class='ocr_par' dir='ltr' id='par_1_60' title="bbox 87 4231 1734 4306">
     <span class='ocr_line' id='line_1_60' title="bbox 87 4231 1734 4306; baseline 0.005 -22"><span class='ocrx_word' id='word_1_386' title='bbox 87 4231 205 4287; x_wconf 85' lang='lat' dir='ltr'>simi</span> <span class='ocrx_word' id='word_1_387' title='bbox 251 4233 682 4300; x_wconf 81' lang='lat' dir='ltr'>exsoluturum,</span> <span class='ocrx_word' id='word_1_388' title='bbox 733 4233 1106 4288; x_wconf 89' lang='lat' dir='ltr'>medietatem</span> <span class='ocrx_word' id='word_1_389' title='bbox 1143 4233 1403 4306; x_wconf 63' lang='lat' dir='ltr'>praedicti</span> <span class='ocrx_word' id='word_1_390' title='bbox 1443 4241 1734 4294; x_wconf 86' lang='lat' dir='ltr'>monaste-</span> 
     </span>
    </p>
   </div>
   <div class='ocr_carea' id='block_1_61' title="bbox 33 4321 1731 4394">
    <p class='ocr_par' dir='ltr' id='par_1_61' title="bbox 33 4321 1731 4394">
     <span class='ocr_line' id='line_1_61' title="bbox 33 4321 1731 4394; baseline 0.004 -21"><span class='ocrx_word' id='word_1_391' title='bbox 33 4325 39 4364; x_wconf 61' lang='grc' dir='ltr'><strong><em>τ</em></strong></span> <span class='ocrx_word' id='word_1_392' title='bbox 86 4321 165 4388; x_wconf 92' lang='lat' dir='ltr'>rii,</span> <span class='ocrx_word' id='word_1_393' title='bbox 197 4328 251 4379; x_wconf 90' lang='lat' dir='ltr'>et</span> <span class='ocrx_word' id='word_1_394' title='bbox 275 4323 650 4379; x_wconf 88' lang='lat' dir='ltr'>medietatem</span> <span class='ocrx_word' id='word_1_395' title='bbox 696 4321 899 4394; x_wconf 88' lang='lat' dir='ltr'>palatii</span> <span class='ocrx_word' id='word_1_396' title='bbox 951 4323 1156 4378; x_wconf 90' lang='lat' dir='ltr'>nostri.</span> <span class='ocrx_word' id='word_1_397' title='bbox 1193 4323 1263 4377; x_wconf 87' lang='lat' dir='ltr'>Et</span> <span class='ocrx_word' id='word_1_398' title='bbox 1306 4323 1415 4378; x_wconf 94' lang='lat' dir='ltr'>hoc</span> <span class='ocrx_word' id='word_1_399' title='bbox 1463 4328 1731 4381; x_wconf 90' lang='lat' dir='ltr'>nostrum</span> 
     </span>
    </p>
   </div>
   <div class='ocr_carea' id='block_1_62' title="bbox 84 4410 1736 4485">
    <p class='ocr_par' dir='ltr' id='par_1_62' title="bbox 84 4410 1736 4485">
     <span class='ocr_line' id='line_1_62' title="bbox 84 4410 1736 4485; baseline 0.003 -23"><span class='ocrx_word' id='word_1_400' title='bbox 84 4416 422 4484; x_wconf 64' lang='lat' dir='ltr'>praceptum</span> <span class='ocrx_word' id='word_1_401' title='bbox 456 4411 518 4466; x_wconf 90' lang='lat' dir='ltr'>in</span> <span class='ocrx_word' id='word_1_402' title='bbox 565 4410 662 4466; x_wconf 91' lang='lat' dir='ltr'>Dei</span> <span class='ocrx_word' id='word_1_403' title='bbox 696 4411 955 4478; x_wconf 91' lang='lat' dir='ltr'>nomine,</span> <span class='ocrx_word' id='word_1_404' title='bbox 989 4415 1054 4466; x_wconf 89' lang='lat' dir='ltr'>ut</span> <span class='ocrx_word' id='word_1_405' title='bbox 1104 4410 1426 4482; x_wconf 90' lang='lat' dir='ltr'>pleniorem</span> <span class='ocrx_word' id='word_1_406' title='bbox 1477 4411 1736 4485; x_wconf 62' lang='lat' dir='ltr'>obtineat</span> 
     </span>
    </p>
   </div>
   <div class='ocr_carea' id='block_1_63' title="bbox 86 4497 579 4566">
    <p class='ocr_par' dir='ltr' id='par_1_63' title="bbox 86 4497 579 4566">
     <span class='ocr_line' id='line_1_63' title="bbox 86 4497 579 4566; baseline 0.008 -16"><span class='ocrx_word' id='word_1_407' title='bbox 86 4497 434 4566; x_wconf 81' lang='lat' dir='ltr'>firmitatem,</span> <span class='ocrx_word' id='word_1_408' title='bbox 465 4504 579 4556; x_wconf 86' lang='lat' dir='ltr'>etc.</span> 
     </span>
    </p>
   </div>
   <div class='ocr_carea' id='block_1_64' title="bbox 147 4589 1738 4658">
    <p class='ocr_par' dir='ltr' id='par_1_64' title="bbox 147 4589 1738 4658">
     <span class='ocr_line' id='line_1_64' title="bbox 147 4589 1738 4658; baseline 0.005 -18"><span class='ocrx_word' id='word_1_409' title='bbox 147 4589 371 4657; x_wconf 79' lang='lat' dir='ltr'>Signum</span> <span class='ocrx_word' id='word_1_410' title='bbox 399 4589 594 4644; x_wconf 84' lang='lat' dir='ltr'>damni</span> <span class='ocrx_word' id='word_1_411' title='bbox 624 4590 872 4645; x_wconf 84' lang='lat' dir='ltr'>Heinrici</span> <span class='ocrx_word' id='word_1_412' title='bbox 904 4591 1056 4645; x_wconf 79' lang='lat' dir='ltr'>tertii</span> <span class='ocrx_word' id='word_1_413' title='bbox 1084 4591 1230 4658; x_wconf 84' lang='lat' dir='ltr'>regis</span> <span class='ocrx_word' id='word_1_414' title='bbox 1262 4591 1632 4656; x_wconf 74' lang='lat' dir='ltr'>invictissimi,</span> <span class='ocrx_word' id='word_1_415' title='bbox 1659 4607 1738 4648; x_wconf 86' lang='lat' dir='ltr'>se.</span> 
     </span>
    </p>
   </div>
   <div class='ocr_carea' id='block_1_65' title="bbox 86 4674 1320 4749">
    <p class='ocr_par' dir='ltr' id='par_1_65' title="bbox 86 4674 1320 4749">
     <span class='ocr_line' id='line_1_65' title="bbox 86 4674 1320 4749; baseline 0.003 -20"><span class='ocrx_word' id='word_1_416' title='bbox 86 4674 240 4731; x_wconf 84' lang='lat' dir='ltr'>cundi</span> <span class='ocrx_word' id='word_1_417' title='bbox 269 4679 646 4733; x_wconf 83' lang='lat' dir='ltr'>Romanorum</span> <span class='ocrx_word' id='word_1_418' title='bbox 675 4679 1030 4748; x_wconf 79' lang='lat' dir='ltr'>imperatoris</span> <span class='ocrx_word' id='word_1_419' title='bbox 1060 4680 1320 4749; x_wconf 71' lang='lat' dir='ltr'>Augusti.</span> 
     </span>
    </p>
   </div>
   <div class='ocr_carea' id='block_1_66' title="bbox 149 4765 1737 4824">
    <p class='ocr_par' dir='ltr' id='par_1_66' title="bbox 149 4765 1737 4824">
     <span class='ocr_line' id='line_1_66' title="bbox 149 4765 1737 4824; baseline 0.003 -6"><span class='ocrx_word' id='word_1_420' title='bbox 149 4765 453 4822; x_wconf 82' lang='lat' dir='ltr'>Heinricus</span> <span class='ocrx_word' id='word_1_421' title='bbox 488 4765 877 4822; x_wconf 89' lang='lat' dir='ltr'>cancellarius</span> <span class='ocrx_word' id='word_1_422' title='bbox 906 4767 1030 4822; x_wconf 90' lang='lat' dir='ltr'>vice</span> <span class='ocrx_word' id='word_1_423' title='bbox 1069 4766 1405 4822; x_wconf 89' lang='lat' dir='ltr'>Herimanni</span> <span class='ocrx_word' id='word_1_424' title='bbox 1437 4766 1737 4824; x_wconf 86' lang='lat' dir='ltr'>archican-</span> 
     </span>
    </p>
   </div>
   <div class='ocr_carea' id='block_1_67' title="bbox 34 4849 668 4926">
    <p class='ocr_par' dir='ltr' id='par_1_67' title="bbox 34 4849 668 4926">
     <span class='ocr_line' id='line_1_67' title="bbox 34 4849 668 4926; baseline 0.009 -24"><span class='ocrx_word' id='word_1_425' title='bbox 34 4923 36 4926; x_wconf 22' lang='grc' dir='ltr'>ι</span> <span class='ocrx_word' id='word_1_426' title='bbox 89 4849 293 4909; x_wconf 85' lang='lat' dir='ltr'>cellarii</span> <span class='ocrx_word' id='word_1_427' title='bbox 331 4854 668 4926; x_wconf 86' lang='lat' dir='ltr'>recognovi.</span> 
     </span>
    </p>
   </div>
   <div class='ocr_carea' id='block_1_68' title="bbox 153 4941 1740 5012">
    <p class='ocr_par' dir='ltr' id='par_1_68' title="bbox 153 4941 1740 5012">
     <span class='ocr_line' id='line_1_68' title="bbox 153 4941 1740 5012; baseline 0.004 -18"><span class='ocrx_word' id='word_1_428' title='bbox 153 4941 292 4998; x_wconf 87' lang='lat' dir='ltr'>Data</span> <span class='ocrx_word' id='word_1_429' title='bbox 319 4960 423 4999; x_wconf 86' lang='lat' dir='ltr'>vm</span> <span class='ocrx_word' id='word_1_430' title='bbox 455 4943 598 4999; x_wconf 86' lang='lat' dir='ltr'>Idus</span> <span class='ocrx_word' id='word_1_431' title='bbox 621 4943 776 5012; x_wconf 86' lang='lat' dir='ltr'>Maii,</span> <span class='ocrx_word' id='word_1_432' title='bbox 801 4961 954 5000; x_wconf 90' lang='lat' dir='ltr'>anno</span> <span class='ocrx_word' id='word_1_433' title='bbox 978 4944 1292 4999; x_wconf 61' lang='lat' dir='ltr'>Dominicis</span> <span class='ocrx_word' id='word_1_434' title='bbox 1317 4945 1740 5002; x_wconf 90' lang='lat' dir='ltr'>lncarnationis</span> 
     </span>
    </p>
   </div>
   <div class='ocr_carea' id='block_1_69' title="bbox 93 5029 1742 5099">
    <p class='ocr_par' dir='ltr' id='par_1_69' title="bbox 93 5029 1742 5099">
     <span class='ocr_line' id='line_1_69' title="bbox 93 5029 1742 5099; baseline 0.008 -19"><span class='ocrx_word' id='word_1_435' title='bbox 93 5029 236 5098; x_wconf 80' lang='grc'>1047,</span> <span class='ocrx_word' id='word_1_436' title='bbox 258 5031 585 5087; x_wconf 89' lang='lat' dir='ltr'>indictione</span> <span class='ocrx_word' id='word_1_437' title='bbox 611 5050 700 5099; x_wconf 87' lang='lat' dir='ltr'>xv,</span> <span class='ocrx_word' id='word_1_438' title='bbox 726 5050 880 5088; x_wconf 93' lang='lat' dir='ltr'>anno</span> <span class='ocrx_word' id='word_1_439' title='bbox 913 5037 1112 5088; x_wconf 88' lang='lat' dir='ltr'>autem</span> <span class='ocrx_word' id='word_1_440' title='bbox 1134 5034 1336 5089; x_wconf 92' lang='lat' dir='ltr'>domni</span> <span class='ocrx_word' id='word_1_441' title='bbox 1364 5034 1609 5090; x_wconf 86' lang='lat' dir='ltr'>[leinrici</span> <span class='ocrx_word' id='word_1_442' title='bbox 1635 5039 1742 5094; x_wconf 86' lang='lat' dir='ltr'>ter.</span> 
     </span>
    </p>
   </div>
   <div class='ocr_carea' id='block_1_70' title="bbox 88 5116 1743 5194">
    <p class='ocr_par' dir='ltr' id='par_1_70' title="bbox 88 5116 1743 5194">
     <span class='ocr_line' id='line_1_70' title="bbox 88 5116 1743 5194; baseline 0.005 -25"><span class='ocrx_word' id='word_1_443' title='bbox 88 5116 168 5183; x_wconf 88' lang='lat' dir='ltr'>tii,</span> <span class='ocrx_word' id='word_1_444' title='bbox 197 5119 593 5176; x_wconf 84' lang='lat' dir='ltr'>ordinationis</span> <span class='ocrx_word' id='word_1_445' title='bbox 639 5122 768 5192; x_wconf 91' lang='lat' dir='ltr'>ejus</span> <span class='ocrx_word' id='word_1_446' title='bbox 818 5137 979 5190; x_wconf 85' lang='lat' dir='ltr'>xvm,</span> <span class='ocrx_word' id='word_1_447' title='bbox 1012 5123 1312 5194; x_wconf 87' lang='lat' dir='ltr'>regnantis</span> <span class='ocrx_word' id='word_1_448' title='bbox 1343 5141 1466 5189; x_wconf 88' lang='lat' dir='ltr'>vm,</span> <span class='ocrx_word' id='word_1_449' title='bbox 1501 5125 1743 5180; x_wconf 88' lang='lat' dir='ltr'>secundi</span> 
     </span>
    </p>
   </div>
   <div class='ocr_carea' id='block_1_71' title="bbox 95 5203 680 5280">
    <p class='ocr_par' dir='ltr' id='par_1_71' title="bbox 95 5203 680 5280">
     <span class='ocr_line' id='line_1_71' title="bbox 95 5203 680 5280; baseline 0.007 -20"><span class='ocrx_word' id='word_1_450' title='bbox 95 5203 434 5278; x_wconf 85' lang='lat' dir='ltr'>imperantis</span> <span class='ocrx_word' id='word_1_451' title='bbox 465 5206 680 5280; x_wconf 89' lang='lat' dir='ltr'>primo.</span> 
     </span>
    </p>
   </div>
   <div class='ocr_carea' id='block_1_72' title="bbox 149 5297 1654 5361">
    <p class='ocr_par' dir='ltr' id='par_1_72' title="bbox 149 5297 1654 5361">
     <span class='ocr_line' id='line_1_72' title="bbox 149 5297 1654 5361; baseline 0.003 -7"><span class='ocrx_word' id='word_1_452' title='bbox 149 5299 359 5355; x_wconf 86' lang='lat' dir='ltr'>Actum</span> <span class='ocrx_word' id='word_1_453' title='bbox 393 5297 636 5358; x_wconf 88' lang='lat' dir='ltr'>Folerni</span> <span class='ocrx_word' id='word_1_454' title='bbox 665 5299 726 5356; x_wconf 88' lang='lat' dir='ltr'>in</span> <span class='ocrx_word' id='word_1_455' title='bbox 755 5299 854 5357; x_wconf 88' lang='lat' dir='ltr'>Dei</span> <span class='ocrx_word' id='word_1_456' title='bbox 889 5299 1128 5358; x_wconf 87' lang='lat' dir='ltr'>nomine</span> <span class='ocrx_word' id='word_1_457' title='bbox 1157 5300 1418 5361; x_wconf 80' lang='lat' dir='ltr'>feliciter.</span> <span class='ocrx_word' id='word_1_458' title='bbox 1450 5304 1654 5359; x_wconf 76' lang='lat' dir='ltr'>Anien.</span> 
     </span>
    </p>
   </div>
   <div class='ocr_carea' id='block_1_73' title="bbox 1838 1840 3487 1911">
    <p class='ocr_par' dir='ltr' id='par_1_73' title="bbox 1838 1840 3487 1911">
     <span class='ocr_line' id='line_1_73' title="bbox 1838 1840 3487 1911; baseline -0.001 -12"><span class='ocrx_word' id='word_1_459' title='bbox 1838 1860 2050 1899; x_wconf 88' lang='lat' dir='ltr'>conum</span> <span class='ocrx_word' id='word_1_460' title='bbox 2109 1846 2369 1898; x_wconf 88' lang='lat' dir='ltr'>nostram</span> <span class='ocrx_word' id='word_1_461' title='bbox 2422 1841 2728 1897; x_wconf 88' lang='lat' dir='ltr'>humiliter</span> <span class='ocrx_word' id='word_1_462' title='bbox 2771 1857 3040 1898; x_wconf 85' lang='lat' dir='ltr'>exorasse</span> <span class='ocrx_word' id='word_1_463' title='bbox 3094 1840 3487 1911; x_wconf 85' lang='lat' dir='ltr'>clementiam,</span> 
     </span>
    </p>
   </div>
   <div class='ocr_carea' id='block_1_74' title="bbox 1837 1929 3488 2004">
    <p class='ocr_par' dir='ltr' id='par_1_74' title="bbox 1837 1929 3488 2004">
     <span class='ocr_line' id='line_1_74' title="bbox 1837 1929 3488 2004; baseline 0.001 -17"><span class='ocrx_word' id='word_1_464' title='bbox 1837 1936 2128 2004; x_wconf 87' lang='lat' dir='ltr'>quatenus</span> <span class='ocrx_word' id='word_1_465' title='bbox 2160 1948 2263 2002; x_wconf 92' lang='lat' dir='ltr'>pro</span> <span class='ocrx_word' id='word_1_466' title='bbox 2298 1930 2398 1985; x_wconf 89' lang='lat' dir='ltr'>Dei</span> <span class='ocrx_word' id='word_1_467' title='bbox 2431 1929 2852 2001; x_wconf 88' lang='lat' dir='ltr'>omnipotentis</span> <span class='ocrx_word' id='word_1_468' title='bbox 2896 1947 3114 2002; x_wconf 89' lang='lat' dir='ltr'>amore,</span> <span class='ocrx_word' id='word_1_469' title='bbox 3145 1935 3203 1987; x_wconf 89' lang='lat' dir='ltr'>et</span> <span class='ocrx_word' id='word_1_470' title='bbox 3231 1931 3488 1988; x_wconf 90' lang='lat' dir='ltr'>remedio</span> 
     </span>
    </p>
   </div>
   <div class='ocr_carea' id='block_1_75' title="bbox 1835 2019 3488 2091">
    <p class='ocr_par' dir='ltr' id='par_1_75' title="bbox 1835 2019 3488 2091">
     <span class='ocr_line' id='line_1_75' title="bbox 1835 2019 3488 2091; baseline -0.001 -15"><span class='ocrx_word' id='word_1_471' title='bbox 1835 2021 2043 2076; x_wconf 66' lang='lat' dir='ltr'>animm</span> <span class='ocrx_word' id='word_1_472' title='bbox 2076 2023 2309 2084; x_wconf 69' lang='lat' dir='ltr'>nostris,</span> <span class='ocrx_word' id='word_1_473' title='bbox 2342 2035 2445 2073; x_wconf 92' lang='lat' dir='ltr'>nec</span> <span class='ocrx_word' id='word_1_474' title='bbox 2495 2036 2611 2074; x_wconf 90' lang='lat' dir='ltr'>non</span> <span class='ocrx_word' id='word_1_475' title='bbox 2655 2024 2712 2074; x_wconf 90' lang='lat' dir='ltr'>et</span> <span class='ocrx_word' id='word_1_476' title='bbox 2755 2024 2962 2091; x_wconf 89' lang='lat' dir='ltr'>rogatu</span> <span class='ocrx_word' id='word_1_477' title='bbox 3017 2019 3272 2076; x_wconf 86' lang='lat' dir='ltr'>Heinrici</span> <span class='ocrx_word' id='word_1_478' title='bbox 3303 2020 3488 2078; x_wconf 87' lang='lat' dir='ltr'>nostri</span> 
     </span>
    </p>
   </div>
   <div class='ocr_carea' id='block_1_76' title="bbox 1835 2107 3488 2180">
    <p class='ocr_par' dir='ltr' id='par_1_76' title="bbox 1835 2107 3488 2180">
     <span class='ocr_line' id='line_1_76' title="bbox 1835 2107 3488 2180; baseline -0.001 -15"><span class='ocrx_word' id='word_1_479' title='bbox 1835 2107 2200 2165; x_wconf 89' lang='lat' dir='ltr'>dilectissimi</span> <span class='ocrx_word' id='word_1_480' title='bbox 2261 2107 2592 2163; x_wconf 89' lang='lat' dir='ltr'>cancellarii</span> <span class='ocrx_word' id='word_1_481' title='bbox 2637 2108 2839 2163; x_wconf 92' lang='lat' dir='ltr'>omnia</span> <span class='ocrx_word' id='word_1_482' title='bbox 2888 2113 3174 2180; x_wconf 83' lang='lat' dir='ltr'>praecepta</span> <span class='ocrx_word' id='word_1_483' title='bbox 3230 2125 3357 2180; x_wconf 75' lang='lat' dir='ltr'>quae</span> <span class='ocrx_word' id='word_1_484' title='bbox 3415 2109 3488 2164; x_wconf 90' lang='lat' dir='ltr'>ab</span> 
     </span>
    </p>
   </div>
   <div class='ocr_carea' id='block_1_77' title="bbox 1835 2195 3482 2265">
    <p class='ocr_par' dir='ltr' id='par_1_77' title="bbox 1835 2195 3482 2265">
     <span class='ocr_line' id='line_1_77' title="bbox 1835 2195 3482 2265; baseline -0.001 -11"><span class='ocrx_word' id='word_1_485' title='bbox 1835 2197 2302 2254; x_wconf 89' lang='lat' dir='ltr'>antecessoribus</span> <span class='ocrx_word' id='word_1_486' title='bbox 2328 2196 2563 2262; x_wconf 88' lang='lat' dir='ltr'>nostris,</span> <span class='ocrx_word' id='word_1_487' title='bbox 2584 2212 2687 2251; x_wconf 87' lang='lat' dir='ltr'>seu</span> <span class='ocrx_word' id='word_1_488' title='bbox 2715 2195 3105 2252; x_wconf 89' lang='lat' dir='ltr'>instrumenta</span> <span class='ocrx_word' id='word_1_489' title='bbox 3126 2196 3482 2265; x_wconf 83' lang='lat' dir='ltr'>chartarum,</span> 
     </span>
    </p>
   </div>
   <div class='ocr_carea' id='block_1_78' title="bbox 1834 2283 3483 2359">
    <p class='ocr_par' dir='ltr' id='par_1_78' title="bbox 1834 2283 3483 2359">
     <span class='ocr_line' id='line_1_78' title="bbox 1834 2283 3483 2359; baseline -0.001 -16"><span class='ocrx_word' id='word_1_490' title='bbox 1834 2304 1960 2359; x_wconf 53' lang='lat' dir='ltr'>qua:</span> <span class='ocrx_word' id='word_1_491' title='bbox 1995 2304 2027 2340; x_wconf 71' lang='grc' dir='ltr'>ει</span> <span class='ocrx_word' id='word_1_492' title='bbox 2056 2285 2329 2341; x_wconf 83' lang='lat' dir='ltr'>fidelibus</span> <span class='ocrx_word' id='word_1_493' title='bbox 2360 2283 2500 2340; x_wconf 89' lang='lat' dir='ltr'>viris</span> <span class='ocrx_word' id='word_1_494' title='bbox 2550 2287 2764 2339; x_wconf 66' lang='lat' dir='ltr'>sancta:</span> <span class='ocrx_word' id='word_1_495' title='bbox 2814 2283 3170 2341; x_wconf 89' lang='lat' dir='ltr'>Pataviensis</span> <span class='ocrx_word' id='word_1_496' title='bbox 3217 2284 3483 2342; x_wconf 60' lang='lat' dir='ltr'>Ecclesia</span> 
     </span>
    </p>
   </div>
   <div class='ocr_carea' id='block_1_79' title="bbox 1834 2373 3484 2448">
    <p class='ocr_par' dir='ltr' id='par_1_79' title="bbox 1834 2373 3484 2448">
     <span class='ocr_line' id='line_1_79' title="bbox 1834 2373 3484 2448; baseline -0.001 -17"><span class='ocrx_word' id='word_1_497' title='bbox 1834 2392 2020 2448; x_wconf 88' lang='lat' dir='ltr'>nuper</span> <span class='ocrx_word' id='word_1_498' title='bbox 2048 2373 2259 2430; x_wconf 89' lang='lat' dir='ltr'>collata</span> <span class='ocrx_word' id='word_1_499' title='bbox 2303 2377 2460 2441; x_wconf 88' lang='lat' dir='ltr'>sunt,</span> <span class='ocrx_word' id='word_1_500' title='bbox 2495 2377 2695 2428; x_wconf 90' lang='lat' dir='ltr'>nostra</span> <span class='ocrx_word' id='word_1_501' title='bbox 2736 2373 3078 2429; x_wconf 88' lang='lat' dir='ltr'>auctoritate</span> <span class='ocrx_word' id='word_1_502' title='bbox 3106 2374 3484 2430; x_wconf 88' lang='lat' dir='ltr'>corroborare</span> 
     </span>
    </p>
   </div>
   <div class='ocr_carea' id='block_1_80' title="bbox 1832 2460 3482 2536">
    <p class='ocr_par' dir='ltr' id='par_1_80' title="bbox 1832 2460 3482 2536">
     <span class='ocr_line' id='line_1_80' title="bbox 1832 2460 3482 2536; baseline -0.001 -17"><span class='ocrx_word' id='word_1_503' title='bbox 1832 2465 2227 2536; x_wconf 85' lang='lat' dir='ltr'>dignaremur.</span> <span class='ocrx_word' id='word_1_504' title='bbox 2261 2463 2520 2524; x_wconf 89' lang='lat' dir='ltr'>Quorum</span> <span class='ocrx_word' id='word_1_505' title='bbox 2552 2460 2822 2533; x_wconf 90' lang='lat' dir='ltr'>precibus</span> <span class='ocrx_word' id='word_1_506' title='bbox 2864 2466 2984 2516; x_wconf 85' lang='lat' dir='ltr'>tam</span> <span class='ocrx_word' id='word_1_507' title='bbox 3018 2477 3122 2534; x_wconf 79' lang='lat' dir='ltr'>pro</span> <span class='ocrx_word' id='word_1_508' title='bbox 3150 2461 3253 2518; x_wconf 91' lang='lat' dir='ltr'>Dei</span> <span class='ocrx_word' id='word_1_509' title='bbox 3283 2479 3482 2518; x_wconf 90' lang='lat' dir='ltr'>amore</span> 
     </span>
    </p>
   </div>
   <div class='ocr_carea' id='block_1_81' title="bbox 1831 2549 3484 2625">
    <p class='ocr_par' dir='ltr' id='par_1_81' title="bbox 1831 2549 3484 2625">
     <span class='ocr_line' id='line_1_81' title="bbox 1831 2549 3484 2625; baseline -0.001 -17"><span class='ocrx_word' id='word_1_510' title='bbox 1831 2570 2009 2625; x_wconf 90' lang='lat' dir='ltr'>quam</span> <span class='ocrx_word' id='word_1_511' title='bbox 2041 2569 2143 2624; x_wconf 93' lang='lat' dir='ltr'>pro</span> <span class='ocrx_word' id='word_1_512' title='bbox 2192 2551 2458 2622; x_wconf 85' lang='lat' dir='ltr'>ejusdem</span> <span class='ocrx_word' id='word_1_513' title='bbox 2507 2549 2776 2606; x_wconf 67' lang='lat' dir='ltr'>Ecclesiae</span> <span class='ocrx_word' id='word_1_514' title='bbox 2820 2550 3189 2607; x_wconf 89' lang='lat' dir='ltr'>veneratione</span> <span class='ocrx_word' id='word_1_515' title='bbox 3234 2549 3484 2607; x_wconf 86' lang='lat' dir='ltr'>libenter</span> 
     </span>
    </p>
   </div>
   <div class='ocr_carea' id='block_1_82' title="bbox 1830 2639 3484 2712">
    <p class='ocr_par' dir='ltr' id='par_1_82' title="bbox 1830 2639 3484 2712">
     <span class='ocr_line' id='line_1_82' title="bbox 1830 2639 3484 2712; baseline -0.002 -14"><span class='ocrx_word' id='word_1_516' title='bbox 1830 2658 2138 2698; x_wconf 88' lang='lat' dir='ltr'>assensum</span> <span class='ocrx_word' id='word_1_517' title='bbox 2173 2639 2733 2712; x_wconf 72' lang='lat' dir='ltr'>przebentes,omnia</span> <span class='ocrx_word' id='word_1_518' title='bbox 2752 2655 2878 2712; x_wconf 74' lang='lat' dir='ltr'>quae</span> <span class='ocrx_word' id='word_1_519' title='bbox 2909 2655 3012 2712; x_wconf 87' lang='lat' dir='ltr'>per</span> <span class='ocrx_word' id='word_1_520' title='bbox 3039 2643 3326 2712; x_wconf 70' lang='lat' dir='ltr'>praecepta</span> <span class='ocrx_word' id='word_1_521' title='bbox 3345 2639 3484 2696; x_wconf 90' lang='lat' dir='ltr'>alio-</span> 
     </span>
    </p>
   </div>
   <div class='ocr_carea' id='block_1_83' title="bbox 1829 2727 3483 2803">
    <p class='ocr_par' dir='ltr' id='par_1_83' title="bbox 1829 2727 3483 2803">
     <span class='ocr_line' id='line_1_83' title="bbox 1829 2727 3483 2803; baseline -0.002 -17"><span class='ocrx_word' id='word_1_522' title='bbox 1829 2747 1959 2786; x_wconf 91' lang='lat' dir='ltr'>rum</span> <span class='ocrx_word' id='word_1_523' title='bbox 1987 2747 2189 2803; x_wconf 89' lang='lat' dir='ltr'>regum</span> <span class='ocrx_word' id='word_1_524' title='bbox 2206 2728 2293 2785; x_wconf 90' lang='lat' dir='ltr'>vel</span> <span class='ocrx_word' id='word_1_525' title='bbox 2319 2728 2760 2799; x_wconf 89' lang='lat' dir='ltr'>imperatorum,</span> <span class='ocrx_word' id='word_1_526' title='bbox 2785 2744 2890 2783; x_wconf 92' lang='lat' dir='ltr'>nec</span> <span class='ocrx_word' id='word_1_527' title='bbox 2912 2744 3028 2784; x_wconf 89' lang='lat' dir='ltr'>non</span> <span class='ocrx_word' id='word_1_528' title='bbox 3052 2745 3178 2800; x_wconf 68' lang='lat' dir='ltr'>qua:</span> <span class='ocrx_word' id='word_1_529' title='bbox 3199 2744 3302 2800; x_wconf 91' lang='lat' dir='ltr'>per</span> <span class='ocrx_word' id='word_1_530' title='bbox 3320 2727 3483 2784; x_wconf 89' lang='lat' dir='ltr'>char-</span> 
     </span>
    </p>
   </div>
   <div class='ocr_carea' id='block_1_84' title="bbox 1827 2815 3481 2875">
    <p class='ocr_par' dir='ltr' id='par_1_84' title="bbox 1827 2815 3481 2875">
     <span class='ocr_line' id='line_1_84' title="bbox 1827 2815 3481 2875; baseline -0.002 0"><span class='ocrx_word' id='word_1_531' title='bbox 1827 2825 2023 2875; x_wconf 89' lang='lat' dir='ltr'>tarum</span> <span class='ocrx_word' id='word_1_532' title='bbox 2056 2820 2447 2874; x_wconf 87' lang='lat' dir='ltr'>instrumenta</span> <span class='ocrx_word' id='word_1_533' title='bbox 2479 2816 2664 2872; x_wconf 92' lang='lat' dir='ltr'>eidem</span> <span class='ocrx_word' id='word_1_534' title='bbox 2696 2815 2965 2872; x_wconf 64' lang='lat' dir='ltr'>Ecclesia</span> <span class='ocrx_word' id='word_1_535' title='bbox 2995 2817 3221 2872; x_wconf 91' lang='lat' dir='ltr'>dudum</span> <span class='ocrx_word' id='word_1_536' title='bbox 3243 2833 3278 2872; x_wconf 93' lang='lat' dir='ltr'>a</span> <span class='ocrx_word' id='word_1_537' title='bbox 3297 2815 3481 2872; x_wconf 85' lang='lat' dir='ltr'>ﬁdeli-</span> 
     </span>
    </p>
   </div>
   <div class='ocr_carea' id='block_1_85' title="bbox 1829 2904 3482 2978">
    <p class='ocr_par' dir='ltr' id='par_1_85' title="bbox 1829 2904 3482 2978">
     <span class='ocr_line' id='line_1_85' title="bbox 1829 2904 3482 2978; baseline -0.001 -15"><span class='ocrx_word' id='word_1_538' title='bbox 1829 2910 1939 2963; x_wconf 93' lang='lat' dir='ltr'>bus</span> <span class='ocrx_word' id='word_1_539' title='bbox 1955 2907 2096 2962; x_wconf 88' lang='lat' dir='ltr'>viris</span> <span class='ocrx_word' id='word_1_540' title='bbox 2113 2906 2307 2961; x_wconf 90' lang='lat' dir='ltr'>oblata</span> <span class='ocrx_word' id='word_1_541' title='bbox 2324 2910 2483 2972; x_wconf 88' lang='lat' dir='ltr'>sunt,</span> <span class='ocrx_word' id='word_1_542' title='bbox 2501 2922 2604 2978; x_wconf 92' lang='lat' dir='ltr'>per</span> <span class='ocrx_word' id='word_1_543' title='bbox 2618 2904 2771 2960; x_wconf 89' lang='lat' dir='ltr'>hanc</span> <span class='ocrx_word' id='word_1_544' title='bbox 2792 2909 3056 2961; x_wconf 88' lang='lat' dir='ltr'>nostram</span> <span class='ocrx_word' id='word_1_545' title='bbox 3078 2905 3482 2962; x_wconf 86' lang='lat' dir='ltr'>auctoritatem</span> 
     </span>
    </p>
   </div>
   <div class='ocr_carea' id='block_1_86' title="bbox 1827 2993 3481 3070">
    <p class='ocr_par' dir='ltr' id='par_1_86' title="bbox 1827 2993 3481 3070">
     <span class='ocr_line' id='line_1_86' title="bbox 1827 2993 3481 3070; baseline 0 -19"><span class='ocrx_word' id='word_1_546' title='bbox 1827 2997 2076 3070; x_wconf 68' lang='lat' dir='ltr'>praefata:</span> <span class='ocrx_word' id='word_1_547' title='bbox 2095 2993 2450 3049; x_wconf 89' lang='lat' dir='ltr'>Pataviensis</span> <span class='ocrx_word' id='word_1_548' title='bbox 2477 2993 2742 3048; x_wconf 76' lang='lat' dir='ltr'>Ecclesiae</span> <span class='ocrx_word' id='word_1_549' title='bbox 2767 2994 3210 3050; x_wconf 80' lang='lat' dir='ltr'>conﬁrmamus.</span> <span class='ocrx_word' id='word_1_550' title='bbox 3226 2994 3340 3050; x_wconf 91' lang='lat' dir='ltr'>Nec</span> <span class='ocrx_word' id='word_1_551' title='bbox 3363 3010 3481 3052; x_wconf 90' lang='lat' dir='ltr'>non</span> 
     </span>
    </p>
   </div>
   <div class='ocr_carea' id='block_1_87' title="bbox 1827 3080 3480 3152">
    <p class='ocr_par' dir='ltr' id='par_1_87' title="bbox 1827 3080 3480 3152">
     <span class='ocr_line' id='line_1_87' title="bbox 1827 3080 3480 3152; baseline -0.002 -11"><span class='ocrx_word' id='word_1_552' title='bbox 1827 3085 2145 3141; x_wconf 85' lang='lat' dir='ltr'>statuimus</span> <span class='ocrx_word' id='word_1_553' title='bbox 2174 3087 2240 3137; x_wconf 91' lang='lat' dir='ltr'>ut</span> <span class='ocrx_word' id='word_1_554' title='bbox 2269 3080 2533 3138; x_wconf 89' lang='lat' dir='ltr'>canonici</span> <span class='ocrx_word' id='word_1_555' title='bbox 2563 3082 2828 3152; x_wconf 90' lang='lat' dir='ltr'>ejusdem</span> <span class='ocrx_word' id='word_1_556' title='bbox 2868 3081 3132 3137; x_wconf 69' lang='lat' dir='ltr'>Ecclesia:</span> <span class='ocrx_word' id='word_1_557' title='bbox 3162 3081 3480 3139; x_wconf 83' lang='lat' dir='ltr'>servientes</span> 
     </span>
    </p>
   </div>
   <div class='ocr_carea' id='block_1_88' title="bbox 1828 3169 3476 3230">
    <p class='ocr_par' dir='ltr' id='par_1_88' title="bbox 1828 3169 3476 3230">
     <span class='ocr_line' id='line_1_88' title="bbox 1828 3169 3476 3230; baseline -0.003 0"><span class='ocrx_word' id='word_1_558' title='bbox 1828 3191 1983 3230; x_wconf 91' lang='lat' dir='ltr'>nunc</span> <span class='ocrx_word' id='word_1_559' title='bbox 2008 3177 2065 3228; x_wconf 91' lang='lat' dir='ltr'>et</span> <span class='ocrx_word' id='word_1_560' title='bbox 2094 3187 2461 3228; x_wconf 89' lang='lat' dir='ltr'>successores</span> <span class='ocrx_word' id='word_1_561' title='bbox 2493 3169 2729 3224; x_wconf 90' lang='lat' dir='ltr'>illorum</span> <span class='ocrx_word' id='word_1_562' title='bbox 2767 3169 3015 3225; x_wconf 89' lang='lat' dir='ltr'>liberam</span> <span class='ocrx_word' id='word_1_563' title='bbox 3053 3169 3312 3225; x_wconf 87' lang='lat' dir='ltr'>habeant</span> <span class='ocrx_word' id='word_1_564' title='bbox 3340 3185 3476 3225; x_wconf 90' lang='lat' dir='ltr'>cum</span> 
     </span>
    </p>
   </div>
   <div class='ocr_carea' id='block_1_89' title="bbox 1822 3257 3475 3332">
    <p class='ocr_par' dir='ltr' id='par_1_89' title="bbox 1822 3257 3475 3332">
     <span class='ocr_line' id='line_1_89' title="bbox 1822 3257 3475 3332; baseline -0.004 -13"><span class='ocrx_word' id='word_1_565' title='bbox 1822 3279 2111 3319; x_wconf 90' lang='lat' dir='ltr'>consensu</span> <span class='ocrx_word' id='word_1_566' title='bbox 2141 3257 2534 3332; x_wconf 89' lang='lat' dir='ltr'>episcopi,qui</span> <span class='ocrx_word' id='word_1_567' title='bbox 2567 3274 2670 3329; x_wconf 91' lang='lat' dir='ltr'>pro</span> <span class='ocrx_word' id='word_1_568' title='bbox 2701 3262 2962 3328; x_wconf 90' lang='lat' dir='ltr'>tempore</span> <span class='ocrx_word' id='word_1_569' title='bbox 2993 3257 3186 3325; x_wconf 87' lang='lat' dir='ltr'>fuerit,</span> <span class='ocrx_word' id='word_1_570' title='bbox 3225 3261 3475 3330; x_wconf 89' lang='lat' dir='ltr'>potesta-</span> 
     </span>
    </p>
   </div>
   <div class='ocr_carea' id='block_1_90' title="bbox 1823 3345 3471 3418">
    <p class='ocr_par' dir='ltr' id='par_1_90' title="bbox 1823 3345 3471 3418">
     <span class='ocr_line' id='line_1_90' title="bbox 1823 3345 3471 3418; baseline -0.004 -11"><span class='ocrx_word' id='word_1_571' title='bbox 1823 3357 1941 3408; x_wconf 89' lang='lat' dir='ltr'>tem</span> <span class='ocrx_word' id='word_1_572' title='bbox 1973 3351 2044 3406; x_wconf 90' lang='lat' dir='ltr'>de</span> <span class='ocrx_word' id='word_1_573' title='bbox 2074 3348 2369 3413; x_wconf 89' lang='lat' dir='ltr'>omnibus,</span> <span class='ocrx_word' id='word_1_574' title='bbox 2399 3363 2523 3418; x_wconf 69' lang='lat' dir='ltr'>quae</span> <span class='ocrx_word' id='word_1_575' title='bbox 2567 3345 2685 3400; x_wconf 90' lang='lat' dir='ltr'>illis</span> <span class='ocrx_word' id='word_1_576' title='bbox 2721 3345 2882 3416; x_wconf 90' lang='lat' dir='ltr'>juste</span> <span class='ocrx_word' id='word_1_577' title='bbox 2913 3349 2972 3400; x_wconf 87' lang='lat' dir='ltr'>et</span> <span class='ocrx_word' id='word_1_578' title='bbox 2998 3345 3266 3418; x_wconf 86' lang='lat' dir='ltr'>legaliter.</span> <span class='ocrx_word' id='word_1_579' title='bbox 3293 3345 3471 3418; x_wconf 84' lang='lat' dir='ltr'>perti-</span> 
     </span>
    </p>
   </div>
   <div class='ocr_carea' id='block_1_91' title="bbox 1825 3434 3472 3505">
    <p class='ocr_par' dir='ltr' id='par_1_91' title="bbox 1825 3434 3472 3505">
     <span class='ocr_line' id='line_1_91' title="bbox 1825 3434 3472 3505; baseline -0.004 -9"><span class='ocrx_word' id='word_1_580' title='bbox 1825 3456 1960 3497; x_wconf 88' lang='lat' dir='ltr'>nere</span> <span class='ocrx_word' id='word_1_581' title='bbox 1990 3440 2115 3494; x_wconf 90' lang='lat' dir='ltr'>visa</span> <span class='ocrx_word' id='word_1_582' title='bbox 2147 3441 2305 3505; x_wconf 84' lang='lat' dir='ltr'>sunt,</span> <span class='ocrx_word' id='word_1_583' title='bbox 2329 3440 2430 3491; x_wconf 91' lang='lat' dir='ltr'>aut</span> <span class='ocrx_word' id='word_1_584' title='bbox 2454 3435 2577 3490; x_wconf 92' lang='lat' dir='ltr'>visa</span> <span class='ocrx_word' id='word_1_585' title='bbox 2608 3434 2842 3500; x_wconf 84' lang='lat' dir='ltr'>fuerint,</span> <span class='ocrx_word' id='word_1_586' title='bbox 2862 3434 3013 3490; x_wconf 91' lang='lat' dir='ltr'>inter</span> <span class='ocrx_word' id='word_1_587' title='bbox 3041 3449 3124 3501; x_wconf 88' lang='lat' dir='ltr'>se,</span> <span class='ocrx_word' id='word_1_588' title='bbox 3145 3437 3212 3489; x_wconf 92' lang='lat' dir='ltr'>ut</span> <span class='ocrx_word' id='word_1_589' title='bbox 3231 3450 3472 3490; x_wconf 88' lang='lat' dir='ltr'>consue-</span> 
     </span>
    </p>
   </div>
   <div class='ocr_carea' id='block_1_92' title="bbox 1825 3521 3475 3596">
    <p class='ocr_par' dir='ltr' id='par_1_92' title="bbox 1825 3521 3475 3596">
     <span class='ocr_line' id='line_1_92' title="bbox 1825 3521 3475 3596; baseline -0.004 -11"><span class='ocrx_word' id='word_1_590' title='bbox 1825 3530 1965 3586; x_wconf 91' lang='lat' dir='ltr'>tudo</span> <span class='ocrx_word' id='word_1_591' title='bbox 1985 3529 2114 3596; x_wconf 82' lang='lat' dir='ltr'>fuit,</span> <span class='ocrx_word' id='word_1_592' title='bbox 2132 3523 2446 3594; x_wconf 89' lang='lat' dir='ltr'>dividendi,</span> <span class='ocrx_word' id='word_1_593' title='bbox 2462 3522 2624 3579; x_wconf 90' lang='lat' dir='ltr'>omni</span> <span class='ocrx_word' id='word_1_594' title='bbox 2644 3527 3000 3596; x_wconf 88' lang='lat' dir='ltr'>potestatum</span> <span class='ocrx_word' id='word_1_595' title='bbox 3016 3521 3475 3578; x_wconf 84' lang='lat' dir='ltr'>contradictione</span> 
     </span>
    </p>
   </div>
   <div class='ocr_carea' id='block_1_93' title="bbox 1826 3610 3474 3684">
    <p class='ocr_par' dir='ltr' id='par_1_93' title="bbox 1826 3610 3474 3684">
     <span class='ocr_line' id='line_1_93' title="bbox 1826 3610 3474 3684; baseline -0.004 -12"><span class='ocrx_word' id='word_1_596' title='bbox 1826 3621 2051 3673; x_wconf 88' lang='lat' dir='ltr'>remota</span> <span class='ocrx_word' id='word_1_597' title='bbox 2083 3635 2095 3672; x_wconf 93' lang='lat'>:</span> <span class='ocrx_word' id='word_1_598' title='bbox 2127 3613 2395 3670; x_wconf 90' lang='lat' dir='ltr'>videlicet</span> <span class='ocrx_word' id='word_1_599' title='bbox 2425 3613 2496 3668; x_wconf 91' lang='lat' dir='ltr'>de</span> <span class='ocrx_word' id='word_1_600' title='bbox 2527 3612 2770 3668; x_wconf 90' lang='lat' dir='ltr'>decimis</span> <span class='ocrx_word' id='word_1_601' title='bbox 2815 3610 3068 3668; x_wconf 88' lang='lat' dir='ltr'>civitatis</span> <span class='ocrx_word' id='word_1_602' title='bbox 3110 3627 3214 3684; x_wconf 89' lang='lat' dir='ltr'>per</span> <span class='ocrx_word' id='word_1_603' title='bbox 3254 3611 3474 3680; x_wconf 90' lang='lat' dir='ltr'>omnia,</span> 
     </span>
    </p>
   </div>
   <div class='ocr_carea' id='block_1_94' title="bbox 1829 3699 3478 3774">
    <p class='ocr_par' dir='ltr' id='par_1_94' title="bbox 1829 3699 3478 3774">
     <span class='ocr_line' id='line_1_94' title="bbox 1829 3699 3478 3774; baseline -0.005 -12"><span class='ocrx_word' id='word_1_604' title='bbox 1829 3723 1962 3762; x_wconf 90' lang='lat' dir='ltr'>cum</span> <span class='ocrx_word' id='word_1_605' title='bbox 1992 3704 2181 3760; x_wconf 89' lang='lat' dir='ltr'>titulis</span> <span class='ocrx_word' id='word_1_606' title='bbox 2211 3707 2387 3774; x_wconf 90' lang='lat' dir='ltr'>atque</span> <span class='ocrx_word' id='word_1_607' title='bbox 2429 3718 2565 3757; x_wconf 91' lang='lat' dir='ltr'>cum</span> <span class='ocrx_word' id='word_1_608' title='bbox 2594 3700 2748 3757; x_wconf 90' lang='lat' dir='ltr'>villis</span> <span class='ocrx_word' id='word_1_609' title='bbox 2779 3701 2905 3757; x_wconf 91' lang='lat' dir='ltr'>suis</span> <span class='ocrx_word' id='word_1_610' title='bbox 2936 3701 3009 3756; x_wconf 91' lang='lat' dir='ltr'>ad</span> <span class='ocrx_word' id='word_1_611' title='bbox 3040 3700 3306 3758; x_wconf 88' lang='lat' dir='ltr'>eamdem</span> <span class='ocrx_word' id='word_1_612' title='bbox 3334 3699 3478 3756; x_wconf 89' lang='lat' dir='ltr'>civi-</span> 
     </span>
    </p>
   </div>
   <div class='ocr_carea' id='block_1_95' title="bbox 1830 3788 3486 3865">
    <p class='ocr_par' dir='ltr' id='par_1_95' title="bbox 1830 3788 3486 3865">
     <span class='ocr_line' id='line_1_95' title="bbox 1830 3788 3486 3865; baseline -0.005 -13"><span class='ocrx_word' id='word_1_613' title='bbox 1830 3799 2008 3852; x_wconf 90' lang='lat' dir='ltr'>tatem</span> <span class='ocrx_word' id='word_1_614' title='bbox 2061 3791 2512 3865; x_wconf 88' lang='lat' dir='ltr'>pertinentibus.</span> <span class='ocrx_word' id='word_1_615' title='bbox 2548 3790 2609 3845; x_wconf 90' lang='lat' dir='ltr'>In</span> <span class='ocrx_word' id='word_1_616' title='bbox 2661 3789 2868 3862; x_wconf 90' lang='lat' dir='ltr'>primis</span> <span class='ocrx_word' id='word_1_617' title='bbox 2914 3788 3053 3846; x_wconf 91' lang='lat' dir='ltr'>villa</span> <span class='ocrx_word' id='word_1_618' title='bbox 3095 3806 3224 3861; x_wconf 65' lang='lat' dir='ltr'>qua</span> <span class='ocrx_word' id='word_1_619' title='bbox 3271 3789 3486 3845; x_wconf 89' lang='lat' dir='ltr'>dicitur</span> 
     </span>
    </p>
   </div>
   <div class='ocr_carea' id='block_1_96' title="bbox 1832 3877 3485 3951">
    <p class='ocr_par' dir='ltr' id='par_1_96' title="bbox 1832 3877 3485 3951">
     <span class='ocr_line' id='line_1_96' title="bbox 1832 3877 3485 3951; baseline -0.003 -12"><span class='ocrx_word' id='word_1_620' title='bbox 1832 3885 2091 3948; x_wconf 88' lang='lat' dir='ltr'>Limena,</span> <span class='ocrx_word' id='word_1_621' title='bbox 2121 3886 2177 3936; x_wconf 89' lang='lat' dir='ltr'>et</span> <span class='ocrx_word' id='word_1_622' title='bbox 2216 3879 2353 3935; x_wconf 81' lang='lat' dir='ltr'>villa</span> <span class='ocrx_word' id='word_1_623' title='bbox 2401 3897 2526 3951; x_wconf 66' lang='lat' dir='ltr'>quas</span> <span class='ocrx_word' id='word_1_624' title='bbox 2575 3877 2789 3934; x_wconf 89' lang='lat' dir='ltr'>dicitur</span> <span class='ocrx_word' id='word_1_625' title='bbox 2831 3880 3059 3950; x_wconf 87' lang='lat' dir='ltr'>Arzere,</span> <span class='ocrx_word' id='word_1_626' title='bbox 3081 3882 3139 3934; x_wconf 93' lang='lat' dir='ltr'>et</span> <span class='ocrx_word' id='word_1_627' title='bbox 3165 3877 3485 3946; x_wconf 84' lang='lat' dir='ltr'>Autikeria,</span> 
     </span>
    </p>
   </div>
   <div class='ocr_carea' id='block_1_97' title="bbox 1835 3966 3492 4040">
    <p class='ocr_par' dir='ltr' id='par_1_97' title="bbox 1835 3966 3492 4040">
     <span class='ocr_line' id='line_1_97' title="bbox 1835 3966 3492 4040; baseline -0.004 -11"><span class='ocrx_word' id='word_1_628' title='bbox 1835 3978 1892 4029; x_wconf 88' lang='lat' dir='ltr'>et</span> <span class='ocrx_word' id='word_1_629' title='bbox 1920 3974 2105 4028; x_wconf 90' lang='lat' dir='ltr'>Turre</span> <span class='ocrx_word' id='word_1_630' title='bbox 2139 3975 2194 4026; x_wconf 91' lang='lat' dir='ltr'>et</span> <span class='ocrx_word' id='word_1_631' title='bbox 2227 3970 2471 4036; x_wconf 87' lang='lat' dir='ltr'>Noenta,</span> <span class='ocrx_word' id='word_1_632' title='bbox 2493 3972 2551 4024; x_wconf 91' lang='lat' dir='ltr'>et</span> <span class='ocrx_word' id='word_1_633' title='bbox 2574 3966 2710 4024; x_wconf 90' lang='lat' dir='ltr'>villa</span> <span class='ocrx_word' id='word_1_634' title='bbox 2731 3984 2856 4039; x_wconf 71' lang='lat' dir='ltr'>quae</span> <span class='ocrx_word' id='word_1_635' title='bbox 2877 3967 3092 4022; x_wconf 90' lang='lat' dir='ltr'>dicitur</span> <span class='ocrx_word' id='word_1_636' title='bbox 3121 3967 3409 4040; x_wconf 86' lang='lat' dir='ltr'>Bergomi,</span> <span class='ocrx_word' id='word_1_637' title='bbox 3433 3971 3492 4023; x_wconf 90' lang='lat' dir='ltr'>et</span> 
     </span>
    </p>
   </div>
   <div class='ocr_carea' id='block_1_98' title="bbox 1837 4055 3493 4128">
    <p class='ocr_par' dir='ltr' id='par_1_98' title="bbox 1837 4055 3493 4128">
     <span class='ocr_line' id='line_1_98' title="bbox 1837 4055 3493 4128; baseline -0.003 -10"><span class='ocrx_word' id='word_1_638' title='bbox 1837 4059 2135 4124; x_wconf 79' lang='lat' dir='ltr'>Roncalia,</span> <span class='ocrx_word' id='word_1_639' title='bbox 2161 4064 2216 4114; x_wconf 89' lang='lat' dir='ltr'>et</span> <span class='ocrx_word' id='word_1_640' title='bbox 2246 4059 2438 4114; x_wconf 79' lang='lat' dir='ltr'>Ronco</span> <span class='ocrx_word' id='word_1_641' title='bbox 2470 4055 2708 4124; x_wconf 85' lang='lat' dir='ltr'>Liuteri,</span> <span class='ocrx_word' id='word_1_642' title='bbox 2743 4059 2801 4112; x_wconf 91' lang='lat' dir='ltr'>et</span> <span class='ocrx_word' id='word_1_643' title='bbox 2828 4055 2964 4112; x_wconf 89' lang='lat' dir='ltr'>villa</span> <span class='ocrx_word' id='word_1_644' title='bbox 2993 4073 3120 4128; x_wconf 61' lang='lat' dir='ltr'>quas</span> <span class='ocrx_word' id='word_1_645' title='bbox 3152 4056 3372 4113; x_wconf 89' lang='lat' dir='ltr'>dicitur</span> <span class='ocrx_word' id='word_1_646' title='bbox 3389 4056 3493 4113; x_wconf 84' lang='lat' dir='ltr'>Ca-</span> 
     </span>
    </p>
   </div>
   <div class='ocr_carea' id='block_1_99' title="bbox 1839 4143 3491 4218">
    <p class='ocr_par' dir='ltr' id='par_1_99' title="bbox 1839 4143 3491 4218">
     <span class='ocr_line' id='line_1_99' title="bbox 1839 4143 3491 4218; baseline -0.005 -10"><span class='ocrx_word' id='word_1_647' title='bbox 1839 4151 1978 4218; x_wconf 86' lang='lat' dir='ltr'>sale,</span> <span class='ocrx_word' id='word_1_648' title='bbox 2011 4154 2070 4204; x_wconf 88' lang='lat' dir='ltr'>et</span> <span class='ocrx_word' id='word_1_649' title='bbox 2099 4147 2284 4203; x_wconf 90' lang='lat' dir='ltr'>altera</span> <span class='ocrx_word' id='word_1_650' title='bbox 2314 4164 2440 4218; x_wconf 75' lang='lat' dir='ltr'>quae</span> <span class='ocrx_word' id='word_1_651' title='bbox 2471 4146 2688 4202; x_wconf 90' lang='lat' dir='ltr'>dicitur</span> <span class='ocrx_word' id='word_1_652' title='bbox 2725 4144 3077 4212; x_wconf 91' lang='lat' dir='ltr'>Publitiano,</span> <span class='ocrx_word' id='word_1_653' title='bbox 3110 4148 3168 4200; x_wconf 91' lang='lat' dir='ltr'>et</span> <span class='ocrx_word' id='word_1_654' title='bbox 3197 4143 3334 4200; x_wconf 92' lang='lat' dir='ltr'>villa</span> <span class='ocrx_word' id='word_1_655' title='bbox 3363 4160 3491 4214; x_wconf 73' lang='lat' dir='ltr'>qua:</span> 
     </span>
    </p>
   </div>
   <div class='ocr_carea' id='block_1_100' title="bbox 1840 4231 3494 4307">
    <p class='ocr_par' dir='ltr' id='par_1_100' title="bbox 1840 4231 3494 4307">
     <span class='ocr_line' id='line_1_100' title="bbox 1840 4231 3494 4307; baseline -0.006 -12"><span class='ocrx_word' id='word_1_656' title='bbox 1840 4239 2179 4295; x_wconf 89' lang='lat' dir='ltr'>nominatur</span> <span class='ocrx_word' id='word_1_657' title='bbox 2205 4234 2592 4307; x_wconf 89' lang='lat' dir='ltr'>Albignaseca</span> <span class='ocrx_word' id='word_1_658' title='bbox 2621 4238 2678 4289; x_wconf 89' lang='lat' dir='ltr'>et</span> <span class='ocrx_word' id='word_1_659' title='bbox 2708 4233 3047 4298; x_wconf 86' lang='lat' dir='ltr'>Masserata,</span> <span class='ocrx_word' id='word_1_660' title='bbox 3075 4236 3185 4287; x_wconf 87' lang='lat' dir='ltr'>etc.</span> <span class='ocrx_word' id='word_1_661' title='bbox 3219 4231 3494 4287; x_wconf 87' lang='lat' dir='ltr'>Concedi-</span> 
     </span>
    </p>
   </div>
   <div class='ocr_carea' id='block_1_101' title="bbox 1843 4319 3491 4386">
    <p class='ocr_par' dir='ltr' id='par_1_101' title="bbox 1843 4319 3491 4386">
     <span class='ocr_line' id='line_1_101' title="bbox 1843 4319 3491 4386; baseline -0.005 -3"><span class='ocrx_word' id='word_1_662' title='bbox 1843 4345 1976 4383; x_wconf 91' lang='lat' dir='ltr'>mus</span> <span class='ocrx_word' id='word_1_663' title='bbox 2005 4325 2180 4382; x_wconf 89' lang='lat' dir='ltr'>etiam</span> <span class='ocrx_word' id='word_1_664' title='bbox 2212 4324 2399 4379; x_wconf 90' lang='lat' dir='ltr'>eidem</span> <span class='ocrx_word' id='word_1_665' title='bbox 2425 4323 2686 4379; x_wconf 78' lang='lat' dir='ltr'>Ecclesiae</span> <span class='ocrx_word' id='word_1_666' title='bbox 2720 4327 2788 4378; x_wconf 91' lang='lat' dir='ltr'>ut</span> <span class='ocrx_word' id='word_1_667' title='bbox 2815 4319 3015 4377; x_wconf 90' lang='lat' dir='ltr'>nullus</span> <span class='ocrx_word' id='word_1_668' title='bbox 3044 4320 3183 4386; x_wconf 88' lang='lat' dir='ltr'>dux,</span> <span class='ocrx_word' id='word_1_669' title='bbox 3207 4319 3491 4386; x_wconf 89' lang='lat' dir='ltr'>marchio,</span> 
     </span>
    </p>
   </div>
   <div class='ocr_carea' id='block_1_102' title="bbox 1845 4407 3493 4484">
    <p class='ocr_par' dir='ltr' id='par_1_102' title="bbox 1845 4407 3493 4484">
     <span class='ocr_line' id='line_1_102' title="bbox 1845 4407 3493 4484; baseline -0.005 -12"><span class='ocrx_word' id='word_1_670' title='bbox 1845 4431 2059 4480; x_wconf 90' lang='lat' dir='ltr'>comes,</span> <span class='ocrx_word' id='word_1_671' title='bbox 2091 4414 2434 4476; x_wconf 85' lang='lat' dir='ltr'>vicecomes,</span> <span class='ocrx_word' id='word_1_672' title='bbox 2475 4410 2826 4480; x_wconf 81' lang='lat' dir='ltr'>sculdassio,</span> <span class='ocrx_word' id='word_1_673' title='bbox 2874 4407 3182 4484; x_wconf 87' lang='lat' dir='ltr'>gastaldio,</span> <span class='ocrx_word' id='word_1_674' title='bbox 3235 4408 3493 4465; x_wconf 87' lang='lat' dir='ltr'>decanus</span> 
     </span>
    </p>
   </div>
   <div class='ocr_carea' id='block_1_103' title="bbox 1762 4499 3189 4581">
    <p class='ocr_par' dir='ltr' id='par_1_103' title="bbox 1762 4499 3189 4581">
     <span class='ocr_line' id='line_1_103' title="bbox 1762 4499 3189 4581; baseline -0.006 -20"><span class='ocrx_word' id='word_1_675' title='bbox 1762 4514 1814 4581; x_wconf 73' lang='grc' dir='ltr'><strong>Β</strong></span> <span class='ocrx_word' id='word_1_676' title='bbox 1841 4505 1929 4560; x_wconf 88' lang='lat' dir='ltr'>vel</span> <span class='ocrx_word' id='word_1_677' title='bbox 1961 4501 2238 4575; x_wconf 90' lang='lat' dir='ltr'>quislibet</span> <span class='ocrx_word' id='word_1_678' title='bbox 2265 4499 2511 4572; x_wconf 80' lang='lat' dir='ltr'>publicae</span> <span class='ocrx_word' id='word_1_679' title='bbox 2541 4500 2727 4571; x_wconf 90' lang='lat' dir='ltr'>partis</span> <span class='ocrx_word' id='word_1_680' title='bbox 2758 4499 3045 4568; x_wconf 89' lang='lat' dir='ltr'>minister,</span> <span class='ocrx_word' id='word_1_681' title='bbox 3076 4501 3189 4554; x_wconf 90' lang='lat' dir='ltr'>etc.</span> 
     </span>
    </p>
   </div>
   <div class='ocr_carea' id='block_1_104' title="bbox 1917 4588 3497 4663">
    <p class='ocr_par' dir='ltr' id='par_1_104' title="bbox 1917 4588 3497 4663">
     <span class='ocr_line' id='line_1_104' title="bbox 1917 4588 3497 4663; baseline -0.006 -15"><span class='ocrx_word' id='word_1_682' title='bbox 1917 4592 2148 4663; x_wconf 85' lang='lat' dir='ltr'>Signum</span> <span class='ocrx_word' id='word_1_683' title='bbox 2193 4589 2381 4644; x_wconf 76' lang='lat' dir='ltr'>damni</span> <span class='ocrx_word' id='word_1_684' title='bbox 2437 4589 2681 4643; x_wconf 81' lang='lat' dir='ltr'>Heinrici</span> <span class='ocrx_word' id='word_1_685' title='bbox 2727 4589 3076 4645; x_wconf 80' lang='lat' dir='ltr'>invictissimi</span> <span class='ocrx_word' id='word_1_686' title='bbox 3128 4588 3497 4644; x_wconf 78' lang='lat' dir='ltr'>Romanorum</span> 
     </span>
    </p>
   </div>
   <div class='ocr_carea' id='block_1_105' title="bbox 1848 4678 2472 4754">
    <p class='ocr_par' dir='ltr' id='par_1_105' title="bbox 1848 4678 2472 4754">
     <span class='ocr_line' id='line_1_105' title="bbox 1848 4678 2472 4754; baseline -0.011 -16"><span class='ocrx_word' id='word_1_687' title='bbox 1848 4680 2196 4754; x_wconf 81' lang='lat' dir='ltr'>imperatoris</span> <span class='ocrx_word' id='word_1_688' title='bbox 2225 4678 2472 4747; x_wconf 80' lang='lat' dir='ltr'>Augusti.</span> 
     </span>
    </p>
   </div>
   <div class='ocr_carea' id='block_1_106' title="bbox 1919 4763 3499 4824">
    <p class='ocr_par' dir='ltr' id='par_1_106' title="bbox 1919 4763 3499 4824">
     <span class='ocr_line' id='line_1_106' title="bbox 1919 4763 3499 4824; baseline -0.004 0"><span class='ocrx_word' id='word_1_689' title='bbox 1919 4767 2229 4824; x_wconf 87' lang='lat' dir='ltr'>Heinricus</span> <span class='ocrx_word' id='word_1_690' title='bbox 2257 4763 2644 4821; x_wconf 89' lang='lat' dir='ltr'>cancellarius</span> <span class='ocrx_word' id='word_1_691' title='bbox 2671 4765 2795 4821; x_wconf 90' lang='lat' dir='ltr'>vice</span> <span class='ocrx_word' id='word_1_692' title='bbox 2825 4765 3160 4822; x_wconf 90' lang='lat' dir='ltr'>Herimanni</span> <span class='ocrx_word' id='word_1_693' title='bbox 3196 4763 3499 4822; x_wconf 87' lang='lat' dir='ltr'>archican-</span> 
     </span>
    </p>
   </div>
   <div class='ocr_carea' id='block_1_107' title="bbox 1850 4852 2873 4926">
    <p class='ocr_par' dir='ltr' id='par_1_107' title="bbox 1850 4852 2873 4926">
     <span class='ocr_line' id='line_1_107' title="bbox 1850 4852 2873 4926; baseline -0.009 -9"><span class='ocrx_word' id='word_1_694' title='bbox 1850 4857 2069 4916; x_wconf 88' lang='lat' dir='ltr'>cellarii</span> <span class='ocrx_word' id='word_1_695' title='bbox 2105 4854 2407 4926; x_wconf 86' lang='lat' dir='ltr'>recognovi</span> <span class='ocrx_word' id='word_1_696' title='bbox 2441 4858 2497 4909; x_wconf 88' lang='lat' dir='ltr'>et</span> <span class='ocrx_word' id='word_1_697' title='bbox 2526 4852 2873 4924; x_wconf 88' lang='lat' dir='ltr'>subscripsi.</span> 
     </span>
    </p>
   </div>
   <div class='ocr_carea' id='block_1_108' title="bbox 1922 4940 3506 5008">
    <p class='ocr_par' dir='ltr' id='par_1_108' title="bbox 1922 4940 3506 5008">
     <span class='ocr_line' id='line_1_108' title="bbox 1922 4940 3506 5008; baseline -0.003 -6"><span class='ocrx_word' id='word_1_698' title='bbox 1922 4951 2066 5002; x_wconf 89' lang='lat' dir='ltr'>Data</span> <span class='ocrx_word' id='word_1_699' title='bbox 2094 4962 2129 5000; x_wconf 89' lang='lat' dir='ltr'>v</span> <span class='ocrx_word' id='word_1_700' title='bbox 2154 4944 2292 4999; x_wconf 91' lang='lat' dir='ltr'>ldus</span> <span class='ocrx_word' id='word_1_701' title='bbox 2340 4940 2493 5008; x_wconf 85' lang='lat' dir='ltr'>Maii,</span> <span class='ocrx_word' id='word_1_702' title='bbox 2527 4956 2682 4995; x_wconf 90' lang='lat' dir='ltr'>anno</span> <span class='ocrx_word' id='word_1_703' title='bbox 2715 4940 3024 4996; x_wconf 66' lang='lat' dir='ltr'>Dominicae</span> <span class='ocrx_word' id='word_1_704' title='bbox 3078 4941 3506 4999; x_wconf 84' lang='lat' dir='ltr'>lncarnationis</span> 
     </span>
    </p>
   </div>
   <div class='ocr_carea' id='block_1_109' title="bbox 1854 5029 3506 5104">
    <p class='ocr_par' dir='ltr' id='par_1_109' title="bbox 1854 5029 3506 5104">
     <span class='ocr_line' id='line_1_109' title="bbox 1854 5029 3506 5104; baseline -0.007 -10"><span class='ocrx_word' id='word_1_705' title='bbox 1854 5039 2011 5104; x_wconf 80' lang='grc'>1047,</span> <span class='ocrx_word' id='word_1_706' title='bbox 2046 5031 2364 5088; x_wconf 90' lang='lat' dir='ltr'>indictione</span> <span class='ocrx_word' id='word_1_707' title='bbox 2413 5047 2504 5098; x_wconf 91' lang='lat' dir='ltr'>xv,</span> <span class='ocrx_word' id='word_1_708' title='bbox 2551 5044 2702 5083; x_wconf 91' lang='lat' dir='ltr'>anno</span> <span class='ocrx_word' id='word_1_709' title='bbox 2759 5031 2956 5083; x_wconf 91' lang='lat' dir='ltr'>autem</span> <span class='ocrx_word' id='word_1_710' title='bbox 3003 5029 3201 5084; x_wconf 87' lang='lat' dir='ltr'>domni</span> <span class='ocrx_word' id='word_1_711' title='bbox 3251 5029 3506 5086; x_wconf 86' lang='lat' dir='ltr'>Heinrici</span> 
     </span>
    </p>
   </div>
   <div class='ocr_carea' id='block_1_110' title="bbox 1853 5115 3510 5192">
    <p class='ocr_par' dir='ltr' id='par_1_110' title="bbox 1853 5115 3510 5192">
     <span class='ocr_line' id='line_1_110' title="bbox 1853 5115 3510 5192; baseline -0.006 -10"><span class='ocrx_word' id='word_1_712' title='bbox 1853 5125 2032 5192; x_wconf 89' lang='lat' dir='ltr'>tertii,</span> <span class='ocrx_word' id='word_1_713' title='bbox 2063 5119 2454 5179; x_wconf 89' lang='lat' dir='ltr'>ordinationis</span> <span class='ocrx_word' id='word_1_714' title='bbox 2482 5119 2610 5190; x_wconf 90' lang='lat' dir='ltr'>ejus</span> <span class='ocrx_word' id='word_1_715' title='bbox 2640 5131 2800 5187; x_wconf 80' lang='lat' dir='ltr'>xvm,</span> <span class='ocrx_word' id='word_1_716' title='bbox 2828 5115 3131 5185; x_wconf 86' lang='lat' dir='ltr'>regnantis</span> <span class='ocrx_word' id='word_1_717' title='bbox 3157 5131 3285 5188; x_wconf 73' lang='grc' dir='ltr'>ναι,</span> <span class='ocrx_word' id='word_1_718' title='bbox 3317 5120 3418 5174; x_wconf 89' lang='lat' dir='ltr'>sed</span> <span class='ocrx_word' id='word_1_719' title='bbox 3451 5121 3510 5172; x_wconf 87' lang='lat' dir='ltr'>et</span> 
     </span>
    </p>
   </div>
   <div class='ocr_carea' id='block_1_111' title="bbox 1853 5210 2441 5288">
    <p class='ocr_par' dir='ltr' id='par_1_111' title="bbox 1853 5210 2441 5288">
     <span class='ocr_line' id='line_1_111' title="bbox 1853 5210 2441 5288; baseline -0.014 -16"><span class='ocrx_word' id='word_1_720' title='bbox 1853 5211 2201 5288; x_wconf 86' lang='lat' dir='ltr'>imperantis</span> <span class='ocrx_word' id='word_1_721' title='bbox 2231 5210 2441 5283; x_wconf 91' lang='lat' dir='ltr'>primo.</span> 
     </span>
    </p>
   </div>
   <div class='ocr_carea' id='block_1_112' title="bbox 1923 5285 3513 5360">
    <p class='ocr_par' dir='ltr' id='par_1_112' title="bbox 1923 5285 3513 5360">
     <span class='ocr_line' id='line_1_112' title="bbox 1923 5285 3513 5360; baseline -0.007 -1"><span class='ocrx_word' id='word_1_722' title='bbox 1923 5285 2134 5360; x_wconf 63' lang='lat' dir='ltr'>Actum</span> <span class='ocrx_word' id='word_1_723' title='bbox 2164 5297 2503 5357; x_wconf 87' lang='lat' dir='ltr'>Tridentino</span> <span class='ocrx_word' id='word_1_724' title='bbox 2533 5294 2594 5352; x_wconf 91' lang='lat' dir='ltr'>in</span> <span class='ocrx_word' id='word_1_725' title='bbox 2618 5290 2720 5350; x_wconf 89' lang='lat' dir='ltr'>Dei</span> <span class='ocrx_word' id='word_1_726' title='bbox 2745 5288 2981 5348; x_wconf 86' lang='lat' dir='ltr'>nomine</span> <span class='ocrx_word' id='word_1_727' title='bbox 3013 5285 3281 5346; x_wconf 85' lang='lat' dir='ltr'>feliciter.</span> <span class='ocrx_word' id='word_1_728' title='bbox 3305 5294 3513 5355; x_wconf 81' lang='lat' dir='ltr'>Amen.</span> 
     </span>
    </p>
   </div>
  </div>
