3924 6210
413 282 567 344 11199

1765 287 2082 356 MONUM.
2122 286 2453 353 'D‘IPLOM.

3662 288 3819 356 Hm

408 413 890 473 contradictionis
911 414 1178 474 molestia
1200 419 2052 496 perpetualitervaleantpossi-
2080 426 2136 493 Α
2167 426 2299 480 inde
2322 426 2556 490 fecerat,
2577 425 2730 495 apud
2743 423 3024 496 genitoris
3039 423 3222 480 nostri
3241 423 3815 483 excellentiam-mul-

406 507 561 561 dere.
594 504 809 560 Verum
843 504 1018 561 etiam
1076 508 1495 564 confirmamus
1549 511 1737 566 eidem
1780 512 2045 567 Ecclesia:

405 610 577 650 omne
598 593 915 658 toloneum,
939 594 1118 666 ripas,
1142 601 1198 650 et
1215 596 1546 668 ripaticum,
1572 603 1627 653 et
1651 601 1866 654 ﬁxuras
1886 600 2047 672 palo-

406 701 536 739 rum
567 683 704 755 ripaa
737 683 1064 738 Mantuanae
1097 683 1344 740 civitatis
1375 691 1429 740 et
1460 687 1634 758 porti,
1663 692 1717 742 et
1741 693 1917 742 totam
1942 706 2048 760 pu-

406 772 618 829 blicam
651 771 1029 839 functionem,
1065 777 1240 843 atque
1271 774 1525 830 insulam
1560 777 1771 832 reveris
1815 781 1870 832 et
1918 795 2047 832 cur-

407 867 523 918 tcm
556 859 852 932 Regalem,
879 876 982 914 nec
998 876 1111 913 non
1132 864 1187 914 et
1205 860 1482 929 insulam,
1503 880 1630 934 quae
1645 865 1860 920 dicitur
1875 871 2048 921 Suza-

405 951 510 1018 ria,
543 954 650 1005 etc.

469 1040 700 1110 Signum
731 1035 831 1108 (rb)
861 1035 1048 1090 domni
1090 1039 1337 1093 Heinrici
1392 1043 1544 1097 tertii
1601 1044 1747 1111 regis
1805 1045 2051 1098 invictis-

402 1131 549 1184 simi.

468 1219 810 1276 Adelberius
838 1222 1223 1278 cancellarius
1249 1221 1368 1274 vice
1391 1218 1729 1273 lierimanni
1749 1220 2050 1275 archican-

401 1306 620 1363 cellarii
654 1312 980 1381 recognovi.

471 1395 617 1452 Data
647 1414 800 1452 anno
832 1399 1147 1454 Dominicae
1203 1396 1628 1453 lncarnationis
1689 1398 1846 1463 1045,
1889 1398 2054 1468 judi-

401 1485 592 1540 ctione
623 1503 742 1553 xui,
779 1503 932 1542 anno
964 1504 1094 1542 vero
1128 1486 1329 1540 domui
1362 1484 1614 1541 Heinrici
1642 1485 1793 1539 tertii
1827 1486 2054 1541 ordina-

403 1574 578 1629 tionis
611 1574 738 1645 ejus
770 1593 862 1643 xv,
897 1575 1196 1647 regnantis
1227 1591 1358 1629 vero
1383 1592 1455 1628 vn.

471 1664 679 1718 Actum
706 1665 974 1735 Augusta
997 1663 1259 1719 feliciter.
1296 1669 1506 1718 Amen.

1186 1754 1283 1806 XI.

404 1823 687 1878 Heinricus
719 1822 768 1876 ΙΙ
795 1822 1099 1893 imperator
1131 1824 1485 1879 Cremonensi
1509 1822 1758 1876 Ecclesia:
1774 1825 2056 1878 restituen-
2086 1792 2132 1856 Β

473 1893 544 1949 da
573 1893 816 1949 decernit
840 1895 1016 1950 eidem
1043 1895 1226 1950 ablata
1251 1912 1286 1947 (ι
1318 1894 1551 1949 Gerardo
1575 1898 1763 1964 nepote
1784 1896 2055 1950 Ilcriberti

474 1966 870 2037 archiepiscopi
890 1966 1341 2037 Mediolanmzsis.

857 2036 1120 2107 (Circiter
1149 2053 1370 2092 annum
1404 2038 1588 2103 1046.)

718 2107 993 2177 [ΜυΒΑτη
1027 2109 1207 2178 Antiq.
1241 2109 1363 2163 Ital.
1399 2107 1494 2174 VI,
1525 2109 1678 2175 217.]

472 2197 536 2250 ln
569 2195 804 2251 nomine
834 2195 1066 2251 Domini
1100 2196 1197 2251 Dei
1230 2195 1450 2251 aeterni.
1489 2197 1832 2267 Hsmmcus,
1858 2196 2054 2251 divina

401 2285 625 2340 favente
656 2284 966 2339 clementia
994 2284 1311 2355 imperator
1339 2286 1657 2355 Augustus.

470 2373 526 2428 Si
562 2377 898 2428 sanctarum
921 2373 1022 2428 Dei
1043 2373 1435 2428 Ecclesiarum
1457 2372 1790 2444 pastoribus
1813 2389 1899 2439 ea,
1922 2391 2049 2445 qua:

400 2471 573 2542 digne
603 2488 637 2524 a
661 2471 876 2526 nostris
911 2470 1179 2525 ﬁdelibus
1213 2471 1367 2542 apud
1399 2474 1661 2526 nostram
1680 2473 2047 2540 majestatem

399 2559 792 2631 postulantur,
827 2559 1244 2630 impendimus,
1279 2560 1332 2613 id
1367 2560 1438 2614 ad
1464 2563 1688 2613 aeternae
1713 2576 2048 2614 remunera-

399 2646 575 2702 tionis
598 2647 874 2702 meritum
898 2646 1067 2701 nobis
1081 2647 1359 2718 prolicere
1378 2663 1492 2701 non
1513 2646 1872 2702 dubitamus.
1897 2649 2046 2710 Quo-

404 2735 833 2790 circaomnium
853 2731 1114 2789 ﬁdelium
1140 2739 1351 2789 sanctae
1375 2734 1476 2789 Dei
1500 2733 1793 2802 Ecclesiae,
1820 2742 2047 2790 nostro-

399 2839 668 2893 rumque,
703 2821 1077 2893 praasentium
1111 2821 1332 2877 scilicet
1353 2839 1419 2876 ac
1448 2823 1799 2888 futurorum,
1824 2825 2048 2880 noverit

398 2911 690 2967 industria
719 2927 784 2966 eo
816 2911 972 2982 quod
986 2911 1646 2967 Hubaldusvenerabilis
1669 2917 1879 2968 sancta:
1911 2913 2043 2969 Cre-

399 3000 698 3056 monensis
745 2998 1012 3055 Ecclesiae
1056 3000 1386 3071 episcopos,
1440 3000 1805 3072 dilectusque
1855 3001 2043 3059 fidelis

398 3094 612 3156 noster,
633 3107 735 3161 per
758 3089 1040 3144 domuum
1064 3088 1486 3144 Herimannum
1506 3090 2040 3146 reverentissimum

2157 515 2330 569 toties
2363 518 2723 585 conquestus
2751 516 2840 568 est
2863 530 2925 568 se
2956 513 3065 569 hoc
3098 518 3306 586 sponte
3329 531 3445 570 non
3472 515 3702 572 fecisse.
3717 519 3813 574 Cui

2164 621 2297 658 cum
2331 602 2668 675 przedictam
2698 606 2916 657 cortem
2950 608 3006 657 et
3025 602 3256 674 plebem
3287 603 3596 659 restituere
3626 605 3812 672 vellet,

2159 709 2306 762 szrpe
2337 696 2393 746 et
2417 690 2738 762 sepissime
2770 708 2872 762 per
2904 707 3042 746 suas
3075 690 3299 746 litteras
3333 691 3417 746 illi
3464 693 3813 749 mandatum

2160 785 2433 835 estuteas
2465 780 2534 834 ad
2570 783 2791 851 partem
2827 780 3420 852 episcopiihabendas
3443 780 3813 854 relinqueret.

2159 869 2318 931 Quod
2354 885 2656 939 nunquam
2687 869 3008 940 impetrare
3038 869 3242 936 valuit,
3275 871 3375 925 sed
3410 869 3702 927 diabolico
3729 871 3814 927 in-

2161 957 2399 1018 stinctu,
2431 957 2523 1010 cui
2549 975 2583 1011 a
2614 957 2942 1025 cunabulis,
2978 957 3130 1012 sicut
3159 957 3434 1014 omnibus
3453 963 3572 1014 tam
3597 959 3806 1015 Italicis

2161 1062 2336 1117 quam
2366 1045 2697 1100 Teutonicis
2719 1049 2894 1116 patet,
2922 1046 3296 1114 deservierat,
3317 1047 3447 1117 ejus
3465 1047 3810 1119 legationem

2157 1135 2542 1205 vilipendens,
2578 1135 2858 1205 superius
2880 1135 3034 1190 dicta
3064 1135 3313 1190 detinuit
3360 1141 3418 1191 et
3466 1135 3581 1192 alia
3632 1137 3809 1192 mulio

2162 1225 2384 1293 majora
2418 1223 2487 1277 ad
2521 1223 2802 1294 genitoris
2832 1224 3083 1279 dedecus
3113 1227 3169 1279 et
3201 1223 3505 1291 vilitatem,
3533 1225 3802 1283 invadere

2163 1330 2275 1367 non
2295 1311 2643 1375 formidavit,
2659 1311 3118 1384 scilicetplebem
3136 1313 3206 1368 de
3229 1313 3479 1369 Misiano
3502 1331 3639 1369 cum
3654 1316 3806 1370 omni

2164 1400 2491 1470 integritate
2523 1417 2648 1466 sua,
2683 1405 2740 1454 et
2769 1401 3058 1456 decimam
3087 1402 3158 1456 de
3186 1406 3376 1458 castro
3424 1402 3702 1475 Aganello
3746 1405 3810 1460 ad

2165 1479 2496 1560 praedictam
2532 1489 2758 1561 plebem
2791 1490 2860 1545 de
2892 1491 3132 1546 Arciaco
3150 1491 3560 1562 pertinentem,
3587 1496 3646 1547 et
3665 1493 3812 1548 deci-

2165 1595 2320 1632 mam
2355 1579 2426 1633 de
2458 1578 2782 1650 Mauringo,
2815 1579 2886 1632 ad
2917 1577 3149 1650 plebem
3181 1580 3253 1634 de
3274 1580 3534 1635 Fornovo
3555 1581 3806 1637 attinen-

2164 1672 2302 1733 tem,
2338 1683 2442 1720 nec
2473 1683 2585 1720 non
2609 1671 2665 1720 et
2687 1665 3058 1721 medietatem
3080 1667 3151 1721 de
3172 1670 3362 1722 castro
3385 1666 3733 1740 Cortegano,
3748 1670 3815 1724 ad

2163 1755 2458 1809 abbatiam
2492 1754 2690 1809 Sancti
2722 1755 3017 1810 Laurentii.
3049 1755 3458 1826 pertinentem.
3493 1756 3568 1812 Eo
3610 1762 3803 1813 autem

2164 1845 2220 1897 in
2250 1860 2425 1915 regno
2440 1843 2700 1897 veniente
2713 1859 2845 1898 cum
2861 1845 3241 1915 comperisset
3259 1845 3411 1917 quod
3427 1845 3815 1919 archiepisco-

2162 1951 2272 2003 pus
2304 1932 2515 1987 violata
2549 1931 2827 1988 ﬁdelitate
2857 1949 3034 2004 quam
3066 1932 3150 1986 illi
3173 1932 3407 2000 fecerat,
3432 1950 3686 2007 regnum
3708 1935 3814 1992 sibi

2161 2021 2433 2075 invadere
2466 2019 2786 2088 moliretur,
2813 2020 3057 2076 Girardo
3079 2020 3395 2093 instigante
3416 2022 3539 2078 etei
3575 2024 3813 2080 omnino

2163 2111 2537 2180 suffragante,
2571 2109 2765 2165 omnia
2797 2109 3096 2181 praedicta,
3121 2109 3273 2164 sicut
3295 2126 3390 2165 reo
3415 2111 3746 2182 majestatis
3766 2119 3818 2169 et

2163 2197 2586 2270 proscriptione
2613 2198 2810 2269 digno,
2825 2199 2986 2268 juste
3003 2197 3054 2253 ei
3077 2197 3323 2253 abstulit
3347 2202 3404 2253 et
3425 2199 3714 2274 episcopo
3735 2218 3816 2258 re-

2161 2286 2370 2341 stituit.
2405 2286 2514 2341 Sed
2548 2287 2807 2358 genitore
2839 2290 3034 2341 nostro
3065 2287 3137 2342 de
3157 2302 3334 2358 regno
3355 2289 3693 2355 recedente,
3716 2289 3814 2345 ite-

2162 2393 2291 2430 rum
2307 2375 2504 2430 omnia
2527 2375 2798 2430 invadere
2812 2392 2926 2430 non
2944 2374 3160 2442 timuit,
3176 2380 3372 2448 spreta
3383 2378 3513 2448 ejus
3536 2394 3808 2433 reveren-

2158 2466 2239 2519 tia
2267 2469 2321 2519 et
2355 2465 2578 2518 timore.
2613 2464 2726 2518 Nos
2753 2480 2883 2519 vero
2916 2464 3291 2536 episcopatus
3330 2465 3717 2522 diminutioni
3757 2473 3811 2522 et

2159 2552 2407 2607 miserite-
2436 2551 2834 2618 condolentes,
2867 2557 2924 2607 et
2939 2556 3248 2624 paternum
3267 2553 3523 2610 dedecus
3543 2557 3811 2611 conside-

2158 2646 2372 2705 rantes,
2406 2640 2526 2694 hzec
2566 2639 2762 2694 omnia
2804 2639 3096 2712 episcopio
3139 2641 3486 2698 aeternaliter
3533 2643 3807 2700 habenda

2156 2728 2550 2796 concedimus,
2583 2733 2640 2783 et
2669 2729 2910 2800 insuper
2938 2745 3039 2800 per
3060 2730 3330 2802 praecepti
3348 2732 3532 2787 nostri
3555 2734 3810 2789 auctori-

2154 2821 2334 2873 tatem
2368 2817 2671 2873 retineuda
2699 2817 3084 2884 instituimus,
3117 2832 3185 2873 ea
3203 2817 3470 2875 videlicet
3505 2820 3736 2876 ratione
3757 2825 3816 2876 ut

2155 2904 2355 2961 nullus
2407 2905 2903 2977 archiepiscopus,
2951 2905 3282 2978 episcopus,
3327 2907 3465 2973 dux,
3518 2909 3802 2975 marchio,

2153 3011 2368 3059 comes,
2403 2994 2740 3060 vicecomes,
2766 3010 2866 3049 seu
2892 3009 3108 3065 magna
3124 3010 3418 3066 parvaque
3437 2996 3607 3068 regni
3632 2996 3808 3053 nostri

2152 3100 2400 3155 persona
2429 3081 2733 3138 ecclesiam
2757 3082 3024 3138 eamdem
3049 3082 3321 3138 divestire
3343 3084 3581 3140 audeat.
3611 3087 3667 3141 Si
3683 3087 3808 3157 quis

397 3177 800 3234 Coloniensem
819 3175 1829 3249 archiepiscopum,etdulcissimum
1848 3195 2046 3234 conso-
2077 3157 2119 3222 C
2157 3189 2311 3238 vero,
2344 3175 2452 3227 elc-

399 3266 633 3322 brinum
680 3271 970 3332 nostrum,
1023 3270 1236 3320 nostrai
1286 3267 1456 3338 regias
1506 3265 1812 3322 humiliter
1853 3267 2055 3323 retulit

397 3356 692 3428 potestati,
730 3354 983 3426 qualiter
1014 3371 1181 3410 suam
1200 3354 1517 3410 Ecclesiam
1542 3372 1687 3426 pene
1725 3355 2048 3412 desolatam

405 3445 726 3517 multisque
753 3443 1185 3500 calamitatibus
1207 3449 1261 3498 et
1282 3443 1534 3500 miseriis
1555 3443 1873 3500 invenisset
1893 3445 2052 3500 attri-

404 3538 548 3590 tam.
573 3531 944 3606 Imperatoris
967 3548 1219 3602 namque
1243 3531 1382 3586 diva:
1409 3533 1701 3588 memoriae
1715 3533 2049 3590 Chuonradi

402 3619 1024 3695 imperatorisAugusti
1038 3619 1316 3691 genitoris
1330 3620 1510 3675 nostri
1527 3624 1783 3692 tempore
1797 3622 2048 3679 domnus

402 3710 727 3768 Landulfus
756 3708 1186 3780 praenominatae
1217 3709 1486 3764 Ecclesiae
1514 3714 1571 3764 et
1604 3710 1752 3780 parti
1800 3711 2045 3766 Romani

401 3798 632 3870 imperii
665 3814 766 3870 per
794 3795 990 3852 omnia
1014 3812 1245 3868 semper
1273 3796 1677 3864 ﬁdelissimus,
1709 3799 1866 3870 gravi
1891 3799 2046 3853 infir-

398 3887 603 3942 mitate
635 3891 958 3957 correptus,
980 3885 1038 3938 in
1073 3885 1198 3957 ipsa
1245 3885 1586 3940 inﬁrmitate
1651 3885 1883 3958 longam
1940 3905 2045 3959 pro

395 3975 571 4032 traxit
599 3975 797 4030 vitam.
822 3979 885 4028 In
909 3975 1079 4046 cujus
1098 3974 1268 4046 longa
1291 3973 1635 4046 aegritudine
1656 3991 1766 4028 sua
1788 3975 2046 4031 Ecclesia

396 4082 510 4121 non
537 4063 824 4120 modicam
844 4079 1017 4135 passa
1032 4068 1120 4118 est
1123 4064 1442 4134 jacturam,
1464 4063 1716 4117 maxime
1731 4062 2040 4133 aGirardo,

393 4152 680 4210 Heriberti
712 4151 1165 4208 Mediolanensis
1197 4150 1619 4221 archiepiscOpi
1655 4156 1884 4222 nepote,
1942 4152 2043 4224 qui

391 4243 638 4300 audacia
667 4241 858 4314 patrui
890 4240 1005 4308 sui,
1039 4239 1137 4310 qui
1170 4254 1342 4294 omne
1378 4254 1624 4311 regnum
1654 4240 1918 4295 Italicum
1967 4243 2041 4298 ad

393 4349 568 4390 suum
592 4331 938 4404 disponebat
963 4333 1194 4394 nutum,
1220 4328 1468 4398 superbe
1485 4327 1728 4397 levatus,
1753 4329 2039 4402 quidquid

394 4422 504 4479 sibi
537 4420 812 4494 placitum
832 4423 976 4483 erat,
993 4418 1224 4487 justum
1245 4421 1346 4471 aut
1363 4415 1673 4487 injustum,
1697 4419 2040 4490 potestative

2235 3261 2348 3333 Ego
2377 3261 2722 3316 Ramundus
2753 3260 3017 3316 notarius
3048 3260 3228 3333 hujus
3255 3261 3466 3318 exomii
3510 3264 3813 3337 exemplar

2160 3349 2276 3404 vidi
2304 3354 2358 3405 et
2388 3348 2522 3421 legi.

2939 3437 3055 3493 XII.

2159 3511 2405 3583 Heinrici
2435 3510 2509 3564 III
2540 3511 2705 3579 regis,
2740 3511 3085 3583 imperatoris
3118 3510 3180 3575 II,
3213 3509 3454 3582 diploma
3485 3529 3596 3583 quo
3624 3517 3810 3570 omnia

2230 3581 2365 3636 bona
2395 3583 2678 3651 conﬁrmat
2736 3581 3064 3636 monasterio
3130 3581 3417 3638 Verofzensi
3465 3581 3665 3642 Sancti
3718 3586 3810 3641 Ze-

2230 3668 2336 3707 non
2346 3654 2411 3706 is.

2779 3725 2965 3794 (Anno
2997 3723 3183 3790 4047.)

2453 3793 2805 3864 Ι-ΜυῑιΑτοριι,
2839 3796 3058 3865 Aantiq.
3093 3796 3213 3850 Ital.
3251 3795 3330 3862 Vl,
3365 3797 3518 3867 224.]

2226 3884 2290 3939 In
2307 3884 2542 3940 nomine
2564 3888 2778 3938 sanctae
2800 3887 2858 3938 et
2877 3881 3186 3938 individua:
3208 3883 3531 3940 Trinitatis.
3562 3885 3808 3943 Hamm-

2154 3990 2280 4039 cus,
2297 3972 2493 4027 divina
2505 3972 2726 4027 favente
2740 3969 3470 4041 clementia,Bomanorum
3485 3973 3812 4048 imperator

2153 4065 2477 4134 Augustus.

2225 4148 2592 4222 Imperialem
2625 4147 3046 4206 sublimitatem
3069 4151 3365 4219 condecet,
3389 4156 3499 4206 etc.
3518 4169 3531 4219 ;
3553 4153 3812 4225 qualiter

2150 4224 2446 4294 WaIterus
2469 4242 2679 4294 sanctae
2700 4237 3052 4294 Veronensis
3075 4237 3340 4294 Ecclesiae
3355 4224 3678 4314 episcopus
3694 4257 3810 4298 una

2150 4344 2286 4383 cum
2318 4326 2606 4394 Alberico,
2654 4327 2863 4381 abbate
2913 4327 3252 4382 monasterii
3309 4328 3504 4383 Sancti
3553 4330 3808 4387 Zenonis

2150 4417 2443 4489 martyris,
2469 4420 2730 4472 nostram
2755 4415 3126 4472 clementiam
3151 4416 3807 4488 suppliciterexorando

393 4512 743 4583 operabatur
764 4508 821 4562 in
842 4521 1039 4577 regno.
1061 4504 1276 4559 Invasit
1296 4505 1723 4576 itaquecortem
1738 4511 1793 4561 et
1810 4506 2038 4579 plebem
2069 4523 2116 4587 Ι)
2147 4507 2310 4573 adiit,
2343 4507 2414 4562 ob
2448 4521 2706 4561 amorem
2738 4504 2838 4559 Dei
2861 4504 3298 4576 omnipotentis,
3324 4504 3601 4576 beatique
3625 4507 3806 4563 Zeno-

389 4603 461 4657 de
489 4599 728 4655 Arciaco
761 4600 963 4650 contra
989 4592 1347 4649 voluntatem
1371 4599 1427 4650 et
1478 4595 1603 4650 sine
1653 4595 2039 4668 permissioue

389 4692 648 4746 multum
664 4685 880 4756 diuque
899 4682 1234 4755 aegrotantis
1256 4684 1532 4756 episcopi.
1558 4684 1811 4747 Quicum
1829 4685 2034 4758 liquis-

393 4782 481 4836 set
510 4778 734 4842 inﬁma,
759 4777 816 4829 et
847 4771 1158 4844 migrasset
1203 4773 1272 4827 ad
1325 4789 1592 4844 superos,
1647 4775 1933 4830 successit
1983 4776 2034 4832 ei

391 4865 694 4924 Hubaldus
711 4862 1040 4936 episcopus,
1057 4861 1326 4917 uosterin
1344 4861 1617 4918 omnibus
1633 4862 2028 4921 ﬁdelissimus.

386 4957 488 5012 Cui
524 4970 658 5010 cum
690 4967 926 5008 necesse
957 4955 1112 5006 esset
1141 4951 1212 5005 ad
1238 4950 1626 5023 episcopalem
1643 4955 2031 5008 consecratio-

385 5063 520 5101 nem
553 5042 844 5108 accedere,
877 5041 949 5095 ab
1001 5039 1436 5111 archiepiscopo
1488 5044 1551 5094 ut
1594 5046 2034 5097 consecraretur

388 5135 1084 5207 impetrarenequaquam
1099 5127 1299 5197 valuit,
1333 5128 1558 5198 plebem
1587 5132 1642 5183 et
1663 5134 1880 5184 cortem
1916 5131 2030 5186 nisi

385 5240 564 5296 quam
598 5222 813 5291 injuste
845 5223 900 5272 et
930 5217 1272 5288 potestative
1304 5217 1616 5283 invaserat,
1670 5218 1866 5288 nepoti
1923 5235 2029 5273 suo

384 5312 744 5369 concederet.
778 5313 1039 5377 Cumque
1061 5305 1118 5360 in
1151 5305 1391 5377 longum
1420 5321 1522 5376 pro
1553 5304 1662 5359 hac
1711 5305 2030 5362 intentione

385 5404 433 5472 ej
445 5419 513 5456 us
536 5400 918 5472 protelaretur
937 5394 1312 5459 consecratio,
1334 5409 1450 5447 non
1471 5397 1678 5461 sponte
1704 5395 1804 5448 sed
1832 5399 2030 5451 coacta

386 5489 694 5555 concessit,
719 5491 875 5561 quod
900 5485 1163 5560 petierat,
1195 5479 1691 5538 consecrationem
1722 5499 1837 5537 non
1861 5482 2032 5538 aliter

388 5581 759 5638 consecutus.
792 5576 1079 5644 Quiavero
1101 5571 1353 5632 multum
1372 5564 1616 5625 moleste
1636 5569 1857 5630 ferebat
1871 5571 2025 5647 quod

2152 4595 2241 4652 nis
2261 4595 2660 4661 reverentiam,
2686 4597 2793 4648 etc.
2819 4593 2937 4648 Nos
2959 4609 3113 4661 vero,
3131 4592 3313 4663 justis
3336 4609 3539 4648 eorum
3561 4595 3806 4666 petitio-

2146 4683 2322 4739 nibus
2353 4681 2802 4746 consentientes,
2836 4697 2938 4752 pro
2970 4681 3228 4737 remedio
3249 4681 3460 4737 animas
3482 4687 3728 4750 nostra,
3748 4690 3808 4740 et

2145 4774 2217 4828 ob
2231 4773 2621 4828 interventum
2636 4769 3031 4826 dilectissime:
3049 4769 3318 4844 conjugis
3330 4771 3828 4844 nostraimpera-.

2144 4861 2307 4916 tricis
2322 4859 2582 4932 Agnetis,
2599 4858 2873 4930 praedicto
2894 4859 3251 4914 monasterio
3265 4859 3644 4915 concedendo
3661 4877 3812 4916 con-

2143 4955 2471 5013 ﬁrmamus,
2505 4953 2614 5003 etc.
2646 4947 2704 5000 ld
2737 4947 2906 5002 estin
2931 4947 3134 5002 eodem
3158 4946 3447 5002 territorio
3474 4947 3805 5006 Veroneusi

2145 5036 2567 5092 monasterium
2599 5038 3003 5090 constructum
3034 5035 3092 5090 in
3125 5035 3346 5091 honore
3373 5035 3563 5092 sancti
3616 5037 3799 5107 Petri,

2141 5127 2297 5198 quod
2329 5125 2542 5180 dicitur
2573 5122 2896 5188 Mauritica,
2931 5139 3064 5178 cum
3116 5122 3358 5179 decimis
3408 5139 3474 5179 ac
3522 5126 3808 5182 terminis

2140 5231 2341 5270 eorum
2356 5211 2731 5269 cernentibus
2755 5228 2788 5264 a
2807 5212 2921 5266 fine
2940 5211 3169 5267 Fissaro
3190 5227 3378 5283 usque
3400 5212 3459 5266 in
3479 5212 3805 5269 Fossatum

2141 5304 2546 5364 Mantuanum,
2578 5315 2648 5354 ex
2679 5315 2794 5353 uno
2825 5299 3002 5354 latere
3046 5301 3120 5355 ab
3166 5299 3399 5372 Agricia
3437 5315 3634 5370 usque
3686 5301 3808 5358 fine

2136 5389 2354 5457 Finale,
2396 5393 2453 5443 et
2481 5387 2819 5460 pertingens
2849 5387 2908 5442 in
2938 5387 3172 5459 Agricia
3200 5405 3391 5459 usque
3435 5387 3800 5457 Trivularia,

2137 5479 2207 5532 de
2241 5493 2355 5532 uno
2385 5476 2573 5548 capite
2632 5475 3058 5543 Castellionem,
3120 5476 3426 5545 Silvatico;
3479 5477 3800 5534 castellum

2136 5566 2312 5634 etiam
2342 5565 2402 5625 in
2413 5563 2736 5641 Vallepicta
2755 5581 2889 5630 cum
2911 5563 3154 5624 decimis
3177 5567 3234 5624 et
3253 5564 3602 5647 appendicis
3627 5567 3798 5652 suis;
