3924 6210
38 4925 40 4929 ι
93 4853 297 4912 cellarii
334 4859 672 4930 recognovi.

115 293 264 362 HM

112 520 432 574 sanctorum
464 514 641 569 Firmi
673 519 730 569 et
758 515 1003 580 Rustici,
1033 531 1168 570 cum
1201 513 1464 583 decimis,
1500 513 1746 585 placitis,

112 605 458 668 districtis,et
477 601 753 658 omnibus
778 602 904 658 suis
929 602 1318 675 pertinentiis,
1335 603 1508 659 sicuti
1532 619 1565 658 a
1585 604 1748 658 bona

111 692 386 749 memoria
409 690 610 747 Karolo
641 691 910 764 piissimo
942 691 1294 764 imperatore
1324 708 1671 747 concessum
1695 696 1752 746 et

111 782 354 839 oblatum
385 785 473 836 est
503 779 858 836 monasterio
890 781 1088 835 Sancti
1123 779 1400 847 Zenonis;
1442 778 1748 836 castellum

109 870 401 928 Herbetum
427 885 563 924 cum
594 869 822 924 cunctis
849 868 1218 938 pertinentiis
1241 869 1364 924 suis
1395 873 1453 924 et
1481 869 1748 939 adjacen-

108 960 222 1027 tiis;
247 956 550 1015 castellum
569 957 1058 1024 Trebunciolum;
1082 963 1139 1013 et
1155 958 1461 1013 castellum
1476 957 1749 1028 Vicoade_

104 1049 204 1117 ris;
236 1044 513 1119 capellam
545 1045 742 1102 Sancti
783 1046 1078 1101 Laurentii
1124 1047 1300 1102 sitam
1333 1047 1393 1100 in
1426 1046 1552 1118 ripa
1580 1045 1743 1127 Padi,

105 1154 219 1207 qua
247 1136 462 1190 dicitur
498 1134 724 1201 Ostilia,
750 1151 883 1190 cum
917 1134 1161 1190 decimis
1203 1140 1262 1190 et
1308 1134 1584 1190 omnibus
1614 1150 1742 1206 per-

102 1224 345 1282 tinentiis
374 1224 531 1290 suis;
566 1223 956 1296 Campolana,
983 1239 1257 1295 campum
1291 1223 1651 1288 Palliarium,
1683 1227 1743 1278 et

98 1313 514 1379 Novoletum,et
538 1312 594 1365 in
619 1311 976 1384 Gajojugias
1004 1316 1328 1378 trecentas;
1361 1309 1486 1366 loco
1517 1309 1741 1365 Casale-

99 1403 240 1468 Orci;
273 1399 404 1455 villa
440 1417 567 1471 qua
609 1400 822 1455 dicitur
863 1402 1047 1471 Aspo;
1081 1399 1394 1455 Castellum
1428 1399 1738 1454 Romania-

95 1507 392 1559 num,cum
433 1488 678 1544 facticiis
711 1489 908 1544 Sancti
945 1489 1217 1556 Zenonis,
1248 1495 1304 1544 et
1347 1492 1605 1544 montem
1638 1495 1738 1558 qui

95 1580 288 1635 dicitur
315 1577 565 1644 Alferia;
607 1579 662 1632 in
700 1578 898 1633 Lisino
931 1578 1028 1633 ubi
1059 1579 1273 1633 dicitur
1303 1577 1560 1645 Melario,
1585 1593 1740 1632 cam-

98 1687 190 1740 pos
232 1669 404 1735 duos;
445 1667 503 1721 in
537 1665 803 1722 Clariano
865 1684 1104 1739 campos
1165 1671 1312 1736 tres;
1364 1667 1424 1721 in
1473 1666 1737 1722 Crodano

1437 276 1832 355 HENRICBS
1859 288 1960 353 ,ΙΙΙ
2000 284 2169 356 ΙΜΡ.

113 434 164 485 et
197 424 492 484 castellum
544 424 887 482 Mauriatica
935 441 1068 480 cum
1117 424 1359 481 ecclesia
1409 424 1468 479 in
1529 425 1746 482 honore
1773 425 1831 491 Α

3348 288 3509 354 HO!

2618 411 2759 480 XIII.

1858 542 2144 597 Heinricus
2174 542 2252 596 Ill
2275 557 2392 607 rex,
2421 543 2471 594 et
2509 541 2806 611 imperator
2833 538 2884 611 11
2909 538 3186 611 canonicis
3220 539 3507 597 Patavinis

2096 628 2389 684 eorumque
2418 610 2666 667 Ecclesia:
2700 610 2995 682 privilegia
3024 613 3264 665 renovat.

2479 754 2668 826 {Anno
2702 753 2885 824 1047.)

2185 887 2528 956 [Μυιυλτοιιῃ
2560 887 2742 958 Antig.
2775 887 2898 942 Ital.
2933 885 2974 957 Ι,
3010 886 3193 957 1001.]

1924 1049 1985 1102 In
2019 1047 2254 1103 nomine
2284 1052 2495 1104 sancta
2541 1052 2598 1103 et
2638 1047 2950 1103 individua
2979 1047 3302 1104 Trinitatis.
3336 1048 3504 1105 HEIN-

1853 1154 2022 1192 meus
2053 1136 2248 1191 divina
2278 1137 2504 1193 favente
2533 1135 2844 1193 clementia
2885 1138 3284 1194 Romanorum
3315 1137 3502 1211 impe-

1853 1230 2011 1280 rator
2034 1228 2352 1297 Augustus.

1921 1315 1978 1368 Si
2012 1313 2194 1369 sacris
2225 1318 2281 1368 et
2324 1313 2754 1370 venerabilibus
2797 1314 2961 1382 locis,
2996 1320 3106 1371 etc.
3137 1317 3500 1390 Quapropter

1849 1404 2112 1458 omnium
2147 1402 2409 1458 ﬁdelium
2443 1407 2652 1457 sancta
2693 1402 2794 1458 Dei
2823 1403 3110 1471 Ecclesia,
3135 1408 3498 1462 nostrorum-

1849 1509 1959 1563 que
2001 1492 2376 1564 prasentium
2426 1490 2649 1546 scilicet
2690 1509 2756 1545 ac
2801 1491 3133 1547 futurorum
3182 1493 3500 1565 comperiat

1847 1581 2159 1649 industria,
2192 1579 2512 1634 Arnaldum
2565 1582 2777 1635 sancta
2827 1579 3182 1636 Pataviensis
3227 1581 3494 1638 Ecclesia

1845 1669 2233 1726 venerabilem
2266 1668 2628 1740 episcopum,
2653 1685 2759 1724 nec
2789 1685 2902 1723 non
2925 1672 2983 1724 et
3007 1670 3368 1725 Bernardum
3399 1687 3500 1726 no-

99 1774 316 1830 campos
336 1757 520 1822 duos;
545 1756 604 1810 in
630 1755 870 1826 Laupha
891 1771 1167 1827 campum
1188 1773 1406 1823 unum;
1429 1753 1734 1810 castellum
1763 1788 1811 1853 B
1845 1763 2034 1814 strum
2065 1757 2456 1830 capellanum,
2492 1759 2877 1829 ejusdemque
2915 1757 3168 1814 ecclesia
3204 1757 3496 1814 archidia-

96 1845 274 1901 Sancti
293 1844 402 1899 Viti
427 1859 566 1899 cum
600 1843 968 1914 pertinentiis
989 1845 1142 1910 suis;
1169 1844 1474 1912 Paronam,
1499 1842 1733 1898 Cassia-

95 1951 242 2000 num,
272 1932 415 1989 cella
470 1933 671 1987 Sancti
704 1932 853 1987 Petri
903 1932 1055 1987 infra
1103 1932 1395 1988 civitatem
1443 1932 1731 1986 Veronam

91 2040 208 2080 cum
237 2021 604 2095 pertinentiis
635 2021 787 2088 suis;
818 2020 877 2075 in
895 2021 1026 2076 Cavi
1049 2020 1256 2077 cellam
1273 2021 1466 2077 Sancti
1488 2022 1729 2076 Andrea

90 2129 208 2167 cum
237 2109 600 2184 pertinentiis
627 2109 779 2176 suis;
811 2109 870 2164 in
893 2109 1061 2164 Venti
1083 2109 1367 2182 capellam
1396 2110 1594 2166 Sancti
1615 2109 1730 2179 Viti

87 2215 206 2257 cum
261 2197 631 2273 pertinentiis
685 2199 848 2266 suis;
901 2199 959 2253 in
1015 2197 1328 2254 Puviniaca
1367 2197 1728 2253 curticellam

90 2293 340 2359 unam,et
364 2292 532 2344 curte
563 2285 624 2341 in
657 2286 947 2342 Rivariola
968 2303 1098 2342 cum
1131 2287 1406 2343 omnibus
1438 2287 1730 2359 pertinen-

88 2377 176 2432 tiis
203 2377 358 2444 suis;
387 2380 442 2431 et
476 2376 538 2430 in
570 2375 749 2430 Pualo
771 2391 1010 2446 campos
1040 2379 1192 2442 tres;
1228 2393 1330 2431 nec
1364 2393 1475 2430 non
1509 2381 1565 2430 et
1593 2391 1725 2430 cum

94 2465 346 2523 omnibus
377 2465 556 2521 rebus
606 2465 677 2520 ad
727 2463 1033 2535 praefatum
1086 2464 1510 2520 monasterium
1548 2465 1727 2536 perti-

94 2555 365 2620 nentibus,
390 2570 530 2608 cum
575 2551 859 2618 ecclesiis,
892 2551 1168 2621 castellis,
1193 2553 1356 2618 vicis,
1398 2552 1724 2620 colonibus,

92 2642 399 2716 mancipiis,
421 2641 888 2707 comendaticiis,
914 2640 1177 2708 facticiis,
1201 2646 1307 2696 etc.
1325 2642 1725 2696 Admonemus

94 2730 252 2786 etiam
283 2731 558 2787 abbatem
601 2728 698 2801 qui
733 2733 962 2801 praest,
995 2730 1243 2801 ejusque
1286 2730 1724 2786 successoribus

91 2820 504 2885 interdicimus,
527 2835 598 2874 ne
622 2835 712 2874 res
734 2818 1145 2890 stipendiarias
1165 2818 1392 2874 alendis
1423 2818 1725 2874 monachis

91 2910 386 2973 dedicatas,
423 2910 497 2963 de
524 2907 657 2963 sinu
688 2907 1029 2964 monasterii
1066 2907 1312 2979 rapiant,
1347 2911 1404 2962 et
1432 2907 1723 2962 saculari-

89 2999 187 3054 bus
214 2999 269 3054 in
302 2996 655 3054 beneficium
700 2996 980 3063 tribuant,
1004 2996 1144 3067 quia
1181 2997 1275 3067 pia
1308 2995 1511 3068 religio
1544 2995 1720 3052 recla-

90 3092 214 3151 mat,
243 3087 290 3142 si
319 3085 470 3143 servi
504 3085 605 3142 Dei
638 3086 944 3140 tabescunt
986 3084 1205 3156 inopia,
1234 3089 1291 3140 et
1339 3085 1440 3156 qui
1473 3102 1586 3140 non
1621 3086 1716 3140 de-

1843 1864 2055 1902 conum
2114 1850 2373 1901 nostram
2426 1845 2732 1901 humiliter
2775 1861 3044 1902 exorasse
3098 1844 3491 1915 clementiam,

1841 1940 2132 2008 quatenus
2164 1951 2268 2006 pro
2302 1934 2402 1989 Dei
2435 1934 2856 2005 omnipotentis
2900 1951 3118 2007 amore,
3149 1939 3207 1991 et
3235 1935 3492 1992 remedio

1840 2025 2047 2080 anima
2080 2027 2313 2088 nostra,
2346 2039 2449 2077 nec
2499 2040 2614 2078 non
2659 2028 2716 2078 et
2759 2027 2966 2096 rogatu
3021 2023 3276 2080 Heinrici
3308 2024 3492 2082 nostri

1839 2111 2205 2169 dilectissimi
2265 2111 2596 2167 cancellarii
2641 2112 2843 2167 omnia
2892 2117 3178 2184 pracepta
3234 2129 3360 2184 qua
3419 2113 3492 2168 ab

1839 2201 2306 2258 antecessoribus
2331 2200 2567 2267 nostris,
2589 2216 2692 2255 seu
2719 2200 3108 2256 instrumenta
3130 2200 3486 2269 chartarum,

1838 2309 1964 2363 qua
1999 2308 2031 2344 a
2060 2289 2333 2345 ﬁdelibus
2364 2288 2504 2344 viris
2554 2291 2767 2343 sancta
2818 2288 3174 2345 Pataviensis
3221 2288 3487 2346 Ecclesia

1838 2396 2024 2452 nuper
2052 2377 2263 2434 collata
2307 2381 2464 2444 sunt,
2499 2382 2699 2432 nostra
2739 2377 3082 2433 auctoritate
3111 2378 3487 2434 corroborare

1836 2469 2230 2540 dignaremur.
2265 2466 2523 2528 Quorum
2556 2464 2826 2537 precibus
2867 2470 2988 2520 tam
3022 2481 3126 2537 pro
3154 2465 3257 2522 Dei
3287 2482 3486 2522 amore

1835 2573 2013 2629 quam
2045 2573 2147 2628 pro
2196 2555 2462 2626 ejusdem
2510 2553 2780 2609 Ecclesia
2823 2554 3192 2610 veneratione
3238 2553 3488 2611 libenter

1835 2661 2142 2702 assensum
2177 2643 2737 2716 prabentes,omnia
2756 2659 2882 2715 qua
2913 2659 3016 2715 per
3043 2647 3330 2716 pracepta
3349 2643 3488 2699 alio-

1833 2751 1964 2789 rum
1991 2751 2192 2806 regum
2209 2731 2297 2788 vel
2322 2732 2764 2803 imperatorum,
2788 2748 2893 2787 nec
2915 2748 3032 2788 non
3055 2749 3182 2804 qua
3203 2749 3306 2804 per
3323 2731 3487 2788 char-

1831 2828 2027 2878 tarum
2060 2823 2452 2878 instrumenta
2482 2820 2668 2876 eidem
2700 2819 2968 2876 Ecclesia
2999 2821 3224 2876 dudum
3247 2837 3282 2876 a
3301 2819 3485 2876 ﬁdeli-

1832 2913 1943 2967 bus
1959 2911 2100 2966 viris
2117 2910 2312 2965 oblata
2328 2914 2487 2975 sunt,
2505 2926 2608 2981 per
2622 2908 2774 2964 hanc
2796 2913 3059 2965 nostram
3082 2909 3486 2966 auctoritatem

1831 3001 2080 3073 praefata
2100 2997 2454 3053 Pataviensis
2481 2997 2746 3052 Ecclesia
2771 2998 3344 3054 conﬁrmamus.Nec
3367 3015 3485 3056 non

1831 3089 2148 3145 statuimus
2178 3090 2244 3141 ut
2273 3084 2537 3141 canonici
2567 3086 2831 3156 ejusdem
2871 3085 3135 3142 Ecclesia
3166 3085 3484 3143 servientes

89 3175 210 3232 bent
235 3192 434 3232 eorum
466 3174 765 3230 ditescunt
792 3174 976 3245 copia.
1010 3173 1067 3229 Si
1090 3154 1234 3244 tquis
1272 3154 1454 3229 abbas
1484 3175 1716 3230 incaute
1747 3154 1791 3220 CI
1832 3195 1987 3234 nunc
2012 3181 2068 3232 et
2098 3191 2464 3232 successores
2497 3154 2732 3228 illorum
2772 3172 3018 3229 liberam
3057 3173 3316 3229 habeant
3343 3189 3480 3229 cum

89 3270 176 3320 aut
201 3264 508 3322 temerarie
538 3263 693 3334 quod
726 3262 1024 3318 sancimus
1057 3262 1413 3334 perfregerit,
1446 3264 1600 3334 quod
1631 3263 1717 3319 in-

82 3353 222 3420 juste
251 3352 476 3420 tribuit,
515 3352 676 3423 juste
721 3351 964 3418 auferat,
998 3356 1054 3406 et
1087 3351 1418 3411 membrum
1468 3351 1716 3407 fractum

88 3441 292 3514 corpori
322 3439 629 3496 Dominico
659 3437 1010 3507 consolidet;
1047 3444 1110 3494 ut
1139 3440 1186 3494 si
1219 3440 1369 3495 male
1400 3441 1552 3496 facta
1581 3457 1718 3512 pur-

89 3545 209 3602 gare
237 3529 500 3597 voluerit,
535 3533 593 3584 et
639 3528 982 3600 nequiverit,
1017 3533 1314 3599 superstes
1347 3531 1474 3600 ejus
1523 3535 1722 3585 nostra

89 3623 136 3672 et
187 3622 520 3675 nostrorum
594 3633 1001 3673 successorum
1060 3618 1351 3673 sententia
1414 3619 1722 3674 roboratus

91 3708 358 3774 emendet,
402 3706 565 3778 quod
614 3723 761 3762 suus
813 3709 1146 3761 antecessor
1193 3706 1409 3762 amisit.
1461 3707 1724 3779 Denique

91 3795 462 3866 pracipiendo
517 3793 836 3860 sancimus,
889 3797 954 3848 ut
1008 3793 1207 3849 nullus
1261 3796 1397 3864 dux,
1440 3795 1722 3864 marchio,

93 3883 408 3955 episcopus,
437 3898 657 3948 comes,
680 3881 1020 3951 vicecomes,
1047 3885 1152 3938 etc.
1181 3883 1238 3937 Si
1273 3885 1405 3955 quis
1433 3901 1565 3940 vero
1597 3901 1729 3940 con-

90 3975 168 4026 tra
193 3972 299 4028 hos
331 3977 572 4028 nostros
597 3970 818 4043 regales
842 3969 1034 4041 apices
1064 3969 1386 4044 insurgere,
1411 3979 1514 4028 aut
1543 3974 1601 4028 in
1632 3974 1732 4029 ali-

93 4076 193 4130 quo
219 4061 436 4118 violare
469 4060 796 4125 tentaverit,
829 4059 982 4114 infra
1013 4059 1326 4116 dictionem
1359 4062 1519 4134 regni
1547 4064 1731 4118 nostri

91 4149 418 4217 consistens,
457 4148 606 4206 sciat
644 4165 704 4205 se
752 4147 934 4204 libras
980 4147 1221 4221 triginta
1268 4150 1394 4205 auri
1444 4152 1732 4222 probatis-

91 4236 209 4291 simi
255 4237 686 4304 exsoluturum,
737 4237 1110 4292 medietatem
1147 4238 1407 4310 pradicti
1447 4245 1738 4299 monaste-

1826 3283 2115 3323 consensu
2145 3261 2538 3336 episcopi,qui
2571 3278 2674 3333 pro
2705 3266 2966 3332 tempore
2997 3261 3190 3329 fuerit,
3228 3265 3478 3334 potesta-

1826 3360 1945 3411 tem
1977 3355 2048 3410 de
2078 3352 2373 3417 omnibus,
2402 3367 2527 3422 qua
2571 3349 2688 3404 illis
2724 3349 2886 3420 juste
2917 3353 2976 3404 et
3002 3348 3270 3422 legaliter.
3296 3349 3474 3422 perti-

1829 3460 1964 3500 nere
1994 3444 2119 3498 visa
2151 3445 2309 3509 sunt,
2333 3444 2434 3494 aut
2458 3438 2581 3494 visa
2611 3438 2846 3504 fuerint,
2866 3438 3017 3494 inter
3045 3453 3127 3505 se,
3149 3441 3215 3493 ut
3235 3454 3476 3494 consue-

1829 3534 1969 3589 tudo
1989 3532 2118 3599 fuit,
2136 3528 2450 3598 dividendi,
2466 3526 2627 3583 omni
2647 3531 3003 3599 potestatum
3020 3525 3478 3583 contradictione

1830 3625 2055 3677 remota
2087 3638 2099 3676 :
2131 3617 2399 3673 videlicet
2429 3617 2500 3672 de
2531 3616 2774 3672 decimis
2819 3614 3071 3672 civitatis
3114 3631 3217 3688 per
3257 3615 3477 3684 omnia,

1833 3727 1965 3766 cum
1997 3707 2185 3764 titulis
2214 3711 2390 3778 atque
2433 3722 2568 3761 cum
2597 3704 2752 3761 villis
2782 3705 2908 3760 suis
2939 3705 3013 3760 ad
3044 3704 3309 3761 eamdem
3337 3703 3481 3760 civi-

1834 3803 2012 3856 tatem
2064 3795 2516 3869 pertinentibus.
2551 3794 2613 3849 In
2664 3792 2872 3866 primis
2918 3792 3056 3850 villa
3099 3810 3228 3865 qua
3275 3793 3489 3849 dicitur

1836 3889 2094 3952 Limena,
2125 3890 2180 3940 ct
2220 3883 2356 3938 villa
2404 3901 2530 3955 qua
2579 3881 2792 3937 dicitur
2835 3884 3062 3954 Arzere,
3085 3886 3142 3938 et
3168 3881 3489 3950 Autikeria,

1839 3983 1896 4034 et
1923 3978 2109 4032 Turre
2142 3978 2198 4030 et
2230 3974 2475 4040 Noenta,
2497 3976 2554 4027 et
2577 3970 2713 4027 villa
2735 3988 2860 4042 qua
2881 3971 3096 4026 dicitur
3125 3971 3412 4045 Bergomi,
3437 3975 3495 4028 et

1841 4063 2139 4128 Roncalia,
2164 4068 2219 4118 et
2249 4063 2441 4118 Ronco
2474 4059 2711 4128 Liuteri,
2747 4063 2804 4116 et
2831 4058 2968 4116 villa
2996 4077 3123 4132 qua
3156 4060 3376 4117 dicitur
3393 4060 3497 4117 Ca-

1843 4155 1981 4223 sale,
2015 4158 2074 4208 et
2103 4151 2287 4208 altera
2318 4168 2443 4222 qua
2475 4150 2691 4206 dicitur
2729 4147 3080 4216 Publitiano,
3113 4153 3172 4204 et
3201 4147 3338 4204 villa
3366 4164 3494 4219 qua

1843 4243 2182 4300 nominatur
2209 4238 2596 4311 Albignaseca
2624 4243 2681 4293 et
2710 4238 3050 4302 Masserata,
3078 4240 3188 4291 etc.
3223 4236 3496 4292 Concedi-

37 4329 43 4366 ξ
90 4325 169 4392 rii,
201 4332 255 4382 et
279 4327 655 4383 medietatem
700 4325 903 4398 palatii
955 4327 1160 4382 nostri.
1197 4327 1267 4382 Et
1310 4327 1418 4382 hoc
1467 4333 1734 4386 nostrum
1846 4349 1980 4387 mus
2009 4329 2183 4386 etiam
2215 4327 2403 4383 eidem
2429 4327 2690 4383 Ecclesia
2723 4330 2791 4382 ut
2818 4324 3018 4381 nullus
3047 4325 3186 4391 dux,
3210 4323 3494 4390 marchio,

1848 4436 2062 4485 comes,
2094 4418 2436 4481 vicecomes,
2478 4414 2829 4484 sculdassio,
2877 4412 3185 4488 gastaldio,
3238 4413 3496 4469 decanus

1765 4519 1818 4586 ι)
1845 4509 1932 4565 vel
1964 4506 2241 4579 quislibet
2269 4504 2514 4576 publica
2545 4504 2730 4575 partis
2761 4504 3048 4572 minister,
3079 4505 3192 4559 etc.

1921 4597 2151 4668 Signum
2197 4593 2384 4648 domui
2441 4593 2684 4648 Heinrici
2731 4594 3079 4649 invictissimi
3132 4593 3500 4648 Romanorum

1852 4684 2199 4758 imperatoris
2227 4682 2476 4751 Augusti.

1922 4771 2232 4828 Heinricus
2261 4767 2646 4825 cancellarius
2673 4769 2798 4825 vice
2827 4769 3163 4827 Herimanni
3199 4767 3502 4826 archican-

1854 4861 2073 4920 cellarii
2108 4858 2411 4930 recognovi
2444 4861 2501 4913 et
2530 4857 2875 4928 subscripsi.

1926 4955 2069 5007 Data
2097 4967 2132 5004 v
2157 4948 2295 5003 Idus
2343 4944 2496 5012 Maii,
2529 4961 2684 5000 anno
2717 4944 3026 5000 Dominica
3080 4945 3508 5002 Incarnationis

1857 5043 2015 5109 1047,
2049 5036 2367 5093 indictione
2415 5051 2507 5102 xv,
2553 5049 2704 5087 anno
2762 5035 2958 5087 autem
3007 5033 3204 5089 domni
3255 5033 3508 5090 Heinrici

1856 5129 2035 5197 tertii,
2067 5123 2456 5183 ordinationis
2485 5123 2612 5194 ejus
2643 5137 2802 5191 xvm,
2830 5121 3134 5189 regnantis
3161 5136 3288 5192 vni,
3320 5123 3420 5178 sed
3453 5124 3513 5176 et

1856 5215 2204 5292 imperantis
2234 5214 2444 5287 primo.

1927 5290 2138 5365 Actum
2167 5301 2506 5362 Tridentino
2536 5299 2596 5357 in
2621 5296 2722 5356 Dei
2747 5291 2984 5354 nomine
3017 5290 3284 5350 feliciter.
3308 5299 3516 5358 Amen.

89 4420 427 4488 praceptum
460 4415 522 4470 in
569 4415 667 4470 Dei
700 4415 960 4482 nomine,
993 4419 1058 4471 ut
1108 4415 1429 4487 pleniorem
1480 4416 1739 4489 obtineat

90 4501 438 4570 ﬁrmitatem,
470 4508 583 4560 etc.

151 4592 375 4661 Signum
403 4593 598 4648 damni
628 4595 876 4649 Heinrici
908 4596 1060 4649 tertii
1088 4596 1233 4663 regis
1266 4595 1636 4660 invictissimi,
1663 4612 1742 4652 se.

91 4679 244 4735 eundi
273 4683 650 4738 Romanorum
679 4683 1033 4752 imperatoris
1063 4685 1324 4753 Augusti.

152 4769 458 4826 Heinricus
491 4769 881 4826 cancellarius
911 4771 1034 4826 vice
1072 4770 1409 4826 Herimanni
1440 4771 1740 4828 archican-

156 4945 296 5003 Data
323 4965 428 5003 vm
459 4947 602 5004 Idus
625 4947 780 5017 Maii,
804 4965 958 5004 anno
982 4948 1295 5004 Dominica
1321 4949 1743 5007 Incarnationis

97 5033 240 5102 1047,
262 5035 588 5092 indictione
615 5054 704 5105 xv,
730 5054 884 5093 anno
917 5041 1116 5092 autem
1137 5039 1340 5093 domni
1367 5039 1612 5094 [leinrici
1639 5043 1746 5100 ter.

92 5120 172 5187 tii,
202 5123 597 5181 ordinationis
642 5127 771 5197 ejus
821 5141 982 5194 XVIII,
1016 5127 1315 5198 regnantis
1346 5145 1469 5193 vm,
1504 5130 1746 5185 secundi

99 5207 438 5282 imperantis
469 5211 684 5285 primo.

153 5303 363 5358 Actum
397 5302 640 5362 Folerni
669 5303 728 5359 in
758 5303 858 5361 Dei
893 5303 1132 5361 nomine
1160 5304 1422 5365 feliciter.
1453 5308 1658 5364 Anien.
