3924 6210
401 291 557 353 ίθ99

1750 295 2072 364 MONUM.
2112 294 2443 362 DIPLOM.

3652 294 3818 364 {£00

396 422 878 482 contradictionis
900 423 1167 482 molestia
1186 428 1841 500 perpetualitervaleant
1853 433 2041 505 possi-
2068 435 2127 502 Α
2154 434 2288 489 inde
2311 435 2545 499 fecerat,
2565 432 2719 504 apud
2733 430 3013 504 genitoris
3027 431 3213 489 nostri
3230 431 3815 492 excelle’nt‘iammul-

395 516 551 571 dere.
583 513 798 569 Verum
831 513 1007 569 etiam
1064 516 1485 574 conﬁrmamus
1537 520 1726 575 eidem
1768 520 2035 576 Ecclesiae

393 619 566 659 omne
586 602 904 670 toloueum,
928 603 1107 675 ripas,
1131 610 1186 658 et
1201 604 1536 677 ripaticum,
1560 611 1617 662 et
1640 609 1856 663 ﬁxuras
1876 609 2036 681 palo-

394 709 526 748 rum
554 692 694 764 ripae
726 692 1053 747 Mantuanae
1085 692 1333 749 civitatis
1364 699 1419 750 et
1448 695 1624 767 porti,
1651 700 1706 751 et
1729 701 1906 752 totam
1930 715 2037 769 pu-

394 781 608 839 blicam
640 780 1019 849 iunctionem,
1053 785 1229 853 atque
1258 782 1516 839 insulam
1548 785 1760 841 reveris
1803 789 1860 841 et
1906 803 2037 841 cur-

394 876 512 927 tem
544 868 841 942 Regalem,
868 885 1100 924 necnon
1120 873 1177 923 et
1194 868 1471 938 insulam,
1492 889 1619 943 quae
1634 873 1849 929 dicitur
1865 879 2037 930 Suza-

393 960 499 1028 ria,
532 963 640 1015 etc.

458 1040 689 1120 Signum
720 1044 821 1119 (›ι‹)
850 1045 1036 1101 damni
1077 1048 1327 1103 Heinrici
1380 1051 1533 1106 tertii
1590 1052 1737 1121 regis
1794 1053 2041 1107 invictis-

391 1139 539 1194 simi.

458 1228 799 1285 Adelberius
826 1231 1211 1288 cancellarius
1237 1229 1358 1284 vice
1380 1226 1719 1283 Herimanni
1738 1228 2039 1285 archican-

389 1315 611 1372 cellarii
642 1320 969 1391 recognovi.

459 1405 607 1461 Data
636 1423 789 1462 anno
819 1408 1137 1464 Dominicis
1191 1404 1617 1462 Incarnationis
1677 1406 1836 1473 1045,
1878 1406 2043 1477 judi-

390 1494 582 1550 ctione
612 1512 732 1563 χιιι,
768 1512 921 1551 anno
951 1512 1083 1551 vero
1117 1494 1318 1550 domui
1350 1492 1605 1551 Heinrici
1631 1493 1783 1548 tertii
1817 1494 2044 1550 ordina-

392 1582 569 1638 tionis
600 1582 727 1654 ejus
759 1601 852 1652 xv,
884 1584 1185 1657 regnantis
1215 1600 1348 1639 vero
1370 1601 1445 1638 vn.

460 1673 670 1727 Actum
694 1675 963 1745 Augusta
984 1671 1249 1728 feliciter.
1284 1677 1495 1727 Amen.

1174 1762 1273 1816 XI.

392 1831 677 1887 Heinricus
708 1830 757 1886 II
784 1831 1088 1902 imperator
1119 1801 1475 1888 cremonensi
1496 1831 1748 1886 Ecclesia:
1763 1834 2046 1886 restituen-
2074 1801 2121 1866 Β

461 1902 534 1958 da
562 1902 806 1958 decernit
829 1903 1006 1959 eidem
1031 1903 1217 1960 ablata
1240 1921 1274 1956 a
1307 1902 1540 1959 Gerardo
1564 1906 1753 1973 nepote
1772 1904 2044 1959 Heriberti

463 1974 862 2047 (nchiepiswpi
878 1974 1331 2047 Mediolanensis.

846 2045 1109 2116 (Circiter
1137 2062 1359 2101 annum
1393 2046 1577 2112 1046.)

706 2115 982 2186 [Musam
1015 2117 1197 2189 Antiq.
1228 2118 1352 2172 Ital.
1388 2116 1483 2183 VI,
1513 2116 1667 2184 217.]

461 2205 526 2260 In
557 2203 793 2261 nomine
823 2204 1056 2260 Domini
1088 2205 1186 2261 Dei
1218 2204 1439 2260 aeterni.
1477 2205 1822 2276 Hsmnlcus,
1846 2204 2044 2260 divina

390 2294 615 2349 favente
645 2293 956 2349 clementia
983 2293 1301 2365 imperator
1328 2294 1647 2365 Augustus.

459 2382 516 2437 Si
550 2386 887 2438 sanctarum
909 2381 1011 2438 Dei
1033 2381 1425 2437 Ecclesiarum
1446 2381 1781 2453 pastoribus
1802 2396 1889 2449 ea,
1911 2399 2039 2453 qua:

389 2480 562 2552 digne
592 2496 626 2534 a
649 2480 865 2536 nostris
898 2478 1169 2534 ﬁdelibus
1201 2479 1357 2551 apud
1389 2483 1650 2535 nostram
1669 2481 2037 2549 majestatem

387 2567 782 2640 postulantur,
815 2568 1234 2639 impendimus,
1268 2568 1322 2622 id
1357 2568 1428 2623 ad
1453 2571 1677 2623 aeterna
1700 2584 2037 2623 remunera-

388 2655 565 2712 tionis
586 2655 864 2712 meritum
887 2654 1057 2710 nobis
1069 2656 1349 2727 proﬁcere
1367 2671 1481 2710 non
1501 2655 1862 2712 dubitamus.
1884 2657 2036 2720 Quo-

393 2738 824 2805 circaomnium
841 2736 1104 2798 ﬁdelium
1128 2747 1341 2799 sanctae
1365 2743 1466 2798 Dei
1489 2742 1783 2812 Ecclesiae,
1808 2751 2037 2801 nostro-

387 2848 657 2903 rumque,
691 2829 1066 2903 prmsentium
1100 2829 1322 2886 scilicet
1341 2847 1409 2886 ac
1436 2831 1789 2899 futurorum,
1813 2833 2037 2889 noverit

386 2920 679 2976 industria
708 2936 774 2975 eo
804 2919 961 2991 quod
974 2919 1278 2974 Hubaldus
1290 2919 1635 2976 venerabilis
1657 2925 1869 2976 sanctae
1900 2922 2033 2979 Cre-

388 3008 688 3066 monensis
733 3007 1001 3065 Ecclesia:
1044 3008 1376 3081 episcopos,
1429 3008 1795 3081 dilectusque
1842 3009 2033 3069 ﬁdelis

387 3103 602 3166 noster,
622 3116 725 3170 per
747 3098 1029 3153 domuum
1053 3097 1476 3153 Herimannum
1494 3098 2029 3156 reverentissimum

2146 523 2319 578 toties
2352 526 2713 593 conquestus
2739 524 2830 577 est
2852 538 2914 577 se
2944 521 3055 578 hoc
3087 525 3295 594 sponte
3317 538 3435 579 non
3460 522 3696 580 fecisse.
3709 526 3812 581 Cui

2152 628 2288 667 cum
2318 610 2656 683 praedictam
2687 614 2906 666 cortem
2939 616 2995 666 et
3014 609 3245 682 plebem
3275 611 3586 669 restituere
3616 612 3811 681 vellet,

2147 717 2296 770 saepe
2326 705 2383 755 et
2406 698 2728 771 saepissime
2758 715 2862 771 per
2892 716 3032 755 suas
3064 698 3288 755 litteras
3320 698 3408 754 illi
3452 701 3812 757 mandatum

2148 793 2423 844 estuteas
2453 789 2524 844 ad
2560 792 2781 861 partem
2816 788 3410 861 episcOpiihabendas
3431 788 3812 862 relinqueret.

2147 877 2307 940 Quod
2342 893 2645 948 nunquam
2674 877 2997 949 impetrare
3027 876 3232 945 valuit,
3263 878 3364 934 sed
3398 878 3693 935 diabolica
3721 879 3813 936 iu-

2150 965 2389 1028 stinctu,
2420 965 2512 1020 cui
2538 982 2572 1019 a
2602 964 2932 1033 cunabulis,
2967 964 3120 1020 sicut
3148 965 3424 1023 omnibus
3441 971 3562 1023 tam
3586 966 3804 1024 Italicis

2149 1071 2326 1126 quam
2354 1053 2686 1109 Teutonicis
2706 1058 2885 1125 patet,
2911 1054 3286 1124 deservierat,
3306 1055 3436 1126 ejus
3450 1054 3807 1128 legationem

2144 1143 2531 1215 vilipendens,
2567 1143 2848 1214 superius
2869 1143 3024 1199 dicta
3053 1143 3303 1200 detinuit
3349 1149 3408 1200 et
3455 1143 3571 1201 alia
3620 1145 3806 1201 mulio

2151 1233 2374 1303 majora
2406 1231 2477 1286 ad
2509 1231 2791 1303 genitoris
2821 1232 3073 1288 dedecus
3102 1236 3159 1287 et
3189 1231 3495 1299 vilitatem,
3522 1234 3800 1291 invadere

2151 1339 2264 1376 non
2284 1320 2633 1385 formidavit,
2648 1321 2870 1376 scilicet
2879 1319 3108 1393 plebem
3125 1322 3196 1376 de
3218 1321 3468 1378 Misiano
3490 1339 3627 1378 cum
3641 1323 3802 1378 omni

2152 1408 2481 1479 integritate
2512 1426 2638 1475 sua,
2672 1414 2729 1464 et
2758 1409 3048 1465 decimam
3076 1410 3147 1466 de
3175 1414 3366 1467 castro
3412 1409 3693 1484 Aganello
3737 1413 3808 1468 ad

2152 1486 2486 1569 praedictam
2521 1498 2748 1570 plebem
2779 1498 2850 1554 de
2881 1499 3121 1555 Arciaco
3139 1499 3550 1571 pertinentem,
3575 1505 3633 1556 et
3651 1501 3809 1557 deci-

2154 1603 2310 1642 mam
2344 1587 2415 1642 de
2446 1586 2772 1659 Mauriugo,
2804 1587 2877 1642 ad
2906 1586 3138 1659 plebem
3170 1588 3242 1644 de
3263 1588 3523 1644 Fornovo
3543 1589 3801 1646 attinen-

2152 1680 2291 1743 tem,
2327 1691 2433 1729 nec
2462 1691 2576 1729 non
2599 1678 2655 1729 et
2676 1674 3048 1730 medietatem
3068 1676 3140 1730 de
3161 1679 3352 1731 castro
3372 1674 3721 1749 Cortegano,
3737 1678 3811 1733 ad

2151 1763 2448 1818 abbatiam
2481 1762 2680 1818 Sancti
2712 1763 3005 1819 Laurentii
3037 1763 3447 1835 pertinentem.
3481 1765 3559 1820 Eo
3597 1769 3798 1822 autem

2152 1853 2209 1906 in
2239 1868 2414 1924 regno
2429 1852 2689 1906 veniente
2702 1868 2836 1907 cum
2850 1853 3231 1923 comperisset
3248 1852 3401 1925 quod
3416 1853 3812 1928 archiepisco-

2151 1958 2262 2012 pus
2293 1940 2505 1996 violata
2538 1939 2817 1997 ﬁdelitate
2846 1957 3023 2012 quam
3055 1939 3139 1995 illi
3162 1940 3397 2009 fecerat,
3421 1957 3671 2015 regnum
3693 1943 3809 2001 sibi

2150 2029 2423 2084 invadere
2455 2027 2776 2097 moliretur,
2803 2028 3046 2084 Girardo
3067 2028 3385 2101 instigante
3404 2033 3461 2085 et
3476 2030 3527 2087 ei
3563 2032 3808 2089 omnino

2151 2118 2527 2189 suffragante,
2560 2118 2756 2173 omnia
2786 2117 3085 2189 praedicta,
3110 2117 3263 2173 sicut
3283 2134 3380 2174 reo
3404 2119 3733 2190 majestatis
3754 2126 3813 2179 et

2152 2205 2576 2279 proscriptione
2602 2206 2800 2277 digno,
2814 2206 2976 2277 juste
2993 2205 3043 2262 ei
3066 2205 3313 2262 abstulit
3336 2210 3394 2262 et
3414 2207 3699 2282 episcopo
3719 2226 3811 2266 re-

2150 2293 2360 2351 stituit.
2394 2294 2505 2350 Sed
2537 2295 2796 2366 genitore
2829 2297 3024 2350 nostro
3054 2295 3127 2351 de
3146 2310 3325 2368 regno
3344 2297 3677 2363 recedente,
3701 2296 3809 2353 ite-

2150 2401 2281 2438 rum
2295 2383 2494 2439 omnia
2516 2383 2787 2439 invadere
2800 2399 2916 2439 non
2934 2382 3150 2451 timuit,
3165 2386 3362 2456 spreta
3372 2386 3503 2457 ejus
3525 2401 3803 2442 reveren-

2146 2474 2229 2529 tia
2255 2477 2312 2528 et
2342 2472 2567 2527 timore.
2602 2472 2716 2526 Nos
2742 2488 2873 2527 vero
2905 2471 3281 2545 episcopatus
3320 2473 3703 2530 diminutioni
3742 2480 3805 2531 et

2148 2560 2396 2616 miseriae
2425 2559 2823 2626 condolentes,
2857 2564 2914 2616 et
2929 2564 3239 2632 paternum
3257 2561 3513 2619 dedecus
3531 2564 3805 2620 conside-

2146 2653 2362 2716 rantes,
2396 2649 2516 2704 hzec
2555 2648 2752 2704 omnia
2793 2647 3086 2720 episcopio
3128 2649 3476 2706 aeterualiter
3522 2650 3799 2709 habenda

2145 2738 2540 2805 concedimus,
2572 2741 2629 2793 et
2658 2738 2899 2810 insuper
2926 2753 3030 2809 per
3050 2738 3319 2810 praecepti
3338 2740 3521 2796 nostri
3545 2742 3803 2797 auctori-

2142 2830 2324 2882 tatem
2356 2825 2660 2882 retinenda
2688 2824 3076 2892 instituimus,
3107 2840 3176 2882 ea
3191 2825 3461 2884 videlicet
3495 2827 3721 2885 ratione
3742 2833 3808 2884 ut

2144 2913 2345 2970 nullus
2396 2913 2893 2987 archiepiscopus,
2940 2913 3272 2987 episcopus,
3317 2914 3455 2981 dux,
3507 2916 3793 2984 marchio,

2142 3019 2358 3070 comes,
2392 3002 2729 3070 vicecomes,
2755 3018 2856 3058 seu
2880 3018 3097 3075 magna
3113 3018 3408 3075 parvaque
3426 3003 3590 3076 regni
3613 3004 3798 3061 nostri

2142 3108 2390 3164 persona
2418 3090 2723 3148 ecclesiam
2746 3091 3014 3147 eamdem
3038 3091 3312 3147 divestire
3333 3091 3567 3148 audeat.
3592 3093 3649 3148 Si
3665 3094 3800 3165 quis

387 3185 789 3243 Coloniensem
808 3184 1819 3258 archiepiscopum,etdulcissimum
1837 3204 2036 3244 conso-
2067 3165 2110 3232 (ἶ
2146 3197 2301 3248 vero,
2333 3184 2442 3236 ϐῑοο

386 3275 624 3333 briuum
669 3279 959 3342 nostrum,
1011 3279 1226 3330 nostra:
1274 3275 1445 3348 regiae
1495 3274 1802 3331 humiliter
1842 3275 2045 3332 retulit

386 3365 682 3438 potestati,
719 3363 973 3436 qualiter
1002 3379 1172 3419 suam
1189 3362 1507 3420 Ecclesium
1530 3380 1677 3436 pene
1714 3364 2038 3421 desolatam

394 3453 715 3526 multisque
742 3451 1175 3509 calamitatibus
1195 3458 1251 3508 et
1270 3451 1524 3509 miseriis
1545 3452 1863 3510 invenisset
1882 3453 2043 3510 attri-

394 3548 537 3600 tam.
561 3540 934 3616 Imperatoris
954 3557 1209 3611 namque
1232 3540 1372 3595 divae
1398 3541 1691 3597 memorias
1703 3541 2039 3598 Chuonradi

390 3628 1014 3705 imperatorisAugusti
1026 3628 1307 3700 genitoris
1319 3628 1500 3685 nostri
1514 3632 1773 3702 tempore
1787 3631 2039 3688 domnus

392 3719 717 3779 Landulfus
745 3716 1175 3791 praenominatee
1206 3717 1475 3774 Ecclesiae
1503 3723 1561 3773 et
1592 3719 1743 3789 parti
1789 3720 2035 3776 Romani

390 3807 622 3880 imperii
652 3823 755 3879 per
782 3804 980 3861 omnia
1003 3821 1234 3877 semper
1262 3805 1666 3873 ﬁdelissimus,
1698 3808 1856 3879 gravi
1880 3808 2036 3863 inﬁr-

388 3896 592 3951 mitate
623 3899 947 3967 correptus,
968 3894 1028 3949 in
1060 3894 1188 3967 ipsa
1234 3894 1576 3950 inﬁrmitate
1640 3894 1873 3968 longam
1930 3914 2036 3969 pro

385 3983 561 4042 traxit
587 3984 787 4039 vitam.
811 3988 874 4038 In
898 3984 1069 4055 cujus
1086 3982 1258 4055 longa
1281 3982 1624 4056 aegritudine
1645 4000 1755 4038 sua
1777 3984 2036 4042 Ecclesia

384 4091 501 4130 non
525 4072 814 4130 modicam
832 4088 1007 4145 passa
1021 4072 1432 4143 estjacturam,
1454 4071 1706 4127 maxime
1720 4072 2029 4143 aGirardo,

383 4161 670 4220 Heriberti
701 4160 1156 4218 Mediolanensis
1186 4159 1611 4231 archiepiscOpi
1644 4165 1874 4232 nepote,
1931 4161 2033 4234 qui

380 4251 627 4310 audacia
654 4250 848 4323 patrui
879 4249 995 4317 sui,
1027 4248 1127 4320 qui
1159 4263 1333 4303 omne
1367 4263 1615 4320 regnum
1642 4248 1909 4305 Italicum
1957 4252 2030 4307 ad

382 4358 558 4399 suum
581 4340 927 4413 disponebat
952 4342 1185 4404 nutum,
1210 4336 1458 4407 superbe
1475 4335 1718 4406 levatus,
1742 4339 2029 4413 quidquid

383 4431 495 4488 sibi
526 4428 802 4503 placitum
821 4431 966 4493 erat,
982 4426 1214 4497 justum
1235 4430 1335 4481 aut
1352 4424 1432 4497 iuj
1444 4430 1663 4495 ustum,
1686 4428 2030 4500 potestative

2223 3270 2338 3342 Ego
2366 3269 2711 3326 Ramuudus
2742 3268 3006 3325 notarius
3037 3269 3219 3343 hujus
3244 3269 3456 3326 exomii
3499 3271 3804 3345 exemplar

2149 3357 2266 3414 vidi
2293 3362 2348 3414 et
2378 3357 2512 3431 legi.

2927 3446 3045 3502 XII.

2147 3520 2395 3592 Heinrici
2424 3519 2499 3574 III
2528 3520 2695 3587 regis,
2729 3520 3075 3592 imperatoris
3107 3519 3170 3586 II,
3202 3517 3444 3591 diploma
3474 3537 3580 3592 quo
3606 3525 3795 3579 omnia

2220 3590 2357 3645 bona
2384 3592 2669 3661 conﬁrmat
2725 3590 3054 3646 monasterio
3118 3590 3407 3646 Veronemi
3454 3590 3647 3650 Sancti
3698 3594 3793 3649 Ze-

2220 3676 2401 3717 nonis.

2767 3732 2954 3802 (Auno
2985 3731 3173 3800 4047.)

2442 3802 2795 3874 [MURATORI,
2827 3805 3048 3875 Aantiq.
3080 3804 3203 3859 Ital.
3241 3804 3320 3872 VI,
3354 3805 3508 3876 224.]

2215 3892 2279 3949 In
2296 3892 2532 3949 nomine
2552 3896 2768 3947 sanctae
2789 3895 2847 3947 et
2864 3890 3177 3947 individua:
3197 3891 3521 3950 Trinitatis.
3549 3893 3790 3952 Hunni-

2143 3998 2269 4048 cus,
2285 3980 2482 4037 divina
2494 3980 2717 4036 favente
2729 3978 3459 4051 clementia,Romanorum
3474 3982 3794 4056 imperator

2141 4074 2467 4143 Augustus.

2214 4156 2583 4231 Imperialem
2614 4156 3037 4215 sublimitatem
3059 4160 3356 4228 condecet,
3379 4164 3489 4215 etc.
3507 4177 3521 4228 ;
3542 4160 3795 4234 qualiter

2140 4234 2435 4303 Walterus
2458 4250 2669 4303 sanctae
2690 4245 3043 4303 Veronensis
3065 4245 3330 4303 Ecclesiae
3344 4247 3662 4322 episcopus
3677 4266 3793 4307 una

2139 4353 2275 4393 cum
2307 4335 2596 4404 Alberico,
2643 4335 2853 4390 abbate
2902 4335 3241 4392 monasterii
3299 4335 3495 4392 Sancti
3541 4338 3792 4395 Zenonis

2138 4425 2432 4498 martyris,
2458 4429 2720 4482 nostram
2744 4423 3116 4481 clementiam
3140 4423 3792 4497 suppliciterexorando

382 4520 732 4593 operabatur
751 4516 810 4571 in
830 4530 1029 4586 regno.
1051 4513 1267 4569 Invasit
1287 4514 1481 4586 itaque
1494 4520 1712 4571 cortem
1727 4519 1784 4571 et
1799 4515 2029 4588 plebem
2058 4531 2106 4596 ι)
2136 4515 2300 4582 adiit,
2332 4515 2403 4571 ob
2437 4530 2697 4570 amorem
2726 4513 2828 4568 Dei
2850 4512 3289 4585 omnipotentis,
3313 4513 3588 4585 beatique
3609 4515 3791 4572 Zeno-

378 4611 451 4666 de
478 4607 718 4665 Arciaco
749 4608 953 4659 contra
979 4600 1338 4659 voluntatem
1360 4608 1417 4659 et
1467 4604 1593 4659 sine
1642 4603 2029 4678 permissione
2140 4604 2230 4660 nis
2249 4603 2650 4670 reverentiam,
2674 4604 2783 4657 etc.
2807 4601 2927 4657 Nos
2947 4617 3103 4670 vero,
3120 4599 3303 4672 justis
3325 4617 3530 4658 eorum
3550 4603 3792 4675 petitio-
3892 4606 3896 4625 ‘

378 4701 637 4756 multum
652 4694 870 4766 diuque
888 4691 1224 4765 aegrotantis
1245 4692 1522 4765 episcOpi.
1547 4692 1801 4756 Quicum
1818 4693 2025 4767 liquis-

382 4792 470 4845 set
498 4786 724 4851 inﬁma,
748 4786 807 4839 et
836 4780 1149 4854 migrasset
1192 4781 1263 4836 ad
1315 4797 1582 4853 superos,
1636 4783 1924 4839 successit
1973 4784 2025 4841 ei

380 4872 684 4933 Hubaldus
700 4871 1030 4944 episcopus,
1047 4869 1316 4926 nosterin
1333 4869 1607 4925 omnibus
1620 4870 2019 4930 ﬁdelissimus.

375 4965 479 5021 Cui
513 4978 649 5020 cum
680 4976 916 5017 necesse
946 4963 1101 5015 esset
1130 4959 1201 5014 ad
1227 4957 1616 5032 episcopalem
1632 4963 2021 5018 consecratio-

375 5071 510 5110 nem
542 5051 835 5117 accedere,
867 5048 939 5104 ab
990 5047 1426 5119 archiepiscopo
1476 5051 1540 5103 ut
1583 5054 2024 5106 consecraretur

376 5135 1289 5216 impetrarenequaquamvaluit,
1321 5136 1549 5207 plebem
1576 5141 1869 5193 etcortem
1906 5139 2020 5194 nisi

374 5248 554 5307 quam
586 5230 803 5301 injuste
834 5231 891 5282 et
920 5225 1263 5297 potestative
1293 5224 1607 5292 invaserat,
1659 5226 1857 5297 nepoti
1912 5243 2018 5282 suo

373 5321 735 5380 concederet.
768 5321 1030 5387 Cumque
1051 5314 1109 5369 in
1140 5313 1380 5386 longum
1409 5330 1512 5385 pro
1542 5312 1652 5368 hac
1699 5312 2020 5371 intentione

373 5412 503 5483 ejus
525 5407 909 5482 protelaretur
927 5402 1302 5469 consecratio,
1324 5418 1439 5457 non
1460 5404 1668 5471 sponte
1694 5402 1795 5456 sed
1821 5407 2020 5460 coacte

375 5498 685 5566 concessit,
708 5499 864 5570 quod
889 5494 1153 5569 petierat,
1185 5487 1681 5547 consecrationem
1712 5506 1828 5545 non
1850 5491 2021 5548 aliter

376 5589 749 5651 consecutus.
782 5584 1069 5676 Quiavero
1090 5579 1343 5665 multum
1361 5574 1606 5671 moleste
1626 5575 1847 5637 ferebat
1860 5580 2015 5659 quod

2136 4692 2311 4749 nibus
2342 4689 2791 4755 consentientes,
2826 4705 2928 4761 pro
2959 4690 3218 4747 remedio
3238 4690 3451 4746 animm
3471 4695 3716 4761 nostra,
3735 4699 3796 4750 et

2134 4781 2206 4838 ob
2220 4782 2611 4837 interventum
2625 4777 3021 4834 dilectissimae
3038 4777 3308 4852 conjugis
3320 4780 3817 4854 nostraaimpera-t

2133 4869 2297 4924 tricis
2311 4867 2571 4942 Agnetis,
2588 4866 2863 4939 prmdicto
2883 4866 3241 4922 monasterio
3255 4867 3632 4945 concedendo
3648 4886 3803 4926 con-

2131 4960 2461 5022 ﬁrmamus,
2494 4960 2604 5013 etc.
2634 4955 2694 5009 ld
2726 4955 2897 5010 estin
2920 4954 3124 5011 eodem
3147 4955 3437 5012 territorio
3464 4955 3795 5016 Veronensi

2133 5044 2557 5101 monasterium
2589 5046 2993 5099 constructum
3023 5044 3083 5099 in
3114 5044 3336 5100 honore
3364 5044 3554 5102 sancti
3604 5046 3790 5118 Petri,

2130 5135 2286 5208 quod
2317 5132 2532 5189 dicitur
2562 5130 2886 5198 Mauritica,
2919 5147 3055 5187 cum
3105 5131 3348 5188 decimis
3397 5148 3464 5188 ac
3510 5135 3799 5193 terminis

2129 5238 2332 5279 eorum
2345 5219 2720 5278 cernentibus
2744 5236 2778 5273 a
2795 5219 2912 5275 ﬁne
2929 5219 3159 5276 Fissaro
3179 5235 3368 5292 usque
3389 5221 3451 5275 in
3469 5220 3798 5281 Fossatum

2129 5311 2536 5372 Mantuanum,
2568 5323 2638 5362 ex
2669 5324 2784 5362 uno
2814 5307 2993 5363 latere
3035 5308 3110 5364 ab
3156 5307 3390 5382 Agricia
3427 5324 3624 5381 usque
3674 5312 3799 5369 ﬁne

2126 5397 2343 5466 Finale,
2385 5402 2443 5452 et
2471 5395 2810 5469 pertingens
2839 5395 2898 5450 in
2928 5396 3162 5469 Agricia
3190 5413 3382 5469 usque
3424 5396 3793 5470 Trivularia,

2126 5487 2197 5542 de
2229 5500 2345 5541 uno
2375 5484 2563 5558 capite
2621 5482 3049 5551 Castellionem,
3110 5484 3416 5555 Silvatico;
3469 5487 3792 5546 castellum

2125 5574 2302 5664 etiam
2331 5574 2392 5634 in
2401 5572 2726 5651 Vallepicta
2745 5589 2879 5649 cum
2900 5572 3145 5634 decimis
3166 5576 3224 5634 et
3243 5573 3594 5657 appendicis
3616 5577 3790 5664 suis;
