  <div class='ocr_page' id='page_1' title='image "/cluster/home/n/w/nwhite01/storage/ocr_20150623/151/uva.x000829795/600.png"; bbox 0 0 3924 6210; ppageno 0'>
   <div class='ocr_carea' id='block_1_1' title="bbox 116 290 266 358">
    <p class='ocr_par' dir='ltr' id='par_1_1' title="bbox 116 290 266 358">
     <span class='ocr_line' id='line_1_1' title="bbox 116 290 266 358; baseline -0.02 -1"><span class='ocrx_word' id='word_1_1' title='bbox 116 290 266 358; x_wconf 70' lang='grc' dir='ltr'><strong>ΗΜ</strong></span> 
     </span>
    </p>
   </div>
   <div class='ocr_carea' id='block_1_2' title="bbox 113 509 1748 582">
    <p class='ocr_par' dir='ltr' id='par_1_2' title="bbox 113 509 1748 582">
     <span class='ocr_line' id='line_1_2' title="bbox 113 509 1748 582; baseline -0.002 -12"><span class='ocrx_word' id='word_1_2' title='bbox 113 516 434 570; x_wconf 87' lang='lat' dir='ltr'><strong>sanctorum</strong></span> <span class='ocrx_word' id='word_1_3' title='bbox 467 510 644 566; x_wconf 82' lang='lat' dir='ltr'><strong>Firmi</strong></span> <span class='ocrx_word' id='word_1_4' title='bbox 675 516 733 565; x_wconf 91' lang='lat' dir='ltr'><strong>et</strong></span> <span class='ocrx_word' id='word_1_5' title='bbox 761 511 1005 576; x_wconf 81' lang='lat' dir='ltr'><strong>Rustici,</strong></span> <span class='ocrx_word' id='word_1_6' title='bbox 1036 527 1170 566; x_wconf 91' lang='lat' dir='ltr'><strong>cum</strong></span> <span class='ocrx_word' id='word_1_7' title='bbox 1204 509 1467 580; x_wconf 87' lang='lat' dir='ltr'><strong>decimis,</strong></span> <span class='ocrx_word' id='word_1_8' title='bbox 1502 510 1748 582; x_wconf 80' lang='lat' dir='ltr'><strong>placitis,</strong></span> 
     </span>
    </p>
   </div>
   <div class='ocr_carea' id='block_1_3' title="bbox 113 598 1750 671">
    <p class='ocr_par' dir='ltr' id='par_1_3' title="bbox 113 598 1750 671">
     <span class='ocr_line' id='line_1_3' title="bbox 113 598 1750 671; baseline -0.003 -13"><span class='ocrx_word' id='word_1_9' title='bbox 113 601 460 665; x_wconf 84' lang='lat' dir='ltr'><strong>districtis,et</strong></span> <span class='ocrx_word' id='word_1_10' title='bbox 479 598 756 654; x_wconf 91' lang='lat' dir='ltr'><strong>omnibus</strong></span> <span class='ocrx_word' id='word_1_11' title='bbox 781 599 906 655; x_wconf 87' lang='lat' dir='ltr'><strong>suis</strong></span> <span class='ocrx_word' id='word_1_12' title='bbox 931 599 1320 671; x_wconf 89' lang='lat' dir='ltr'><strong>pertinentiis,</strong></span> <span class='ocrx_word' id='word_1_13' title='bbox 1337 599 1510 655; x_wconf 85' lang='lat' dir='ltr'><strong>sicuti</strong></span> <span class='ocrx_word' id='word_1_14' title='bbox 1534 615 1568 654; x_wconf 89' lang='lat' dir='ltr'><strong>a</strong></span> <span class='ocrx_word' id='word_1_15' title='bbox 1587 600 1750 655; x_wconf 86' lang='lat' dir='ltr'><strong>bona</strong></span> 
     </span>
    </p>
   </div>
   <div class='ocr_carea' id='block_1_4' title="bbox 112 687 1754 761">
    <p class='ocr_par' dir='ltr' id='par_1_4' title="bbox 112 687 1754 761">
     <span class='ocr_line' id='line_1_4' title="bbox 112 687 1754 761; baseline -0.003 -15"><span class='ocrx_word' id='word_1_16' title='bbox 112 688 388 746; x_wconf 87' lang='lat' dir='ltr'><strong>memoria</strong></span> <span class='ocrx_word' id='word_1_17' title='bbox 411 687 613 744; x_wconf 84' lang='lat' dir='ltr'><strong>Karolo</strong></span> <span class='ocrx_word' id='word_1_18' title='bbox 644 687 913 761; x_wconf 87' lang='lat' dir='ltr'><strong>piissimo</strong></span> <span class='ocrx_word' id='word_1_19' title='bbox 944 688 1296 760; x_wconf 81' lang='lat' dir='ltr'><strong>imperatore</strong></span> <span class='ocrx_word' id='word_1_20' title='bbox 1327 704 1674 744; x_wconf 90' lang='lat' dir='ltr'><strong>concessum</strong></span> <span class='ocrx_word' id='word_1_21' title='bbox 1697 693 1754 742; x_wconf 93' lang='lat' dir='ltr'><strong>et</strong></span> 
     </span>
    </p>
   </div>
   <div class='ocr_carea' id='block_1_5' title="bbox 112 775 1750 844">
    <p class='ocr_par' dir='ltr' id='par_1_5' title="bbox 112 775 1750 844">
     <span class='ocr_line' id='line_1_5' title="bbox 112 775 1750 844; baseline -0.003 -9"><span class='ocrx_word' id='word_1_22' title='bbox 112 779 356 835; x_wconf 89' lang='lat' dir='ltr'><strong>oblatum</strong></span> <span class='ocrx_word' id='word_1_23' title='bbox 387 781 476 833; x_wconf 90' lang='lat' dir='ltr'><strong>est</strong></span> <span class='ocrx_word' id='word_1_24' title='bbox 505 776 861 832; x_wconf 88' lang='lat' dir='ltr'><strong>monasterio</strong></span> <span class='ocrx_word' id='word_1_25' title='bbox 893 777 1091 831; x_wconf 85' lang='lat' dir='ltr'><strong>Sancti</strong></span> <span class='ocrx_word' id='word_1_26' title='bbox 1125 776 1402 844; x_wconf 87' lang='lat' dir='ltr'><strong>Zenonis;</strong></span> <span class='ocrx_word' id='word_1_27' title='bbox 1445 775 1750 832; x_wconf 80' lang='lat' dir='ltr'><strong>castellum</strong></span> 
     </span>
    </p>
   </div>
   <div class='ocr_carea' id='block_1_6' title="bbox 110 865 1750 936">
    <p class='ocr_par' dir='ltr' id='par_1_6' title="bbox 110 865 1750 936">
     <span class='ocr_line' id='line_1_6' title="bbox 110 865 1750 936; baseline -0.002 -12"><span class='ocrx_word' id='word_1_28' title='bbox 110 867 404 926; x_wconf 82' lang='lat' dir='ltr'><strong>Herbetum</strong></span> <span class='ocrx_word' id='word_1_29' title='bbox 430 881 565 921; x_wconf 90' lang='lat' dir='ltr'><strong>cum</strong></span> <span class='ocrx_word' id='word_1_30' title='bbox 596 865 824 921; x_wconf 91' lang='lat' dir='ltr'><strong>cunctis</strong></span> <span class='ocrx_word' id='word_1_31' title='bbox 852 865 1220 935; x_wconf 90' lang='lat' dir='ltr'><strong>pertinentiis</strong></span> <span class='ocrx_word' id='word_1_32' title='bbox 1243 866 1367 921; x_wconf 89' lang='lat' dir='ltr'><strong>suis</strong></span> <span class='ocrx_word' id='word_1_33' title='bbox 1397 870 1455 921; x_wconf 94' lang='lat' dir='ltr'><strong>et</strong></span> <span class='ocrx_word' id='word_1_34' title='bbox 1483 866 1750 936; x_wconf 88' lang='lat' dir='ltr'><strong>adjacen-</strong></span> 
     </span>
    </p>
   </div>
   <div class='ocr_carea' id='block_1_7' title="bbox 109 953 1752 1025">
    <p class='ocr_par' dir='ltr' id='par_1_7' title="bbox 109 953 1752 1025">
     <span class='ocr_line' id='line_1_7' title="bbox 109 953 1752 1025; baseline -0.002 -13"><span class='ocrx_word' id='word_1_35' title='bbox 109 957 224 1025; x_wconf 90' lang='lat' dir='ltr'><strong>tiis;</strong></span> <span class='ocrx_word' id='word_1_36' title='bbox 248 953 552 1012; x_wconf 81' lang='lat' dir='ltr'><strong>castellum</strong></span> <span class='ocrx_word' id='word_1_37' title='bbox 571 954 1028 1010; x_wconf 84' lang='lat' dir='ltr'><strong>Trebunciolum</strong></span> <span class='ocrx_word' id='word_1_38' title='bbox 1048 972 1061 1021; x_wconf 92' lang='lat'><strong>;</strong></span> <span class='ocrx_word' id='word_1_39' title='bbox 1085 959 1142 1010; x_wconf 92' lang='lat' dir='ltr'><strong>et</strong></span> <span class='ocrx_word' id='word_1_40' title='bbox 1159 954 1463 1010; x_wconf 80' lang='lat' dir='ltr'><strong>castellum</strong></span> <span class='ocrx_word' id='word_1_41' title='bbox 1479 954 1752 1025; x_wconf 83' lang='lat' dir='ltr'><strong>Vicoade_</strong></span> 
     </span>
    </p>
   </div>
   <div class='ocr_carea' id='block_1_8' title="bbox 105 1041 1746 1124">
    <p class='ocr_par' dir='ltr' id='par_1_8' title="bbox 105 1041 1746 1124">
     <span class='ocr_line' id='line_1_8' title="bbox 105 1041 1746 1124; baseline -0.004 -24"><span class='ocrx_word' id='word_1_42' title='bbox 105 1045 206 1114; x_wconf 91' lang='lat' dir='ltr'><strong>ris;</strong></span> <span class='ocrx_word' id='word_1_43' title='bbox 237 1041 516 1116; x_wconf 79' lang='lat' dir='ltr'><strong>capellam</strong></span> <span class='ocrx_word' id='word_1_44' title='bbox 547 1042 745 1099; x_wconf 80' lang='lat' dir='ltr'><strong>Sancti</strong></span> <span class='ocrx_word' id='word_1_45' title='bbox 786 1042 1082 1098; x_wconf 82' lang='lat' dir='ltr'><strong>Laurentii</strong></span> <span class='ocrx_word' id='word_1_46' title='bbox 1127 1044 1302 1098; x_wconf 82' lang='lat' dir='ltr'><strong>sitam</strong></span> <span class='ocrx_word' id='word_1_47' title='bbox 1335 1043 1395 1097; x_wconf 92' lang='lat' dir='ltr'><strong>in</strong></span> <span class='ocrx_word' id='word_1_48' title='bbox 1428 1042 1555 1115; x_wconf 86' lang='lat' dir='ltr'><strong>ripa</strong></span> <span class='ocrx_word' id='word_1_49' title='bbox 1582 1041 1746 1124; x_wconf 56' lang='lat' dir='ltr'><strong>Padi,</strong></span> 
     </span>
    </p>
   </div>
   <div class='ocr_carea' id='block_1_9' title="bbox 106 1130 1744 1204">
    <p class='ocr_par' dir='ltr' id='par_1_9' title="bbox 106 1130 1744 1204">
     <span class='ocr_line' id='line_1_9' title="bbox 106 1130 1744 1204; baseline -0.003 -15"><span class='ocrx_word' id='word_1_50' title='bbox 106 1151 220 1204; x_wconf 82' lang='lat' dir='ltr'><strong>qua</strong></span> <span class='ocrx_word' id='word_1_51' title='bbox 249 1132 464 1187; x_wconf 91' lang='lat' dir='ltr'><strong>dicitur</strong></span> <span class='ocrx_word' id='word_1_52' title='bbox 501 1130 727 1198; x_wconf 87' lang='lat' dir='ltr'><strong>Ostilia,</strong></span> <span class='ocrx_word' id='word_1_53' title='bbox 752 1147 886 1187; x_wconf 92' lang='lat' dir='ltr'><strong>cum</strong></span> <span class='ocrx_word' id='word_1_54' title='bbox 919 1131 1164 1187; x_wconf 89' lang='lat' dir='ltr'><strong>decimis</strong></span> <span class='ocrx_word' id='word_1_55' title='bbox 1206 1136 1264 1186; x_wconf 90' lang='lat' dir='ltr'><strong>et</strong></span> <span class='ocrx_word' id='word_1_56' title='bbox 1311 1131 1587 1187; x_wconf 89' lang='lat' dir='ltr'><strong>omnibus</strong></span> <span class='ocrx_word' id='word_1_57' title='bbox 1617 1147 1744 1202; x_wconf 91' lang='lat' dir='ltr'><strong>per-</strong></span> 
     </span>
    </p>
   </div>
   <div class='ocr_carea' id='block_1_10' title="bbox 105 1219 1746 1292">
    <p class='ocr_par' dir='ltr' id='par_1_10' title="bbox 105 1219 1746 1292">
     <span class='ocr_line' id='line_1_10' title="bbox 105 1219 1746 1292; baseline -0.002 -14"><span class='ocrx_word' id='word_1_58' title='bbox 105 1221 348 1278; x_wconf 87' lang='lat' dir='ltr'><strong>tinentiis</strong></span> <span class='ocrx_word' id='word_1_59' title='bbox 377 1221 534 1286; x_wconf 83' lang='lat' dir='ltr'><strong>suis;</strong></span> <span class='ocrx_word' id='word_1_60' title='bbox 569 1219 958 1292; x_wconf 79' lang='lat' dir='ltr'><strong>Campolana,</strong></span> <span class='ocrx_word' id='word_1_61' title='bbox 986 1236 1259 1292; x_wconf 82' lang='lat' dir='ltr'><strong>campum</strong></span> <span class='ocrx_word' id='word_1_62' title='bbox 1293 1219 1653 1285; x_wconf 89' lang='lat' dir='ltr'><strong>Palliarium,</strong></span> <span class='ocrx_word' id='word_1_63' title='bbox 1686 1223 1746 1275; x_wconf 91' lang='lat' dir='ltr'><strong>et</strong></span> 
     </span>
    </p>
   </div>
   <div class='ocr_carea' id='block_1_11' title="bbox 99 1305 1743 1381">
    <p class='ocr_par' dir='ltr' id='par_1_11' title="bbox 99 1305 1743 1381">
     <span class='ocr_line' id='line_1_11' title="bbox 99 1305 1743 1381; baseline -0.004 -15"><span class='ocrx_word' id='word_1_64' title='bbox 99 1310 516 1375; x_wconf 88' lang='lat' dir='ltr'><strong>Novoletum,et</strong></span> <span class='ocrx_word' id='word_1_65' title='bbox 539 1308 597 1362; x_wconf 94' lang='lat' dir='ltr'><strong>in</strong></span> <span class='ocrx_word' id='word_1_66' title='bbox 623 1308 978 1381; x_wconf 83' lang='lat' dir='ltr'><strong>Gajojugias</strong></span> <span class='ocrx_word' id='word_1_67' title='bbox 1006 1312 1330 1375; x_wconf 87' lang='lat' dir='ltr'><strong>trecentas;</strong></span> <span class='ocrx_word' id='word_1_68' title='bbox 1364 1306 1489 1363; x_wconf 93' lang='lat' dir='ltr'><strong>loco</strong></span> <span class='ocrx_word' id='word_1_69' title='bbox 1519 1305 1743 1362; x_wconf 89' lang='lat' dir='ltr'><strong>Casale-</strong></span> 
     </span>
    </p>
   </div>
   <div class='ocr_carea' id='block_1_12' title="bbox 99 1395 1740 1468">
    <p class='ocr_par' dir='ltr' id='par_1_12' title="bbox 99 1395 1740 1468">
     <span class='ocr_line' id='line_1_12' title="bbox 99 1395 1740 1468; baseline -0.003 -14"><span class='ocrx_word' id='word_1_70' title='bbox 99 1400 242 1465; x_wconf 84' lang='lat' dir='ltr'><strong>Orci;</strong></span> <span class='ocrx_word' id='word_1_71' title='bbox 275 1396 407 1452; x_wconf 89' lang='lat' dir='ltr'><strong>villa</strong></span> <span class='ocrx_word' id='word_1_72' title='bbox 442 1414 570 1468; x_wconf 83' lang='lat' dir='ltr'><strong>qua</strong></span> <span class='ocrx_word' id='word_1_73' title='bbox 612 1397 825 1451; x_wconf 87' lang='lat' dir='ltr'><strong>dicitur</strong></span> <span class='ocrx_word' id='word_1_74' title='bbox 865 1399 1050 1468; x_wconf 89' lang='lat' dir='ltr'><strong>Aspo;</strong></span> <span class='ocrx_word' id='word_1_75' title='bbox 1083 1396 1396 1452; x_wconf 86' lang='lat' dir='ltr'><strong>Castellum</strong></span> <span class='ocrx_word' id='word_1_76' title='bbox 1431 1395 1740 1451; x_wconf 79' lang='lat' dir='ltr'><strong>Romania-</strong></span> 
     </span>
    </p>
   </div>
   <div class='ocr_carea' id='block_1_13' title="bbox 96 1485 1740 1556">
    <p class='ocr_par' dir='ltr' id='par_1_13' title="bbox 96 1485 1740 1556">
     <span class='ocr_line' id='line_1_13' title="bbox 96 1485 1740 1556; baseline 0.001 -14"><span class='ocrx_word' id='word_1_77' title='bbox 96 1504 396 1556; x_wconf 88' lang='lat' dir='ltr'><strong>num,cum</strong></span> <span class='ocrx_word' id='word_1_78' title='bbox 433 1485 681 1541; x_wconf 81' lang='lat' dir='ltr'><strong>facticiis</strong></span> <span class='ocrx_word' id='word_1_79' title='bbox 713 1486 910 1541; x_wconf 84' lang='lat' dir='ltr'><strong>Sancti</strong></span> <span class='ocrx_word' id='word_1_80' title='bbox 948 1486 1220 1552; x_wconf 85' lang='lat' dir='ltr'><strong>Zenonis,</strong></span> <span class='ocrx_word' id='word_1_81' title='bbox 1251 1491 1307 1541; x_wconf 92' lang='lat' dir='ltr'><strong>et</strong></span> <span class='ocrx_word' id='word_1_82' title='bbox 1349 1489 1607 1540; x_wconf 89' lang='lat' dir='ltr'><strong>montem</strong></span> <span class='ocrx_word' id='word_1_83' title='bbox 1641 1492 1740 1554; x_wconf 90' lang='lat' dir='ltr'><strong>qui</strong></span> 
     </span>
    </p>
   </div>
   <div class='ocr_carea' id='block_1_14' title="bbox 98 1573 1743 1642">
    <p class='ocr_par' dir='ltr' id='par_1_14' title="bbox 98 1573 1743 1642">
     <span class='ocr_line' id='line_1_14' title="bbox 98 1573 1743 1642; baseline -0.002 -11"><span class='ocrx_word' id='word_1_84' title='bbox 98 1576 292 1631; x_wconf 88' lang='lat' dir='ltr'><strong>dicitur</strong></span> <span class='ocrx_word' id='word_1_85' title='bbox 320 1575 568 1641; x_wconf 86' lang='lat' dir='ltr'><strong>Alferia;</strong></span> <span class='ocrx_word' id='word_1_86' title='bbox 609 1575 665 1628; x_wconf 90' lang='lat' dir='ltr'><strong>in</strong></span> <span class='ocrx_word' id='word_1_87' title='bbox 702 1575 900 1630; x_wconf 88' lang='lat' dir='ltr'><strong>Lisino</strong></span> <span class='ocrx_word' id='word_1_88' title='bbox 933 1575 1030 1630; x_wconf 91' lang='lat' dir='ltr'><strong>ubi</strong></span> <span class='ocrx_word' id='word_1_89' title='bbox 1061 1576 1275 1630; x_wconf 91' lang='lat' dir='ltr'><strong>dicitur</strong></span> <span class='ocrx_word' id='word_1_90' title='bbox 1306 1573 1563 1642; x_wconf 86' lang='lat' dir='ltr'><strong>Melario,</strong></span> <span class='ocrx_word' id='word_1_91' title='bbox 1588 1589 1743 1628; x_wconf 89' lang='lat' dir='ltr'><strong>cam-</strong></span> 
     </span>
    </p>
   </div>
   <div class='ocr_carea' id='block_1_15' title="bbox 101 1662 1740 1736">
    <p class='ocr_par' dir='ltr' id='par_1_15' title="bbox 101 1662 1740 1736">
     <span class='ocr_line' id='line_1_15' title="bbox 101 1662 1740 1736; baseline -0.004 -14"><span class='ocrx_word' id='word_1_92' title='bbox 101 1683 194 1736; x_wconf 87' lang='lat' dir='ltr'><strong>pos</strong></span> <span class='ocrx_word' id='word_1_93' title='bbox 237 1666 409 1732; x_wconf 89' lang='lat' dir='ltr'><strong>duos;</strong></span> <span class='ocrx_word' id='word_1_94' title='bbox 445 1664 505 1718; x_wconf 90' lang='lat' dir='ltr'><strong>in</strong></span> <span class='ocrx_word' id='word_1_95' title='bbox 539 1662 806 1718; x_wconf 86' lang='lat' dir='ltr'><strong>Clariano</strong></span> <span class='ocrx_word' id='word_1_96' title='bbox 867 1680 1107 1736; x_wconf 87' lang='lat' dir='ltr'><strong>campos</strong></span> <span class='ocrx_word' id='word_1_97' title='bbox 1168 1669 1314 1732; x_wconf 89' lang='lat' dir='ltr'><strong>tres;</strong></span> <span class='ocrx_word' id='word_1_98' title='bbox 1366 1664 1427 1718; x_wconf 93' lang='lat' dir='ltr'><strong>in</strong></span> <span class='ocrx_word' id='word_1_99' title='bbox 1475 1663 1740 1718; x_wconf 86' lang='lat' dir='ltr'><strong>Crodano</strong></span> 
     </span>
    </p>
   </div>
   <div class='ocr_carea' id='block_1_16' title="bbox 1439 272 2171 352">
    <p class='ocr_par' dir='ltr' id='par_1_16' title="bbox 1439 272 2171 352">
     <span class='ocr_line' id='line_1_16' title="bbox 1439 272 2171 352; baseline 0.003 -2"><span class='ocrx_word' id='word_1_100' title='bbox 1439 272 1834 351; x_wconf 73' lang='lat' dir='ltr'><strong>HENRICUS</strong></span> <span class='ocrx_word' id='word_1_101' title='bbox 1861 285 1963 349; x_wconf 83' lang='grc' dir='ltr'><strong>,ιιι</strong></span> <span class='ocrx_word' id='word_1_102' title='bbox 2002 281 2171 352; x_wconf 88' lang='lat' dir='ltr'><strong>IMP.</strong></span> 
     </span>
    </p>
   </div>
   <div class='ocr_carea' id='block_1_17' title="bbox 114 420 1833 488">
    <p class='ocr_par' dir='ltr' id='par_1_17' title="bbox 114 420 1833 488">
     <span class='ocr_line' id='line_1_17' title="bbox 114 420 1833 488; baseline -0.003 -6"><span class='ocrx_word' id='word_1_103' title='bbox 114 431 166 481; x_wconf 85' lang='lat' dir='ltr'><strong>et</strong></span> <span class='ocrx_word' id='word_1_104' title='bbox 199 421 495 481; x_wconf 86' lang='lat' dir='ltr'><strong>castellum</strong></span> <span class='ocrx_word' id='word_1_105' title='bbox 547 420 889 478; x_wconf 90' lang='lat' dir='ltr'><strong>Mauriatica</strong></span> <span class='ocrx_word' id='word_1_106' title='bbox 938 437 1072 476; x_wconf 90' lang='lat' dir='ltr'><strong>cum</strong></span> <span class='ocrx_word' id='word_1_107' title='bbox 1119 421 1361 478; x_wconf 88' lang='lat' dir='ltr'><strong>ecclesia</strong></span> <span class='ocrx_word' id='word_1_108' title='bbox 1412 420 1471 476; x_wconf 90' lang='lat' dir='ltr'><strong>in</strong></span> <span class='ocrx_word' id='word_1_109' title='bbox 1531 421 1748 478; x_wconf 89' lang='lat' dir='ltr'><strong>honore</strong></span> <span class='ocrx_word' id='word_1_110' title='bbox 1775 421 1833 488; x_wconf 82' lang='grc' dir='ltr'><strong>Α</strong></span> 
     </span>
    </p>
   </div>
   <div class='ocr_carea' id='block_1_18' title="bbox 3351 285 3512 351">
    <p class='ocr_par' dir='ltr' id='par_1_18' title="bbox 3351 285 3512 351">
     <span class='ocr_line' id='line_1_18' title="bbox 3351 285 3512 351; baseline 0.019 -4"><span class='ocrx_word' id='word_1_111' title='bbox 3351 285 3512 351; x_wconf 63' lang='grc'><strong>1108</strong></span> 
     </span>
    </p>
   </div>
   <div class='ocr_carea' id='block_1_19' title="bbox 2621 407 2760 476">
    <p class='ocr_par' dir='ltr' id='par_1_19' title="bbox 2621 407 2760 476">
     <span class='ocr_line' id='line_1_19' title="bbox 2621 407 2760 476; baseline 0 -2"><span class='ocrx_word' id='word_1_112' title='bbox 2621 407 2760 476; x_wconf 83' lang='lat' dir='ltr'><strong>XIII.</strong></span> 
     </span>
    </p>
   </div>
   <div class='ocr_carea' id='block_1_20' title="bbox 1860 535 3510 608">
    <p class='ocr_par' dir='ltr' id='par_1_20' title="bbox 1860 535 3510 608">
     <span class='ocr_line' id='line_1_20' title="bbox 1860 535 3510 608; baseline 0 -16"><span class='ocrx_word' id='word_1_113' title='bbox 1860 539 2146 594; x_wconf 84' lang='lat' dir='ltr'><strong>Heinricus</strong></span> <span class='ocrx_word' id='word_1_114' title='bbox 2176 538 2255 593; x_wconf 91' lang='lat' dir='ltr'><strong>Il!</strong></span> <span class='ocrx_word' id='word_1_115' title='bbox 2277 553 2395 604; x_wconf 74' lang='lat' dir='ltr'><strong>rex,</strong></span> <span class='ocrx_word' id='word_1_116' title='bbox 2423 540 2473 591; x_wconf 86' lang='lat' dir='ltr'><strong>et</strong></span> <span class='ocrx_word' id='word_1_117' title='bbox 2512 537 2808 608; x_wconf 77' lang='lat' dir='ltr'><strong>imperator</strong></span> <span class='ocrx_word' id='word_1_118' title='bbox 2835 535 2885 608; x_wconf 79' lang='grc' dir='ltr'><strong>ιι</strong></span> <span class='ocrx_word' id='word_1_119' title='bbox 2911 535 3188 608; x_wconf 83' lang='lat' dir='ltr'><strong>canonicis</strong></span> <span class='ocrx_word' id='word_1_120' title='bbox 3223 536 3510 594; x_wconf 80' lang='lat' dir='ltr'><strong>Patavinis</strong></span> 
     </span>
    </p>
   </div>
   <div class='ocr_carea' id='block_1_21' title="bbox 2098 607 3267 681">
    <p class='ocr_par' dir='ltr' id='par_1_21' title="bbox 2098 607 3267 681">
     <span class='ocr_line' id='line_1_21' title="bbox 2098 607 3267 681; baseline -0.002 -17"><span class='ocrx_word' id='word_1_121' title='bbox 2098 625 2391 681; x_wconf 86' lang='lat' dir='ltr'><strong>eorumque</strong></span> <span class='ocrx_word' id='word_1_122' title='bbox 2421 607 2668 664; x_wconf 67' lang='lat' dir='ltr'><strong>Ecclesia</strong></span> <span class='ocrx_word' id='word_1_123' title='bbox 2702 607 2997 679; x_wconf 82' lang='lat' dir='ltr'><strong>privilegia</strong></span> <span class='ocrx_word' id='word_1_124' title='bbox 3026 609 3267 662; x_wconf 81' lang='lat' dir='ltr'><strong>renovat.</strong></span> 
     </span>
    </p>
   </div>
   <div class='ocr_carea' id='block_1_22' title="bbox 2481 749 2887 822">
    <p class='ocr_par' dir='ltr' id='par_1_22' title="bbox 2481 749 2887 822">
     <span class='ocr_line' id='line_1_22' title="bbox 2481 749 2887 822; baseline 0 -18"><span class='ocrx_word' id='word_1_125' title='bbox 2481 751 2671 822; x_wconf 77' lang='lat' dir='ltr'><strong>{Anno</strong></span> <span class='ocrx_word' id='word_1_126' title='bbox 2704 749 2887 820; x_wconf 83' lang='grc'><strong>1047.)</strong></span> 
     </span>
    </p>
   </div>
   <div class='ocr_carea' id='block_1_23' title="bbox 2188 882 3195 955">
    <p class='ocr_par' dir='ltr' id='par_1_23' title="bbox 2188 882 3195 955">
     <span class='ocr_line' id='line_1_23' title="bbox 2188 882 3195 955; baseline -0.001 -16"><span class='ocrx_word' id='word_1_127' title='bbox 2188 884 2530 953; x_wconf 56' lang='grc' dir='ltr'><strong>[Μυιυιτοιιῃ</strong></span> <span class='ocrx_word' id='word_1_128' title='bbox 2562 884 2744 955; x_wconf 78' lang='lat' dir='ltr'><strong>Antig.</strong></span> <span class='ocrx_word' id='word_1_129' title='bbox 2777 883 2901 938; x_wconf 81' lang='lat' dir='ltr'><strong>Ital.</strong></span> <span class='ocrx_word' id='word_1_130' title='bbox 2935 882 2976 954; x_wconf 86' lang='grc' dir='ltr'><strong>Ι,</strong></span> <span class='ocrx_word' id='word_1_131' title='bbox 3012 883 3195 954; x_wconf 90' lang='grc'><strong>1001.]</strong></span> 
     </span>
    </p>
   </div>
   <div class='ocr_carea' id='block_1_24' title="bbox 1927 1043 3507 1102">
    <p class='ocr_par' dir='ltr' id='par_1_24' title="bbox 1927 1043 3507 1102">
     <span class='ocr_line' id='line_1_24' title="bbox 1927 1043 3507 1102; baseline 0.002 -4"><span class='ocrx_word' id='word_1_132' title='bbox 1927 1045 1987 1099; x_wconf 94' lang='lat' dir='ltr'><strong>In</strong></span> <span class='ocrx_word' id='word_1_133' title='bbox 2022 1043 2256 1100; x_wconf 90' lang='lat' dir='ltr'><strong>nomine</strong></span> <span class='ocrx_word' id='word_1_134' title='bbox 2286 1048 2497 1100; x_wconf 84' lang='lat' dir='ltr'><strong>sancta</strong></span> <span class='ocrx_word' id='word_1_135' title='bbox 2543 1048 2601 1099; x_wconf 91' lang='lat' dir='ltr'><strong>et</strong></span> <span class='ocrx_word' id='word_1_136' title='bbox 2641 1044 2952 1100; x_wconf 86' lang='lat' dir='ltr'><strong>individua</strong></span> <span class='ocrx_word' id='word_1_137' title='bbox 2981 1043 3304 1100; x_wconf 84' lang='lat' dir='ltr'><strong>Trinitatis.</strong></span> <span class='ocrx_word' id='word_1_138' title='bbox 3339 1045 3507 1102; x_wconf 72' lang='lat' dir='ltr'><strong>Ham-</strong></span> 
     </span>
    </p>
   </div>
   <div class='ocr_carea' id='block_1_25' title="bbox 1856 1132 3504 1207">
    <p class='ocr_par' dir='ltr' id='par_1_25' title="bbox 1856 1132 3504 1207">
     <span class='ocr_line' id='line_1_25' title="bbox 1856 1132 3504 1207; baseline 0.002 -19"><span class='ocrx_word' id='word_1_139' title='bbox 1856 1150 2024 1188; x_wconf 80' lang='lat' dir='ltr'><strong>mcus</strong></span> <span class='ocrx_word' id='word_1_140' title='bbox 2055 1133 2250 1188; x_wconf 88' lang='lat' dir='ltr'><strong>divina</strong></span> <span class='ocrx_word' id='word_1_141' title='bbox 2281 1134 2507 1189; x_wconf 87' lang='lat' dir='ltr'><strong>favente</strong></span> <span class='ocrx_word' id='word_1_142' title='bbox 2536 1132 2847 1190; x_wconf 88' lang='lat' dir='ltr'><strong>clementia</strong></span> <span class='ocrx_word' id='word_1_143' title='bbox 2888 1134 3287 1190; x_wconf 82' lang='lat' dir='ltr'><strong>Romanorum</strong></span> <span class='ocrx_word' id='word_1_144' title='bbox 3318 1134 3504 1207; x_wconf 83' lang='lat' dir='ltr'><strong>impe-</strong></span> 
     </span>
    </p>
   </div>
   <div class='ocr_carea' id='block_1_26' title="bbox 1855 1224 2355 1294">
    <p class='ocr_par' dir='ltr' id='par_1_26' title="bbox 1855 1224 2355 1294">
     <span class='ocr_line' id='line_1_26' title="bbox 1855 1224 2355 1294; baseline 0 -18"><span class='ocrx_word' id='word_1_145' title='bbox 1855 1227 2013 1277; x_wconf 87' lang='lat' dir='ltr'><strong>rator</strong></span> <span class='ocrx_word' id='word_1_146' title='bbox 2037 1224 2355 1294; x_wconf 82' lang='lat' dir='ltr'><strong>Augustus.</strong></span> 
     </span>
    </p>
   </div>
   <div class='ocr_carea' id='block_1_27' title="bbox 1923 1309 3503 1386">
    <p class='ocr_par' dir='ltr' id='par_1_27' title="bbox 1923 1309 3503 1386">
     <span class='ocr_line' id='line_1_27' title="bbox 1923 1309 3503 1386; baseline 0.002 -21"><span class='ocrx_word' id='word_1_147' title='bbox 1923 1312 1980 1365; x_wconf 86' lang='lat' dir='ltr'><strong>Si</strong></span> <span class='ocrx_word' id='word_1_148' title='bbox 2014 1309 2196 1366; x_wconf 88' lang='lat' dir='ltr'><strong>sacris</strong></span> <span class='ocrx_word' id='word_1_149' title='bbox 2227 1314 2284 1365; x_wconf 92' lang='lat' dir='ltr'><strong>et</strong></span> <span class='ocrx_word' id='word_1_150' title='bbox 2327 1310 2756 1366; x_wconf 89' lang='lat' dir='ltr'><strong>venerabilibus</strong></span> <span class='ocrx_word' id='word_1_151' title='bbox 2800 1311 2964 1379; x_wconf 85' lang='lat' dir='ltr'><strong>locis,</strong></span> <span class='ocrx_word' id='word_1_152' title='bbox 2999 1317 3108 1368; x_wconf 91' lang='lat' dir='ltr'><strong>etc.</strong></span> <span class='ocrx_word' id='word_1_153' title='bbox 3139 1314 3503 1386; x_wconf 86' lang='lat' dir='ltr'><strong>Quapropter</strong></span> 
     </span>
    </p>
   </div>
   <div class='ocr_carea' id='block_1_28' title="bbox 1851 1398 3500 1468">
    <p class='ocr_par' dir='ltr' id='par_1_28' title="bbox 1851 1398 3500 1468">
     <span class='ocr_line' id='line_1_28' title="bbox 1851 1398 3500 1468; baseline 0.002 -13"><span class='ocrx_word' id='word_1_154' title='bbox 1851 1401 2114 1455; x_wconf 90' lang='lat' dir='ltr'><strong>omnium</strong></span> <span class='ocrx_word' id='word_1_155' title='bbox 2149 1398 2412 1454; x_wconf 81' lang='lat' dir='ltr'><strong>fidelium</strong></span> <span class='ocrx_word' id='word_1_156' title='bbox 2445 1403 2655 1454; x_wconf 86' lang='lat' dir='ltr'><strong>sancta</strong></span> <span class='ocrx_word' id='word_1_157' title='bbox 2695 1399 2797 1454; x_wconf 90' lang='lat' dir='ltr'><strong>Dei</strong></span> <span class='ocrx_word' id='word_1_158' title='bbox 2825 1399 3112 1468; x_wconf 85' lang='lat' dir='ltr'><strong>Ecclesia,</strong></span> <span class='ocrx_word' id='word_1_159' title='bbox 3137 1405 3500 1458; x_wconf 82' lang='lat' dir='ltr'><strong>nostrorum-</strong></span> 
     </span>
    </p>
   </div>
   <div class='ocr_carea' id='block_1_29' title="bbox 1851 1487 3502 1561">
    <p class='ocr_par' dir='ltr' id='par_1_29' title="bbox 1851 1487 3502 1561">
     <span class='ocr_line' id='line_1_29' title="bbox 1851 1487 3502 1561; baseline 0.002 -18"><span class='ocrx_word' id='word_1_160' title='bbox 1851 1505 1962 1560; x_wconf 90' lang='lat' dir='ltr'><strong>que</strong></span> <span class='ocrx_word' id='word_1_161' title='bbox 2004 1489 2379 1560; x_wconf 85' lang='lat' dir='ltr'><strong>prasentium</strong></span> <span class='ocrx_word' id='word_1_162' title='bbox 2429 1487 2651 1543; x_wconf 83' lang='lat' dir='ltr'><strong>scilicet</strong></span> <span class='ocrx_word' id='word_1_163' title='bbox 2693 1505 2758 1542; x_wconf 90' lang='lat' dir='ltr'><strong>ac</strong></span> <span class='ocrx_word' id='word_1_164' title='bbox 2804 1488 3135 1544; x_wconf 82' lang='lat' dir='ltr'><strong>futurorum</strong></span> <span class='ocrx_word' id='word_1_165' title='bbox 3184 1489 3502 1561; x_wconf 85' lang='lat' dir='ltr'><strong>comperiat</strong></span> 
     </span>
    </p>
   </div>
   <div class='ocr_carea' id='block_1_30' title="bbox 1850 1575 3497 1645">
    <p class='ocr_par' dir='ltr' id='par_1_30' title="bbox 1850 1575 3497 1645">
     <span class='ocr_line' id='line_1_30' title="bbox 1850 1575 3497 1645; baseline 0.001 -13"><span class='ocrx_word' id='word_1_166' title='bbox 1850 1578 2162 1645; x_wconf 86' lang='lat' dir='ltr'><strong>industria,</strong></span> <span class='ocrx_word' id='word_1_167' title='bbox 2194 1575 2515 1631; x_wconf 83' lang='lat' dir='ltr'><strong>Arnaldum</strong></span> <span class='ocrx_word' id='word_1_168' title='bbox 2567 1579 2780 1632; x_wconf 88' lang='lat' dir='ltr'><strong>sancta</strong></span> <span class='ocrx_word' id='word_1_169' title='bbox 2829 1576 3184 1633; x_wconf 87' lang='lat' dir='ltr'><strong>Pataviensis</strong></span> <span class='ocrx_word' id='word_1_170' title='bbox 3229 1578 3497 1634; x_wconf 84' lang='lat' dir='ltr'><strong>Ecclesia</strong></span> 
     </span>
    </p>
   </div>
   <div class='ocr_carea' id='block_1_31' title="bbox 1847 1665 3503 1737">
    <p class='ocr_par' dir='ltr' id='par_1_31' title="bbox 1847 1665 3503 1737">
     <span class='ocr_line' id='line_1_31' title="bbox 1847 1665 3503 1737; baseline 0.001 -16"><span class='ocrx_word' id='word_1_171' title='bbox 1847 1665 2236 1722; x_wconf 87' lang='lat' dir='ltr'><strong>venerabilem</strong></span> <span class='ocrx_word' id='word_1_172' title='bbox 2268 1665 2632 1737; x_wconf 81' lang='lat' dir='ltr'><strong>episcopum,</strong></span> <span class='ocrx_word' id='word_1_173' title='bbox 2656 1681 2762 1720; x_wconf 91' lang='lat' dir='ltr'><strong>nec</strong></span> <span class='ocrx_word' id='word_1_174' title='bbox 2792 1682 2905 1720; x_wconf 91' lang='lat' dir='ltr'><strong>non</strong></span> <span class='ocrx_word' id='word_1_175' title='bbox 2927 1669 2985 1721; x_wconf 90' lang='lat' dir='ltr'><strong>et</strong></span> <span class='ocrx_word' id='word_1_176' title='bbox 3010 1666 3370 1722; x_wconf 88' lang='lat' dir='ltr'><strong>Bernardum</strong></span> <span class='ocrx_word' id='word_1_177' title='bbox 3402 1683 3503 1722; x_wconf 90' lang='lat' dir='ltr'><strong>no-</strong></span> 
     </span>
    </p>
   </div>
   <div class='ocr_carea' id='block_1_32' title="bbox 100 1749 3498 1850">
    <p class='ocr_par' dir='ltr' id='par_1_32' title="bbox 100 1749 3498 1850">
     <span class='ocr_line' id='line_1_32' title="bbox 100 1749 3498 1850; baseline 0.001 -41"><span class='ocrx_word' id='word_1_178' title='bbox 100 1770 320 1826; x_wconf 89' lang='lat' dir='ltr'><strong>campos</strong></span> <span class='ocrx_word' id='word_1_179' title='bbox 339 1754 522 1818; x_wconf 90' lang='lat' dir='ltr'><strong>duos;</strong></span> <span class='ocrx_word' id='word_1_180' title='bbox 547 1752 607 1806; x_wconf 91' lang='lat' dir='ltr'><strong>in</strong></span> <span class='ocrx_word' id='word_1_181' title='bbox 633 1751 872 1822; x_wconf 86' lang='lat' dir='ltr'><strong>Laupha</strong></span> <span class='ocrx_word' id='word_1_182' title='bbox 893 1768 1169 1824; x_wconf 88' lang='lat' dir='ltr'><strong>campum</strong></span> <span class='ocrx_word' id='word_1_183' title='bbox 1191 1769 1408 1819; x_wconf 91' lang='lat' dir='ltr'><strong>unum;</strong></span> <span class='ocrx_word' id='word_1_184' title='bbox 1432 1749 1736 1807; x_wconf 87' lang='lat' dir='ltr'><strong>castellum</strong></span> <span class='ocrx_word' id='word_1_185' title='bbox 1766 1785 1814 1850; x_wconf 81' lang='lat' dir='ltr'><strong>B</strong></span> <span class='ocrx_word' id='word_1_186' title='bbox 1848 1759 2036 1810; x_wconf 89' lang='lat' dir='ltr'><strong>strum</strong></span> <span class='ocrx_word' id='word_1_187' title='bbox 2068 1754 2459 1827; x_wconf 89' lang='lat' dir='ltr'><strong>capellanum,</strong></span> <span class='ocrx_word' id='word_1_188' title='bbox 2495 1755 2880 1826; x_wconf 84' lang='lat' dir='ltr'><strong>ejusdemque</strong></span> <span class='ocrx_word' id='word_1_189' title='bbox 2917 1753 3170 1810; x_wconf 90' lang='lat' dir='ltr'><strong>ecclesia</strong></span> <span class='ocrx_word' id='word_1_190' title='bbox 3207 1754 3498 1811; x_wconf 90' lang='lat' dir='ltr'><strong>archidia-</strong></span> 
     </span>
    </p>
   </div>
   <div class='ocr_carea' id='block_1_33' title="bbox 98 1839 1735 1910">
    <p class='ocr_par' dir='ltr' id='par_1_33' title="bbox 98 1839 1735 1910">
     <span class='ocr_line' id='line_1_33' title="bbox 98 1839 1735 1910; baseline -0.003 -13"><span class='ocrx_word' id='word_1_191' title='bbox 98 1842 276 1898; x_wconf 86' lang='lat' dir='ltr'><strong>Sancti</strong></span> <span class='ocrx_word' id='word_1_192' title='bbox 295 1840 406 1896; x_wconf 86' lang='lat' dir='ltr'><strong>Viti</strong></span> <span class='ocrx_word' id='word_1_193' title='bbox 430 1857 569 1896; x_wconf 91' lang='lat' dir='ltr'><strong>cum</strong></span> <span class='ocrx_word' id='word_1_194' title='bbox 602 1840 970 1910; x_wconf 87' lang='lat' dir='ltr'><strong>pertinentiis</strong></span> <span class='ocrx_word' id='word_1_195' title='bbox 992 1841 1144 1907; x_wconf 86' lang='lat' dir='ltr'><strong>suis;</strong></span> <span class='ocrx_word' id='word_1_196' title='bbox 1172 1841 1477 1909; x_wconf 89' lang='lat' dir='ltr'><strong>Paronam,</strong></span> <span class='ocrx_word' id='word_1_197' title='bbox 1502 1839 1735 1894; x_wconf 90' lang='lat' dir='ltr'><strong>Cassia-</strong></span> 
     </span>
    </p>
   </div>
   <div class='ocr_carea' id='block_1_34' title="bbox 95 1928 1734 1997">
    <p class='ocr_par' dir='ltr' id='par_1_34' title="bbox 95 1928 1734 1997">
     <span class='ocr_line' id='line_1_34' title="bbox 95 1928 1734 1997; baseline -0.001 -13"><span class='ocrx_word' id='word_1_198' title='bbox 95 1947 244 1997; x_wconf 88' lang='lat' dir='ltr'><strong>num,</strong></span> <span class='ocrx_word' id='word_1_199' title='bbox 274 1928 418 1986; x_wconf 88' lang='lat' dir='ltr'><strong>cella</strong></span> <span class='ocrx_word' id='word_1_200' title='bbox 473 1929 674 1984; x_wconf 88' lang='lat' dir='ltr'><strong>Sancti</strong></span> <span class='ocrx_word' id='word_1_201' title='bbox 706 1928 855 1983; x_wconf 89' lang='lat' dir='ltr'><strong>Petri</strong></span> <span class='ocrx_word' id='word_1_202' title='bbox 905 1928 1058 1984; x_wconf 85' lang='lat' dir='ltr'><strong>infra</strong></span> <span class='ocrx_word' id='word_1_203' title='bbox 1105 1929 1398 1984; x_wconf 84' lang='lat' dir='ltr'><strong>civitatem</strong></span> <span class='ocrx_word' id='word_1_204' title='bbox 1445 1928 1734 1983; x_wconf 86' lang='lat' dir='ltr'><strong>Veronam</strong></span> 
     </span>
    </p>
   </div>
   <div class='ocr_carea' id='block_1_35' title="bbox 93 2016 1732 2092">
    <p class='ocr_par' dir='ltr' id='par_1_35' title="bbox 93 2016 1732 2092">
     <span class='ocr_line' id='line_1_35' title="bbox 93 2016 1732 2092; baseline -0.003 -17"><span class='ocrx_word' id='word_1_205' title='bbox 93 2036 210 2075; x_wconf 91' lang='lat' dir='ltr'><strong>cum</strong></span> <span class='ocrx_word' id='word_1_206' title='bbox 240 2017 606 2092; x_wconf 89' lang='lat' dir='ltr'><strong>pertinentiis</strong></span> <span class='ocrx_word' id='word_1_207' title='bbox 638 2018 789 2085; x_wconf 89' lang='lat' dir='ltr'><strong>suis;</strong></span> <span class='ocrx_word' id='word_1_208' title='bbox 821 2017 880 2072; x_wconf 92' lang='lat' dir='ltr'><strong>in</strong></span> <span class='ocrx_word' id='word_1_209' title='bbox 897 2017 1028 2072; x_wconf 90' lang='lat' dir='ltr'><strong>Cavi</strong></span> <span class='ocrx_word' id='word_1_210' title='bbox 1051 2016 1258 2074; x_wconf 85' lang='lat' dir='ltr'><strong>cellam</strong></span> <span class='ocrx_word' id='word_1_211' title='bbox 1275 2018 1468 2073; x_wconf 86' lang='lat' dir='ltr'><strong>Sancti</strong></span> <span class='ocrx_word' id='word_1_212' title='bbox 1490 2018 1732 2072; x_wconf 85' lang='lat' dir='ltr'><strong>Andrea</strong></span> 
     </span>
    </p>
   </div>
   <div class='ocr_carea' id='block_1_36' title="bbox 91 2105 1732 2180">
    <p class='ocr_par' dir='ltr' id='par_1_36' title="bbox 91 2105 1732 2180">
     <span class='ocr_line' id='line_1_36' title="bbox 91 2105 1732 2180; baseline -0.002 -16"><span class='ocrx_word' id='word_1_213' title='bbox 91 2125 210 2164; x_wconf 89' lang='lat' dir='ltr'><strong>cum</strong></span> <span class='ocrx_word' id='word_1_214' title='bbox 238 2106 602 2180; x_wconf 89' lang='lat' dir='ltr'><strong>pertinentiis</strong></span> <span class='ocrx_word' id='word_1_215' title='bbox 629 2106 781 2172; x_wconf 88' lang='lat' dir='ltr'><strong>suis;</strong></span> <span class='ocrx_word' id='word_1_216' title='bbox 813 2105 872 2160; x_wconf 91' lang='lat' dir='ltr'><strong>in</strong></span> <span class='ocrx_word' id='word_1_217' title='bbox 895 2106 1063 2161; x_wconf 85' lang='lat' dir='ltr'><strong>Venti</strong></span> <span class='ocrx_word' id='word_1_218' title='bbox 1085 2105 1369 2178; x_wconf 89' lang='lat' dir='ltr'><strong>capellam</strong></span> <span class='ocrx_word' id='word_1_219' title='bbox 1399 2107 1596 2162; x_wconf 85' lang='lat' dir='ltr'><strong>Sancti</strong></span> <span class='ocrx_word' id='word_1_220' title='bbox 1618 2105 1732 2176; x_wconf 72' lang='lat' dir='ltr'><strong>Viti</strong></span> 
     </span>
    </p>
   </div>
   <div class='ocr_carea' id='block_1_37' title="bbox 89 2193 1731 2270">
    <p class='ocr_par' dir='ltr' id='par_1_37' title="bbox 89 2193 1731 2270">
     <span class='ocr_line' id='line_1_37' title="bbox 89 2193 1731 2270; baseline -0.003 -17"><span class='ocrx_word' id='word_1_221' title='bbox 89 2212 208 2253; x_wconf 87' lang='lat' dir='ltr'><strong>cum</strong></span> <span class='ocrx_word' id='word_1_222' title='bbox 263 2193 634 2270; x_wconf 87' lang='lat' dir='ltr'><strong>pertinentiis</strong></span> <span class='ocrx_word' id='word_1_223' title='bbox 687 2195 851 2263; x_wconf 90' lang='lat' dir='ltr'><strong>suis;</strong></span> <span class='ocrx_word' id='word_1_224' title='bbox 904 2195 962 2250; x_wconf 89' lang='lat' dir='ltr'><strong>in</strong></span> <span class='ocrx_word' id='word_1_225' title='bbox 1017 2194 1330 2250; x_wconf 88' lang='lat' dir='ltr'><strong>Puviniaca</strong></span> <span class='ocrx_word' id='word_1_226' title='bbox 1370 2193 1731 2250; x_wconf 88' lang='lat' dir='ltr'><strong>curticellam</strong></span> 
     </span>
    </p>
   </div>
   <div class='ocr_carea' id='block_1_38' title="bbox 91 2282 1732 2356">
    <p class='ocr_par' dir='ltr' id='par_1_38' title="bbox 91 2282 1732 2356">
     <span class='ocr_line' id='line_1_38' title="bbox 91 2282 1732 2356; baseline -0.002 -16"><span class='ocrx_word' id='word_1_227' title='bbox 91 2289 342 2356; x_wconf 88' lang='lat' dir='ltr'><strong>unam,et</strong></span> <span class='ocrx_word' id='word_1_228' title='bbox 366 2289 535 2341; x_wconf 90' lang='lat' dir='ltr'><strong>curte</strong></span> <span class='ocrx_word' id='word_1_229' title='bbox 566 2282 626 2338; x_wconf 92' lang='lat' dir='ltr'><strong>in</strong></span> <span class='ocrx_word' id='word_1_230' title='bbox 660 2283 950 2339; x_wconf 81' lang='lat' dir='ltr'><strong>Rivariola</strong></span> <span class='ocrx_word' id='word_1_231' title='bbox 970 2299 1101 2338; x_wconf 92' lang='lat' dir='ltr'><strong>cum</strong></span> <span class='ocrx_word' id='word_1_232' title='bbox 1134 2283 1408 2339; x_wconf 88' lang='lat' dir='ltr'><strong>omnibus</strong></span> <span class='ocrx_word' id='word_1_233' title='bbox 1441 2283 1732 2355; x_wconf 89' lang='lat' dir='ltr'><strong>pertinen-</strong></span> 
     </span>
    </p>
   </div>
   <div class='ocr_carea' id='block_1_39' title="bbox 90 2371 1728 2442">
    <p class='ocr_par' dir='ltr' id='par_1_39' title="bbox 90 2371 1728 2442">
     <span class='ocr_line' id='line_1_39' title="bbox 90 2371 1728 2442; baseline -0.001 -15"><span class='ocrx_word' id='word_1_234' title='bbox 90 2373 177 2429; x_wconf 89' lang='lat' dir='ltr'><strong>tiis</strong></span> <span class='ocrx_word' id='word_1_235' title='bbox 205 2374 360 2440; x_wconf 82' lang='lat' dir='ltr'><strong>suis;</strong></span> <span class='ocrx_word' id='word_1_236' title='bbox 389 2377 445 2428; x_wconf 91' lang='lat' dir='ltr'><strong>et</strong></span> <span class='ocrx_word' id='word_1_237' title='bbox 479 2373 540 2426; x_wconf 92' lang='lat' dir='ltr'><strong>in</strong></span> <span class='ocrx_word' id='word_1_238' title='bbox 572 2371 751 2427; x_wconf 88' lang='lat' dir='ltr'><strong>Pualo</strong></span> <span class='ocrx_word' id='word_1_239' title='bbox 774 2388 1012 2442; x_wconf 90' lang='lat' dir='ltr'><strong>campos</strong></span> <span class='ocrx_word' id='word_1_240' title='bbox 1042 2376 1194 2438; x_wconf 89' lang='lat' dir='ltr'><strong>tres;</strong></span> <span class='ocrx_word' id='word_1_241' title='bbox 1231 2389 1333 2427; x_wconf 92' lang='lat' dir='ltr'><strong>nec</strong></span> <span class='ocrx_word' id='word_1_242' title='bbox 1366 2389 1478 2426; x_wconf 89' lang='lat' dir='ltr'><strong>non</strong></span> <span class='ocrx_word' id='word_1_243' title='bbox 1511 2377 1567 2427; x_wconf 88' lang='lat' dir='ltr'><strong>et</strong></span> <span class='ocrx_word' id='word_1_244' title='bbox 1595 2388 1728 2426; x_wconf 89' lang='lat' dir='ltr'><strong>cum</strong></span> 
     </span>
    </p>
   </div>
   <div class='ocr_carea' id='block_1_40' title="bbox 95 2460 1730 2532">
    <p class='ocr_par' dir='ltr' id='par_1_40' title="bbox 95 2460 1730 2532">
     <span class='ocr_line' id='line_1_40' title="bbox 95 2460 1730 2532; baseline -0.002 -15"><span class='ocrx_word' id='word_1_245' title='bbox 95 2461 348 2519; x_wconf 88' lang='lat' dir='ltr'><strong>omnibus</strong></span> <span class='ocrx_word' id='word_1_246' title='bbox 379 2462 559 2518; x_wconf 91' lang='lat' dir='ltr'><strong>rebus</strong></span> <span class='ocrx_word' id='word_1_247' title='bbox 609 2461 680 2516; x_wconf 89' lang='lat' dir='ltr'><strong>ad</strong></span> <span class='ocrx_word' id='word_1_248' title='bbox 730 2460 1035 2532; x_wconf 85' lang='lat' dir='ltr'><strong>prafatum</strong></span> <span class='ocrx_word' id='word_1_249' title='bbox 1089 2461 1513 2516; x_wconf 88' lang='lat' dir='ltr'><strong>monasterium</strong></span> <span class='ocrx_word' id='word_1_250' title='bbox 1552 2461 1730 2532; x_wconf 91' lang='lat' dir='ltr'><strong>perti-</strong></span> 
     </span>
    </p>
   </div>
   <div class='ocr_carea' id='block_1_41' title="bbox 95 2548 1726 2618">
    <p class='ocr_par' dir='ltr' id='par_1_41' title="bbox 95 2548 1726 2618">
     <span class='ocr_line' id='line_1_41' title="bbox 95 2548 1726 2618; baseline -0.001 -14"><span class='ocrx_word' id='word_1_251' title='bbox 95 2551 368 2617; x_wconf 81' lang='lat' dir='ltr'><strong>nentibus,</strong></span> <span class='ocrx_word' id='word_1_252' title='bbox 393 2567 532 2606; x_wconf 91' lang='lat' dir='ltr'><strong>cum</strong></span> <span class='ocrx_word' id='word_1_253' title='bbox 579 2548 861 2615; x_wconf 90' lang='lat' dir='ltr'><strong>ecclesiis,</strong></span> <span class='ocrx_word' id='word_1_254' title='bbox 894 2548 1171 2618; x_wconf 87' lang='lat' dir='ltr'><strong>castellis,</strong></span> <span class='ocrx_word' id='word_1_255' title='bbox 1196 2550 1358 2614; x_wconf 89' lang='lat' dir='ltr'><strong>vicis,</strong></span> <span class='ocrx_word' id='word_1_256' title='bbox 1400 2549 1726 2616; x_wconf 90' lang='lat' dir='ltr'><strong>colonibus,</strong></span> 
     </span>
    </p>
   </div>
   <div class='ocr_carea' id='block_1_42' title="bbox 93 2637 1727 2712">
    <p class='ocr_par' dir='ltr' id='par_1_42' title="bbox 93 2637 1727 2712">
     <span class='ocr_line' id='line_1_42' title="bbox 93 2637 1727 2712; baseline -0.001 -19"><span class='ocrx_word' id='word_1_257' title='bbox 93 2639 401 2712; x_wconf 85' lang='lat' dir='ltr'><strong>mancipiis,</strong></span> <span class='ocrx_word' id='word_1_258' title='bbox 424 2637 890 2703; x_wconf 89' lang='lat' dir='ltr'><strong>comendaticiis,</strong></span> <span class='ocrx_word' id='word_1_259' title='bbox 916 2637 1180 2704; x_wconf 90' lang='lat' dir='ltr'><strong>facticiis,</strong></span> <span class='ocrx_word' id='word_1_260' title='bbox 1204 2643 1310 2693; x_wconf 91' lang='lat' dir='ltr'><strong>etc.</strong></span> <span class='ocrx_word' id='word_1_261' title='bbox 1328 2639 1727 2693; x_wconf 89' lang='lat' dir='ltr'><strong>Admonemus</strong></span> 
     </span>
    </p>
   </div>
   <div class='ocr_carea' id='block_1_43' title="bbox 95 2725 1728 2798">
    <p class='ocr_par' dir='ltr' id='par_1_43' title="bbox 95 2725 1728 2798">
     <span class='ocr_line' id='line_1_43' title="bbox 95 2725 1728 2798; baseline 0.001 -16"><span class='ocrx_word' id='word_1_262' title='bbox 95 2727 253 2784; x_wconf 89' lang='lat' dir='ltr'><strong>etiam</strong></span> <span class='ocrx_word' id='word_1_263' title='bbox 285 2728 561 2783; x_wconf 89' lang='lat' dir='ltr'><strong>abbatem</strong></span> <span class='ocrx_word' id='word_1_264' title='bbox 603 2725 701 2797; x_wconf 90' lang='lat' dir='ltr'><strong>qui</strong></span> <span class='ocrx_word' id='word_1_265' title='bbox 736 2730 964 2797; x_wconf 84' lang='lat' dir='ltr'><strong>praest,</strong></span> <span class='ocrx_word' id='word_1_266' title='bbox 998 2727 1245 2798; x_wconf 87' lang='lat' dir='ltr'><strong>ejusque</strong></span> <span class='ocrx_word' id='word_1_267' title='bbox 1289 2727 1728 2783; x_wconf 88' lang='lat' dir='ltr'><strong>successoribus</strong></span> 
     </span>
    </p>
   </div>
   <div class='ocr_carea' id='block_1_44' title="bbox 92 2815 1728 2886">
    <p class='ocr_par' dir='ltr' id='par_1_44' title="bbox 92 2815 1728 2886">
     <span class='ocr_line' id='line_1_44' title="bbox 92 2815 1728 2886; baseline 0 -16"><span class='ocrx_word' id='word_1_268' title='bbox 92 2816 506 2882; x_wconf 84' lang='lat' dir='ltr'><strong>interdicimus,</strong></span> <span class='ocrx_word' id='word_1_269' title='bbox 531 2831 601 2871; x_wconf 91' lang='lat' dir='ltr'><strong>ne</strong></span> <span class='ocrx_word' id='word_1_270' title='bbox 625 2831 714 2870; x_wconf 90' lang='lat' dir='ltr'><strong>res</strong></span> <span class='ocrx_word' id='word_1_271' title='bbox 737 2815 1148 2886; x_wconf 87' lang='lat' dir='ltr'><strong>stipendiarias</strong></span> <span class='ocrx_word' id='word_1_272' title='bbox 1168 2815 1395 2870; x_wconf 88' lang='lat' dir='ltr'><strong>alendis</strong></span> <span class='ocrx_word' id='word_1_273' title='bbox 1426 2815 1728 2871; x_wconf 87' lang='lat' dir='ltr'><strong>monachis</strong></span> 
     </span>
    </p>
   </div>
   <div class='ocr_carea' id='block_1_45' title="bbox 93 2903 1726 2976">
    <p class='ocr_par' dir='ltr' id='par_1_45' title="bbox 93 2903 1726 2976">
     <span class='ocr_line' id='line_1_45' title="bbox 93 2903 1726 2976; baseline -0.001 -17"><span class='ocrx_word' id='word_1_274' title='bbox 93 2906 389 2969; x_wconf 88' lang='lat' dir='ltr'><strong>dedicatas,</strong></span> <span class='ocrx_word' id='word_1_275' title='bbox 425 2906 501 2960; x_wconf 91' lang='lat' dir='ltr'><strong>de</strong></span> <span class='ocrx_word' id='word_1_276' title='bbox 527 2904 660 2959; x_wconf 90' lang='lat' dir='ltr'><strong>sinu</strong></span> <span class='ocrx_word' id='word_1_277' title='bbox 691 2903 1031 2960; x_wconf 89' lang='lat' dir='ltr'><strong>monasterii</strong></span> <span class='ocrx_word' id='word_1_278' title='bbox 1068 2904 1315 2976; x_wconf 86' lang='lat' dir='ltr'><strong>rapiant,</strong></span> <span class='ocrx_word' id='word_1_279' title='bbox 1350 2907 1406 2958; x_wconf 87' lang='lat' dir='ltr'><strong>et</strong></span> <span class='ocrx_word' id='word_1_280' title='bbox 1435 2903 1726 2959; x_wconf 86' lang='lat' dir='ltr'><strong>saculari-</strong></span> 
     </span>
    </p>
   </div>
   <div class='ocr_carea' id='block_1_46' title="bbox 92 2991 1722 3065">
    <p class='ocr_par' dir='ltr' id='par_1_46' title="bbox 92 2991 1722 3065">
     <span class='ocr_line' id='line_1_46' title="bbox 92 2991 1722 3065; baseline -0.001 -15"><span class='ocrx_word' id='word_1_281' title='bbox 92 2995 188 3050; x_wconf 89' lang='lat' dir='ltr'><strong>bus</strong></span> <span class='ocrx_word' id='word_1_282' title='bbox 216 2995 271 3050; x_wconf 92' lang='lat' dir='ltr'><strong>in</strong></span> <span class='ocrx_word' id='word_1_283' title='bbox 304 2993 658 3050; x_wconf 82' lang='lat' dir='ltr'><strong>beneficium</strong></span> <span class='ocrx_word' id='word_1_284' title='bbox 701 2992 983 3060; x_wconf 87' lang='lat' dir='ltr'><strong>tribuant,</strong></span> <span class='ocrx_word' id='word_1_285' title='bbox 1007 2993 1146 3064; x_wconf 90' lang='lat' dir='ltr'><strong>quia</strong></span> <span class='ocrx_word' id='word_1_286' title='bbox 1185 2993 1278 3063; x_wconf 88' lang='lat' dir='ltr'><strong>pia</strong></span> <span class='ocrx_word' id='word_1_287' title='bbox 1311 2991 1514 3065; x_wconf 86' lang='lat' dir='ltr'><strong>religio</strong></span> <span class='ocrx_word' id='word_1_288' title='bbox 1547 2992 1722 3049; x_wconf 91' lang='lat' dir='ltr'><strong>recla-</strong></span> 
     </span>
    </p>
   </div>
   <div class='ocr_carea' id='block_1_47' title="bbox 91 3081 1720 3153">
    <p class='ocr_par' dir='ltr' id='par_1_47' title="bbox 91 3081 1720 3153">
     <span class='ocr_line' id='line_1_47' title="bbox 91 3081 1720 3153; baseline 0 -16"><span class='ocrx_word' id='word_1_289' title='bbox 91 3089 214 3147; x_wconf 88' lang='lat' dir='ltr'><strong>mat,</strong></span> <span class='ocrx_word' id='word_1_290' title='bbox 245 3083 292 3139; x_wconf 88' lang='lat' dir='ltr'><strong>si</strong></span> <span class='ocrx_word' id='word_1_291' title='bbox 321 3082 472 3139; x_wconf 82' lang='lat' dir='ltr'><strong>servi</strong></span> <span class='ocrx_word' id='word_1_292' title='bbox 506 3081 607 3138; x_wconf 90' lang='lat' dir='ltr'><strong>Dei</strong></span> <span class='ocrx_word' id='word_1_293' title='bbox 641 3082 947 3137; x_wconf 89' lang='lat' dir='ltr'><strong>tabescunt</strong></span> <span class='ocrx_word' id='word_1_294' title='bbox 989 3081 1207 3153; x_wconf 92' lang='lat' dir='ltr'><strong>inopia,</strong></span> <span class='ocrx_word' id='word_1_295' title='bbox 1237 3085 1294 3136; x_wconf 92' lang='lat' dir='ltr'><strong>et</strong></span> <span class='ocrx_word' id='word_1_296' title='bbox 1341 3081 1442 3153; x_wconf 92' lang='lat' dir='ltr'><strong>qui</strong></span> <span class='ocrx_word' id='word_1_297' title='bbox 1475 3098 1589 3136; x_wconf 91' lang='lat' dir='ltr'><strong>non</strong></span> <span class='ocrx_word' id='word_1_298' title='bbox 1624 3083 1720 3137; x_wconf 92' lang='lat' dir='ltr'><strong>de-</strong></span> 
     </span>
    </p>
   </div>
   <div class='ocr_carea' id='block_1_48' title="bbox 90 3150 1793 3242">
    <p class='ocr_par' dir='ltr' id='par_1_48' title="bbox 90 3150 1793 3242">
     <span class='ocr_line' id='line_1_48' title="bbox 90 3150 1793 3242; baseline 0 -16"><span class='ocrx_word' id='word_1_299' title='bbox 90 3171 211 3228; x_wconf 87' lang='lat' dir='ltr'><strong>bent</strong></span> <span class='ocrx_word' id='word_1_300' title='bbox 237 3188 436 3228; x_wconf 91' lang='lat' dir='ltr'><strong>eorum</strong></span> <span class='ocrx_word' id='word_1_301' title='bbox 469 3170 767 3226; x_wconf 89' lang='lat' dir='ltr'><strong>ditescunt</strong></span> <span class='ocrx_word' id='word_1_302' title='bbox 795 3171 979 3242; x_wconf 91' lang='lat' dir='ltr'><strong>copia.</strong></span> <span class='ocrx_word' id='word_1_303' title='bbox 1013 3169 1070 3226; x_wconf 92' lang='lat' dir='ltr'><strong>Si</strong></span> <span class='ocrx_word' id='word_1_304' title='bbox 1091 3150 1237 3241; x_wconf 70' lang='lat' dir='ltr'><strong>quis</strong></span> <span class='ocrx_word' id='word_1_305' title='bbox 1275 3150 1457 3226; x_wconf 81' lang='lat' dir='ltr'><strong>abbas</strong></span> <span class='ocrx_word' id='word_1_306' title='bbox 1487 3171 1718 3226; x_wconf 86' lang='lat' dir='ltr'><strong>incaute</strong></span> <span class='ocrx_word' id='word_1_307' title='bbox 1750 3150 1793 3217; x_wconf 63' lang='grc' dir='ltr'><strong>ι’]</strong></span> 
     </span>
    </p>
   </div>
   <div class='ocr_carea' id='block_1_49' title="bbox 90 3258 1720 3332">
    <p class='ocr_par' dir='ltr' id='par_1_49' title="bbox 90 3258 1720 3332">
     <span class='ocr_line' id='line_1_49' title="bbox 90 3258 1720 3332; baseline 0.001 -18"><span class='ocrx_word' id='word_1_308' title='bbox 90 3267 178 3316; x_wconf 87' lang='lat' dir='ltr'><strong>aut</strong></span> <span class='ocrx_word' id='word_1_309' title='bbox 203 3261 512 3318; x_wconf 88' lang='lat' dir='ltr'><strong>temerarie</strong></span> <span class='ocrx_word' id='word_1_310' title='bbox 541 3260 696 3331; x_wconf 89' lang='lat' dir='ltr'><strong>quod</strong></span> <span class='ocrx_word' id='word_1_311' title='bbox 728 3258 1027 3314; x_wconf 88' lang='lat' dir='ltr'><strong>sancimus</strong></span> <span class='ocrx_word' id='word_1_312' title='bbox 1060 3258 1416 3332; x_wconf 80' lang='lat' dir='ltr'><strong>perfregerit,</strong></span> <span class='ocrx_word' id='word_1_313' title='bbox 1449 3261 1603 3331; x_wconf 91' lang='lat' dir='ltr'><strong>quod</strong></span> <span class='ocrx_word' id='word_1_314' title='bbox 1635 3259 1720 3315; x_wconf 87' lang='lat' dir='ltr'><strong>in-</strong></span> 
     </span>
    </p>
   </div>
   <div class='ocr_carea' id='block_1_50' title="bbox 83 3347 1720 3419">
    <p class='ocr_par' dir='ltr' id='par_1_50' title="bbox 83 3347 1720 3419">
     <span class='ocr_line' id='line_1_50' title="bbox 83 3347 1720 3419; baseline 0 -16"><span class='ocrx_word' id='word_1_315' title='bbox 83 3349 224 3417; x_wconf 84' lang='lat' dir='ltr'><strong>juste</strong></span> <span class='ocrx_word' id='word_1_316' title='bbox 252 3349 479 3416; x_wconf 87' lang='lat' dir='ltr'><strong>tribuit,</strong></span> <span class='ocrx_word' id='word_1_317' title='bbox 518 3348 678 3419; x_wconf 84' lang='lat' dir='ltr'><strong>juste</strong></span> <span class='ocrx_word' id='word_1_318' title='bbox 724 3348 966 3415; x_wconf 86' lang='lat' dir='ltr'><strong>auferat,</strong></span> <span class='ocrx_word' id='word_1_319' title='bbox 1001 3353 1057 3402; x_wconf 91' lang='lat' dir='ltr'><strong>et</strong></span> <span class='ocrx_word' id='word_1_320' title='bbox 1089 3347 1422 3408; x_wconf 88' lang='lat' dir='ltr'><strong>membrum</strong></span> <span class='ocrx_word' id='word_1_321' title='bbox 1471 3348 1720 3403; x_wconf 87' lang='lat' dir='ltr'><strong>fractum</strong></span> 
     </span>
    </p>
   </div>
   <div class='ocr_carea' id='block_1_51' title="bbox 89 3434 1720 3510">
    <p class='ocr_par' dir='ltr' id='par_1_51' title="bbox 89 3434 1720 3510">
     <span class='ocr_line' id='line_1_51' title="bbox 89 3434 1720 3510; baseline 0.001 -20"><span class='ocrx_word' id='word_1_322' title='bbox 89 3437 293 3510; x_wconf 87' lang='lat' dir='ltr'><strong>corpori</strong></span> <span class='ocrx_word' id='word_1_323' title='bbox 324 3435 632 3493; x_wconf 89' lang='lat' dir='ltr'><strong>Dominico</strong></span> <span class='ocrx_word' id='word_1_324' title='bbox 662 3434 1012 3504; x_wconf 89' lang='lat' dir='ltr'><strong>consolidet;</strong></span> <span class='ocrx_word' id='word_1_325' title='bbox 1050 3440 1113 3490; x_wconf 89' lang='lat' dir='ltr'><strong>ut</strong></span> <span class='ocrx_word' id='word_1_326' title='bbox 1141 3437 1188 3491; x_wconf 91' lang='lat' dir='ltr'><strong>si</strong></span> <span class='ocrx_word' id='word_1_327' title='bbox 1222 3436 1372 3492; x_wconf 87' lang='lat' dir='ltr'><strong>male</strong></span> <span class='ocrx_word' id='word_1_328' title='bbox 1403 3438 1554 3492; x_wconf 88' lang='lat' dir='ltr'><strong>facta</strong></span> <span class='ocrx_word' id='word_1_329' title='bbox 1583 3454 1720 3509; x_wconf 92' lang='lat' dir='ltr'><strong>pur-</strong></span> 
     </span>
    </p>
   </div>
   <div class='ocr_carea' id='block_1_52' title="bbox 91 3524 1724 3599">
    <p class='ocr_par' dir='ltr' id='par_1_52' title="bbox 91 3524 1724 3599">
     <span class='ocr_line' id='line_1_52' title="bbox 91 3524 1724 3599; baseline 0.001 -19"><span class='ocrx_word' id='word_1_330' title='bbox 91 3542 211 3599; x_wconf 88' lang='lat' dir='ltr'><strong>gare</strong></span> <span class='ocrx_word' id='word_1_331' title='bbox 239 3525 502 3594; x_wconf 87' lang='lat' dir='ltr'><strong>voluerit,</strong></span> <span class='ocrx_word' id='word_1_332' title='bbox 537 3529 596 3581; x_wconf 89' lang='lat' dir='ltr'><strong>et</strong></span> <span class='ocrx_word' id='word_1_333' title='bbox 643 3524 985 3597; x_wconf 90' lang='lat' dir='ltr'><strong>nequiverit,</strong></span> <span class='ocrx_word' id='word_1_334' title='bbox 1020 3529 1317 3596; x_wconf 89' lang='lat' dir='ltr'><strong>superstes</strong></span> <span class='ocrx_word' id='word_1_335' title='bbox 1350 3527 1476 3598; x_wconf 81' lang='lat' dir='ltr'><strong>ejus</strong></span> <span class='ocrx_word' id='word_1_336' title='bbox 1525 3531 1724 3582; x_wconf 90' lang='lat' dir='ltr'><strong>nostra</strong></span> 
     </span>
    </p>
   </div>
   <div class='ocr_carea' id='block_1_53' title="bbox 91 3615 1724 3671">
    <p class='ocr_par' dir='ltr' id='par_1_53' title="bbox 91 3615 1724 3671">
     <span class='ocr_line' id='line_1_53' title="bbox 91 3615 1724 3671; baseline 0.001 -3"><span class='ocrx_word' id='word_1_337' title='bbox 91 3619 138 3669; x_wconf 90' lang='lat' dir='ltr'><strong>et</strong></span> <span class='ocrx_word' id='word_1_338' title='bbox 188 3619 523 3671; x_wconf 89' lang='lat' dir='ltr'><strong>nostrorum</strong></span> <span class='ocrx_word' id='word_1_339' title='bbox 597 3629 1004 3669; x_wconf 90' lang='lat' dir='ltr'><strong>successorum</strong></span> <span class='ocrx_word' id='word_1_340' title='bbox 1063 3615 1354 3670; x_wconf 89' lang='lat' dir='ltr'><strong>sententia</strong></span> <span class='ocrx_word' id='word_1_341' title='bbox 1417 3615 1724 3670; x_wconf 88' lang='lat' dir='ltr'><strong>roboratus</strong></span> 
     </span>
    </p>
   </div>
   <div class='ocr_carea' id='block_1_54' title="bbox 93 3703 1727 3775">
    <p class='ocr_par' dir='ltr' id='par_1_54' title="bbox 93 3703 1727 3775">
     <span class='ocr_line' id='line_1_54' title="bbox 93 3703 1727 3775; baseline 0.001 -18"><span class='ocrx_word' id='word_1_342' title='bbox 93 3704 360 3770; x_wconf 87' lang='lat' dir='ltr'><strong>emendet,</strong></span> <span class='ocrx_word' id='word_1_343' title='bbox 405 3703 568 3774; x_wconf 90' lang='lat' dir='ltr'><strong>quod</strong></span> <span class='ocrx_word' id='word_1_344' title='bbox 617 3719 764 3758; x_wconf 90' lang='lat' dir='ltr'><strong>suus</strong></span> <span class='ocrx_word' id='word_1_345' title='bbox 817 3705 1148 3758; x_wconf 88' lang='lat' dir='ltr'><strong>antecessor</strong></span> <span class='ocrx_word' id='word_1_346' title='bbox 1195 3703 1412 3759; x_wconf 89' lang='lat' dir='ltr'><strong>amisit.</strong></span> <span class='ocrx_word' id='word_1_347' title='bbox 1464 3704 1727 3775; x_wconf 90' lang='lat' dir='ltr'><strong>Denique</strong></span> 
     </span>
    </p>
   </div>
   <div class='ocr_carea' id='block_1_55' title="bbox 93 3789 1724 3863">
    <p class='ocr_par' dir='ltr' id='par_1_55' title="bbox 93 3789 1724 3863">
     <span class='ocr_line' id='line_1_55' title="bbox 93 3789 1724 3863; baseline 0.001 -19"><span class='ocrx_word' id='word_1_348' title='bbox 93 3792 464 3863; x_wconf 83' lang='lat' dir='ltr'><strong>pracipiendo</strong></span> <span class='ocrx_word' id='word_1_349' title='bbox 519 3789 839 3856; x_wconf 86' lang='lat' dir='ltr'><strong>sancimus,</strong></span> <span class='ocrx_word' id='word_1_350' title='bbox 891 3793 956 3844; x_wconf 92' lang='lat' dir='ltr'><strong>ut</strong></span> <span class='ocrx_word' id='word_1_351' title='bbox 1011 3789 1210 3846; x_wconf 89' lang='lat' dir='ltr'><strong>nullus</strong></span> <span class='ocrx_word' id='word_1_352' title='bbox 1264 3792 1400 3860; x_wconf 84' lang='lat' dir='ltr'><strong>dux,</strong></span> <span class='ocrx_word' id='word_1_353' title='bbox 1443 3792 1724 3861; x_wconf 88' lang='lat' dir='ltr'><strong>marchio,</strong></span> 
     </span>
    </p>
   </div>
   <div class='ocr_carea' id='block_1_56' title="bbox 95 3878 1732 3952">
    <p class='ocr_par' dir='ltr' id='par_1_56' title="bbox 95 3878 1732 3952">
     <span class='ocr_line' id='line_1_56' title="bbox 95 3878 1732 3952; baseline 0.002 -20"><span class='ocrx_word' id='word_1_354' title='bbox 95 3879 410 3952; x_wconf 80' lang='lat' dir='ltr'><strong>cpiscopus,</strong></span> <span class='ocrx_word' id='word_1_355' title='bbox 439 3894 660 3944; x_wconf 88' lang='lat' dir='ltr'><strong>comes,</strong></span> <span class='ocrx_word' id='word_1_356' title='bbox 683 3878 1022 3947; x_wconf 90' lang='lat' dir='ltr'><strong>vicecomes,</strong></span> <span class='ocrx_word' id='word_1_357' title='bbox 1050 3882 1155 3934; x_wconf 90' lang='lat' dir='ltr'><strong>etc.</strong></span> <span class='ocrx_word' id='word_1_358' title='bbox 1183 3879 1240 3933; x_wconf 90' lang='lat' dir='ltr'><strong>Si</strong></span> <span class='ocrx_word' id='word_1_359' title='bbox 1275 3881 1407 3951; x_wconf 89' lang='lat' dir='ltr'><strong>quis</strong></span> <span class='ocrx_word' id='word_1_360' title='bbox 1435 3897 1568 3936; x_wconf 83' lang='lat' dir='ltr'><strong>vero</strong></span> <span class='ocrx_word' id='word_1_361' title='bbox 1600 3898 1732 3936; x_wconf 91' lang='lat' dir='ltr'><strong>con-</strong></span> 
     </span>
    </p>
   </div>
   <div class='ocr_carea' id='block_1_57' title="bbox 92 3966 1735 4040">
    <p class='ocr_par' dir='ltr' id='par_1_57' title="bbox 92 3966 1735 4040">
     <span class='ocr_line' id='line_1_57' title="bbox 92 3966 1735 4040; baseline 0.002 -19"><span class='ocrx_word' id='word_1_362' title='bbox 92 3973 170 4023; x_wconf 87' lang='lat' dir='ltr'><strong>tra</strong></span> <span class='ocrx_word' id='word_1_363' title='bbox 196 3969 302 4024; x_wconf 87' lang='lat' dir='ltr'><strong>hos</strong></span> <span class='ocrx_word' id='word_1_364' title='bbox 334 3974 575 4025; x_wconf 88' lang='lat' dir='ltr'><strong>nostros</strong></span> <span class='ocrx_word' id='word_1_365' title='bbox 599 3967 822 4039; x_wconf 85' lang='lat' dir='ltr'><strong>regales</strong></span> <span class='ocrx_word' id='word_1_366' title='bbox 845 3966 1037 4038; x_wconf 85' lang='lat' dir='ltr'><strong>apices</strong></span> <span class='ocrx_word' id='word_1_367' title='bbox 1067 3966 1390 4040; x_wconf 86' lang='lat' dir='ltr'><strong>insurgere,</strong></span> <span class='ocrx_word' id='word_1_368' title='bbox 1414 3975 1517 4025; x_wconf 89' lang='lat' dir='ltr'><strong>aut</strong></span> <span class='ocrx_word' id='word_1_369' title='bbox 1544 3970 1604 4024; x_wconf 91' lang='lat' dir='ltr'><strong>in</strong></span> <span class='ocrx_word' id='word_1_370' title='bbox 1635 3970 1735 4026; x_wconf 83' lang='lat' dir='ltr'><strong>ali-</strong></span> 
     </span>
    </p>
   </div>
   <div class='ocr_carea' id='block_1_58' title="bbox 95 4055 1734 4130">
    <p class='ocr_par' dir='ltr' id='par_1_58' title="bbox 95 4055 1734 4130">
     <span class='ocr_line' id='line_1_58' title="bbox 95 4055 1734 4130; baseline 0.002 -20"><span class='ocrx_word' id='word_1_371' title='bbox 95 4073 195 4126; x_wconf 85' lang='lat' dir='ltr'><strong>quo</strong></span> <span class='ocrx_word' id='word_1_372' title='bbox 221 4057 439 4114; x_wconf 88' lang='lat' dir='ltr'><strong>violare</strong></span> <span class='ocrx_word' id='word_1_373' title='bbox 472 4056 798 4121; x_wconf 87' lang='lat' dir='ltr'><strong>tentaverit,</strong></span> <span class='ocrx_word' id='word_1_374' title='bbox 832 4055 985 4110; x_wconf 89' lang='lat' dir='ltr'><strong>infra</strong></span> <span class='ocrx_word' id='word_1_375' title='bbox 1015 4055 1328 4112; x_wconf 90' lang='lat' dir='ltr'><strong>dictionem</strong></span> <span class='ocrx_word' id='word_1_376' title='bbox 1362 4059 1523 4130; x_wconf 84' lang='lat' dir='ltr'><strong>regni</strong></span> <span class='ocrx_word' id='word_1_377' title='bbox 1550 4060 1734 4114; x_wconf 90' lang='lat' dir='ltr'><strong>nostri</strong></span> 
     </span>
    </p>
   </div>
   <div class='ocr_carea' id='block_1_59' title="bbox 93 4143 1734 4219">
    <p class='ocr_par' dir='ltr' id='par_1_59' title="bbox 93 4143 1734 4219">
     <span class='ocr_line' id='line_1_59' title="bbox 93 4143 1734 4219; baseline 0.005 -23"><span class='ocrx_word' id='word_1_378' title='bbox 93 4146 421 4214; x_wconf 77' lang='lat' dir='ltr'><strong>consistens,</strong></span> <span class='ocrx_word' id='word_1_379' title='bbox 459 4145 609 4202; x_wconf 88' lang='lat' dir='ltr'><strong>sciat</strong></span> <span class='ocrx_word' id='word_1_380' title='bbox 647 4161 708 4201; x_wconf 88' lang='lat' dir='ltr'><strong>se</strong></span> <span class='ocrx_word' id='word_1_381' title='bbox 755 4143 936 4200; x_wconf 90' lang='lat' dir='ltr'><strong>libras</strong></span> <span class='ocrx_word' id='word_1_382' title='bbox 982 4144 1224 4217; x_wconf 88' lang='lat' dir='ltr'><strong>triginta</strong></span> <span class='ocrx_word' id='word_1_383' title='bbox 1270 4146 1397 4201; x_wconf 85' lang='lat' dir='ltr'><strong>auri</strong></span> <span class='ocrx_word' id='word_1_384' title='bbox 1447 4148 1734 4219; x_wconf 89' lang='lat' dir='ltr'><strong>probatis-</strong></span> 
     </span>
    </p>
   </div>
   <div class='ocr_carea' id='block_1_60' title="bbox 93 4232 1740 4306">
    <p class='ocr_par' dir='ltr' id='par_1_60' title="bbox 93 4232 1740 4306">
     <span class='ocr_line' id='line_1_60' title="bbox 93 4232 1740 4306; baseline 0.005 -21"><span class='ocrx_word' id='word_1_385' title='bbox 93 4232 211 4288; x_wconf 88' lang='lat' dir='ltr'><strong>simi</strong></span> <span class='ocrx_word' id='word_1_386' title='bbox 258 4233 689 4300; x_wconf 80' lang='lat' dir='ltr'><strong>exsoluturum,</strong></span> <span class='ocrx_word' id='word_1_387' title='bbox 740 4234 1113 4289; x_wconf 90' lang='lat' dir='ltr'><strong>medietatem</strong></span> <span class='ocrx_word' id='word_1_388' title='bbox 1149 4234 1410 4306; x_wconf 85' lang='lat' dir='ltr'><strong>pradicti</strong></span> <span class='ocrx_word' id='word_1_389' title='bbox 1449 4241 1740 4295; x_wconf 87' lang='lat' dir='ltr'><strong>monaste.</strong></span> 
     </span>
    </p>
   </div>
   <div class='ocr_carea' id='block_1_61' title="bbox 39 4321 1737 4394">
    <p class='ocr_par' dir='ltr' id='par_1_61' title="bbox 39 4321 1737 4394">
     <span class='ocr_line' id='line_1_61' title="bbox 39 4321 1737 4394; baseline 0.005 -21"><span class='ocrx_word' id='word_1_390' title='bbox 39 4327 45 4364; x_wconf 66' lang='grc' dir='ltr'><strong><em>τ</em></strong></span> <span class='ocrx_word' id='word_1_391' title='bbox 91 4322 171 4389; x_wconf 89' lang='lat' dir='ltr'><strong>rii,</strong></span> <span class='ocrx_word' id='word_1_392' title='bbox 203 4329 257 4379; x_wconf 90' lang='lat' dir='ltr'><strong>et</strong></span> <span class='ocrx_word' id='word_1_393' title='bbox 282 4323 657 4380; x_wconf 87' lang='lat' dir='ltr'><strong>medietatem</strong></span> <span class='ocrx_word' id='word_1_394' title='bbox 703 4321 906 4394; x_wconf 88' lang='lat' dir='ltr'><strong>palatii</strong></span> <span class='ocrx_word' id='word_1_395' title='bbox 958 4323 1163 4378; x_wconf 89' lang='lat' dir='ltr'><strong>nostri.</strong></span> <span class='ocrx_word' id='word_1_396' title='bbox 1199 4323 1270 4378; x_wconf 90' lang='lat' dir='ltr'><strong>Et</strong></span> <span class='ocrx_word' id='word_1_397' title='bbox 1312 4323 1421 4378; x_wconf 92' lang='lat' dir='ltr'><strong>hoc</strong></span> <span class='ocrx_word' id='word_1_398' title='bbox 1470 4329 1737 4382; x_wconf 89' lang='lat' dir='ltr'><strong>nostrum</strong></span> 
     </span>
    </p>
   </div>
   <div class='ocr_carea' id='block_1_62' title="bbox 90 4411 1743 4486">
    <p class='ocr_par' dir='ltr' id='par_1_62' title="bbox 90 4411 1743 4486">
     <span class='ocr_line' id='line_1_62' title="bbox 90 4411 1743 4486; baseline 0.003 -23"><span class='ocrx_word' id='word_1_399' title='bbox 90 4417 429 4484; x_wconf 69' lang='lat' dir='ltr'><strong>praeceptum</strong></span> <span class='ocrx_word' id='word_1_400' title='bbox 462 4411 525 4466; x_wconf 93' lang='lat' dir='ltr'><strong>in</strong></span> <span class='ocrx_word' id='word_1_401' title='bbox 572 4411 669 4466; x_wconf 90' lang='lat' dir='ltr'><strong>Dei</strong></span> <span class='ocrx_word' id='word_1_402' title='bbox 703 4411 962 4479; x_wconf 88' lang='lat' dir='ltr'><strong>nomine,</strong></span> <span class='ocrx_word' id='word_1_403' title='bbox 995 4416 1061 4467; x_wconf 92' lang='lat' dir='ltr'><strong>ut</strong></span> <span class='ocrx_word' id='word_1_404' title='bbox 1110 4411 1432 4482; x_wconf 89' lang='lat' dir='ltr'><strong>pleniorem</strong></span> <span class='ocrx_word' id='word_1_405' title='bbox 1483 4412 1743 4486; x_wconf 64' lang='lat' dir='ltr'><strong>obtineat</strong></span> 
     </span>
    </p>
   </div>
   <div class='ocr_carea' id='block_1_63' title="bbox 92 4498 586 4567">
    <p class='ocr_par' dir='ltr' id='par_1_63' title="bbox 92 4498 586 4567">
     <span class='ocr_line' id='line_1_63' title="bbox 92 4498 586 4567; baseline 0.01 -17"><span class='ocrx_word' id='word_1_406' title='bbox 92 4498 440 4567; x_wconf 76' lang='lat' dir='ltr'><strong>firmitatem,</strong></span> <span class='ocrx_word' id='word_1_407' title='bbox 473 4504 586 4556; x_wconf 91' lang='lat' dir='ltr'><strong>etc.</strong></span> 
     </span>
    </p>
   </div>
   <div class='ocr_carea' id='block_1_64' title="bbox 153 4588 1745 4659">
    <p class='ocr_par' dir='ltr' id='par_1_64' title="bbox 153 4588 1745 4659">
     <span class='ocr_line' id='line_1_64' title="bbox 153 4588 1745 4659; baseline 0.005 -19"><span class='ocrx_word' id='word_1_408' title='bbox 153 4588 378 4658; x_wconf 82' lang='lat' dir='ltr'><strong>Signum</strong></span> <span class='ocrx_word' id='word_1_409' title='bbox 406 4589 601 4644; x_wconf 83' lang='lat' dir='ltr'><strong>domui</strong></span> <span class='ocrx_word' id='word_1_410' title='bbox 630 4590 879 4645; x_wconf 83' lang='lat' dir='ltr'><strong>Heinrici</strong></span> <span class='ocrx_word' id='word_1_411' title='bbox 911 4592 1063 4645; x_wconf 86' lang='lat' dir='ltr'><strong>tertii</strong></span> <span class='ocrx_word' id='word_1_412' title='bbox 1091 4592 1236 4659; x_wconf 86' lang='lat' dir='ltr'><strong>regis</strong></span> <span class='ocrx_word' id='word_1_413' title='bbox 1268 4592 1638 4656; x_wconf 72' lang='lat' dir='ltr'><strong>invictissimi,</strong></span> <span class='ocrx_word' id='word_1_414' title='bbox 1665 4608 1745 4648; x_wconf 85' lang='lat' dir='ltr'><strong>se.</strong></span> 
     </span>
    </p>
   </div>
   <div class='ocr_carea' id='block_1_65' title="bbox 93 4675 1326 4749">
    <p class='ocr_par' dir='ltr' id='par_1_65' title="bbox 93 4675 1326 4749">
     <span class='ocr_line' id='line_1_65' title="bbox 93 4675 1326 4749; baseline 0.003 -19"><span class='ocrx_word' id='word_1_415' title='bbox 93 4675 246 4731; x_wconf 78' lang='lat' dir='ltr'><strong>eundi</strong></span> <span class='ocrx_word' id='word_1_416' title='bbox 275 4679 653 4734; x_wconf 81' lang='lat' dir='ltr'><strong>Romanorum</strong></span> <span class='ocrx_word' id='word_1_417' title='bbox 681 4679 1036 4748; x_wconf 76' lang='lat' dir='ltr'><strong>imperatoris</strong></span> <span class='ocrx_word' id='word_1_418' title='bbox 1066 4681 1326 4749; x_wconf 72' lang='lat' dir='ltr'><strong>Augusti.</strong></span> 
     </span>
    </p>
   </div>
   <div class='ocr_carea' id='block_1_66' title="bbox 155 4765 1743 4824">
    <p class='ocr_par' dir='ltr' id='par_1_66' title="bbox 155 4765 1743 4824">
     <span class='ocr_line' id='line_1_66' title="bbox 155 4765 1743 4824; baseline 0.004 -5"><span class='ocrx_word' id='word_1_419' title='bbox 155 4765 460 4822; x_wconf 82' lang='lat' dir='ltr'><strong>Heinricus</strong></span> <span class='ocrx_word' id='word_1_420' title='bbox 494 4765 884 4822; x_wconf 89' lang='lat' dir='ltr'><strong>cancellarius</strong></span> <span class='ocrx_word' id='word_1_421' title='bbox 913 4767 1037 4822; x_wconf 92' lang='lat' dir='ltr'><strong>vice</strong></span> <span class='ocrx_word' id='word_1_422' title='bbox 1075 4767 1412 4822; x_wconf 88' lang='lat' dir='ltr'><strong>Herimanni</strong></span> <span class='ocrx_word' id='word_1_423' title='bbox 1443 4767 1743 4824; x_wconf 87' lang='lat' dir='ltr'><strong>archican-</strong></span> 
     </span>
    </p>
   </div>
   <div class='ocr_carea' id='block_1_67' title="bbox 40 4849 675 4926">
    <p class='ocr_par' dir='ltr' id='par_1_67' title="bbox 40 4849 675 4926">
     <span class='ocr_line' id='line_1_67' title="bbox 40 4849 675 4926; baseline 0.013 -24"><span class='ocrx_word' id='word_1_424' title='bbox 40 4921 42 4924; x_wconf 15' lang='lat'>.</span> <span class='ocrx_word' id='word_1_425' title='bbox 95 4849 299 4909; x_wconf 85' lang='lat' dir='ltr'><strong>cellarii</strong></span> <span class='ocrx_word' id='word_1_426' title='bbox 337 4855 675 4926; x_wconf 88' lang='lat' dir='ltr'><strong>recognovi.</strong></span> 
     </span>
    </p>
   </div>
   <div class='ocr_carea' id='block_1_68' title="bbox 39 4935 1746 5013">
    <p class='ocr_par' dir='ltr' id='par_1_68' title="bbox 39 4935 1746 5013">
     <span class='ocr_line' id='line_1_68' title="bbox 39 4935 1746 5013; baseline 0.005 -19"><span class='ocrx_word' id='word_1_427' title='bbox 39 4935 46 4962; x_wconf 79' lang='grc'>⁷</span> <span class='ocrx_word' id='word_1_428' title='bbox 149 4942 299 4999; x_wconf 88' lang='lat' dir='ltr'><strong>Data</strong></span> <span class='ocrx_word' id='word_1_429' title='bbox 325 4961 430 5000; x_wconf 85' lang='lat' dir='ltr'><strong>vm</strong></span> <span class='ocrx_word' id='word_1_430' title='bbox 461 4944 526 4999; x_wconf 90' lang='lat' dir='ltr'><strong>Id</strong></span> <span class='ocrx_word' id='word_1_431' title='bbox 538 4960 604 5000; x_wconf 92' lang='lat' dir='ltr'><strong>us</strong></span> <span class='ocrx_word' id='word_1_432' title='bbox 627 4944 782 5013; x_wconf 89' lang='lat' dir='ltr'><strong>Maii,</strong></span> <span class='ocrx_word' id='word_1_433' title='bbox 807 4961 960 5000; x_wconf 90' lang='lat' dir='ltr'><strong>anno</strong></span> <span class='ocrx_word' id='word_1_434' title='bbox 984 4945 1298 5000; x_wconf 85' lang='lat' dir='ltr'><strong>Dominica</strong></span> <span class='ocrx_word' id='word_1_435' title='bbox 1324 4945 1746 5002; x_wconf 88' lang='lat' dir='ltr'><strong>Incarnationis</strong></span> 
     </span>
    </p>
   </div>
   <div class='ocr_carea' id='block_1_69' title="bbox 99 5029 1749 5100">
    <p class='ocr_par' dir='ltr' id='par_1_69' title="bbox 99 5029 1749 5100">
     <span class='ocr_line' id='line_1_69' title="bbox 99 5029 1749 5100; baseline 0.008 -18"><span class='ocrx_word' id='word_1_436' title='bbox 99 5029 243 5099; x_wconf 81' lang='grc'><strong>1047,</strong></span> <span class='ocrx_word' id='word_1_437' title='bbox 265 5032 592 5087; x_wconf 88' lang='lat' dir='ltr'><strong>indictione</strong></span> <span class='ocrx_word' id='word_1_438' title='bbox 617 5050 707 5100; x_wconf 81' lang='lat' dir='ltr'><strong>xv,</strong></span> <span class='ocrx_word' id='word_1_439' title='bbox 733 5050 887 5089; x_wconf 91' lang='lat' dir='ltr'><strong>anno</strong></span> <span class='ocrx_word' id='word_1_440' title='bbox 920 5038 1118 5088; x_wconf 91' lang='lat' dir='ltr'><strong>autem</strong></span> <span class='ocrx_word' id='word_1_441' title='bbox 1139 5035 1343 5089; x_wconf 91' lang='lat' dir='ltr'><strong>domni</strong></span> <span class='ocrx_word' id='word_1_442' title='bbox 1371 5035 1615 5091; x_wconf 87' lang='lat' dir='ltr'><strong>[leinrici</strong></span> <span class='ocrx_word' id='word_1_443' title='bbox 1641 5040 1749 5096; x_wconf 88' lang='lat' dir='ltr'><strong>ter.</strong></span> 
     </span>
    </p>
   </div>
   <div class='ocr_carea' id='block_1_70' title="bbox 94 5117 1749 5194">
    <p class='ocr_par' dir='ltr' id='par_1_70' title="bbox 94 5117 1749 5194">
     <span class='ocr_line' id='line_1_70' title="bbox 94 5117 1749 5194; baseline 0.007 -25"><span class='ocrx_word' id='word_1_444' title='bbox 94 5117 174 5185; x_wconf 83' lang='lat' dir='ltr'><strong>tii,</strong></span> <span class='ocrx_word' id='word_1_445' title='bbox 203 5120 599 5177; x_wconf 83' lang='lat' dir='ltr'><strong>ordinationis</strong></span> <span class='ocrx_word' id='word_1_446' title='bbox 645 5123 774 5193; x_wconf 86' lang='lat' dir='ltr'><strong>ejus</strong></span> <span class='ocrx_word' id='word_1_447' title='bbox 825 5137 985 5190; x_wconf 84' lang='lat' dir='ltr'><strong>xvm,</strong></span> <span class='ocrx_word' id='word_1_448' title='bbox 1018 5123 1318 5194; x_wconf 89' lang='lat' dir='ltr'><strong>regnantis</strong></span> <span class='ocrx_word' id='word_1_449' title='bbox 1349 5141 1472 5189; x_wconf 86' lang='lat' dir='ltr'><strong>vm,</strong></span> <span class='ocrx_word' id='word_1_450' title='bbox 1507 5125 1749 5180; x_wconf 88' lang='lat' dir='ltr'><strong>secundi</strong></span> 
     </span>
    </p>
   </div>
   <div class='ocr_carea' id='block_1_71' title="bbox 101 5204 687 5281">
    <p class='ocr_par' dir='ltr' id='par_1_71' title="bbox 101 5204 687 5281">
     <span class='ocr_line' id='line_1_71' title="bbox 101 5204 687 5281; baseline 0.005 -19"><span class='ocrx_word' id='word_1_451' title='bbox 101 5204 440 5279; x_wconf 87' lang='lat' dir='ltr'><strong>imperantis</strong></span> <span class='ocrx_word' id='word_1_452' title='bbox 472 5207 687 5281; x_wconf 88' lang='lat' dir='ltr'><strong>primo.</strong></span> 
     </span>
    </p>
   </div>
   <div class='ocr_carea' id='block_1_72' title="bbox 155 5298 1660 5362">
    <p class='ocr_par' dir='ltr' id='par_1_72' title="bbox 155 5298 1660 5362">
     <span class='ocr_line' id='line_1_72' title="bbox 155 5298 1660 5362; baseline 0.003 -8"><span class='ocrx_word' id='word_1_453' title='bbox 155 5300 365 5356; x_wconf 87' lang='lat' dir='ltr'><strong>Actum</strong></span> <span class='ocrx_word' id='word_1_454' title='bbox 399 5298 643 5358; x_wconf 85' lang='lat' dir='ltr'><strong>Folerni</strong></span> <span class='ocrx_word' id='word_1_455' title='bbox 672 5299 731 5356; x_wconf 92' lang='lat' dir='ltr'><strong>in</strong></span> <span class='ocrx_word' id='word_1_456' title='bbox 761 5299 861 5358; x_wconf 86' lang='lat' dir='ltr'><strong>Dei</strong></span> <span class='ocrx_word' id='word_1_457' title='bbox 896 5299 1135 5358; x_wconf 86' lang='lat' dir='ltr'><strong>nomine</strong></span> <span class='ocrx_word' id='word_1_458' title='bbox 1162 5300 1424 5362; x_wconf 79' lang='lat' dir='ltr'><strong>feliciter.</strong></span> <span class='ocrx_word' id='word_1_459' title='bbox 1456 5304 1660 5360; x_wconf 86' lang='lat' dir='ltr'><strong>Amen.</strong></span> 
     </span>
    </p>
   </div>
   <div class='ocr_carea' id='block_1_73' title="bbox 1845 1841 3494 1912">
    <p class='ocr_par' dir='ltr' id='par_1_73' title="bbox 1845 1841 3494 1912">
     <span class='ocr_line' id='line_1_73' title="bbox 1845 1841 3494 1912; baseline 0 -13"><span class='ocrx_word' id='word_1_460' title='bbox 1845 1860 2057 1899; x_wconf 90' lang='lat' dir='ltr'><strong>conum</strong></span> <span class='ocrx_word' id='word_1_461' title='bbox 2116 1846 2375 1898; x_wconf 89' lang='lat' dir='ltr'><strong>nostram</strong></span> <span class='ocrx_word' id='word_1_462' title='bbox 2429 1842 2735 1897; x_wconf 91' lang='lat' dir='ltr'><strong>humiliter</strong></span> <span class='ocrx_word' id='word_1_463' title='bbox 2778 1857 3047 1899; x_wconf 83' lang='lat' dir='ltr'><strong>exorasse</strong></span> <span class='ocrx_word' id='word_1_464' title='bbox 3101 1841 3494 1912; x_wconf 85' lang='lat' dir='ltr'><strong>clementiam,</strong></span> 
     </span>
    </p>
   </div>
   <div class='ocr_carea' id='block_1_74' title="bbox 1843 1930 3494 2004">
    <p class='ocr_par' dir='ltr' id='par_1_74' title="bbox 1843 1930 3494 2004">
     <span class='ocr_line' id='line_1_74' title="bbox 1843 1930 3494 2004; baseline 0.001 -17"><span class='ocrx_word' id='word_1_465' title='bbox 1843 1937 2134 2004; x_wconf 88' lang='lat' dir='ltr'><strong>quatenus</strong></span> <span class='ocrx_word' id='word_1_466' title='bbox 2167 1948 2270 2003; x_wconf 91' lang='lat' dir='ltr'><strong>pro</strong></span> <span class='ocrx_word' id='word_1_467' title='bbox 2304 1930 2404 1986; x_wconf 87' lang='lat' dir='ltr'><strong>Dei</strong></span> <span class='ocrx_word' id='word_1_468' title='bbox 2437 1930 2859 2002; x_wconf 88' lang='lat' dir='ltr'><strong>omnipotentis</strong></span> <span class='ocrx_word' id='word_1_469' title='bbox 2902 1947 3121 2003; x_wconf 89' lang='lat' dir='ltr'><strong>amore,</strong></span> <span class='ocrx_word' id='word_1_470' title='bbox 3151 1935 3210 1988; x_wconf 89' lang='lat' dir='ltr'><strong>et</strong></span> <span class='ocrx_word' id='word_1_471' title='bbox 3238 1932 3494 1989; x_wconf 89' lang='lat' dir='ltr'><strong>remedio</strong></span> 
     </span>
    </p>
   </div>
   <div class='ocr_carea' id='block_1_75' title="bbox 1843 2019 3495 2092">
    <p class='ocr_par' dir='ltr' id='par_1_75' title="bbox 1843 2019 3495 2092">
     <span class='ocr_line' id='line_1_75' title="bbox 1843 2019 3495 2092; baseline 0 -16"><span class='ocrx_word' id='word_1_472' title='bbox 1843 2021 2050 2076; x_wconf 87' lang='lat' dir='ltr'><strong>anima</strong></span> <span class='ocrx_word' id='word_1_473' title='bbox 2082 2024 2316 2085; x_wconf 90' lang='lat' dir='ltr'><strong>nostra,</strong></span> <span class='ocrx_word' id='word_1_474' title='bbox 2349 2035 2452 2074; x_wconf 91' lang='lat' dir='ltr'><strong>nec</strong></span> <span class='ocrx_word' id='word_1_475' title='bbox 2502 2037 2617 2075; x_wconf 91' lang='lat' dir='ltr'><strong>non</strong></span> <span class='ocrx_word' id='word_1_476' title='bbox 2662 2024 2719 2074; x_wconf 92' lang='lat' dir='ltr'><strong>et</strong></span> <span class='ocrx_word' id='word_1_477' title='bbox 2762 2025 2968 2092; x_wconf 89' lang='lat' dir='ltr'><strong>rogatu</strong></span> <span class='ocrx_word' id='word_1_478' title='bbox 3024 2019 3278 2077; x_wconf 89' lang='lat' dir='ltr'><strong>Heinrici</strong></span> <span class='ocrx_word' id='word_1_479' title='bbox 3310 2021 3495 2078; x_wconf 91' lang='lat' dir='ltr'><strong>nostri</strong></span> 
     </span>
    </p>
   </div>
   <div class='ocr_carea' id='block_1_76' title="bbox 1841 2107 3494 2180">
    <p class='ocr_par' dir='ltr' id='par_1_76' title="bbox 1841 2107 3494 2180">
     <span class='ocr_line' id='line_1_76' title="bbox 1841 2107 3494 2180; baseline 0 -15"><span class='ocrx_word' id='word_1_480' title='bbox 1841 2108 2208 2166; x_wconf 89' lang='lat' dir='ltr'><strong>dilectissimi</strong></span> <span class='ocrx_word' id='word_1_481' title='bbox 2267 2107 2599 2164; x_wconf 89' lang='lat' dir='ltr'><strong>cancellarii</strong></span> <span class='ocrx_word' id='word_1_482' title='bbox 2644 2109 2846 2164; x_wconf 89' lang='lat' dir='ltr'><strong>omnia</strong></span> <span class='ocrx_word' id='word_1_483' title='bbox 2895 2113 3180 2180; x_wconf 89' lang='lat' dir='ltr'><strong>pracepta</strong></span> <span class='ocrx_word' id='word_1_484' title='bbox 3237 2126 3363 2180; x_wconf 86' lang='lat' dir='ltr'><strong>qua</strong></span> <span class='ocrx_word' id='word_1_485' title='bbox 3421 2110 3494 2165; x_wconf 91' lang='lat' dir='ltr'><strong>ab</strong></span> 
     </span>
    </p>
   </div>
   <div class='ocr_carea' id='block_1_77' title="bbox 1842 2197 3488 2266">
    <p class='ocr_par' dir='ltr' id='par_1_77' title="bbox 1842 2197 3488 2266">
     <span class='ocr_line' id='line_1_77' title="bbox 1842 2197 3488 2266; baseline -0.001 -12"><span class='ocrx_word' id='word_1_486' title='bbox 1842 2197 2309 2254; x_wconf 88' lang='lat' dir='ltr'><strong>antecessoribus</strong></span> <span class='ocrx_word' id='word_1_487' title='bbox 2334 2197 2570 2263; x_wconf 87' lang='lat' dir='ltr'><strong>nostris,</strong></span> <span class='ocrx_word' id='word_1_488' title='bbox 2591 2213 2694 2251; x_wconf 90' lang='lat' dir='ltr'><strong>seu</strong></span> <span class='ocrx_word' id='word_1_489' title='bbox 2721 2197 3111 2252; x_wconf 89' lang='lat' dir='ltr'><strong>instrumenta</strong></span> <span class='ocrx_word' id='word_1_490' title='bbox 3132 2197 3488 2266; x_wconf 86' lang='lat' dir='ltr'><strong>chartarum,</strong></span> 
     </span>
    </p>
   </div>
   <div class='ocr_carea' id='block_1_78' title="bbox 1841 2284 3490 2360">
    <p class='ocr_par' dir='ltr' id='par_1_78' title="bbox 1841 2284 3490 2360">
     <span class='ocr_line' id='line_1_78' title="bbox 1841 2284 3490 2360; baseline -0.001 -17"><span class='ocrx_word' id='word_1_491' title='bbox 1841 2305 1966 2360; x_wconf 75' lang='lat' dir='ltr'><strong>qua</strong></span> <span class='ocrx_word' id='word_1_492' title='bbox 2001 2305 2033 2341; x_wconf 72' lang='grc' dir='ltr'><strong>ει</strong></span> <span class='ocrx_word' id='word_1_493' title='bbox 2062 2285 2336 2342; x_wconf 85' lang='lat' dir='ltr'><strong>fidelibus</strong></span> <span class='ocrx_word' id='word_1_494' title='bbox 2366 2284 2506 2340; x_wconf 88' lang='lat' dir='ltr'><strong>viris</strong></span> <span class='ocrx_word' id='word_1_495' title='bbox 2557 2288 2770 2340; x_wconf 87' lang='lat' dir='ltr'><strong>sancta</strong></span> <span class='ocrx_word' id='word_1_496' title='bbox 2821 2284 3176 2341; x_wconf 89' lang='lat' dir='ltr'><strong>Pataviensis</strong></span> <span class='ocrx_word' id='word_1_497' title='bbox 3224 2284 3490 2342; x_wconf 85' lang='lat' dir='ltr'><strong>Ecclesia</strong></span> 
     </span>
    </p>
   </div>
   <div class='ocr_carea' id='block_1_79' title="bbox 1841 2373 3490 2448">
    <p class='ocr_par' dir='ltr' id='par_1_79' title="bbox 1841 2373 3490 2448">
     <span class='ocr_line' id='line_1_79' title="bbox 1841 2373 3490 2448; baseline -0.001 -17"><span class='ocrx_word' id='word_1_498' title='bbox 1841 2393 2026 2448; x_wconf 90' lang='lat' dir='ltr'><strong>nuper</strong></span> <span class='ocrx_word' id='word_1_499' title='bbox 2055 2374 2266 2430; x_wconf 91' lang='lat' dir='ltr'><strong>collata</strong></span> <span class='ocrx_word' id='word_1_500' title='bbox 2309 2378 2467 2441; x_wconf 90' lang='lat' dir='ltr'><strong>sunt,</strong></span> <span class='ocrx_word' id='word_1_501' title='bbox 2501 2378 2702 2428; x_wconf 90' lang='lat' dir='ltr'><strong>nostra</strong></span> <span class='ocrx_word' id='word_1_502' title='bbox 2743 2373 3085 2429; x_wconf 88' lang='lat' dir='ltr'><strong>auctoritate</strong></span> <span class='ocrx_word' id='word_1_503' title='bbox 3113 2374 3490 2431; x_wconf 89' lang='lat' dir='ltr'><strong>corroborare</strong></span> 
     </span>
    </p>
   </div>
   <div class='ocr_carea' id='block_1_80' title="bbox 1839 2461 3489 2537">
    <p class='ocr_par' dir='ltr' id='par_1_80' title="bbox 1839 2461 3489 2537">
     <span class='ocr_line' id='line_1_80' title="bbox 1839 2461 3489 2537; baseline -0.001 -17"><span class='ocrx_word' id='word_1_504' title='bbox 1839 2465 2233 2537; x_wconf 89' lang='lat' dir='ltr'><strong>dignaremur.</strong></span> <span class='ocrx_word' id='word_1_505' title='bbox 2267 2463 2526 2525; x_wconf 87' lang='lat' dir='ltr'><strong>Quorum</strong></span> <span class='ocrx_word' id='word_1_506' title='bbox 2559 2461 2828 2534; x_wconf 88' lang='lat' dir='ltr'><strong>precibus</strong></span> <span class='ocrx_word' id='word_1_507' title='bbox 2871 2466 2990 2516; x_wconf 89' lang='lat' dir='ltr'><strong>tam</strong></span> <span class='ocrx_word' id='word_1_508' title='bbox 3025 2478 3128 2534; x_wconf 76' lang='lat' dir='ltr'><strong>pro</strong></span> <span class='ocrx_word' id='word_1_509' title='bbox 3157 2461 3260 2518; x_wconf 90' lang='lat' dir='ltr'><strong>Dei</strong></span> <span class='ocrx_word' id='word_1_510' title='bbox 3290 2479 3489 2519; x_wconf 90' lang='lat' dir='ltr'><strong>amore</strong></span> 
     </span>
    </p>
   </div>
   <div class='ocr_carea' id='block_1_81' title="bbox 1837 2549 3490 2626">
    <p class='ocr_par' dir='ltr' id='par_1_81' title="bbox 1837 2549 3490 2626">
     <span class='ocr_line' id='line_1_81' title="bbox 1837 2549 3490 2626; baseline -0.001 -18"><span class='ocrx_word' id='word_1_511' title='bbox 1837 2570 2015 2626; x_wconf 87' lang='lat' dir='ltr'><strong>quam</strong></span> <span class='ocrx_word' id='word_1_512' title='bbox 2047 2570 2150 2624; x_wconf 91' lang='lat' dir='ltr'><strong>pro</strong></span> <span class='ocrx_word' id='word_1_513' title='bbox 2199 2551 2464 2622; x_wconf 87' lang='lat' dir='ltr'><strong>ejusdem</strong></span> <span class='ocrx_word' id='word_1_514' title='bbox 2513 2549 2782 2606; x_wconf 85' lang='lat' dir='ltr'><strong>Ecclesia</strong></span> <span class='ocrx_word' id='word_1_515' title='bbox 2826 2550 3195 2607; x_wconf 84' lang='lat' dir='ltr'><strong>veneratione</strong></span> <span class='ocrx_word' id='word_1_516' title='bbox 3240 2550 3490 2607; x_wconf 89' lang='lat' dir='ltr'><strong>libenter</strong></span> 
     </span>
    </p>
   </div>
   <div class='ocr_carea' id='block_1_82' title="bbox 1837 2639 3490 2712">
    <p class='ocr_par' dir='ltr' id='par_1_82' title="bbox 1837 2639 3490 2712">
     <span class='ocr_line' id='line_1_82' title="bbox 1837 2639 3490 2712; baseline -0.002 -14"><span class='ocrx_word' id='word_1_517' title='bbox 1837 2658 2146 2698; x_wconf 89' lang='lat' dir='ltr'><strong>assensum</strong></span> <span class='ocrx_word' id='word_1_518' title='bbox 2180 2639 2740 2712; x_wconf 82' lang='lat' dir='ltr'><strong>prabentes,omnia</strong></span> <span class='ocrx_word' id='word_1_519' title='bbox 2759 2656 2885 2712; x_wconf 89' lang='lat' dir='ltr'><strong>qua</strong></span> <span class='ocrx_word' id='word_1_520' title='bbox 2915 2656 3018 2712; x_wconf 90' lang='lat' dir='ltr'><strong>per</strong></span> <span class='ocrx_word' id='word_1_521' title='bbox 3046 2644 3333 2712; x_wconf 87' lang='lat' dir='ltr'><strong>pracepta</strong></span> <span class='ocrx_word' id='word_1_522' title='bbox 3352 2639 3490 2696; x_wconf 88' lang='lat' dir='ltr'><strong>alio-</strong></span> 
     </span>
    </p>
   </div>
   <div class='ocr_carea' id='block_1_83' title="bbox 1836 2728 3490 2803">
    <p class='ocr_par' dir='ltr' id='par_1_83' title="bbox 1836 2728 3490 2803">
     <span class='ocr_line' id='line_1_83' title="bbox 1836 2728 3490 2803; baseline -0.001 -17"><span class='ocrx_word' id='word_1_523' title='bbox 1836 2748 1966 2786; x_wconf 88' lang='lat' dir='ltr'><strong>rum</strong></span> <span class='ocrx_word' id='word_1_524' title='bbox 1993 2747 2195 2803; x_wconf 86' lang='lat' dir='ltr'><strong>regum</strong></span> <span class='ocrx_word' id='word_1_525' title='bbox 2211 2728 2299 2785; x_wconf 88' lang='lat' dir='ltr'><strong>vel</strong></span> <span class='ocrx_word' id='word_1_526' title='bbox 2325 2728 2766 2800; x_wconf 87' lang='lat' dir='ltr'><strong>imperatorum,</strong></span> <span class='ocrx_word' id='word_1_527' title='bbox 2791 2744 2896 2783; x_wconf 92' lang='lat' dir='ltr'><strong>nec</strong></span> <span class='ocrx_word' id='word_1_528' title='bbox 2918 2744 3035 2784; x_wconf 92' lang='lat' dir='ltr'><strong>non</strong></span> <span class='ocrx_word' id='word_1_529' title='bbox 3058 2745 3184 2801; x_wconf 85' lang='lat' dir='ltr'><strong>qua</strong></span> <span class='ocrx_word' id='word_1_530' title='bbox 3206 2745 3309 2801; x_wconf 89' lang='lat' dir='ltr'><strong>per</strong></span> <span class='ocrx_word' id='word_1_531' title='bbox 3326 2728 3490 2784; x_wconf 86' lang='lat' dir='ltr'><strong>char-</strong></span> 
     </span>
    </p>
   </div>
   <div class='ocr_carea' id='block_1_84' title="bbox 1834 2815 3488 2875">
    <p class='ocr_par' dir='ltr' id='par_1_84' title="bbox 1834 2815 3488 2875">
     <span class='ocr_line' id='line_1_84' title="bbox 1834 2815 3488 2875; baseline -0.002 0"><span class='ocrx_word' id='word_1_532' title='bbox 1834 2825 2029 2875; x_wconf 88' lang='lat' dir='ltr'><strong>tarum</strong></span> <span class='ocrx_word' id='word_1_533' title='bbox 2062 2819 2454 2874; x_wconf 90' lang='lat' dir='ltr'><strong>instrumenta</strong></span> <span class='ocrx_word' id='word_1_534' title='bbox 2485 2816 2670 2872; x_wconf 91' lang='lat' dir='ltr'><strong>eidem</strong></span> <span class='ocrx_word' id='word_1_535' title='bbox 2703 2815 2971 2872; x_wconf 84' lang='lat' dir='ltr'><strong>Ecclesia</strong></span> <span class='ocrx_word' id='word_1_536' title='bbox 3001 2817 3227 2872; x_wconf 91' lang='lat' dir='ltr'><strong>dudum</strong></span> <span class='ocrx_word' id='word_1_537' title='bbox 3250 2833 3284 2872; x_wconf 88' lang='lat' dir='ltr'><strong>a</strong></span> <span class='ocrx_word' id='word_1_538' title='bbox 3303 2816 3488 2874; x_wconf 85' lang='lat' dir='ltr'><strong>ﬁdeli-</strong></span> 
     </span>
    </p>
   </div>
   <div class='ocr_carea' id='block_1_85' title="bbox 1835 2904 3488 2978">
    <p class='ocr_par' dir='ltr' id='par_1_85' title="bbox 1835 2904 3488 2978">
     <span class='ocr_line' id='line_1_85' title="bbox 1835 2904 3488 2978; baseline -0.001 -15"><span class='ocrx_word' id='word_1_539' title='bbox 1835 2910 1946 2963; x_wconf 91' lang='lat' dir='ltr'><strong>bus</strong></span> <span class='ocrx_word' id='word_1_540' title='bbox 1962 2907 2103 2962; x_wconf 88' lang='lat' dir='ltr'><strong>viris</strong></span> <span class='ocrx_word' id='word_1_541' title='bbox 2119 2906 2314 2962; x_wconf 89' lang='lat' dir='ltr'><strong>oblata</strong></span> <span class='ocrx_word' id='word_1_542' title='bbox 2331 2910 2489 2972; x_wconf 88' lang='lat' dir='ltr'><strong>sunt,</strong></span> <span class='ocrx_word' id='word_1_543' title='bbox 2507 2922 2611 2978; x_wconf 93' lang='lat' dir='ltr'><strong>per</strong></span> <span class='ocrx_word' id='word_1_544' title='bbox 2625 2904 2777 2961; x_wconf 89' lang='lat' dir='ltr'><strong>hanc</strong></span> <span class='ocrx_word' id='word_1_545' title='bbox 2799 2910 3062 2961; x_wconf 89' lang='lat' dir='ltr'><strong>nostram</strong></span> <span class='ocrx_word' id='word_1_546' title='bbox 3084 2906 3488 2962; x_wconf 86' lang='lat' dir='ltr'><strong>auctoritatem</strong></span> 
     </span>
    </p>
   </div>
   <div class='ocr_carea' id='block_1_86' title="bbox 1834 2993 3487 3069">
    <p class='ocr_par' dir='ltr' id='par_1_86' title="bbox 1834 2993 3487 3069">
     <span class='ocr_line' id='line_1_86' title="bbox 1834 2993 3487 3069; baseline 0 -17"><span class='ocrx_word' id='word_1_547' title='bbox 1834 2997 2082 3069; x_wconf 86' lang='lat' dir='ltr'><strong>prafata</strong></span> <span class='ocrx_word' id='word_1_548' title='bbox 2102 2994 2457 3050; x_wconf 89' lang='lat' dir='ltr'><strong>Pataviensis</strong></span> <span class='ocrx_word' id='word_1_549' title='bbox 2484 2993 2748 3049; x_wconf 89' lang='lat' dir='ltr'><strong>Ecclesia</strong></span> <span class='ocrx_word' id='word_1_550' title='bbox 2773 2995 3216 3050; x_wconf 87' lang='lat' dir='ltr'><strong>confirmamus.</strong></span> <span class='ocrx_word' id='word_1_551' title='bbox 3232 2995 3346 3051; x_wconf 90' lang='lat' dir='ltr'><strong>Nec</strong></span> <span class='ocrx_word' id='word_1_552' title='bbox 3369 3011 3487 3052; x_wconf 88' lang='lat' dir='ltr'><strong>non</strong></span> 
     </span>
    </p>
   </div>
   <div class='ocr_carea' id='block_1_87' title="bbox 1834 3080 3486 3152">
    <p class='ocr_par' dir='ltr' id='par_1_87' title="bbox 1834 3080 3486 3152">
     <span class='ocr_line' id='line_1_87' title="bbox 1834 3080 3486 3152; baseline -0.001 -11"><span class='ocrx_word' id='word_1_553' title='bbox 1834 3085 2151 3141; x_wconf 88' lang='lat' dir='ltr'><strong>statuimus</strong></span> <span class='ocrx_word' id='word_1_554' title='bbox 2181 3087 2246 3138; x_wconf 92' lang='lat' dir='ltr'><strong>ut</strong></span> <span class='ocrx_word' id='word_1_555' title='bbox 2275 3080 2540 3138; x_wconf 88' lang='lat' dir='ltr'><strong>canonici</strong></span> <span class='ocrx_word' id='word_1_556' title='bbox 2570 3082 2834 3152; x_wconf 90' lang='lat' dir='ltr'><strong>ejusdem</strong></span> <span class='ocrx_word' id='word_1_557' title='bbox 2874 3081 3137 3138; x_wconf 89' lang='lat' dir='ltr'><strong>Ecclesia</strong></span> <span class='ocrx_word' id='word_1_558' title='bbox 3169 3081 3486 3139; x_wconf 81' lang='lat' dir='ltr'><strong>servientes</strong></span> 
     </span>
    </p>
   </div>
   <div class='ocr_carea' id='block_1_88' title="bbox 1834 3169 3482 3230">
    <p class='ocr_par' dir='ltr' id='par_1_88' title="bbox 1834 3169 3482 3230">
     <span class='ocr_line' id='line_1_88' title="bbox 1834 3169 3482 3230; baseline -0.004 1"><span class='ocrx_word' id='word_1_559' title='bbox 1834 3191 1990 3230; x_wconf 90' lang='lat' dir='ltr'><strong>nunc</strong></span> <span class='ocrx_word' id='word_1_560' title='bbox 2015 3178 2071 3229; x_wconf 91' lang='lat' dir='ltr'><strong>et</strong></span> <span class='ocrx_word' id='word_1_561' title='bbox 2101 3187 2468 3228; x_wconf 89' lang='lat' dir='ltr'><strong>successores</strong></span> <span class='ocrx_word' id='word_1_562' title='bbox 2499 3169 2736 3224; x_wconf 90' lang='lat' dir='ltr'><strong>illorum</strong></span> <span class='ocrx_word' id='word_1_563' title='bbox 2775 3169 3021 3226; x_wconf 87' lang='lat' dir='ltr'><strong>liberam</strong></span> <span class='ocrx_word' id='word_1_564' title='bbox 3059 3169 3318 3226; x_wconf 84' lang='lat' dir='ltr'><strong>habeant</strong></span> <span class='ocrx_word' id='word_1_565' title='bbox 3346 3185 3482 3225; x_wconf 90' lang='lat' dir='ltr'><strong>cum</strong></span> 
     </span>
    </p>
   </div>
   <div class='ocr_carea' id='block_1_89' title="bbox 1829 3257 3481 3332">
    <p class='ocr_par' dir='ltr' id='par_1_89' title="bbox 1829 3257 3481 3332">
     <span class='ocr_line' id='line_1_89' title="bbox 1829 3257 3481 3332; baseline -0.004 -13"><span class='ocrx_word' id='word_1_566' title='bbox 1829 3279 2117 3320; x_wconf 90' lang='lat' dir='ltr'><strong>consensu</strong></span> <span class='ocrx_word' id='word_1_567' title='bbox 2148 3258 2541 3332; x_wconf 90' lang='lat' dir='ltr'><strong>episcopi,qui</strong></span> <span class='ocrx_word' id='word_1_568' title='bbox 2574 3274 2676 3329; x_wconf 93' lang='lat' dir='ltr'><strong>pro</strong></span> <span class='ocrx_word' id='word_1_569' title='bbox 2707 3262 2968 3328; x_wconf 90' lang='lat' dir='ltr'><strong>tempore</strong></span> <span class='ocrx_word' id='word_1_570' title='bbox 3000 3257 3193 3325; x_wconf 84' lang='lat' dir='ltr'><strong>fuerit,</strong></span> <span class='ocrx_word' id='word_1_571' title='bbox 3231 3261 3481 3330; x_wconf 87' lang='lat' dir='ltr'><strong>potesta-</strong></span> 
     </span>
    </p>
   </div>
   <div class='ocr_carea' id='block_1_90' title="bbox 1828 3345 3477 3418">
    <p class='ocr_par' dir='ltr' id='par_1_90' title="bbox 1828 3345 3477 3418">
     <span class='ocr_line' id='line_1_90' title="bbox 1828 3345 3477 3418; baseline -0.005 -10"><span class='ocrx_word' id='word_1_572' title='bbox 1828 3356 1947 3408; x_wconf 90' lang='lat' dir='ltr'><strong>tem</strong></span> <span class='ocrx_word' id='word_1_573' title='bbox 1980 3351 2050 3406; x_wconf 90' lang='lat' dir='ltr'><strong>de</strong></span> <span class='ocrx_word' id='word_1_574' title='bbox 2081 3349 2376 3413; x_wconf 89' lang='lat' dir='ltr'><strong>omnibus,</strong></span> <span class='ocrx_word' id='word_1_575' title='bbox 2405 3364 2530 3418; x_wconf 88' lang='lat' dir='ltr'><strong>qua</strong></span> <span class='ocrx_word' id='word_1_576' title='bbox 2573 3345 2691 3400; x_wconf 91' lang='lat' dir='ltr'><strong>illis</strong></span> <span class='ocrx_word' id='word_1_577' title='bbox 2727 3346 2888 3417; x_wconf 90' lang='lat' dir='ltr'><strong>juste</strong></span> <span class='ocrx_word' id='word_1_578' title='bbox 2920 3349 2978 3401; x_wconf 84' lang='lat' dir='ltr'><strong>et</strong></span> <span class='ocrx_word' id='word_1_579' title='bbox 3005 3345 3272 3418; x_wconf 89' lang='lat' dir='ltr'><strong>legaliter</strong></span> <span class='ocrx_word' id='word_1_580' title='bbox 3299 3345 3477 3418; x_wconf 86' lang='lat' dir='ltr'><strong>perti-</strong></span> 
     </span>
    </p>
   </div>
   <div class='ocr_carea' id='block_1_91' title="bbox 1831 3434 3478 3506">
    <p class='ocr_par' dir='ltr' id='par_1_91' title="bbox 1831 3434 3478 3506">
     <span class='ocr_line' id='line_1_91' title="bbox 1831 3434 3478 3506; baseline -0.004 -10"><span class='ocrx_word' id='word_1_581' title='bbox 1831 3456 1967 3497; x_wconf 91' lang='lat' dir='ltr'><strong>nere</strong></span> <span class='ocrx_word' id='word_1_582' title='bbox 1997 3440 2122 3495; x_wconf 88' lang='lat' dir='ltr'><strong>visa</strong></span> <span class='ocrx_word' id='word_1_583' title='bbox 2153 3441 2312 3506; x_wconf 84' lang='lat' dir='ltr'><strong>sunt,</strong></span> <span class='ocrx_word' id='word_1_584' title='bbox 2336 3441 2438 3491; x_wconf 89' lang='lat' dir='ltr'><strong>aut</strong></span> <span class='ocrx_word' id='word_1_585' title='bbox 2461 3435 2584 3491; x_wconf 88' lang='lat' dir='ltr'><strong>visa</strong></span> <span class='ocrx_word' id='word_1_586' title='bbox 2614 3434 2848 3501; x_wconf 82' lang='lat' dir='ltr'><strong>fuerint,</strong></span> <span class='ocrx_word' id='word_1_587' title='bbox 2869 3434 3020 3490; x_wconf 88' lang='lat' dir='ltr'><strong>inter</strong></span> <span class='ocrx_word' id='word_1_588' title='bbox 3047 3449 3130 3501; x_wconf 90' lang='lat' dir='ltr'><strong>se,</strong></span> <span class='ocrx_word' id='word_1_589' title='bbox 3152 3438 3218 3489; x_wconf 92' lang='lat' dir='ltr'><strong>ut</strong></span> <span class='ocrx_word' id='word_1_590' title='bbox 3238 3450 3478 3490; x_wconf 82' lang='lat' dir='ltr'><strong>consue-</strong></span> 
     </span>
    </p>
   </div>
   <div class='ocr_carea' id='block_1_92' title="bbox 1831 3522 3481 3596">
    <p class='ocr_par' dir='ltr' id='par_1_92' title="bbox 1831 3522 3481 3596">
     <span class='ocr_line' id='line_1_92' title="bbox 1831 3522 3481 3596; baseline -0.005 -10"><span class='ocrx_word' id='word_1_591' title='bbox 1831 3530 1971 3586; x_wconf 90' lang='lat' dir='ltr'><strong>tudo</strong></span> <span class='ocrx_word' id='word_1_592' title='bbox 1993 3529 2120 3595; x_wconf 86' lang='lat' dir='ltr'><strong>fuit,</strong></span> <span class='ocrx_word' id='word_1_593' title='bbox 2139 3525 2452 3595; x_wconf 91' lang='lat' dir='ltr'><strong>dividendi,</strong></span> <span class='ocrx_word' id='word_1_594' title='bbox 2469 3523 2631 3580; x_wconf 91' lang='lat' dir='ltr'><strong>omni</strong></span> <span class='ocrx_word' id='word_1_595' title='bbox 2651 3527 3006 3596; x_wconf 87' lang='lat' dir='ltr'><strong>potestatum</strong></span> <span class='ocrx_word' id='word_1_596' title='bbox 3023 3522 3481 3579; x_wconf 88' lang='lat' dir='ltr'><strong>contradictione</strong></span> 
     </span>
    </p>
   </div>
   <div class='ocr_carea' id='block_1_93' title="bbox 1833 3610 3480 3684">
    <p class='ocr_par' dir='ltr' id='par_1_93' title="bbox 1833 3610 3480 3684">
     <span class='ocr_line' id='line_1_93' title="bbox 1833 3610 3480 3684; baseline -0.004 -12"><span class='ocrx_word' id='word_1_597' title='bbox 1833 3622 2058 3673; x_wconf 89' lang='lat' dir='ltr'><strong>remota</strong></span> <span class='ocrx_word' id='word_1_598' title='bbox 2089 3635 2102 3672; x_wconf 86' lang='lat'><strong>:</strong></span> <span class='ocrx_word' id='word_1_599' title='bbox 2134 3613 2402 3670; x_wconf 89' lang='lat' dir='ltr'><strong>videlicet</strong></span> <span class='ocrx_word' id='word_1_600' title='bbox 2432 3614 2503 3668; x_wconf 93' lang='lat' dir='ltr'><strong>de</strong></span> <span class='ocrx_word' id='word_1_601' title='bbox 2534 3613 2778 3668; x_wconf 90' lang='lat' dir='ltr'><strong>decimis</strong></span> <span class='ocrx_word' id='word_1_602' title='bbox 2822 3610 3074 3668; x_wconf 87' lang='lat' dir='ltr'><strong>civitatis</strong></span> <span class='ocrx_word' id='word_1_603' title='bbox 3117 3628 3220 3684; x_wconf 91' lang='lat' dir='ltr'><strong>per</strong></span> <span class='ocrx_word' id='word_1_604' title='bbox 3260 3611 3480 3680; x_wconf 90' lang='lat' dir='ltr'><strong>omnia,</strong></span> 
     </span>
    </p>
   </div>
   <div class='ocr_carea' id='block_1_94' title="bbox 1836 3699 3484 3774">
    <p class='ocr_par' dir='ltr' id='par_1_94' title="bbox 1836 3699 3484 3774">
     <span class='ocr_line' id='line_1_94' title="bbox 1836 3699 3484 3774; baseline -0.006 -11"><span class='ocrx_word' id='word_1_605' title='bbox 1836 3724 1968 3763; x_wconf 90' lang='lat' dir='ltr'><strong>cum</strong></span> <span class='ocrx_word' id='word_1_606' title='bbox 1999 3704 2188 3760; x_wconf 89' lang='lat' dir='ltr'><strong>titulis</strong></span> <span class='ocrx_word' id='word_1_607' title='bbox 2217 3707 2393 3774; x_wconf 87' lang='lat' dir='ltr'><strong>atque</strong></span> <span class='ocrx_word' id='word_1_608' title='bbox 2436 3719 2571 3757; x_wconf 91' lang='lat' dir='ltr'><strong>cum</strong></span> <span class='ocrx_word' id='word_1_609' title='bbox 2601 3700 2755 3757; x_wconf 89' lang='lat' dir='ltr'><strong>villis</strong></span> <span class='ocrx_word' id='word_1_610' title='bbox 2785 3701 2912 3757; x_wconf 90' lang='lat' dir='ltr'><strong>suis</strong></span> <span class='ocrx_word' id='word_1_611' title='bbox 2942 3701 3016 3756; x_wconf 89' lang='lat' dir='ltr'><strong>ad</strong></span> <span class='ocrx_word' id='word_1_612' title='bbox 3047 3701 3312 3758; x_wconf 87' lang='lat' dir='ltr'><strong>eamdem</strong></span> <span class='ocrx_word' id='word_1_613' title='bbox 3340 3699 3484 3756; x_wconf 91' lang='lat' dir='ltr'><strong>civi-</strong></span> 
     </span>
    </p>
   </div>
   <div class='ocr_carea' id='block_1_95' title="bbox 1836 3788 3492 3865">
    <p class='ocr_par' dir='ltr' id='par_1_95' title="bbox 1836 3788 3492 3865">
     <span class='ocr_line' id='line_1_95' title="bbox 1836 3788 3492 3865; baseline -0.004 -13"><span class='ocrx_word' id='word_1_614' title='bbox 1836 3800 2014 3852; x_wconf 89' lang='lat' dir='ltr'><strong>tatem</strong></span> <span class='ocrx_word' id='word_1_615' title='bbox 2067 3791 2518 3865; x_wconf 89' lang='lat' dir='ltr'><strong>pertinentibus.</strong></span> <span class='ocrx_word' id='word_1_616' title='bbox 2554 3790 2616 3846; x_wconf 92' lang='lat' dir='ltr'><strong>In</strong></span> <span class='ocrx_word' id='word_1_617' title='bbox 2667 3789 2874 3862; x_wconf 91' lang='lat' dir='ltr'><strong>primis</strong></span> <span class='ocrx_word' id='word_1_618' title='bbox 2921 3788 3060 3847; x_wconf 90' lang='lat' dir='ltr'><strong>villa</strong></span> <span class='ocrx_word' id='word_1_619' title='bbox 3102 3806 3230 3862; x_wconf 86' lang='lat' dir='ltr'><strong>qua</strong></span> <span class='ocrx_word' id='word_1_620' title='bbox 3277 3789 3492 3845; x_wconf 89' lang='lat' dir='ltr'><strong>dicitur</strong></span> 
     </span>
    </p>
   </div>
   <div class='ocr_carea' id='block_1_96' title="bbox 1839 3877 3491 3951">
    <p class='ocr_par' dir='ltr' id='par_1_96' title="bbox 1839 3877 3491 3951">
     <span class='ocr_line' id='line_1_96' title="bbox 1839 3877 3491 3951; baseline -0.004 -11"><span class='ocrx_word' id='word_1_621' title='bbox 1839 3885 2098 3949; x_wconf 88' lang='lat' dir='ltr'><strong>Limena,</strong></span> <span class='ocrx_word' id='word_1_622' title='bbox 2128 3886 2183 3936; x_wconf 90' lang='lat' dir='ltr'><strong>et</strong></span> <span class='ocrx_word' id='word_1_623' title='bbox 2223 3879 2360 3935; x_wconf 88' lang='lat' dir='ltr'><strong>villa</strong></span> <span class='ocrx_word' id='word_1_624' title='bbox 2407 3897 2533 3951; x_wconf 84' lang='lat' dir='ltr'><strong>qua</strong></span> <span class='ocrx_word' id='word_1_625' title='bbox 2581 3878 2795 3934; x_wconf 91' lang='lat' dir='ltr'><strong>dicitur</strong></span> <span class='ocrx_word' id='word_1_626' title='bbox 2837 3880 3065 3950; x_wconf 87' lang='lat' dir='ltr'><strong>Arzere,</strong></span> <span class='ocrx_word' id='word_1_627' title='bbox 3087 3883 3146 3934; x_wconf 92' lang='lat' dir='ltr'><strong>et</strong></span> <span class='ocrx_word' id='word_1_628' title='bbox 3171 3877 3491 3947; x_wconf 83' lang='lat' dir='ltr'><strong>Autikeria,</strong></span> 
     </span>
    </p>
   </div>
   <div class='ocr_carea' id='block_1_97' title="bbox 1841 3967 3498 4041">
    <p class='ocr_par' dir='ltr' id='par_1_97' title="bbox 1841 3967 3498 4041">
     <span class='ocr_line' id='line_1_97' title="bbox 1841 3967 3498 4041; baseline -0.004 -11"><span class='ocrx_word' id='word_1_629' title='bbox 1841 3979 1899 4030; x_wconf 92' lang='lat' dir='ltr'><strong>et</strong></span> <span class='ocrx_word' id='word_1_630' title='bbox 1927 3975 2112 4028; x_wconf 89' lang='lat' dir='ltr'><strong>Turre</strong></span> <span class='ocrx_word' id='word_1_631' title='bbox 2145 3975 2201 4026; x_wconf 90' lang='lat' dir='ltr'><strong>et</strong></span> <span class='ocrx_word' id='word_1_632' title='bbox 2233 3970 2477 4036; x_wconf 83' lang='lat' dir='ltr'><strong>Noenta,</strong></span> <span class='ocrx_word' id='word_1_633' title='bbox 2500 3972 2557 4024; x_wconf 90' lang='lat' dir='ltr'><strong>et</strong></span> <span class='ocrx_word' id='word_1_634' title='bbox 2580 3967 2716 4024; x_wconf 89' lang='lat' dir='ltr'><strong>villa</strong></span> <span class='ocrx_word' id='word_1_635' title='bbox 2737 3984 2863 4038; x_wconf 83' lang='lat' dir='ltr'><strong>qua</strong></span> <span class='ocrx_word' id='word_1_636' title='bbox 2883 3967 3099 4022; x_wconf 91' lang='lat' dir='ltr'><strong>dicitur</strong></span> <span class='ocrx_word' id='word_1_637' title='bbox 3127 3967 3415 4041; x_wconf 89' lang='lat' dir='ltr'><strong>Bergomi,</strong></span> <span class='ocrx_word' id='word_1_638' title='bbox 3440 3971 3498 4024; x_wconf 90' lang='lat' dir='ltr'><strong>et</strong></span> 
     </span>
    </p>
   </div>
   <div class='ocr_carea' id='block_1_98' title="bbox 1843 4054 3500 4128">
    <p class='ocr_par' dir='ltr' id='par_1_98' title="bbox 1843 4054 3500 4128">
     <span class='ocr_line' id='line_1_98' title="bbox 1843 4054 3500 4128; baseline -0.003 -10"><span class='ocrx_word' id='word_1_639' title='bbox 1843 4059 2142 4126; x_wconf 81' lang='lat' dir='ltr'><strong>Roncalia,</strong></span> <span class='ocrx_word' id='word_1_640' title='bbox 2167 4064 2222 4115; x_wconf 90' lang='lat' dir='ltr'><strong>et</strong></span> <span class='ocrx_word' id='word_1_641' title='bbox 2252 4059 2444 4114; x_wconf 78' lang='lat' dir='ltr'><strong>Ronco</strong></span> <span class='ocrx_word' id='word_1_642' title='bbox 2476 4055 2714 4124; x_wconf 90' lang='lat' dir='ltr'><strong>Liuteri,</strong></span> <span class='ocrx_word' id='word_1_643' title='bbox 2749 4059 2806 4112; x_wconf 90' lang='lat' dir='ltr'><strong>et</strong></span> <span class='ocrx_word' id='word_1_644' title='bbox 2834 4054 2971 4112; x_wconf 90' lang='lat' dir='ltr'><strong>villa</strong></span> <span class='ocrx_word' id='word_1_645' title='bbox 2999 4073 3126 4128; x_wconf 84' lang='lat' dir='ltr'><strong>qua</strong></span> <span class='ocrx_word' id='word_1_646' title='bbox 3159 4056 3378 4113; x_wconf 91' lang='lat' dir='ltr'><strong>dicitur</strong></span> <span class='ocrx_word' id='word_1_647' title='bbox 3395 4056 3500 4113; x_wconf 86' lang='lat' dir='ltr'><strong>Ca-</strong></span> 
     </span>
    </p>
   </div>
   <div class='ocr_carea' id='block_1_99' title="bbox 1845 4143 3497 4219">
    <p class='ocr_par' dir='ltr' id='par_1_99' title="bbox 1845 4143 3497 4219">
     <span class='ocr_line' id='line_1_99' title="bbox 1845 4143 3497 4219; baseline -0.005 -11"><span class='ocrx_word' id='word_1_648' title='bbox 1845 4152 1984 4219; x_wconf 87' lang='lat' dir='ltr'><strong>sale,</strong></span> <span class='ocrx_word' id='word_1_649' title='bbox 2018 4154 2076 4205; x_wconf 91' lang='lat' dir='ltr'><strong>et</strong></span> <span class='ocrx_word' id='word_1_650' title='bbox 2105 4148 2291 4204; x_wconf 88' lang='lat' dir='ltr'><strong>altera</strong></span> <span class='ocrx_word' id='word_1_651' title='bbox 2321 4165 2446 4219; x_wconf 85' lang='lat' dir='ltr'><strong>qua</strong></span> <span class='ocrx_word' id='word_1_652' title='bbox 2478 4146 2694 4202; x_wconf 91' lang='lat' dir='ltr'><strong>dicitur</strong></span> <span class='ocrx_word' id='word_1_653' title='bbox 2731 4143 3084 4212; x_wconf 89' lang='lat' dir='ltr'><strong>Publitiano,</strong></span> <span class='ocrx_word' id='word_1_654' title='bbox 3116 4148 3174 4200; x_wconf 91' lang='lat' dir='ltr'><strong>et</strong></span> <span class='ocrx_word' id='word_1_655' title='bbox 3204 4143 3341 4200; x_wconf 91' lang='lat' dir='ltr'><strong>villa</strong></span> <span class='ocrx_word' id='word_1_656' title='bbox 3369 4160 3497 4215; x_wconf 87' lang='lat' dir='ltr'><strong>qua</strong></span> 
     </span>
    </p>
   </div>
   <div class='ocr_carea' id='block_1_100' title="bbox 1845 4231 3499 4307">
    <p class='ocr_par' dir='ltr' id='par_1_100' title="bbox 1845 4231 3499 4307">
     <span class='ocr_line' id='line_1_100' title="bbox 1845 4231 3499 4307; baseline -0.006 -11"><span class='ocrx_word' id='word_1_657' title='bbox 1845 4240 2186 4296; x_wconf 89' lang='lat' dir='ltr'><strong>nominatur</strong></span> <span class='ocrx_word' id='word_1_658' title='bbox 2212 4235 2598 4307; x_wconf 88' lang='lat' dir='ltr'><strong>Albignaseca</strong></span> <span class='ocrx_word' id='word_1_659' title='bbox 2627 4239 2684 4289; x_wconf 92' lang='lat' dir='ltr'><strong>et</strong></span> <span class='ocrx_word' id='word_1_660' title='bbox 2713 4234 3054 4297; x_wconf 90' lang='lat' dir='ltr'><strong>Masserata,</strong></span> <span class='ocrx_word' id='word_1_661' title='bbox 3081 4236 3191 4287; x_wconf 89' lang='lat' dir='ltr'><strong>etc.</strong></span> <span class='ocrx_word' id='word_1_662' title='bbox 3225 4231 3499 4288; x_wconf 89' lang='lat' dir='ltr'><strong>Concedi-</strong></span> 
     </span>
    </p>
   </div>
   <div class='ocr_carea' id='block_1_101' title="bbox 1849 4319 3496 4387">
    <p class='ocr_par' dir='ltr' id='par_1_101' title="bbox 1849 4319 3496 4387">
     <span class='ocr_line' id='line_1_101' title="bbox 1849 4319 3496 4387; baseline -0.005 -3"><span class='ocrx_word' id='word_1_663' title='bbox 1849 4346 1982 4384; x_wconf 88' lang='lat' dir='ltr'><strong>mus</strong></span> <span class='ocrx_word' id='word_1_664' title='bbox 2012 4326 2186 4383; x_wconf 88' lang='lat' dir='ltr'><strong>etiam</strong></span> <span class='ocrx_word' id='word_1_665' title='bbox 2219 4324 2406 4379; x_wconf 89' lang='lat' dir='ltr'><strong>eidem</strong></span> <span class='ocrx_word' id='word_1_666' title='bbox 2432 4323 2692 4379; x_wconf 86' lang='lat' dir='ltr'><strong>Ecclesia</strong></span> <span class='ocrx_word' id='word_1_667' title='bbox 2726 4326 2794 4379; x_wconf 91' lang='lat' dir='ltr'><strong>ut</strong></span> <span class='ocrx_word' id='word_1_668' title='bbox 2822 4320 3021 4377; x_wconf 91' lang='lat' dir='ltr'><strong>nullus</strong></span> <span class='ocrx_word' id='word_1_669' title='bbox 3050 4320 3189 4387; x_wconf 82' lang='lat' dir='ltr'><strong>dux,</strong></span> <span class='ocrx_word' id='word_1_670' title='bbox 3213 4319 3496 4387; x_wconf 90' lang='lat' dir='ltr'><strong>marchio,</strong></span> 
     </span>
    </p>
   </div>
   <div class='ocr_carea' id='block_1_102' title="bbox 1851 4408 3499 4484">
    <p class='ocr_par' dir='ltr' id='par_1_102' title="bbox 1851 4408 3499 4484">
     <span class='ocr_line' id='line_1_102' title="bbox 1851 4408 3499 4484; baseline -0.005 -11"><span class='ocrx_word' id='word_1_671' title='bbox 1851 4433 2065 4481; x_wconf 89' lang='lat' dir='ltr'><strong>comes,</strong></span> <span class='ocrx_word' id='word_1_672' title='bbox 2097 4415 2440 4478; x_wconf 89' lang='lat' dir='ltr'><strong>vicecomes,</strong></span> <span class='ocrx_word' id='word_1_673' title='bbox 2481 4410 2832 4480; x_wconf 79' lang='lat' dir='ltr'><strong>sculdassio,</strong></span> <span class='ocrx_word' id='word_1_674' title='bbox 2880 4408 3188 4484; x_wconf 85' lang='lat' dir='ltr'><strong>gastaldio,</strong></span> <span class='ocrx_word' id='word_1_675' title='bbox 3241 4409 3499 4465; x_wconf 88' lang='lat' dir='ltr'><strong>decanus</strong></span> 
     </span>
    </p>
   </div>
   <div class='ocr_carea' id='block_1_103' title="bbox 1768 4500 3194 4582">
    <p class='ocr_par' dir='ltr' id='par_1_103' title="bbox 1768 4500 3194 4582">
     <span class='ocr_line' id='line_1_103' title="bbox 1768 4500 3194 4582; baseline -0.006 -21"><span class='ocrx_word' id='word_1_676' title='bbox 1768 4515 1820 4582; x_wconf 82' lang='lat' dir='ltr'><strong>D</strong></span> <span class='ocrx_word' id='word_1_677' title='bbox 1847 4506 1936 4561; x_wconf 91' lang='lat' dir='ltr'><strong>vel</strong></span> <span class='ocrx_word' id='word_1_678' title='bbox 1967 4503 2244 4576; x_wconf 89' lang='lat' dir='ltr'><strong>quislibet</strong></span> <span class='ocrx_word' id='word_1_679' title='bbox 2272 4500 2517 4573; x_wconf 86' lang='lat' dir='ltr'><strong>publica</strong></span> <span class='ocrx_word' id='word_1_680' title='bbox 2548 4501 2734 4572; x_wconf 87' lang='lat' dir='ltr'><strong>partis</strong></span> <span class='ocrx_word' id='word_1_681' title='bbox 2763 4500 3051 4569; x_wconf 91' lang='lat' dir='ltr'><strong>minister,</strong></span> <span class='ocrx_word' id='word_1_682' title='bbox 3082 4501 3194 4555; x_wconf 89' lang='lat' dir='ltr'><strong>etc.</strong></span> 
     </span>
    </p>
   </div>
   <div class='ocr_carea' id='block_1_104' title="bbox 1924 4588 3503 4664">
    <p class='ocr_par' dir='ltr' id='par_1_104' title="bbox 1924 4588 3503 4664">
     <span class='ocr_line' id='line_1_104' title="bbox 1924 4588 3503 4664; baseline -0.007 -15"><span class='ocrx_word' id='word_1_683' title='bbox 1924 4593 2154 4664; x_wconf 80' lang='lat' dir='ltr'><strong>Signum</strong></span> <span class='ocrx_word' id='word_1_684' title='bbox 2199 4590 2387 4645; x_wconf 76' lang='lat' dir='ltr'><strong>domui</strong></span> <span class='ocrx_word' id='word_1_685' title='bbox 2444 4590 2687 4644; x_wconf 76' lang='lat' dir='ltr'><strong>Heinrici</strong></span> <span class='ocrx_word' id='word_1_686' title='bbox 2734 4590 3082 4645; x_wconf 72' lang='lat' dir='ltr'><strong>invictissimi</strong></span> <span class='ocrx_word' id='word_1_687' title='bbox 3134 4588 3503 4644; x_wconf 78' lang='lat' dir='ltr'><strong>Romanorum</strong></span> 
     </span>
    </p>
   </div>
   <div class='ocr_carea' id='block_1_105' title="bbox 1855 4679 2478 4754">
    <p class='ocr_par' dir='ltr' id='par_1_105' title="bbox 1855 4679 2478 4754">
     <span class='ocr_line' id='line_1_105' title="bbox 1855 4679 2478 4754; baseline -0.01 -15"><span class='ocrx_word' id='word_1_688' title='bbox 1855 4681 2202 4754; x_wconf 79' lang='lat' dir='ltr'><strong>imperatoris</strong></span> <span class='ocrx_word' id='word_1_689' title='bbox 2231 4679 2478 4747; x_wconf 80' lang='lat' dir='ltr'><strong>Augusti.</strong></span> 
     </span>
    </p>
   </div>
   <div class='ocr_carea' id='block_1_106' title="bbox 1925 4763 3505 4825">
    <p class='ocr_par' dir='ltr' id='par_1_106' title="bbox 1925 4763 3505 4825">
     <span class='ocr_line' id='line_1_106' title="bbox 1925 4763 3505 4825; baseline -0.004 -1"><span class='ocrx_word' id='word_1_690' title='bbox 1925 4768 2235 4825; x_wconf 88' lang='lat' dir='ltr'><strong>Heinricus</strong></span> <span class='ocrx_word' id='word_1_691' title='bbox 2264 4764 2650 4821; x_wconf 88' lang='lat' dir='ltr'><strong>cancellarius</strong></span> <span class='ocrx_word' id='word_1_692' title='bbox 2677 4766 2800 4821; x_wconf 86' lang='lat' dir='ltr'><strong>vice</strong></span> <span class='ocrx_word' id='word_1_693' title='bbox 2831 4765 3166 4823; x_wconf 88' lang='lat' dir='ltr'><strong>Herimanni</strong></span> <span class='ocrx_word' id='word_1_694' title='bbox 3201 4763 3505 4821; x_wconf 86' lang='lat' dir='ltr'><strong>archican-</strong></span> 
     </span>
    </p>
   </div>
   <div class='ocr_carea' id='block_1_107' title="bbox 1857 4853 2879 4927">
    <p class='ocr_par' dir='ltr' id='par_1_107' title="bbox 1857 4853 2879 4927">
     <span class='ocr_line' id='line_1_107' title="bbox 1857 4853 2879 4927; baseline -0.009 -10"><span class='ocrx_word' id='word_1_695' title='bbox 1857 4857 2077 4917; x_wconf 87' lang='lat' dir='ltr'><strong>cellarii</strong></span> <span class='ocrx_word' id='word_1_696' title='bbox 2111 4855 2414 4927; x_wconf 90' lang='lat' dir='ltr'><strong>recognovi</strong></span> <span class='ocrx_word' id='word_1_697' title='bbox 2447 4858 2504 4910; x_wconf 93' lang='lat' dir='ltr'><strong>et</strong></span> <span class='ocrx_word' id='word_1_698' title='bbox 2533 4853 2879 4925; x_wconf 89' lang='lat' dir='ltr'><strong>subscripsi.</strong></span> 
     </span>
    </p>
   </div>
   <div class='ocr_carea' id='block_1_108' title="bbox 1929 4940 3510 5009">
    <p class='ocr_par' dir='ltr' id='par_1_108' title="bbox 1929 4940 3510 5009">
     <span class='ocr_line' id='line_1_108' title="bbox 1929 4940 3510 5009; baseline -0.004 -6"><span class='ocrx_word' id='word_1_699' title='bbox 1929 4951 2072 5004; x_wconf 88' lang='lat' dir='ltr'><strong>Data</strong></span> <span class='ocrx_word' id='word_1_700' title='bbox 2100 4963 2136 5000; x_wconf 91' lang='lat' dir='ltr'><strong>v</strong></span> <span class='ocrx_word' id='word_1_701' title='bbox 2160 4944 2298 5000; x_wconf 89' lang='lat' dir='ltr'><strong>ldus</strong></span> <span class='ocrx_word' id='word_1_702' title='bbox 2346 4941 2498 5009; x_wconf 85' lang='lat' dir='ltr'><strong>Maii,</strong></span> <span class='ocrx_word' id='word_1_703' title='bbox 2532 4957 2686 4996; x_wconf 88' lang='lat' dir='ltr'><strong>anno</strong></span> <span class='ocrx_word' id='word_1_704' title='bbox 2721 4941 3030 4996; x_wconf 85' lang='lat' dir='ltr'><strong>Dominica</strong></span> <span class='ocrx_word' id='word_1_705' title='bbox 3083 4940 3510 4999; x_wconf 88' lang='lat' dir='ltr'><strong>Incarnationis</strong></span> 
     </span>
    </p>
   </div>
   <div class='ocr_carea' id='block_1_109' title="bbox 1861 5029 3511 5105">
    <p class='ocr_par' dir='ltr' id='par_1_109' title="bbox 1861 5029 3511 5105">
     <span class='ocr_line' id='line_1_109' title="bbox 1861 5029 3511 5105; baseline -0.007 -10"><span class='ocrx_word' id='word_1_706' title='bbox 1861 5039 2018 5105; x_wconf 80' lang='grc'>1047,</span> <span class='ocrx_word' id='word_1_707' title='bbox 2052 5032 2370 5089; x_wconf 91' lang='lat' dir='ltr'><strong>indictione</strong></span> <span class='ocrx_word' id='word_1_708' title='bbox 2419 5048 2510 5098; x_wconf 91' lang='lat' dir='ltr'><strong>xv,</strong></span> <span class='ocrx_word' id='word_1_709' title='bbox 2557 5045 2708 5083; x_wconf 90' lang='lat' dir='ltr'><strong>anno</strong></span> <span class='ocrx_word' id='word_1_710' title='bbox 2765 5032 2962 5084; x_wconf 88' lang='lat' dir='ltr'><strong>autem</strong></span> <span class='ocrx_word' id='word_1_711' title='bbox 3010 5029 3207 5085; x_wconf 90' lang='lat' dir='ltr'><strong>domni</strong></span> <span class='ocrx_word' id='word_1_712' title='bbox 3258 5029 3511 5086; x_wconf 86' lang='lat' dir='ltr'><strong>Heinrici</strong></span> 
     </span>
    </p>
   </div>
   <div class='ocr_carea' id='block_1_110' title="bbox 1859 5117 3516 5193">
    <p class='ocr_par' dir='ltr' id='par_1_110' title="bbox 1859 5117 3516 5193">
     <span class='ocr_line' id='line_1_110' title="bbox 1859 5117 3516 5193; baseline -0.008 -9"><span class='ocrx_word' id='word_1_713' title='bbox 1859 5126 2038 5193; x_wconf 86' lang='lat' dir='ltr'><strong>tertii,</strong></span> <span class='ocrx_word' id='word_1_714' title='bbox 2071 5119 2460 5180; x_wconf 89' lang='lat' dir='ltr'><strong>ordinationis</strong></span> <span class='ocrx_word' id='word_1_715' title='bbox 2487 5119 2615 5190; x_wconf 89' lang='lat' dir='ltr'><strong>ejus</strong></span> <span class='ocrx_word' id='word_1_716' title='bbox 2646 5132 2806 5188; x_wconf 82' lang='lat' dir='ltr'><strong>xvm,</strong></span> <span class='ocrx_word' id='word_1_717' title='bbox 2833 5117 3137 5186; x_wconf 85' lang='lat' dir='ltr'><strong>regnantis</strong></span> <span class='ocrx_word' id='word_1_718' title='bbox 3164 5133 3292 5189; x_wconf 78' lang='lat' dir='ltr'><strong>vni,</strong></span> <span class='ocrx_word' id='word_1_719' title='bbox 3323 5120 3424 5174; x_wconf 88' lang='lat' dir='ltr'><strong>sed</strong></span> <span class='ocrx_word' id='word_1_720' title='bbox 3457 5120 3516 5172; x_wconf 88' lang='lat' dir='ltr'><strong>et</strong></span> 
     </span>
    </p>
   </div>
   <div class='ocr_carea' id='block_1_111' title="bbox 1859 5210 2446 5288">
    <p class='ocr_par' dir='ltr' id='par_1_111' title="bbox 1859 5210 2446 5288">
     <span class='ocr_line' id='line_1_111' title="bbox 1859 5210 2446 5288; baseline -0.015 -16"><span class='ocrx_word' id='word_1_721' title='bbox 1859 5212 2207 5288; x_wconf 88' lang='lat' dir='ltr'><strong>imperantis</strong></span> <span class='ocrx_word' id='word_1_722' title='bbox 2237 5210 2446 5284; x_wconf 90' lang='lat' dir='ltr'><strong>primo.</strong></span> 
     </span>
    </p>
   </div>
   <div class='ocr_carea' id='block_1_112' title="bbox 1929 5287 3520 5361">
    <p class='ocr_par' dir='ltr' id='par_1_112' title="bbox 1929 5287 3520 5361">
     <span class='ocr_line' id='line_1_112' title="bbox 1929 5287 3520 5361; baseline -0.006 -1"><span class='ocrx_word' id='word_1_723' title='bbox 1929 5287 2140 5361; x_wconf 65' lang='lat' dir='ltr'><strong>Actum</strong></span> <span class='ocrx_word' id='word_1_724' title='bbox 2170 5297 2508 5358; x_wconf 89' lang='lat' dir='ltr'><strong>Tridentino</strong></span> <span class='ocrx_word' id='word_1_725' title='bbox 2539 5294 2599 5352; x_wconf 88' lang='lat' dir='ltr'><strong>in</strong></span> <span class='ocrx_word' id='word_1_726' title='bbox 2623 5290 2726 5350; x_wconf 89' lang='lat' dir='ltr'><strong>Dei</strong></span> <span class='ocrx_word' id='word_1_727' title='bbox 2750 5288 2988 5349; x_wconf 88' lang='lat' dir='ltr'><strong>nomine</strong></span> <span class='ocrx_word' id='word_1_728' title='bbox 3020 5287 3288 5347; x_wconf 82' lang='lat' dir='ltr'><strong>feliciter.</strong></span> <span class='ocrx_word' id='word_1_729' title='bbox 3311 5295 3520 5355; x_wconf 85' lang='lat' dir='ltr'><strong>Amen.</strong></span> 
     </span>
    </p>
   </div>
  </div>
