3924 6210
361 308 520 377 1103

1119 440 1262 501 XIV.

360 533 617 591 Ileinricz'
642 531 719 588 III
736 532 909 614 regis:
935 532 1079 614 inter
1106 533 1459 614 imperatores
1481 527 2008 614 .secunfli,_diplonia,

431 621 539 678 qqu
561 600 841 678 canonicis
867 600 1288 678 Taurzinensibus
1327 602 1513 656 Sancti
1560 600 1855 656 Salvatoris
1874 602 2010 672 jura

428 676 493 731 ac
522 676 661 731 bona
690 676 877 731 omnia
906 676 1211 745 conﬁrmat.

984 780 1171 851 (Anno
1203 778 1386 847 1047.)

687 869 1034 941 [Μυωτοιιῃ
1068 867 1248 938 Antiq.
1281 866 1404 921 Ital.
1439 864 1507 934 V,
1544 866 1689 936 195.]

430 982 496 1032 In
528 975 763 1031 nomine
794 977 1006 1029 sanctze
1036 976 1093 1028 et
1131 971 1446 1026 individua;
1479 969 1802 1025 Trinitatis.
1838 968 2011 1025 Hem-

360 1079 548 1132 iucus,
573 1063 767 1127 divina
796 1062 1023 1116 favente
1052 1059 1379 1128 clementia,
1406 1059 1801 1115 Romanorum
1832 1057 2013 1130 impe-

363 1158 519 1211 rator
546 1155 870 1224 Augustus.

430 1241 707 1297 Omnium
739 1242 949 1295 sanctze
969 1239 1067 1294 Dei
1100 1237 1362 1294 Ecclesia:
1397 1241 1851 1308 nostrorumque
1874 1235 2014 1291 ﬁde-

360 1331 530 1397 lium,
558 1334 680 1395 tam
726 1329 1059 1383 futurorum
1110 1343 1286 1398 quam
1342 1326 1742 1398 praesentium,
1794 1324 2019 1379 noverit

363 1419 711 1478 universitas
741 1416 995 1489 qualiter
1023 1432 1131 1473 nos
1162 1433 1266 1488 pro
1312 1432 1509 1471 amore
1554 1414 1751 1469 divino
1780 1414 2016 1469 animie-

362 1525 475 1582 que
496 1512 710 1582 nostrae
732 1504 989 1563 remedio
1018 1504 1316 1561 canonicis
1346 1504 1728 1559 Taurinensis
1752 1501 2018 1558 Ecclesiae

361 1580 466 1671 per
503 1580 612 1653 hoc
664 1599 878 1655 nostrae
926 1592 1388 1649 confirmationis
1436 1596 1791 1664 praeceptum
1848 1594 2022 1663 prout

354 1688 515 1759 juste
544 1688 603 1740 et
640 1683 907 1756 legaliter
952 1698 1291 1755 possumus,
1316 1682 1693 1737 concedimus
1723 1684 1781 1737 et
1810 1680 2020 1739 conﬁr-

1720 299 2036 371 MONUM.‘
2076 298 2406 369 DIPLOM.

2032 441 2088 506 Α
2120 438 2174 492 in
2208 437 2347 494 villa
2376 454 2506 510 quae
2534 437 2748 494 dicitur
2774 435 3040 507 Arsitias,
3067 450 3202 492 cum
3234 435 3390 492 certe
3408 435 3563 505 tota,
3586 440 3646 492 et
3675 436 3775 494 de-

3615 297 3777 367 nu

2121 528 2292 595 cima,
2317 529 2374 582 et
2405 526 2694 598 portibus,
2739 525 3180 599 piscationibus,
3215 523 3612 597 omnibusque
3660 525 3775 583 sibi

2122 615 2524 687 adjacentibus
2548 632 2561 670 :
2586 615 2891 672 ecclesiam
2914 614 3110 671 Sancti
3134 613 3365 687 Georgii
3389 629 3523 670 cum
3555 618 3777 683 monte,

2122 705 2217 760 ubi
2252 708 2440 760 exstat
2468 704 2529 759 in
2549 704 2901 775 Villaparso,
2925 720 3059 760 cum
3082 704 3244 759 omni
3266 703 3495 759 decima
3508 704 3777 774 ejusdem

2120 793 2290 860 villae,
2323 798 2381 849 et
2423 793 2650 849 mensis
2697 793 2886 849 eidem
2944 793 3236 849 canonicae
3295 790 3773 864 pertinentibus:

2123 881 2409 938 decimam
2442 882 2501 937 in
2532 881 2847 938 Malavasio
2877 897 3012 938 cum
3033 882 3267 937 duabus
3288 880 3574 948 ecclesiis,
3597 878 3778 937 unam

2124 971 2182 1025 in
2223 970 2501 1026 honorem
2550 972 2775 1026 Sanctae
2825 971 3040 1039 Mariae,
3076 969 3321 1026 alteram
3374 968 3436 1024 in
3494 968 3777 1026 honorem

2125 1059 2320 1114 Sancti
2354 1059 2608 1127 Martini,
2632 1065 2690 1115 et
2717 1076 2952 1115 omnem
3001 1059 3290 1116 decimam
3321 1057 3381 1113 in
3413 1057 3777 1131 Vallep'lana,

2125 1153 2181 1202 et
2204 1149 2265 1202 in
2298 1138 2659 1217 Vallesurda,
2691 1153 2749 1203 et
2774 1147 2833 1202 in
2875 1147 3191 1214 Milionico,
3221 1152 3282 1203 et
3310 1146 3446 1202 inde
3475 1146 3777 1219 Ligadino,

2127 1252 2260 1290 cum
2290 1236 2460 1291 terris
2489 1241 2545 1291 et
2574 1235 2757 1291 vineis
2788 1236 2860 1289 ad
2894 1236 3194 1306 praefatam
3227 1234 3568 1291 canonicam
3600 1236 3777 1308 perti-

2128 1324 2399 1380 nentibus
2421 1343 2432 1379 :
2454 1330 2670 1380 cortem
2693 1324 2751 1378 in
2775 1323 3021 1379 Saxinas
3044 1340 3177 1379 cum
3209 1322 3457 1379 ecclesia
3478 1324 3538 1378 in
3559 1323 3781 1379 honore

2129 1413 2323 1468 Sancti
2344 1415 2592 1470 Joannis
2609 1431 2744 1470 cum
2760 1415 2919 1469 omni
2938 1414 3184 1477 decima,
3204 1412 3577 1477 molendinis,
3594 1412 3778 1476 silvis,

2130 1501 2431 1569 buscaliis,
2449 1502 2777 1575 palariis,et
2799 1501 3074 1557 omnibus
3101 1501 3492 1574 appendiciis;
3519 1517 3784 1557 omnem-

2129 1607 2242 1661 que
2264 1591 2551 1646 decimam
2573 1591 2837 1662 ejusdem
2861 1589 3036 1647 cortis
3059 1608 3071 1646 :
3097 1595 3316 1646 cortem
3337 1589 3399 1645 in
3418 1589 3781 1645 Martiriasco

2129 1695 2263 1733 cum
2295 1679 2517 1751 capella
2563 1680 2761 1735 Sancti
2798 1680 3054 1747 Martini,
3087 1695 3220 1735 cum
3251 1677 3434 1746 silvis,
3473 1677 3779 1747 buscaliis,

363 1770 989 1840 mamus,,stabilimus
1035 1770 1097 1825 in
1144 1768 1425 1826 canonica
1454 1773 1510 1824 et
1539 1767 1798 1824 claustra
1828 1767 1885 1823 in
1917 1767 2023 1822 Do-
2052 1809 2100 1875 Β
2130 1774 2187 1823 et
2216 1770 2491 1825 omnibus
2536 1768 2895 1841 appendiciis
2939 1769 3102 1824 suis:
3128 1772 3347 1824 cortem
3380 1768 3441 1823 in
3473 1768 3786 1829 Pavatiano

362 1863 508 1918 mini
528 1860 844 1927 salvatoris
866 1858 1149 1919 honorem
1173 1862 1511 1914 constructo
1541 1858 1691 1912 infra
1707 1856 2028 1911 Taurinen-

362 1968 487 2011 sem
518 1950 833 2015 civitatem,
865 1964 969 2003 nec
1016 1964 1130 2003 non
1182 1950 1241 2002 et
1289 1946 1590 2002 canonicis
1646 1945 1862 2001 ibidem
1923 1961 2025 2015 pro

360 2043 621 2112 tempore
652 2036 1063 2102 militantibus,
1088 2036 1289 2091 omnia
1317 2052 1353 2090 a
1382 2035 1564 2090 beatae
1596 2032 1894 2091 memoriae
1926 2033 2028 2087 Re.

372 2127 603 2201 gumiro
623 2125 887 2197 ejusdem
914 2123 1070 2180 sedis
1101 2124 1372 2196 episcopo
1404 2124 1738 2179 institutore
1762 2122 2026 2193 ejusdem

365 2214 655 2272 canonica
711 2212 942 2277 Domini
992 2211 1309 2268 Salvatoris
1366 2211 1596 2276 collata,
1643 2214 1700 2265 et
1744 2227 1871 2282 quae
1926 2225 2029 2280 per

364 2305 648 2377 praecepta
676 2317 882 2374 regum
913 2305 971 2355 et
1008 2299 1433 2372 imperatorum
1468 2298 1554 2354 vel
1589 2315 1691 2370 per
1719 2298 2027 2353 ﬁrmitates

365 2390 803 2449 succedentium
836 2388 1276 2461 episcoporum,
1310 2404 1411 2443 seu
1445 2403 1691 2459 quaeque
1721 2386 2028 2444 collatione

367 2480 777 2553 religiosorum
800 2476 1108 2535 hominum
1136 2476 1353 2534 ibidem
1378 2475 1589 2532 collata
1610 2481 1751 2532 sunt
1778 2475 1866 2531 vel
1897 2492 2030 2531 con.

364 2569 606 2627 ferenda
631 2584 643 2622 :
673 2565 946 2635 ecclesias
981 2566 1205 2619 scilicet
1250 2566 1403 2620 intra
1441 2565 1706 2620 eamdem
1735 2564 2026 2625 civitatem

364 2657 626 2725 Taurini,
648 2671 831 2710 unam
862 2654 921 2707 in
948 2654 1232 2709 honorem
1260 2657 1597 2709 sanctorum
1620 2652 2027 2726 apostolorum

361 2743 619 2817 Philippi
649 2748 707 2799 et
752 2742 978 2810 Jacobi,
1015 2740 1191 2797 aliam
1242 2740 1301 2795 in
1346 2741 1628 2798 honorem
1682 2746 2029 2798 sanctorum

363 2831 763 2907 apostolorum
792 2830 1050 2887 Simonis
1083 2834 1139 2885 et
1180 2830 1370 2897 Judae,
1391 2830 1625 2885 tertiam
1657 2830 1713 2884 in
1743 2830 2029 2887 honorem

366 2919 558 2977 sancti
581 2918 866 2991 Stephani
900 2918 1196 2990 martyris,
1213 2922 1481 2989 quartam
1511 2919 1567 2973 in
1592 2919 1870 2975 honorem
1894 2935 2028 2974 san-

375 3010 455 3065 cti
487 3006 849 3074 Martiniani,
869 3007 1137 3078 quintam
1169 3008 1225 3062 in
1254 3007 1532 3062 honorem
1567 3006 1753 3063 sancti
1776 3006 2031 3075 Eusebii,

366 3102 592 3163 sextam
629 3097 691 3163 in
721 3096 1004 3164 honorem
1046 3096 1232 3152 sancti
1275 3096 1531 3152 Martini.
1556 3098 1823 3152 Castrum
1852 3095 2029 3152 etiam

2134 1874 2265 1912 cum
2289 1858 2565 1913 omnibus
2586 1858 2709 1913 suis
2744 1857 3141 1930 pertinentiis;
3164 1856 3448 1929 capellam
3478 1856 3539 1911 in
3570 1855 3784 1912 Roma-

2134 1946 2308 2001 niano
2338 1945 2396 2000 in
2432 1946 2711 2002 honorem
2734 1946 2921 2002 sancti
2957 1944 3206 2018 Remigii
3234 1963 3247 2001 :
3272 1949 3495 2001 cortem
3517 1944 3577 1999 in
3608 1944 3787 2000 Pave-

2135 2035 2277 2090 riolo
2296 2052 2428 2090 cum
2453 2041 2643 2091 castro
2662 2041 2719 2091 et
2738 2034 2960 2107 capella
2982 2035 3041 2090 in
3057 2035 3260 2090 eodem
3279 2036 3470 2090 castro
3490 2034 3551 2088 in
3568 2033 3794 2089 honore

2136 2125 2319 2178 sancti
2372 2125 2643 2191 Secundi,
2683 2140 2817 2179 cum
2867 2124 3143 2179 omnibus
3191 2124 3319 2178 suis
3366 2120 3787 2195 pertinentiis:

2134 2217 2352 2268 cortem
2382 2212 2441 2267 in
2471 2213 2787 2281 Audisello,
2819 2216 2876 2268 et
2924 2212 3227 2285 Mandego,
3259 2227 3395 2267 cum
3445 2211 3573 2267 suis
3602 2211 3791 2283 perti-

2136 2301 2351 2357 nentiis
2386 2318 2399 2355 :
2433 2305 2649 2356 cortem
2690 2303 2746 2356 in
2788 2302 3025 2357 Patiano
3057 2316 3191 2357 cum
3223 2304 3435 2368 castro,
3468 2304 3527 2356 et
3554 2299 3793 2356 duabus

2136 2389 2377 2462 capellis
2411 2406 2422 2446 :
2457 2395 2676 2446 cortem
2721 2390 2786 2445 in
2828 2389 3103 2446 Balhiano
3156 2406 3290 2444 cum
3340 2387 3565 2461 capella
3626 2404 3787 2445 una:

2136 2483 2355 2534 cortem
2378 2479 2435 2533 in
2469 2478 2757 2543 Aliniano,
2782 2495 2915 2535 cum
2947 2484 3161 2548 castro,
3173 2483 3233 2533 et
3251 2477 3475 2550 capella
3504 2478 3563 2532 in
3584 2477 3791 2535 eodem

2135 2573 2326 2624 castro
2359 2568 2415 2622 in
2448 2568 2727 2623 honorem
2756 2568 2939 2623 sancti
2969 2566 3215 2639 Remigii
3242 2582 3256 2621 :
3284 2564 3593 2638 capellam,
3623 2581 3789 2621 man-

2136 2673 2253 2723 sos,
2285 2656 2506 2720 vineas,
2532 2662 2708 2729 atque
2755 2672 2922 2712 casas
2968 2655 3027 2711 in
3059 2655 3408 2721 Orsenasco;
3461 2657 3682 2710 cortem
3729 2654 3790 2710 in

2138 2746 2410 2811 Santena,
2434 2763 2566 2800 cum
2617 2750 2808 2801 castro
2840 2749 2898 2801 et
2925 2743 3149 2816 capella
3181 2736 3241 2799 in
3273 2743 3477 2801 eodem
3508 2746 3706 2799 castro
3729 2743 3792 2798 in

2138 2834 2355 2890 honore
2376 2835 2561 2890 sancti
2592 2834 2778 2898 Pauli,
2794 2850 2929 2890 cum
2964 2832 3123 2890 omni
3146 2849 3254 2890 sua
3275 2832 3504 2888 decima
3521 2832 3788 2903 ejusdem

2138 2923 2341 2991 cortis;
2376 2929 2594 2979 cortem
2626 2924 2684 2979 in
2718 2923 2987 2997 Bulgare,
3011 2926 3068 2979 et
3098 2926 3322 2996 partem
3346 2919 3406 2977 in
3433 2926 3628 2976 castro
3658 2936 3789 2976 cum

2137 3011 2423 3083 portibus,
2446 3013 2823 3081 molendinis,
2844 3012 3289 3086 piscationibus,
3310 3009 3496 3077 silvis,
3520 3013 3579 3076 et
3600 3008 3792 3065 omni-

2139 3101 2251 3157 bus
2273 3102 2383 3158 sibi
2413 3102 2838 3174 pertinentibus
2863 3118 2875 3156 :
2902 3101 3271 3157 medietatem
3300 3099 3477 3155 cortis
3494 3097 3791 3165 Buriadis,

364 3204 545 3260 super
572 3189 798 3258 portam
827 3185 1092 3257 ejusdem
1121 3184 1385 3240 civitatis
1407 3201 1535 3257 quae
1561 3185 1778 3240 dicitur
1799 3184 2031 3240 Turria.
2057 3174 2102 3243 C
2140 3204 2276 3245 cum
2309 3190 2616 3245 medietate
2645 3188 2879 3262 capellae
2911 3189 2968 3243 in
3003 3188 3220 3244 honore
3242 3186 3426 3244 sancti
3448 3185 3791 3243 Michaelis:

368 3277 522 3343 nica,
545 3279 604 3332 et
631 3291 866 3331 omnem
892 3273 1182 3330 decimam
1203 3278 1323 3329 tam
1353 3274 1513 3329 intus
1535 3290 1712 3346 quam
1735 3273 1877 3330 foris
1897 3274 2027 3345 ejus

368 3364 644 3436 civitatis,
671 3380 807 3421 cum
855 3362 1210 3418 molendinis
1251 3367 1311 3419 et
1350 3362 1777 3434 piscationibus
1807 3362 1867 3417 in
1899 3364 2027 3436 ipso

367 3454 544 3510 ﬁuvio
561 3453 760 3521 Turio.
785 3454 1033 3523 Insuper
1053 3450 1227 3511 etiam
1245 3467 1450 3507 omnes
1467 3467 1557 3507 res
1573 3451 1834 3520 ejusdem
1859 3467 2027 3507 cano.

362 3536 506 3607 uicae
530 3546 648 3609 tam
671 3541 838 3597 intus
861 3555 1035 3611 quam
1062 3539 1225 3607 foris,
1255 3556 1393 3596 cum
1425 3538 1550 3595 suis
1582 3539 1834 3606 solariis,
1854 3539 2026 3608 casis,

363 3630 573 3699 hortis,
604 3629 962 3697 accessibus,
996 3628 1190 3696 terris,
1224 3628 1409 3685 servis
1454 3632 1511 3682 et
1549 3628 1799 3698 ancillis,
1830 3628 2025 3684 omni-

363 3720 590 3791 busque
618 3718 869 3790 pmlatae
900 3718 1195 3774 canonica;
1238 3717 1685 3789 pertinentibus.
1721 3718 2029 3789 Largimur

363 3808 543 3875 etiam
574 3822 779 3873 omnes
809 3806 1071 3864 decimas
1102 3807 1303 3862 indom
1318 3804 1544 3861 nicatas
1573 3806 1836 3876 ejusdem
1867 3806 2024 3863 sedis

364 3894 644 3968 episcopi,
663 3898 721 3951 et
745 3895 1002 3952 decimas
1026 3894 1452 3952 Beneﬁciorum
1478 3894 1740 3950 omnium
1764 3894 2023 3950 ﬁdelium

366 3984 630 4053 ejusdem
684 3983 966 4056 episcopi.
1021 3980 1339 4039 Eeclesiam
1388 3998 1619 4053 quoque
1667 3982 2024 4040 cardinalem

363 4072 425 4128 in
458 4072 733 4131 honorem
767 4072 956 4129 sancti
988 4070 1225 4129 Maximi
1258 4070 1317 4125 in
1340 4070 1687 4139 Quincto,et
1714 4070 2024 4127 ecclesiam

361 4162 553 4217 Sancti
578 4162 868 4234 Stephani
897 4161 958 4216 in
994 4159 1291 4228 Maliasco,
1315 4158 1618 4216 ecclesiam
1649 4160 1871 4216 Sancta}
1901 4161 2021 4217 Ma-

357 4250 476 4320 riae,
506 4250 817 4308 ecclesiam
865 4248 1062 4306 Sancti
1109 4247 1282 4314 Petri,
1312 4246 1617 4304 ecclesiam
1648 4249 1843 4305 Sancti
1872 4249 2020 4305 Lau'

356 4340 550 4417 rentii,
580 4357 715 4397 cum
750 4339 915 4396 omni
947 4336 1176 4395 decima
1207 4336 1491 4408 praedictae
1511 4336 1656 4393 villae
1677 4355 1689 4392 :
1714 4342 1931 4395 cortem
1963 4339 2021 4394 in

353 4428 666 4503 Alpiniano
696 4444 831 4484 cum
881 4431 1070 4482 castro
1103 4430 1161 4486 et
1191 4425 1414 4497 capella
1459 4426 1654 4482 Sancti
1689 4427 1836 4482 Petri
1872 4427 2023 4487 infra

353 4517 555 4589 ipsum
587 4521 849 4573 castrum
884 4516 999 4572 sita
1025 4531 1037 4570 :
1066 4514 1247 4570 altera
1274 4531 1407 4571 vero
1430 4516 1617 4571 Trans
1648 4514 1887 4571 Turiam
1918 4516 2022 4573 ﬂu-
2050 4541 2097 4605 Β

362 4622 497 4664 men
525 4606 750 4675 sanctae
774 4605 988 4673 Marias,
1013 4621 1147 4659 cum
1175 4603 1549 4672 molendinis,
1571 4604 2013 4676 piscationibus,

361 4699 418 4751 et
446 4694 725 4750 omnibus
757 4692 1120 4766 appendiciis
1151 4694 1222 4748 ad
1250 4692 1524 4748 eumdem
1553 4693 2013 4765 aspicientibus:

354 4787 576 4841 cortem
608 4783 669 4839 in
702 4782 1032 4849 Liﬁniasco,
1062 4797 1196 4837 cum
1247 4785 1439 4836 castro
1470 4784 1526 4836 et
1556 4782 1778 4854 capella
1818 4785 2013 4841 Sancti

360 4872 623 4928 Mauritii
654 4872 714 4927 in
748 4872 952 4927 eodem
983 4874 1196 4939 castro,
1221 4885 1355 4925 cum
1385 4870 1663 4931 omnibus
1692 4872 1763 4929 ad
1795 4890 1857 4929 se
1887 4889 2012 4945 per-

356 4960 685 5018 tinentibus
717 4977 730 5016 :
764 4959 1071 5017 ecclesiam
1124 4958 1320 5017 Sancti
1350 4957 1605 5015 Victoris
1652 4966 1710 5017 et
1757 4960 2011 5031 Coronae,

350 5065 485 5106 cum
518 5050 680 5106 omni
711 5049 946 5106 decima
979 5047 1040 5103 in
1073 5047 1461 5114 Marcomeda,
1494 5052 1550 5104 et
1579 5066 1713 5105 cum
1745 5050 1915 5105 terris
1945 5068 2012 5107 ac

351 5138 579 5195 massis
635 5139 707 5196 ad
762 5138 1099 5210 praedictam
1152 5136 1495 5192 canonicam
1551 5137 2008 5213 pertinentibus;

349 5227 657 5285 ecclesiam
693 5228 891 5284 Sancti
921 5225 1197 5282 Macharii
1229 5224 1288 5279 in
1318 5224 1547 5287 Vilasco
1578 5242 1713 5281 cum
1750 5227 1923 5287 terris
1951 5233 2010 5286 et

350 5315 596 5393 decimis
652 5316 920 5388 ejusdem
968 5314 1136 5371 villae.
1187 5313 1418 5379 Plebem
1468 5329 1602 5369 vero
1654 5314 1715 5370 in
1764 5316 2007 5377 durione

349 5404 574 5460 Sanctae
607 5404 818 5460 Mariae.
842 5420 977 5458 cum
1000 5402 1160 5458 omni
1184 5402 1411 5457 decima
1431 5401 1503 5457 ad
1524 5418 1658 5458 eum
1682 5406 2006 5476 pertinente

350 5490 411 5544 in
441 5490 723 5561 planitiis,
757 5491 937 5559 casis,
973 5490 1166 5558 terris,
1188 5489 1393 5557 vineis,
1412 5494 1470 5545 et
1494 5491 1775 5563 capellam
1807 5494 2003 5550 Sancti

350 5575 629 5635 Solutoris
657 5578 717 5637 in
748 5581 945 5637 monte
975 5578 1258 5637 Pharrato
1285 5594 1299 5636 :
1327 5575 1635 5641 ecclesiam
1666 5580 1863 5641 Sancti
1884 5582 2002 5644 Viti

2137 3282 2353 3334 cortem
2386 3278 2445 3334 in
2477 3277 2864 3345 Scandaltico,
2884 3293 3019 3333 cum
3066 3276 3234 3349 plebe
3262 3275 3321 3331 in
3350 3276 3573 3331 honore
3602 3275 3795 3331 sancti

2139 3366 2429 3435 Dalmatii,
2451 3371 2508 3422 et
2537 3366 2773 3439 capellis
2803 3370 3060 3438 quatuor
3086 3364 3146 3419 in
3174 3365 3381 3420 eadem
3406 3368 3585 3431 corte,
3610 3376 3798 3419 unam

2136 3455 2193 3508 in
2226 3455 2506 3510 honorem
2537 3455 2719 3509 sancti
2753 3453 3078 3520 Michaelis,
3104 3451 3279 3508 aliam
3304 3451 3496 3508 sancti
3519 3452 3796 3520 Joannis,

2134 3543 2367 3599 tertiam
2388 3544 2574 3599 sancti
2595 3543 2859 3610 Andreae,
2875 3546 3147 3615 quartam
3167 3540 3353 3597 sancti
3376 3538 3637 3607 Martini,
3656 3554 3794 3595 cum

2134 3633 2293 3688 omni
2325 3633 2571 3699 decima,
2595 3636 2651 3687 et
2696 3631 3071 3697 molendinis,
3096 3628 3281 3698 silvis,
3310 3627 3571 3702 pascuis,
3608 3629 3795 3701 pratis

2133 3722 2546 3776 communibus
2566 3727 2623 3776 et
2645 3720 2906 3793 privatis,
2930 3720 3322 3790 omnibusque
3342 3718 3414 3773 ad
3445 3717 3793 3789 praedictam

2133 3810 2471 3866 canonicam
2494 3808 2923 3882 pertinentibus
2945 3827 2957 3864 :
2978 3807 3261 3879 capellam
3283 3806 3343 3861 in
3363 3805 3714 3879 Polengaria
3736 3807 3797 3861 in

2132 3898 2349 3953 honore
2378 3898 2565 3953 sancti
2596 3897 2867 3970 Remigii,
2892 3913 3028 3952 cum
3054 3894 3331 3952 omnibus
3361 3894 3435 3949 ad
3460 3909 3592 3949 eam
3622 3893 3803 3966 perti-

2132 3986 2407 4042 nentibus
2438 3986 2496 4040 in
2540 3985 2808 4052 Sablone,
2835 4001 2970 4040 cum
3003 3982 3230 4041 mansis
3260 3981 3543 4054 quinque,
3567 3986 3629 4037 et
3671 3997 3802 4038 me-

2131 4074 2344 4131 dietate
2369 4075 2599 4131 decima
2637 4074 2902 4145 ejusdem
2932 4072 3101 4140 villae,
3137 4088 3254 4128 una
3285 4087 3424 4127 cum
3469 4068 3665 4138 terris,
3700 4086 3800 4127 ca-

2130 4163 2289 4232 stris,
2314 4163 2575 4236 capellis,
2599 4161 2803 4230 vineis,
2819 4162 3064 4234 campis,
3089 4160 3295 4233 pratis,
3317 4158 3577 4232 pascuis,
3600 4158 3794 4225 silvis,

2130 4251 2500 4321 molendinis,
2548 4250 2839 4324 portibus,
2880 4248 3124 4323 ripatiis,
3156 4248 3349 4321 aquis,
3379 4262 3797 4320 aquarumque

2128 4341 2495 4408 decursibus,
2516 4340 2964 4413 piscationibus,
2988 4338 3172 4394 servis
3201 4340 3259 4393 et
3300 4335 3553 4407 anciliis,
3593 4334 3795 4392 aldio-

2128 4429 2322 4499 nibus,
2348 4430 2616 4498 decimis,
2640 4429 2814 4495 ﬁctis,
2840 4426 3146 4494 reditibus,
3178 4424 3497 4498 paludibus
3525 4439 3796 4480 commu-

2127 4518 2303 4574 nibus
2334 4523 2391 4575 et
2420 4517 2918 4583 incommunibus,
2947 4515 3114 4587 ripis,
3140 4512 3390 4587 rupinis,
3414 4512 3594 4569 cultis
3615 4516 3677 4569 et
3704 4511 3803 4568 in-‘

2127 4607 2325 4676 cultis,
2357 4607 2674 4663 mobilibus
2700 4610 2758 4661 et
2808 4602 3231 4671 immobilibus,
3264 4603 3337 4657 ad
3380 4603 3484 4674 jus
3530 4602 3795 4674 prafeta

2126 4697 2438 4767 canonicis,
2470 4695 3002 4765 canonicorumque
3045 4708 3190 4748 usus
3240 4696 3299 4747 et
3345 4695 3651 4763 sumptus,
3681 4691 3792 4762 qui

2125 4803 2230 4859 pro
2254 4791 2515 4857 tempore
2536 4784 2771 4850 fuerint,
2796 4781 3227 4855 pertinentibus
3242 4780 3332 4835 vel
3359 4778 3795 4851 aspicientibus

2122 4875 2178 4929 in
2223 4874 2539 4946 integrum,
2573 4876 2784 4929 nostra“:
2826 4869 3290 4926 conﬁrmationis
3327 4866 3701 4935 auctoritate,
3734 4871 3799 4925 et

2121 4978 2253 5035 quae
2280 4961 2491 5019 collata
2531 4965 2689 5029 sunt,
2722 4964 2780 5016 et
2822 4958 3192 5021 conferenda.
3226 4955 3633 5025 concedimus,
3666 4956 3791 5013 lar-

2119 5051 2334 5124 gimur,
2360 5069 2424 5107 ac
2447 5048 2802 5117 stabilimus,
2826 5046 3095 5104 omnium
3115 5046 3423 5103 hominum
3445 5048 3794 5103 controver-

2119 5140 2208 5198 sia
2237 5144 2458 5197 remota
2487 5144 2545 5196 et
2574 5136 2775 5211 procul
2808 5136 3094 5193 abdicata.

2189 5231 2437 5300 Insuper
2452 5243 2684 5299 quoque
2705 5242 2809 5298 per
2830 5225 2982 5281 hanc
3000 5224 3187 5281 nostri
3208 5223 3481 5297 praecepti
3498 5222 3791 5297 paginam

2116 5316 2487 5391 praecipimus
2500 5319 2677 5388 atque
2688 5315 2971 5387 jubemus
2986 5317 3053 5370 ut
3073 5329 3245 5371 nemo
3256 5313 3792 5386 episcopus;etiam

2106 5406 2292 5478 judex
2312 5404 2603 5478 publicus,
2619 5408 2723 5460 aut
2737 5403 2958 5459 missus
2983 5403 3340 5467 discurrens,
3360 5405 3464 5457 aut
3486 5400 3789 5467 marehio,

2113 5511 2329 5561 comes,
2351 5493 2701 5560 sculderius,
2724 5490 3052 5565 gastaldus,
3071 5491 3160 5547 vel
3186 5489 3506 5564 cujuslibet
3527 5495 3794 5563 potesta-

2111 5583 2191 5643 tis
2221 5597 2455 5660 magna,
2486 5596 2811 5660 parvarque
2840 5594 3094 5663 persona
3119 5579 3229 5638 has
3251 5577 3570 5658 praelibata
3600 5595 3790 5642 cano-
