3924 6210
92 328 242 495 libs

1438 386 1833 477 amnicus
1870 386 1955 455 III
1995 387 2161 456 IMP.

3318 381 3478 457 H06.

91 525 226 589 nica:
254 539 350 583 res.
372 521 588 582 audeat
616 518 924 592 invadere,-
945 522 1214 598 diripere,
1237 522 1326 582 vel
1375 540 1724 598 quocunque
1750 528 1806 596 Α
1833 523 2004 580 Serra
2030 524 2102 580 de
2132 521 2483 593 Barbarano,
2517 520 2663 597 pede
2700 518 2815 579 ﬁne
2860 516 2990 595 ipso
3038 519 3181 595 Rigo
3228 522 3300 578 de
3344 520 3478 578 Pla-

91 612 378 693 molimine
395 614 467 669 de
486 616 772 685 potestate
792 614 1226 681 cauonicorum,
1245 613 1463 670 ibidem
1480 613 1726 669 Domino

89 702 476 773 militantium,
492 719 641 759 ausu
663 703 884 758 nefario
910 703 1156 770 auferre,
1174 720 1277 759 nec
1298 702 1357 758 in
1381 702 1727 757 beneﬁcium

88 793 356 865 cuiquam
386 792 527 847 dare
558 795 768 863 praeter
804 790 1163 848 voluntatem
1196 791 1604 864 praedictorum
1632 805 1726 844 ca-

89 880 443 947 nonicorum,
484 895 672 952 neque
716 879 788 934 ad
836 895 1044 937 causas
1086 879 1400 951 judiciario
1450 895 1629 943 more,
1663 881 1729 932 ut

87 969 278 1043 aliqua
322 967 716 1041 supraposita,
752 973 854 1024 aut
899 967 1176 1025 violentia
1220 968 1555 1024 faciendum
1609 965 1727 1021 ullo

85 1074 342 1135 unquam
395 1060 658 1129 tempore
716 1057 943 1130 ingredi
1000 1058 1229 1114 audeat.
1261 1058 1369 1113 Sed
1427 1056 1599 1112 liceat
1628 1071 1727 1110 eos

87 1164 216 1208 cum
245 1146 516 1203 omnibus
566 1146 741 1202 rebus
773 1163 839 1202 ac
882 1145 1123 1203 familiis
1182 1148 1305 1203 suis
1363 1146 1474 1201 sub
1527 1148 1729 1201 nostra

85 1234 394 1293 consistere
421 1234 692 1303 tuitione,
722 1238 897 1306 atque
941 1235 1335 1291 immunitatis
1366 1232 1723 1290 defensione.

84 1325 145 1381 Si
173 1340 301 1383 vero
324 1323 703 1395 querimoniae
733 1323 1013 1380 adversus
1042 1325 1168 1395 jam
1201 1323 1386 1379 dictos
1416 1321 1726 1378 canonicos

83 1420 202 1473 tam
231 1413 299 1468 de
326 1411 527 1469 liberis
554 1411 918 1480 hominibus,
949 1430 1126 1485 quam
1176 1413 1246 1468 de
1295 1412 1497 1479 servis,
1520 1427 1623 1466 seu
1655 1410 1725 1464 de

83 1503 255 1560 rebus
283 1505 418 1558 ortas
452 1501 687 1567 iuerint,
727 1501 1008 1572 jubemus
1053 1504 1118 1557 ut
1166 1505 1300 1557 ante
1348 1499 1724 1572 praepositum

81 1596 138 1648 et
167 1590 473 1651 canonicos
518 1590 783 1661 ejusdem
834 1588 1087 1645 ecclesiae
1137 1589 1435 1654 ﬁniantur,
1469 1592 1525 1643 et
1554 1587 1625 1641 ad
1658 1587 1723 1640 ﬁ-

80 1696 213 1737 nem
244 1694 427 1750 usque
458 1679 841 1734 deducantur.
875 1679 932 1733 Si
975 1679 1108 1751 quis
1136 1678 1316 1750 igitur
1344 1682 1547 1734 contra
1574 1675 1724 1731 hanc

78 1767 259 1824 nostri
288 1765 555 1840 praecepti
598 1766 896 1839 paginam,
931 1771 1258 1840 nostraeque
1280 1765 1572 1838 jussionis
1615 1780 1724 1818 au-

79 1855 398 1913 ctoritatem
431 1854 652 1926 aliquid
684 1872 854 1929 agere
902 1856 1218 1928 aliquando
1260 1854 1590 1920 tentaverit,
1625 1856 1727 1908 aut

79 1963 149 2003 ex
176 1944 268 2001 his
295 1960 419 2017 quae
470 1960 651 2016 supra
700 1943 918 2017 scripta
977 1944 1456 2018 sunt,quidpiam
1513 1941 1730 1998 violare

77 2032 533 2108 praesumpserit,
557 2033 706 2088 sciat
735 2049 797 2089 se
829 2033 955 2089 auri
987 2033 1193 2106 optimi
1234 2032 1414 2089 libras
1446 2033 1729 2088 ducentas

75 2121 556 2196 compositurum,
591 2121 964 2178 medietatem
1006 2139 1247 2179 camerae
1280 2125 1589 2189 nostrae,et
1615 2134 1733 2173 me-

75 2212 349 2269 dictatam
384 2211 533 2284 parti
576 2210 986 2283 przedietorum
1013 2212 1448 2278 canonicorum,
1490 2213 1729 2266 nostrae-

74 2315 191 2373 que
218 2299 458 2371 insuper
502 2298 797 2355 incidisse.
829 2300 1158 2371 majestatis
1207 2302 1513 2357 offensam.
1546 2300 1616 2354 Et
1668 2289 1733 2351 ut

68 2390 182 2446 hoc
210 2393 418 2444 nostra:
444 2387 838 2445 immunitatis
860 2394 1215 2462 praeceptum
1248 2386 1647 2444 inviolabilem
1674 2401 1734 2452 et.

65 2475 472 2534 inconvulsam
532 2476 792 2533 obtineat
850 2478 1214 2547 ﬁrmitatem,
1258 2495 1439 2533 manu
1494 2476 1731 2550 propria

64 2567 280 2625 subtus
310 2564 453 2621 illud
496 2566 884 2635 ﬁrmavimus,
917 2572 975 2622 et
1004 2568 1210 2623 annuli
1260 2566 1443 2623 nostri
1489 2567 1733 2638 impres-

1760 1898 1807 1967 Β

1836 613 2038 681 centri,
2088 613 2160 670 de
2208 630 2325 669 uno
2374 612 2489 669 lato
2540 614 2653 668 ﬁne
2702 614 2830 685 ipso
2874 611 3024 668 valle
3069 612 3141 667 de
3187 611 3361 684 Fuge,
3409 625 3481 667 ex

1835 700 1948 757 alio
1979 701 2158 758 latere
2196 719 2358 758 serra
2387 702 2458 757 de
2486 703 2786 770 Corvianc,
2816 718 2951 757 cum
2993 700 3126 773 ipsa
3152 700 3317 754 furca
3344 715 3479 754 cum

1836 790 1995 845 omni
2027 791 2373 862 pertinentia
2416 808 2524 847 sua
2556 809 2568 847 :
2603 796 2660 847 et
2689 794 2827 847 sunt
2855 789 2913 845 in
2946 787 3302 862 supradictis
3349 787 3480 843 istis

1837 880 2165 935 modiorum
2216 880 2286 935 de
2334 885 2488 936 terra
2542 879 2969 952 quatuorcenti,
3001 882 3069 934 et"
3115 877 3166 933 si
3225 875 3481 948 amplius

1836 967 2137 1023 inventum
2170 968 2363 1039 fuerit,
2397 969 2468 1024 ad
2500 969 2691 1041 ipsam
2731 968 2859 1039 jam
2903 967 3123 1023 dictam
3172 964 3480 1021 ecclesiam

1835 1055 2141 1128 pertineat,
2189 1073 2322 1111 cum
2372 1057 2562 1124 terris,
2596 1056 2801 1124 vineis,
2835 1055 3024 1129 aquis,
3075 1066 3490 1128 aquarumque

1835 1144 2201 1211 decursibus,
2262 1144 2715 1216 piscationibus,
2769 1143 3143 1211 molendinis,
3194 1142 3372 1199 cultis
3425 1146 3488 1206 et,

1834 1231 2093 1300 incultis,
2145 1232 2343 1288 omnia
2398 1240 2455 1288 et
2502 1235 2560 1289 in
2610 1234 2905 1296 omnibus.
2956 1238 3013 1289 et
3065 1231 3352 1305 quidquid
3408 1233 3479 1287 de

1834 1320 2090 1392 praedicti
2144 1321 2483 1378 monasterii
2534 1322 3005 1394 possessionibus
3053 1323 3233 1378 ﬁscus
3282 1323 3485 1377 noster

1834 1426 2067 1482 sperare
2107 1411 2360 1483 potuerit
2406 1411 2519 1482 ipsi
2567 1428 2668 1482 pro
2717 1416 2942 1470 aeternae
2990 1408 3485 1467 remunerationis

1832 1499 2072 1570 praemio
2101 1500 2497 1557 concedimus.
2532 1501 2600 1555 Et
2630 1505 2694 1555 ut
2720 1500 2919 1556 nullus
2953 1499 3326 1555 mallaturam
3357 1512 3480 1570 per-

1833 1587 2020 1644 solvat
2049 1589 2324 1645 advocato
2355 1590 2505 1660 ejus,
2536 1592 2670 1655 etc.,
2703 1593 2762 1643 ut
2804 1590 2864 1643 in
2891 1589 3267 1660 superioribus
3304 1588 3481 1658 privi-

1833 1677 2010 1747 legiis.

1906 1764 2140 1837 Signum
2166 1766 2353 1822 domni
2380 1768 2625 1823 Heinriei
2668 1765 2893 1823 secundi
2940 1768 3310 1822 Romanorum
3336 1764 3482 1818 invi-

1812 1854 2065 1919 ctissimi
2093 1856 2443 1925 imperatoris
2474 1855 2722 1926 Augusti.

1908 1942 2216 2000 Heinricus
2247 1943 2629 2000 cancellarius
2666 1944 2789 2000 vice
2817 1942 3157 2000 Herimanni
3188 1940 3491 1998 archican-

1840 2030 2054 2093 cellarii
2084 2032 2407 2104 recognovi.

1912 2120 2055 2175 Data
2083 2120 2374 2177 Kalendas
2411 2121 2697 2192 Januarii,
2731 2138 2884 2177 anno
2925 2118 3241 2176 Dominicis
3289 2118 3487 2174 lucar-

1840 2208 2095 2265 nationis
2153 2209 2467 2266 millesimo
2525 2209 2976 2282 quadragesimo
3025 2207 3294 2280 septimo,
3331 2204 3486 2263 indi-

1840 2297 2028 2353 ctione
2074 2298 2301 2354 decima
2331 2298 2564 2370 quinta;
2598 2315 2751 2354 anno
2792 2301 2988 2354 autem
3037 2294 3260 2352 domini
3306 2293 3483 2351 Hein-

1841 2385 1945 2442 rici
1976 2386 2131 2443 tertii
2159 2386 2544 2443 ordinationis
2573 2388 2703 2458 ejus
2729 2387 2956 2444 decimo
2986 2388 3208 2452 octavo,
3240 2398 3487 2457 regnan-

1839 2474 1915 2531 tis
1944 2475 2180 2547 quidem
2212 2480 2410 2532 octavo
2441 2476 2702 2545 secundi,
2736 2475 3081 2548 imperantis
3108 2474 3317 2547 primo.

1912 2567 2121 2620 Actum
2154 2565 2227 2621 ad
2256 2564 2539 2621 Columna
2573 2564 2867 2621 civitatem
2898 2564 2959 2620 in
2988 2563 3091 2621 Dei
3136 2562 3374 2619 nomine
3390 2562 3485 2618 ~fe-

70 2656 240 2712 sione
266 2654 556 2726 assignari
579 2655 896 2726 jussimus.
1838 2650 2045 2711 liciter.
2076 2656 2278 2711 Amen.

140 2743 376 2814 Signum
420 2743 608 2799 damni
660 2746 905 2801 Heinrici
960 2747 1325 2802 Romanorum
1384 2747 1730 2817 imperatoris

69 2832 453 2889 invictissimi.

144 2920 456 2981 Heinricus
486 2921 868 2978 cancellarius
897 2923 1018 2979 vice
1042 2921 1395 2995 llermianni
1426 2922 1728 2979 archican-

71 3008 299 3068 cellarii
330 3010 654 3083 recognovi.

142 3101 287 3155 Acta
316 3097 594 3155 Kalendis
634 3099 789 3169 Maii,
824 3118 977 3157 anno
1007 3101 1324 3159 Dominicm
1369 3103 1728 3160 Incarnatio—
1911 3105 1973 3155 In
2004 3100 2239 3157 nomine
2271 3105 2483 3156 sanctae
2527 3105 2583 3156 et
2628 3100 2939 3156 individua
2967 3099 3291 3166 Trinitatis,
3314 3094 3502 3154 Ham-‘

73 3189 168 3245 nis
194 3185 512 3244 millesimo
534 3189 982 3263 quadragesimo
1009 3191 1612 3263 septimo,indictione
1633 3210 1725 3255 xv,
1839 3206 2009 3244 arcus
2041 3189 2238 3245 divina
2269 3190 2494 3245 favente
2518 3188 2827 3246 clementia
2854 3189 3260 3244 Romanorum
3291 3185 3487 3260 impe-

68 3294 227 3334 anno
259 3281 455 3332 autem
486 3276 688 3334 domni
729 3278 981 3335 Heinrici
1016 3296 1115 3335 seu
1165 3281 1549 3338 ordinationis
1597 3282 1725 3353 ejus
1754 3263 1799 3330 Ο
1838 3282 1995 3334 ratur
2020 3280 2341 3349 Augustus.

64 3365 300 3423 decimo
332 3367 552 3428 octavo,
586 3365 931 3439 imperantis
964 3385 1096 3426 vero
1128 3370 1335 3441 primo.
1900 3368 1958 3422 Si
1992 3384 2292 3423 servorum
2330 3368 2422 3423 Dei
2464 3366 2847 3440 petitionibus
2875 3378 3187 3422 assensum
3220 3359 3486 3437 praebue-

138 3457 355 3511 Actum
386 3453 660 3523 Mantuaa,
694 3455 752 3510 in
784 3456 884 3512 Dei
917 3457 1151 3514 nomine
1184 3458 1444 3515 feliciter.
1828 3455 2017 3513 rimus
2051 3458 2121 3513 ad
2149 3474 2314 3529 spem
2336 3456 2544 3512 divinae
2575 3454 3061 3512 remunerationis
3085 3454 3259 3513 nobis
3287 3453 3515 3527 prem.”-

839 3563 957 3620 XV.
1831 3552 2033 3603 turum
2082 3564 2211 3603 esse
2265 3563 2379 3601 non
2430 3545 2775 3601 difﬁdimus.
2809 3546 3171 3618 Quapropter
3216 3546 3485 3602 omnium

66 3652 418 3722 Prwceplum
445 3649 691 3706 Heinrici
719 3652 1061 3723 imperatoris
1102 3653 1167 3709 de
1209 3654 1460 3710 libertate
1487 3663 1539 3711 et
1566 3656 1726 3711 rebus
1836 3636 2048 3692 Christi
2102 3635 2405 3708 “OStrique
2451 3634 2732 3702 ﬁdelium:
2764 3639 2887 3691 tam
2941 3635 3274 3691 mimorum
3306 3652 3517 3723 (Ιίιεξπιῖ

531 3724 855 3779 monasterii
885 3724 1281 3781 Casauriensis.
1839 3725 2236 3798 praesentium,
2284 3725 2509 3780 noverit
2564 3724 2858 3780 industria
2914 3723 3166 3796 qualiter
3217 3738 3337 3780 nos;
3384 3728 3490 3796 pro

711 3810 898 3881 (Anno
929 3812 1109 3884 1047.)
1842 3831 2039 3871 amore
2067 3815 2263 3871 divino
2318 3814 2643 3885 animmque
2691 3817 2901 3869 nostris
2947 3811 3230 3880 remedio,
3258 3816 3388 3870 tum
3419 3813 3491 3869 ob

272 3897 625 3970 (Moenum,
658 3900 779 3957 Rer.
806 3902 931 3957 Ital.
966 3902 1164 3974 Script.
1199 3903 1268 3970 II,
1303 3920 1364 3972 ιι,
1394 3906 1546 3976 357.]
1844 3903 2181 3976 petitionem
2215 3902 2560 3959 venerabilis
2602 3902 2831 3959 abbatis
2868 3901 3158 3959 Dominiei
3200 3902 3338 3957 dicti
3369 3916 3496 3959 mo-

142 3988 211 4044 In
244 3987 485 4043 nomine
514 3991 731 4043 sanctae
757 3993 819 4045 .et
862 3989 1175 4046 individuis
1204 3991 1527 4049 Trinitatis.
1560 3995 1733 4051 Ham-
1846 3992 2084 4049 uasterii
2114 3997 2336 4048 Sanctae
2367 3992 2691 4060 Trinitatis,
2719 3996 2775 4047 et
2800 3992 2859 4046 Β.
2878 3991 3192 4048 Clementis
3221 3984 3499 4064 martyris

2594 2770 2736 2827 XVI.

1838 2890 2181 2957 Praeceptum
2220 2889 2465 2943 Heinrici
2494 2868 2842 2959 imperatoris
2871 2885 2936 2943 de
2975 2874 3225 2959 libertate
3250 2893 3304 2943 et
3330 2888 3492 2944 rebus

2298 2958 2621 3015 monasterii
2646 2958 3037 3014 Casauriensis.

66 4093 271 4145 arcus,
304 4075 505 4131 divina
545 4076 774 4134 favente
813 4078 1143 4149 clementia,
1178 4081 1575 4140 Romanorum
1625 4085 1736 4140 im-
1846 4081 1989 4137 inibi
2021 4081 2377 4153 quiescentis
2420 4081 2479 4135 in
2521 4082 2804 4137 comitatu
2836 4081 3073 4154 quidem
3106 4079 3404 4149 Pinneuei,
3439 4082 3528 4136 in‘

1847 4170 2063 4236 insula,
2095 4187 2222 4242 quae
2272 4170 2639 4226 Casa-Aurea
2679 4174 2939 4237 vocatur,
2986 4170 3158 4239 juxta
3213 4170 3503 4241 praecepta

1850 4260 2343 4332 praedecesorum
2373 4262 2707 4312 nostrorum
2738 4273 2944 4328 regum
2976 4273 3043 4313 ac
3082 4258 3503 4330 imperatorum

1851 4347 2139 4419 quidquid
2176 4349 2338 4418 juste
2367 4348 2423 4399 et
2450 4344 2719 4416 legaliter
2745 4344 2937 4400 visum
2987 4349 3077 4400 est
3121 4345 3356 4413 habere,
3388 4345 3503 4401 im-

64 4170 314 4240 perator
344 4166 668 4238 Augustus.

142 4251 208 4311 Si
242 4268 549 4308 servorum
580 4252 679 4309 Dei
721 4254 1102 4327 petitionibus
1138 4274 1447 4314 assensum
1480 4263 1737 4331 praebue-

67 4345 293 4410 rimus,
323 4341 397 4397 ad
428 4358 593 4415 spem
632 4342 838 4399 divinae
880 4346 1372 4404 remunerationis
1401 4349 1571 4405 nobis
1603 4366 1741 4421 pro-

66 4434 354 4488 futurum
384 4445 512 4485 esse
554 4448 670 4486 non
709 4431 1057 4490 difﬁdimus.
1091 4436 1454 4508 Quapropter
1476 4437 1742 4493 omnium
1853 4435 2055 4508 periali
2089 4439 2287 4489 nostra
2333 4432 2671 4487 auctoritate
2714 4431 3077 4488 decrevimus
3106 4432 3500 4502 corroborare,

66 4514 305 4575 Christi
349 4517 651 4591 nostrique
701 4519 964 4576 ﬁdelium
1014 4526 1136 4577 tam
1185 4524 1515 4579 futurorum
1565 4541 1741 4597 quam

1854 4529 1911 4580 et
1940 4525 2285 4579 conﬁrmare
2315 4522 2707 4593 quodcunque
2728 4519 2998 4576 videlicet
3021 4519 3177 4574 idem
3210 4526 3504 4576 monaste-

67 4606 491 4682 praesentium,
539 4607 763 4664 noverit
822 4609 1117 4668 industria
1172 4612 1424 4683 qualiter
1476 4630 1585 4670 nos
1642 4631 1744 4687 pro
1775 4634 1821 4697 D
1854 4612 2007 4667 rium
2033 4611 2263 4666 videtur
2287 4609 2545 4666 obtinere
2573 4608 2727 4664 infra
2750 4609 2955 4664 urbem
2986 4608 3330 4676 Romanam,
3363 4612 3499 4677 etc.,

64 4712 287 4753 amore
328 4694 525 4752 divino
570 4697 897 4769 animaeque
941 4704 1151 4756 nostra:
1193 4701 1468 4769 remedio,
1500 4706 1621 4758 tam
1670 4704 1742 4757 ob
1776 4694 1808 4697 _
1853 4709 1910 4756 ut
1936 4718 2102 4772 supra
2132 4703 2190 4755 in
2217 4700 2349 4754 aliis
2374 4699 2707 4769 privilegiis.

62 4783 428 4858 petitionem
457 4785 807 4842 venerabilis
844 4787 1139 4844 Adelberti
1172 4789 1658 4862 monachi,quam
1690 4796 1746 4847 et
1921 4792 2160 4862 Signum
2191 4788 2382 4842 domui
2411 4788 2653 4842 lleinrici
2684 4786 3031 4859 imperatoris
3060 4784 3285 4842 secundi
3316 4786 3505 4841 Roma-

61 4873 352 4948 germani
383 4873 475 4929 sui
515 4874 909 4943 Guimarii,de
941 4876 1194 4934 Ecclesia
1238 4879 1464 4935 Sanctae
1493 4879 1744 4935 Trinita-
1856 4895 2058 4934 norum
2085 4877 2432 4933 invictissimi
2462 4878 2806 4947 imperatoris
2835 4876 3081 4947 Augusti.

60 4963 172 5030 tis,
207 4966 272 5018 et
297 4963 487 5018 sancti
521 4963 737 5027 Quirici
779 4966 1077 5039 martyris,
1109 4968 1169 5023 in
1200 4968 1480 5024 vocabulo
1511 4968 1745 5025 Placen-
1927 4968 2230 5024 Heinricus
2260 4963 2642 5020 cancellarius
2674 4964 2795 5021 vice
2830 4963 3167 5022 llerimanni
3201 4964 3506 5023 archican-

60 5056 189 5118 tro,
222 5050 290 5107 in
332 5052 614 5108 comitatu
665 5053 970 5123 Balben‘se,
1005 5055 1105 5112 ubi
1151 5056 1430 5112 Finianus
1482 5058 1698 5113 dicitur
1733 5076 1745 5113 :
1859 5057 2077 5114 cellarii
2110 5054 2436 5127 recognovi.

63 5139 475 5196 concedimus
503 5139 589 5196 eis
638 5141 710 5196 ad
755 5140 1091 5198 habendum
1125 5147 1183 5198 et
1211 5145 1630 5217 possidendum
1662 5147 1748 5219 ip-
1932 5148 2077 5203 Data
2106 5144 2274 5202 tertio
2316 5144 2452 5201 Idus
2502 5143 2715 5210 Martii,
2749 5158 2902 5198 anno
2950 5140 3264 5200 Dominicze
3318 5146 3510 5203 Incar-

64 5245 214 5285 sum
250 5228 606 5301 praedictum
636 5227 853 5296 locum,
879 5236 1002 5287 tam
1034 5232 1199 5305 ipsis,
1224 5250 1401 5306 quam
1451 5239 1508 5289 et
1554 5236 1750 5291 abbati
1862 5236 2118 5292 nationis
2166 5232 2481 5289 millesimo
2531 5230 2976 5306 quadragesimo
3034 5230 3309 5302 septimo,
3360 5234 3510 5289 indi-

60 5316 383 5389 ipsorum.
404 5315 479 5373 Ut
503 5316 704 5373 nullus
729 5317 870 5387 dux,
896 5320 1178 5390 marchio,
1205 5322 1535 5394 episcopus,
1559 5340 1753 5380 comes
1863 5325 2051 5382 ctione
2082 5323 2311 5381 decima
2346 5322 2570 5395 quinta,
2604 5338 2755 5378 anno
2799 5323 2996 5376 autem
3026 5319 3230 5376 domui
3259 5320 3512 5379 Heinrici

64 5410 178 5463 aut
210 5406 580 5474 vicecomes,
608 5408 710 5461 aut
755 5423 971 5480 magna
1019 5424 1310 5482 parvaque
1356 5428 1608 5484 persona
1648 5413 1752 5468 ali-
1863 5415 2020 5470 tertii
2059 5412 2442 5471 ordinationis
2492 5414 2618 5486 ejus
2666 5411 2892 5469 decimo
2940 5411 3161 5478 octavo,
3214 5411 3514 5486 regnantis

60 5510 263 5568 quam
297 5494 645 5552 molestiam
670 5512 773 5551 seu
802 5496 1163 5555 invasionem
1194 5498 1384 5556 facere
1415 5506 1751 5572 praesumat.
1867 5503 2106 5575 quidem
2137 5506 2337 5559 octavo
2371 5503 2635 5571 secundi,
2655 5500 2998 5576 imperantis
3030 5498 3240 5571 primo.

58 5582 339 5660 Insuper
368 5583 757 5643 concedimus
779 5586 862 5641 eis
885 5584 1224 5659 praedictum
1258 5586 1449 5643 locum
1475 5588 1755 5649 Finianus
1935 5593 2145 5647 Actum
2176 5591 2249 5645 ad
2282 5593 2563 5651 Sanctum
2584 5591 2920 5651 Flavianum
2946 5590 3006 5647 in
3032 5589 3133 5647 Dei
3167 5594 3405 5653 nomine
3437 5592 3517 5649 fc-

56 5689 203 5735 cum
239 5675 511 5735 introitu
556 5676 615 5730 et
662 5673 818 5732 exitu
848 5691 975 5744 suo,
1002 5676 1159 5746 quod
1208 5680 1297 5733 est
1327 5693 1361 5733 a
1389 5678 1608 5751 capite;
1641 5680 1757 5737 ﬁne
1865 5680 2076 5740 liciter.
2108 5684 2314 5737 Amen.
