3924 6210
371 473 526 550 11οἸ

1108 613 1276 672 XVII.

367 711 674 788 Heinricus,
707 708 855 788 inter
895 697 1557 788 imperatores’secundus,
1603 686 1892 788 Bernartqu
1911 687 2016 739 Pa-

474 764 673 838 latina
687 781 931 852 episcopo
962 764 1046 846 ius
1071 772 1323 830 mittendae
1350 768 1592 841 pecuniae
1623 764 1911 829 elargitur.

983 867 1170 936 (Anno
1202 860 1387 928 1049.)

688 957 1040 1029 [MURATORI,
1073 952 1257 1020 Antiq.
1289 947 1414 1003 Ital.
1449 945 1519 1009 II,
1549 941 1701 1010 711.]

446 1049 510 1105 In
542 1024 777 1103 nomine
808 1046 1024 1099 sanctae
1054 1043 1110 1095 et
1147 1036 1459 1093 individua:
1492 1027 1819 1088 Trinitatis.
1853 1024 2027 1079 Hem-

379 1153 570 1206 nlcus,
600 1133 798 1189 divina
838 1132 1066 1188 favente
1096 1125 1425 1192 clementia,
1471 1123 1868 1177 Romanorum
1918 1112 2028 1166 im-

383 1227 616 1300 perator
641 1224 961 1295 Augustus.

455 1313 515 1369 Si
548 1290 838 1369 sacrisvet
879 1305 1310 1365 venerabilibus
1365 1300 1508 1356 locis
1567 1295 1825 1370 proficua
1881 1290 2034 1344 dona

384 1401 783 1467 concedimus,
808 1398 1016 1454 animm
1048 1398 1260 1451 nostra:
1285 1390 1656 1462 profuturum
1679 1380 1838 1438 nullo
1863 1377 2034 1433 modo

387 1489 768 1564 ambigimus.
792 1488 1152 1558 Quapropter
1181 1479 1455 1536 omnibus
1484 1471 1696 1530 Christi
1738 1466 2038 1536 nostrique

388 1559 664 1638 ﬁdelibus
691 1583 812 1634 tam
854 1574 1067 1631 futuris
1098 1586 1274 1644 quam
1307 1572 1364 1624 et
1401 1561 1807 1639 prmsentibus,
1832 1559 2036 1644 notum

389 1669 515 1725 ﬁeri
557 1666 829 1724 volumus
862 1663 1110 1735 qualiter
1157 1676 1262 1714 nos
1312 1657 1384 1712 ob
1432 1654 1820 1708 interventum
1855 1639 2039 1735 nostri

387 1757 501 1814 tori
523 1755 802 1828 regnique
823 1749 1130 1820 consortis,
1155 1745 1374 1804 scilicet
1393 1741 1631 1814 Agnetis
1652 1729 2040 1807 imperatricis

390 1820 827 1918 Augustam-nec
881 1857 988 1896 nos
1035 1839 1107 1894 ob
1157 1837 1428 1892 devotum
1478 1827 1779 1886 servitium
1829 1820 1951 1884 Dei,
1985 1822 2044 1872 et

393 1933 736 2007 petitionem
789 1926 1105 1986 Bernhardi
1159 1918 1517 1979 Pataviensis
1563 1913 1818 1988 episc0pi
1871 1909 2042 1962 licen-

395 1997 540 2078 tiam
570 2026 628 2077 et
673 2021 1022 2093 potestatem
1071 2016 1366 2069 monetam
1414 2005 1661 2063 faciendi
1700 2003 1767 2093 in
1818 1997 2046 2054 civitate

399 2089 748 2175 Pataviensi,
780 2105 1106 2163 secundum
1145 2101 1377 2175 pondus
1399 2091 1747 2151 Veronensis
1778 2089 2055 2158 monetae,

399 2197 512 2253 sibi
571 2212 808 2268 suaque
871 2192 1139 2250 Ecclesia:
1197 2184 1610 2261 perpetualiter
1676 2175 2052 2268 concedimus

398 2290 572 2358 atque
601 2262 1018 2359 permittimus.
1041 2282 1113 2337 Et
1159 2283 1226 2334 ut
1266 2276 1479 2332 certior
1510 2269 1833 2359 auctoritas
1873 2262 2054 2359 hujus

399 2378 614 2432 nostra:
640 2371 1037 2430 concessionis
1065 2368 1352 2432 videatur,
1386 2365 1445 2418 in
1478 2377 1596 2416 una
1626 2353 1932 2430 superficie
1961 2350 2056 2404 de-

395 2463 699 2520 nariorum
717 2460 901 2519 nostri
921 2457 1178 2515 nominis
1195 2459 1254 2511 et
1273 2450 1547 2525 imaginis
1571 2443 2018 2520 impressionem
2040 2471 2054 2520 ;

396 2551 459 2608 in
489 2551 672 2610 altera
699 2568 832 2608 vero
875 2548 1141 2621 ejusdem
1189 2541 1442 2600 civitatis
1492 2540 1741 2610 ﬁguram
1796 2531 2057 2613 imprimi

389 2642 706 2714 jussimus.
729 2641 801 2696 Et
821 2637 1100 2710 quoniam
1130 2631 1454 2690 secundum
1479 2623 1842 2697 imperialem
1867 2623 2060 2676 aucto-

399 2734 637 2792 ritatem
668 2733 1004 2787 nostrorum
1047 2728 1484 2778 antecessorum
1515 2729 1720 2786 regum
1750 2710 1839 2766 vel
1873 2710 1950 2764 im
1959 2724 2056 2780 pe-

404 2829 670 2883 ratorum
717 2834 820 2892 pro
881 2814 1090 2871 animae
1121 2813 1334 2865 nostra:
1375 2803 1632 2861 remedio
1691 2803 1904 2857 sancta:
1959 2798 2057 2851 Dei

408 2909 676 2970 Ecclesiae
706 2887 1072 2980 prmlibatum
1103 2900 1325 2954 donum
1355 2893 1684 2950 conditione
1714 2887 1907 2946 stabili
1938 2891 2059 2942 tra-

411 3001 632 3067 dimus,
662 2975 936 3052 volumus
978 2988 1339 3058 ﬁrmiterque
1368 2980 1740 3056 pracipimus
1787 2981 1853 3032 ut
1899 2975 2062 3032 nulla

415 3089 606 3162 major
661 3085 922 3143 minorve
968 3094 1220 3153 persona
1273 3072 1591 3130 Ecclesiam
1623 3068 1723 3125 Dei
1771 3082 2064 3137 suumque

414 3157 794 3254 provisorem,
815 3167 1220 3229 Bernhardum
1237 3163 1508 3219 videlicet
1528 3159 1891 3232 episcopum,
1913 3157 2066 3226 ejus-

419 3245 531 3343 que
561 3245 928 3323 successores
965 3260 1076 3316 hoc
1106 3257 1318 3312 nostra:
1360 3247 1736 3322 benignitatis
1780 3245 1931 3301 dono
1963 3245 2062 3299 de-

1726 443 2041 530 MONUM.
2082 432 2404 521 DIPLOM.

2045 592 2102 660 Α
2128 590 2245 646 lius
2275 602 2629 662 promovere.
2650 582 2815 642 Unde
2842 581 3078 656 quidem
3100 594 3304 637 omnes
3323 574 3542 635 Christi
3575 577 3794 633 nostri-

2073 1958 2125 2028 B

3559 437 3574 475 ’κ
3628 416 3793 503 Hoc

2131 697 2243 752 que
2272 683 2393 734 tam
2426 676 2607 733 futuri
2652 691 2830 747 quam
2880 674 3196 746 praesentes
3242 669 3511 724 noverint
3558 665 3788 733 fideles,

2133 768 2382 840 qualiter
2437 783 2542 821 nos
2573 766 2645 820 ob
2686 763 3025 836 petitionem
3085 759 3272 816 nostri
3329 756 3440 813 tori
3497 773 3566 812 ac
3625 756 3791 830 regni

2135 856 2442 922 consortis,
2487 854 2706 911 scilicet
2753 850 3014 924 Agnetis,
3045 847 3433 922 imperatricis
3483 849 3789 918 Augusta,

2136 951 2193 1001 et
2221 947 2293 1001 ob
2324 946 2597 1000 devotum
2638 941 2989 996 famulatum
3035 937 3219 993 nostri
3270 934 3458 991 fidelis
3489 937 3547 990 et
3593 933 3792 990 dilecti

2135 1033 2449 1101 Adelberti,
2483 1031 2814 1088 Bremensis
2862 1027 3130 1084 Ecclesia:
3178 1023 3620 1096 archiepiscopi,
3658 1040 3795 1078 cum

2138 1140 2427 1180 consensu
2449 1119 2804 1177 Berenhardi
2829 1117 2995 1174 ducis
3015 1121 3072 1172 et
3086 1114 3305 1171 Udonis
3327 1112 3558 1169 comitis
3580 1116 3641 1168 et
3663 1110 3798 1168 alio-

2140 1230 2272 1268 rum
2320 1210 2707 1275 coheeredum,
2736 1209 2807 1263 ad
2866 1207 3129 1278 ejusdem
3181 1202 3434 1259 ecclesiae
3492 1201 3705 1270 altare,
3739 1200 3792 1254 in

2141 1302 2361 1357 honore
2391 1303 2602 1355 sanctae
2651 1297 2867 1365 Mariae,
2901 1293 3208 1352 Genitricis
3240 1293 3337 1348 Dei
3384 1295 3796 1365 perpetuaque

2142 1387 2405 1461 virginis,
2455 1403 2522 1442 ac
2570 1386 2756 1442 sancti
2805 1384 2978 1448 Petri,
3029 1381 3429 1455 apostolorum
3485 1379 3795 1452 principis,

2146 1494 2331 1534 unum
2365 1477 2646 1533 forestum
2679 1493 2811 1531 cum
2855 1472 3115 1546 legitimo
3145 1471 3322 1528 banni
3346 1471 3483 1542 jure
3511 1468 3799 1525 traddidi-

2148 1585 2280 1623 mus
2314 1567 2372 1621 in
2407 1583 2553 1638 pago
2601 1566 2748 1620 Lara
2775 1563 2861 1619 vel
2894 1561 3203 1635 Steiringa,
3225 1559 3445 1617 scilicet
3487 1559 3549 1615 in
3580 1560 3803 1614 ducatu

2149 1654 2500 1712 Berenhardi
2533 1652 2720 1720 ducis,
2756 1655 2812 1706 et
2859 1651 3010 1705 infra
3060 1648 3342 1705 terminos
3385 1664 3532 1720 quos
3588 1647 3806 1703 subtus

2150 1743 2497 1800 nominatim
2530 1741 2802 1807 dicimus,
2826 1740 3026 1806 situm,
3053 1738 3338 1810 incipiens
3367 1737 3523 1792 enim
3548 1754 3582 1792 a
3603 1741 3806 1809 ponte,

2151 1832 2248 1904 qui
2279 1830 2505 1903 vulgari
2547 1830 2749 1902 lingua
2783 1828 3067 1884 Buribruc
3100 1827 3333 1892 dicitur,
3363 1830 3418 1881 et
3449 1826 3533 1881 sic
3561 1826 3812 1881 descen-

2152 1923 2295 1977 dens
2319 1922 2488 1993 juxta
2514 1923 2771 1974 Huntam
2803 1917 3044 1972 fluvium
3071 1932 3259 1987 usque
3287 1913 3347 1970 in
3381 1914 3610 1971 alveum
3645 1912 3816 1968 fluvii

2156 2010 2378 2066 Aldena
2407 2008 2544 2063 dicti
2577 2011 2632 2062 et
2661 2007 2796 2061 inde
2826 2023 2929 2078 per
2957 2006 3295 2070 decursum,
3319 2003 3418 2059 ubi
3438 2003 3668 2059 Aldena
3692 2003 3823 2057 Wi-

2161 2116 2348 2156 seram
2381 2097 2592 2164 inﬂuit,
2627 2101 2683 2152 et
2729 2095 2865 2150 inde
2907 2111 2940 2149 a
2983 2110 3268 2149 concursu
3307 2093 3555 2149 istorum
3606 2091 3820 2148 fluvio-

2163 2205 2294 2244 rum
2317 2204 2554 2243 sursum
2577 2201 2678 2258 per
2699 2183 3053 2256 crepidinem
3075 2181 3301 2236 Wisere
3322 2197 3511 2252 usque
3535 2181 3607 2236 ad
3642 2179 3825 2236 illum

2160 2278 2356 2333 locum
2399 2275 2499 2332 ubi
2548 2273 2878 2331 Bremensis
2926 2270 3460 2342 archiepiscopatus
3489 2274 3547 2326 et
3578 2269 3824 2326 Mindu-

2163 2367 2360 2424 nensis
2392 2362 2671 2437 episcopii
2701 2364 3057 2417 concurrunt
3098 2358 3354 2426 termini,
3388 2362 3445 2414 et
3471 2375 3687 2415 rursus
3719 2375 3828 2431 per

2164 2455 2484 2513 terminum
2545 2451 2883 2508 eorumdem
2935 2448 3362 2522 episcopiorum
3410 2465 3617 2504 versus
3667 2448 3826 2505 occi-

2167 2547 2398 2602 dentem
2432 2558 2618 2615 usque
2650 2543 2719 2597 ad
2751 2538 3237 2612 przenominatum
3270 2541 3527 2609 pontem.
3555 2537 3640 2593 Ea
3669 2538 3826 2593 vide—

2165 2635 2301 2690 licet
2331 2632 2661 2690 conditione
2689 2635 2746 2686 et
2774 2629 2997 2686 ratione
3019 2632 3083 2682 ut
3103 2626 3302 2682 nullus
3327 2626 3554 2699 absque
3583 2624 3831 2683 licentia

2168 2723 2389 2797 przefati
2421 2718 2840 2792 archiepiscopi
2881 2732 3405 2788 successorumque
3437 2732 3708 2782 suorum,
3744 2715 3830 2770 ul-

2166 2815 2290 2870 lum
2322 2829 2508 2885 genus
2553 2807 3001 2879 ferarum,quod
3041 2807 3174 2877 jure
3223 2806 3402 2861 banni
3449 2804 3830 2860 interdicitur

2168 2903 2293 2975 lege
2337 2900 2613 2974 qualibet,
2637 2896 2947 2954 venatoria:
3003 2895 3147 2951 artis
3202 2894 3495 2950 industria
3524 2895 3586 2949 in
3619 2896 3826 2950 eodem

2170 2993 2385 3048 foresto
2419 2992 2732 3062 prmsumat
2759 3000 2961 3058 capere
2990 2984 3080 3040 vel
3108 2984 3392 3055 decipere.
3414 2983 3702 3055 Quisquis
3733 3001 3830 3039 au-

2169 3088 2288 3137 tem
2320 3084 2523 3136 contra
2551 3079 2724 3133 istam
2751 3075 2936 3131 nostri
2965 3072 3288 3146 imperialis
3318 3072 3590 3144 precepti
3624 3073 3831 3128 condi-

2172 3170 2390 3226 tionem
2415 3168 2565 3223 infra
2585 3165 2936 3239 praefinitum
2959 3163 3222 3234 ejusdem
3244 3159 3442 3217 foresti
3457 3167 3709 3217 venatur
3727 3165 3836 3217 ter-

2173 3259 2421 3324 minum,
2450 3258 2717 3314 eamdem
2749 3271 2887 3327 erga
2925 3251 3430 3324 archiepiscopum
3462 3251 3835 3306 emendatio-

416 3325 657 3417 satituere
686 3359 860 3426 atque
889 3347 1200 3406 Πιοὶϐεῒτθινθ
1230 3343 1565 3415 Ρνωευωδί·
1588 3336 1747 3426 Ουοά
1785 3339 1848 3389 υί
1869 3334 2063 3426 "erilis
2091 3325 2135 3393 α
2176 3350 2266 3406 nis
2290 3349 2505 3405 habeat
2531 3347 2740 3418 legem,
2767 3325 2893 3416 quae
2921 3341 3194 3399 omnibus
3224 3339 3485 3413 legaliter
3511 3340 3839 3396 constituta

416 3447 690 3504 credatur
720 3422 791 3500 ab
821 3438 1118 3502 omnibus,
1151 3436 1210 3489 et
1247 3447 1350 3504 per
1387 3424 1751 3483 succedentis
1785 3422 2063 3494 temporis

413 3552 604 3605 avum
634 3534 706 3590 ab
737 3529 1014 3589 omnibus
1053 3519 1395 3596 diligentius
1433 3517 1789 3578 observetur,
1821 3512 1930 3567 hoc
1961 3528 2064 3566 no-

416 3600 550 3682 stre
580 3620 910 3680 donationis
940 3615 1291 3689 praeceptum
1325 3623 1503 3663 manu
1535 3602 1770 3676 propria
1802 3600 2067 3656 corrobo-

415 3718 634 3780 rantes,
667 3707 848 3783 sigilli
877 3702 1061 3762 nostri
1093 3697 1478 3772 impressione
1507 3692 1750 3748 inferius
1773 3690 2065 3762 jussimus

415 3799 712 3875 insigniri.

489 3869 724 3960 Signum
750 3886 936 3943 damni
963 3881 1207 3940 Heinrici
1233 3876 1382 3935 tertii
1411 3874 1552 3944 regis
1583 3869 1950 3934 invictissimi,
1982 3883 2064 3922 se-

417 3978 587 4037 cundi
614 3978 981 4033 Romanorum
1007 3966 1354 4042 imperatoris
1377 3961 1630 4031 Augusti.

492 4065 884 4125 Herimannus
939 4055 1300 4117 Coloniensis
1366 4048 1840 4120 archiepiscoPus
1895 4048 2069 4116 atque

421 4152 974 4216 archicancellarius
1003 4142 1332 4219 recognovi.
1667 4141 1672 4146 '

493 4249 639 4306 Data
665 4262 759 4302 xv:
781 4241 1069 4300 Kalendas
1091 4234 1250 4303 Maii,
1285 4247 1438 4287 anno
1467 4227 1778 4284 Dominicis
1800 4224 2068 4280 lncarna-

421 4336 600 4395 tionis
628 4331 938 4392 millesimo
967 4320 1415 4399 quadragesimo
1444 4334 1617 4383 nono,
1640 4313 1957 4370 indictione
1988 4329 2072 4368 se-

423 4427 636 4494 cunda,
675 4438 829 4481 anno
876 4414 1079 4475 domni
1109 4408 1340 4469 Henrici
1388 4425 1451 4464 ιιι
1500 4405 1675 4479 regis,
1704 4400 2072 4474 imperatoris

423 4493 686 4582 secundi,
718 4503 1105 4570 ordinationis
1137 4501 1268 4573 ejus
1293 4516 1386 4567 xx,
1418 4494 1581 4568 regni
1612 4493 1850 4564 quidem
1881 4508 1938 4556 x,
1961 4493 2073 4545 Im-

422 4606 567 4681 perii
599 4607 797 4662 autem
829 4613 912 4668 ιιι,
945 4595 1005 4650 in
1036 4590 1273 4648 nomine
1308 4584 1559 4644 Domini.

493 4697 704 4754 Actum
735 4685 1013 4746 Goslariae
1044 4679 1310 4739 feliciter.
1343 4682 1545 4735 Amen.

1152 4786 1350 4845 XVIII.

704 4885 1069 4957 Privilegium
1094 4896 1193 4954 pro
1221 4876 1461 4934 Ecclesia
1486 4869 1786 4927 Bremensi.

1046 4974 1233 5045 (Anno
1265 4965 1449 5036 1049.)

640 5069 1060 5143 [LAPPENBBRG,
1094 5058 1373 5124 Hamb-urg
1402 5049 1647 5143 Urkund,
1681 5045 1831 5143 $74.]

496 5164 561 5220 In
591 5132 829 5217 nomine
859 5156 1071 5211 sanctze
1111 5152 1168 5204 et
1205 5143 1514 5201 individuae
1543 5134 1865 5194 Trinitatis.
1900 5132 2072 5188 HEIN-

426 5269 616 5320 meus,
651 5247 849 5305 divina
893 5243 1116 5300 favente
1155 5231 1484 5298 clementia,
1528 5229 1925 5283 Romanorum
1968 5221 2072 5277 im-

425 5344 657 5417 perator
684 5338 1006 5409 Augustus.
1274 5402 1278 5406 ~
1501 5408 1538 5417 Η
1722 5401 1732 5412 ο
1873 5400 1883 5410 ⁸
2027 5399 2036 5408 .

496 5408 801 5500 Quoniam,
832 5441 899 5479 ex
947 5419 1143 5478 debito
1192 5408 1541 5489 procurandi
1575 5408 1744 5500 regni
1785 5408 2074 5456 universns

425 5488 699 5578 Ecclesiis
730 5510 978 5572 Romani
1011 5488 1242 5580 imperii
1282 5505 1587 5574 paternam
1618 5488 2072 5548 sollicitudinem

424 5611 706 5666 debemus
728 5601 1085 5674 impendere,
1098 5594 1370 5652 volumus
1387 5593 2075 5655 unamquamque,quan-

424 5701 552 5753 tum
582 5712 650 5750 ex
678 5671 886 5748 divinae
935 5687 1134 5758 gratiae
1189 5680 1356 5737 nobis
1413 5671 1749 5730 conceditur
1808 5681 2070 5732 munere,

427 5783 746 5839 sublimare
767 5782 822 5832 et
854 5757 1184 5830 nostrorum
1210 5765 1627 5825 beneﬁciorum
1660 5759 1830 5816 donis
1857 5757 1915 5812 in
1947 5771 2072 5810 me-

2173 3444 2280 3506 est,
2315 3439 2414 3511 qui
2445 3439 2503 3492 in
2536 3439 2736 3492 nostro
2769 3436 2970 3489 contra
2996 3429 3239 3486 vetitum
3269 3433 3560 3484 venantur
3591 3429 3833 3486 foreslo.

2246 3530 2311 3584 Et
2342 3535 2406 3583 ut
2435 3526 2591 3582 istud
2617 3528 2828 3579 nostra:
2853 3519 3215 3577 auctoritatis
3236 3519 3457 3574 donum
3488 3517 3702 3574 stabile
3733 3535 3840 3590 per

2173 3636 2345 3677 omne
2376 3619 2609 3672 maneat
2651 3627 2859 3676 savum,
2889 3610 2999 3665 hoc
3051 3607 3477 3679 cyrographum
3521 3606 3661 3662 inde
3692 3623 3832 3662 con-

2175 3708 2458 3780 scriptum
2486 3720 2663 3759 manu
2695 3700 2931 3774 propria
2950 3697 3411 3764 corroborantes,
3440 3695 3622 3767 sigilli
3647 3697 3830 3752 nostri

2176 3789 2873 3869 impressionejussimus
2906 3785 3195 3858 insigniri.

2248 3887 2478 3956 Signum
2517 3881 2706 3937 domni
2751 3878 2996 3933 Ileinrici
3051 3876 3204 3929 tertii
3254 3875 3398 3942 regis
3454 3874 3836 3943 invictissimi,

2174 3975 2398 4032 secundi
2428 3977 2799 4028 Romanorum
2830 3966 3178 4037 imperatoris
3204 3964 3452 4034 Augusti.

2248 4040 2645 4120 Uvinithoerius
2695 4052 3097 4119 cancellaruis,
3140 4051 3264 4106 vice
3309 4050 3592 4107 Pardonis
3642 4051 3845 4107 archi-

2179 4149 2533 4218 cancellarii,
2567 4143 2892 4218 recognovi.

2250 4245 2461 4299 Data...
2496 4236 2622 4293 Kal.
2655 4233 2836 4302 Junii,
2870 4248 3023 4287 anno
3065 4229 3378 4286 Dominicaa
3409 4230 3847 4286 lncarnationis

2183 4334 2338 4400 1049,
2381 4326 2700 4384 indictione
2748 4341 2812 4392 ιι,
2860 4338 3012 4376 anno
3068 4325 3267 4375 autem
3323 4316 3523 4373 domni
3581 4318 3842 4374 Heinrici

2179 4422 2334 4478 tertii
2367 4417 2562 4490 regiis,
2592 4409 2960 4486 imperatoris
2988 4407 3252 4474 secundi,
3287 4405 3679 4463 ordinationis
3709 4408 3840 4477 ejus

2181 4528 2295 4578 xxx,
2331 4505 2490 4580 regni
2523 4502 2762 4576 quidem
2795 4518 2848 4568 x,
2883 4495 3113 4569 imperii
3155 4498 3348 4551 autem
3381 4511 3461 4549 ιιι.
3500 4494 3565 4548 In
3598 4494 3840 4549 nomine

2182 4597 2433 4654 Domini.

2103 4699 2150 4762 Ι)
2251 4692 2462 4742 Actum
2498 4680 2694 4737 Mindo
2727 4675 2986 4733 feliciter.
3019 4677 3224 4729 Amen.

2183 4848 2429 4905 Heinrici
2452 4848 2597 4899 inter
2625 4842 2976 4912 imperatores
3013 4833 3236 4912 secundi
3264 4833 3659 4912 diplomanquo
3709 4830 3845 4912 ducs

2253 4902 2535 4975 advocatos
2563 4902 2887 4968 cum'variis
2915 4907 3135 4978 juribus
3164 4921 3230 4978 ac
3261 4902 3569 4978 privilegiis
3597 4902 3844 4959 concedit

2255 4989 2580 5046 monasterio
2615 4981 2901 5042 Veronensi
2917 4977 3112 5034 Sancti
3139 4977 3391 5031 Zenonis.

2809 5049 3211 5174 (Anno.1050.2

2813 5139 2851 5174 ι.
2883 5123 3068 5174 Antia.
3101 5121 3182 5174 Ita

2501 5115 2851 5200 [Munaroni,
2883 5123 3068 5192 Antiq.
3101 5115 3228 5176 Ital.
3259 5118 3329 5184 ν,
3360 5115 3512 5187 291.]

2259 5222 2318 5276 ln
2353 5218 2586 5274 nomine
2617 5218 2831 5270 sanctae
2873 5215 2929 5267 et
2969 5208 3280 5264 individuse
3311 5204 3642 5261 Trinitatis.
3666 5205 3842 5260 Hem-

2184 5326 2371 5375 mcus,
2406 5305 2603 5361 divina
2651 5303 2871 5357 favente
2911 5296 3243 5364 clementia,
3276 5295 3680 5350 Romanorum
3733 5295 3842 5370 im-

2185 5403 2415 5472 perator
2444 5397 2766 5464 Augustus.

2257 5482 2621 5556 Imperialem
2681 5477 3104 5536 sublimitatem
3163 5475 3440 5530 condecet
3495 5475 3564 5527 ut
3621 5476 3839 5542 quanto

2185 5573 2408 5631 caeteris
2439 5569 2826 5644 dignitatibus
2873 5563 3154 5623 excelsior
3185 5562 3417 5628 colitur,
3450 5564 3620 5616 tanto
3661 5560 3839 5632 justis

2185 5660 2568 5736 petitionibus
2614 5663 2728 5713 Deo
2784 5653 3165 5712 servientium
3225 5649 3534 5724 benignior
3563 5665 3672 5704 nec
3732 5664 3838 5704 non

2185 5750 2525 5808 clementior
2555 5746 2901 5803 inveniatur.
2924 5744 3283 5815 Quapropter
3326 5744 3534 5795 notum
3579 5754 3713 5795 esse
3744 5755 3838 5794 vo-
