3924 6210
153 450 175 500 _-
199 375 359 481 nec
1543 404 1937 480 sanemus
1978 406 2064 480 III
2104 408 2269 481 IMP.
3407 343 3608 484 illo

195 548 403 634 lamus
458 544 738 605 omnibus
794 548 1006 606 sanctis
1064 544 1162 605 Dei
1221 544 1485 605 Ecclesiae
1544 547 1845 620 notrisque
1876 550 1933 617 Α
1962 550 2216 607 nationis
2241 550 2401 619 4050,
2436 546 2751 608 indictione
2802 563 2878 618 1v,
2912 562 3063 606 anno
3120 542 3320 605 domni
3351 540 3615 603 Heinrici

199 632 502 705 fidelibus,
531 640 653 693 tam
685 637 902 694 futuris
932 654 1109 710 quam
1144 635 1552 710 praesentibus,
1599 636 1849 709 qualiter
1960 641 2111 697 tertii
2142 639 2695 713 regis,imperatoris
2710 643 2906 696 autem
2932 638 3195 699 secundi,
3219 632 3609 693 ordinationis

200 728 385 785 abbas
416 725 665 782 Michael
697 725 1036 782 monasterii
1070 724 1267 782 Sancti
1285 724 1530 781 Zenonis
1554 727 1847 797 martyris,

200 820 466 874 nostram
493 813 866 871 clementiam
898 814 1239 888 suppliciter
1269 814 1556 871 exorando
1588 813 1754 883 adiit,
1777 815 1849 869 ob

200 920 465 963 amorem
495 904 595 960 Dei
619 903 1063 977 omnipotentis,
1095 903 1370 976 beatique
1418 903 1666 959 Zenonis
1696 919 1851 961 mar-

196 996 345 1068 tyris
378 992 761 1050 reverentiam
797 992 1051 1048 multum
1084 1010 1190 1048 nos
1221 993 1557 1065 deprecans,
1592 993 1748 1064 quod
1781 993 1852 1048 de

201 1085 382 1141 rebus
411 1082 669 1140 ecclesim
718 1082 918 1138 Sancti
977 1081 1225 1138 Zenonis
1279 1080 1641 1149 monasterii,
1703 1098 1852 1153 quas

202 1176 407 1229 nostra
437 1172 489 1228 ei
521 1172 809 1228 concessit
839 1170 1045 1243 pietas,
1078 1171 1150 1227 ab
1174 1169 1541 1226 invasoribus
1574 1186 1689 1225 non
1724 1186 1852 1225 mo-

204 1261 404 1318 dicum
446 1260 666 1334 patitur
694 1259 1263 1333 dispendium.Unde
1293 1260 1638 1331 deprecatus
1671 1263 1759 1314 est
1789 1260 1856 1313 ut

204 1341 276 1407 ex
286 1349 507 1408 nostris
529 1348 800 1406 ﬁdelibus
819 1350 965 1405 duos
982 1348 1031 1405 ei
1055 1348 1506 1404 concederemus
1520 1347 1851 1416 advocatos,

203 1438 569 1497 Berifredum
600 1437 871 1494 videlicet
900 1440 958 1493 et
977 1436 1289 1509 David,qui
1305 1453 1544 1493 causam
1568 1440 1855 1492 monaste-

204 1528 277 1584 rii
311 1529 624 1601 procurent
653 1525 1048 1583 advocationis
1079 1526 1284 1598 gratia.
1321 1525 1438 1581 Nos
1494 1541 1649 1591 vero,
1672 1524 1854 1596 justis

207 1617 336 1687 ejus
358 1615 740 1689 petitionibus
760 1614 1208 1682 consentientes,
1243 1631 1346 1686 pro
1366 1614 1623 1670 remedio
1646 1614 1854 1670 animm

205 1710 421 1763 nostris
475 1708 532 1761 et
586 1705 659 1760 ob
720 1705 1110 1760 interventum
1140 1702 1537 1760 dilectissimas
1588 1703 1856 1776 conjugis

205 1799 419 1851 nostris
450 1793 840 1865 imperatricis
888 1792 1153 1865 Agnetis,
1180 1796 1236 1848 et
1266 1796 1503 1866 propter
1528 1791 1854 1848 incremen-

206 1889 338 1940 tum
357 1882 458 1938 ﬁlii
490 1881 675 1938 nostri
715 1881 965 1937 Heinrici
996 1882 1189 1954 quarti
1214 1880 1387 1955 regis,
1424 1880 1700 1953 praedicto
1731 1898 1856 1938 mo-

207 1960 465 2028 nasterio
496 1970 863 2026 concedendo
920 1971 1364 2037 confirmamus,
1399 1986 1465 2025 ac
1520 1968 1855 2025 serenitatis

206 2065 421 2117 nostra:
444 2059 665 2115 litteras
699 2059 1042 2115 censuimus
1066 2058 1221 2115 ﬁeri:
1248 2058 1465 2130 quibus
1486 2057 1857 2131 praecipimus

205 2154 274 2205 ut
306 2148 611 2205 memorati
641 2146 877 2204 vassalli
911 2146 1096 2203 nostri
1129 2148 1186 2202 in
1219 2146 1582 2220 quibuslibet
1609 2146 1856 2203 comita-

208 2240 373 2295 tibus
433 2253 535 2295 seu
594 2238 761 2311 pagis
819 2237 1079 2293 advocati
1112 2236 1273 2292 illius
1303 2235 1555 2292 existant
1582 2238 1654 2292 de
1684 2236 1859 2292 rebus

207 2327 560 2401 supradicta:
585 2325 862 2395 ecclesiae,
896 2324 1127 2392 castris,
1160 2323 1507 2395 arimannis,
1543 2342 1647 2381 seu
1674 2325 1858 2381 famu~

206 2417 305 2486 lis,
330 2420 386 2473 et
413 2414 473 2471 in
505 2416 956 2488 quibuscumque
985 2414 1304 2470 necessitas
1326 2412 1860 2487 postulaverit,nul-

208 2504 424 2579 iusque
469 2504 554 2560 cis
583 2505 655 2560 ad
712 2504 822 2560 hoc
852 2504 1238 2560 exercendum
1279 2520 1427 2576 Opus
1473 2502 1695 2575 aliquid
1727 2520 1859 2558 con-

208 2593 496 2652 tradicere
525 2596 861 2667 praesumat.
896 2592 1009 2649 Sed
1042 2593 1125 2648 sic
1177 2592 1315 2648 huic
1346 2592 1428 2647 rei
1459 2593 1752 2660 studeant,
1787 2609 1859 2648 ne

206 2701 317 2758 per
332 2683 589 2756 aliquam
606 2681 884 2754 injuriam
894 2682 1021 2753 jam
1046 2681 1210 2737 dictae
1241 2680 1494 2736 ecclesia:
1519 2681 1861 2736 minuentur

207 2772 535 2829 facultates.
550 2771 840 2828 Jubemus
861 2786 1092 2843 quoque
1115 2773 1182 2826 ut
1198 2769 1298 2824 ubi
1313 2769 1632 2826 necessitas
1654 2774 1857 2842 postu-

205 2860 523 2929 laverit,'et
550 2857 774 2916 utilitas
825 2859 1146 2927 dictaverit,
1209 2862 1273 2913 ut
1300 2858 1356 2913 in
1389 2859 1623 2914 illorum
1665 2858 1855 2927 bonis,

206 2968 275 3007 ac
304 2948 800 3023 possessionibus,
834 2946 1181 3015 arimannis,
1237 2947 1326 3003 vel
1375 2946 1634 3015 famulis,
1670 2963 1858 3019 neque

206 3041 352 3105 dux,
385 3054 573 3110 neque
599 3036 877 3105 marchio,
908 3053 1098 3109 neque
1120 3053 1337 3102 comes,
1371 3038 1473 3091 aut
1500 3035 1699 3108 aliqua
1728 3052 1857 3090 ma-

1961 731 2088 801 ejus
2108 747 2260 799 xxxv,
2293 730 2455 803 regni
2489 730 2729 802 quidem
2751 745 2875 797 xm,
2901 727 3133 801 imperii
3160 743 3293 783 vero
3318 741 3393 783 xv.

2030 820 2238 875 Actum
2268 819 2505 875 Veronae
2539 819 2597 874 in
2632 818 2733 874 Dei
2761 818 2999 876 nomine
3018 817 3284 874 feliciter.

2723 936 2842 991 XX.

1960 1025 2205 1110 Heinrici
2230 1025 2308 1110 ῃι
2333 1025 2573 1110 diploma
2597 1041 2700 1110 pro
2731 1024 3292 1110 Sancto-Maximino.
3315 1022 3607 1110 .f—Alnt‘erf

2032 1099 2195 1151 ventu
2226 1093 2418 1151 Leonis
2444 1093 2610 1167 papae
2636 1098 2700 1152 IX
2728 1098 2967 1152 restituit
3022 1095 3354 1167 monasterio
3401 1093 3611 1167 curtem

2032 1167 2344 1293 frichinas,
2368 1164 2659 1240 pluresque
2700 1169 2863 1224 villas
2891 1169 3179 1239 conﬁrmat
3229 1164 3300 1223 ad
3332 1180 3462 1220 usus
3488 1164 3608 1233 fra-

2057 1255 2198 1293 rum.

2587 1330 2774 1399 (Anno
2805 1329 2989 1400 4051.)

1966 1434 2288 1505 [ΜΑΜΕΝΕ,
2349 1434 2523 1505 Ampl.
2585 1434 2798 1490 Collect.
2863 1435 2907 1499 Ι,
2967 1436 3091 1503 425,
3168 1451 3237 1490 ex
3311 1430 3608 1488 chartario

2391 1504 2751 1562 Trevirensis
2784 1507 2842 1562 S.
2868 1505 3211 1576 Maximini]

2038 1620 2101 1675 In
2127 1621 2361 1676 nomine
2382 1623 2594 1676 sancta:
2617 1624 2675 1675 et
2694 1619 3005 1675 individua:
3027 1618 3349 1674 Trinitatis.
3382 1617 3617 1673 ΗΕΙΝΒΙ-

1966 1708 2299 1778 cus,divina
2329 1708 2555 1765 favente
2586 1708 2915 1776 clementia,
2936 1708 3329 1763 Romanorum
3361 1706 3614 1777 impera-

1965 1801 2056 1853 tor
2077 1800 2399 1872 Augustus.

2037 1886 2096 1942 Si
2117 1886 2262 1944 locis
2282 1888 2399 1944 Deo
2426 1888 2653 1957 dicatis,
2679 1887 2894 1960 quibus
2917 1884 3201 1945 beneficia
3231 1902 3346 1942 non
3370 1883 3615 1941 conferi-

1970 1993 2123 2043 mus,
2157 1976 2371 2032 saltem
2419 1977 2584 2049 prius
2614 1977 2686 2033 ab
2718 1976 2848 2033 aliis
2876 1976 3110 2046 tradita,
3143 1979 3200 2032 et
3226 1974 3445 2049 injuste
3473 1973 3619 2030 sub-

1967 2065 2264 2131 tracta,vel
2296 2065 2530 2122 abblata
2557 2066 3006 2133 restituerimus,
3035 2064 3315 2121 divinitus
3348 2079 3454 2118 nos
3484 2079 3620 2135 pro-

1968 2153 2059 2208 cul
2092 2153 2270 2209 dubio
2304 2155 2663 2211 remunerari
2696 2155 3071 2211 conﬁdimus.
3099 2155 3462 2225 Quapropter
3482 2151 3620 2205 {ide-

1970 2240 2113 2297 lium
2145 2246 2480 2298 nostrorum
2512 2248 2633 2299 tam
2666 2243 3043 2315 praesentium
3102 2240 3323 2297 scilicet
3349 2255 3528 2311 quam
3560 2242 3618 2294 et

1967 2331 2091 2387 futu
2102 2348 2302 2386 rorum
2327 2331 2617 2386 industria
2637 2330 3255 2402 noverit,qualiternos
3267 2327 3339 2384 ob
3354 2343 3613 2385 amorem

1967 2419 2067 2475 Dei
2090 2423 2146 2474 et
2168 2419 2563 2475 interventum
2599 2417 2923 2491 spiritualis
2971 2417 3155 2490 patris
3195 2415 3380 2474 nostri
3412 2413 3616 2471 domui

1965 2507 2234 2563 videlicet
2291 2506 2497 2563 Leonis
2550 2508 2628 2578 (9)
2682 2508 2741 2562 S.
2776 2507 2844 2561 R.
2877 2507 2942 2561 E.
2974 2504 3194 2561 summi
3233 2502 3526 2577 pontificis
3556 2506 3614 2558 et

1968 2595 2314 2652 universalis
2336 2613 2498 2669 papa:
2521 2597 2824 2652 reddimus
2867 2594 3174 2651 cranobitis
3190 2595 3253 2649 S.
3287 2591 3610 2661 Maximini,

1968 2684 2068 2757 qui
2100 2686 2157 2741 in
2192 2685 2475 2742 suburbio
2506 2684 2872 2741 Trevirorum
2921 2683 3292 2757 ccrporaliter
3342 2681 3611 2757 quiescit,

1964 2776 2191 2829 curtem
2218 2773 2541 2844 quamdam
2571 2772 2854 2830 vocabulo
2885 2772 3178 2840 Prichina,
3210 2772 3272 2827 in
3302 2787 3452 2844 pago
3481 2769 3616 2826 Cin-

1967 2863 2133 2917 ridke
2152 2862 2486 2930 sitam,cum
2505 2863 2782 2918 omnibus
2815 2860 3169 2935 appenditiis
3201 2865 3258 2917 et
3286 2876 3421 2916 eum
3453 2858 3614 2915 omni

1968 2950 2238 3020 utilitate,
2272 2968 2399 3024 qua:
2430 2952 2516 3007 vel
2541 2951 2718 3007 scribi
2738 2951 2827 3007 vel
2848 2951 3139 3008 nominari
3169 2950 3401 3023 poterit,
3432 2965 3612 3022 quam

1968 3056 2074 3096 nos
2104 3039 2339 3095 cuidam
2371 3039 2746 3096 Anshelmoni
2780 3040 3206 3097 Theodericum
3235 3038 3617 3095 abbatemin-

197 3130 300 3201 jor
315 3125 403 3184 vel
428 3126 618 3182 minor
636 3142 886 3198 persona
906 3124 1068 3181 nullo
1090 3124 1263 3180 modo
1286 3128 1630 3197 potestatem
1647 3124 1858 3180 habeat
1958 3129 2121 3199 juste
2152 3144 2256 3200 pro
2288 3128 2570 3183 beneﬁcio
2588 3127 3181 3199 praestarejussimus,
3210 3125 3386 3181 modo
3415 3129 3613 3182 autem

202 3215 665 3291 placitandi,aut
693 3213 930 3286 aliquod
960 3213 1289 3270 districtum
1324 3213 1596 3279 habendi,
1631 3212 1718 3268 vel
1749 3229 1852 3267 no-

1957 3215 2190 3288 juslitia
2220 3216 2476 3270 dictante
2507 3216 2710 3271 eadem
2743 3220 2969 3271 curtem
3027 3232 3162 3271 cum
3213 3212 3491 3270 omnibus
3510 3212 3611 3268 ‘in-

203 3279 368 3362 titias
401 3308 504 3361 aut
531 3279 764 3359 chartas
789 3279 1064 3369 faciendi,
1116 3306 1355 3375 excepto
1413 3301 1852 3373 przenominatis
1883 3279 1927 3346 (ἶ
1958 3279 2417 3377 quibuscumque
2445 3303 2587 3359 locis
2618 3304 2689 3359 ad
2722 3321 2850 3359 eam
2869 3304 3031 3375 juste
3058 3307 3117 3360 et
3144 3301 3610 3375 legaliterperti-

205 3392 507 3452 advocatis
536 3390 833 3448 Michaelis
863 3390 1110 3459 abbatis,
1144 3406 1505 3462 suorumque
1552 3405 1851 3445 successo-

207 3479 754 3539 rum.Goncedimus
784 3483 1128 3552 potestatem
1161 3478 1497 3551 placitaudi,
1529 3482 1587 3532 et
1616 3477 1855 3533 notitias

203 3572 297 3627 vel
328 3570 562 3626 chartas
590 3568 840 3625 faciendi
874 3568 931 3623 in
963 3567 1238 3624 omnibus
1296 3568 1495 3632 rebus,
1527 3556 1603 3622 ac
1627 3583 1855 3639 posses-

202 3659 476 3718 sionibus
498 3657 692 3715 Sancti
713 3657 960 3713 Zenonis
985 3656 1347 3723 monasterii,
1364 3672 1431 3712 eo
1453 3660 1681 3711 tantum
1705 3656 1855 3711 vide-

200 3750 340 3806 licet
366 3748 591 3817 ordine,
625 3749 690 3802 ut
709 3746 837 3817 jam
870 3744 1192 3818 supradicti
1248 3745 1509 3801 advocati
1565 3745 1637 3800 de
1693 3746 1853 3800 omni

200 3835 465 3912 generali
485 3834 720 3908 placito,
757 3834 936 3891 semel
975 3834 1033 3888 in
1076 3851 1228 3889 anno
1254 3833 1423 3901 facto,
1454 3833 1689 3889 tertiam
1721 3850 1854 3905 por-

197 3927 422 3983 tionem
454 3925 516 3980 in
546 3923 831 3979 beneficia
854 3941 971 3979 suae
1016 3921 1235 3977 militia:
1267 3926 1722 3995 consequantur,
1755 3939 1855 3977 ex-

199 4018 370 4089 cepto
418 4014 491 4069 de
518 4017 764 4076 Parona,
787 4017 844 4068 et
871 4014 1148 4079 Cassano,
1181 4016 1239 4067 et
1268 4010 1439 4066 Villa.
1475 4009 1534 4066 Si
1567 4010 1719 4067 ultra
1745 4010 1854 4067 hoc

195 4101 553 4161 beneﬁcium
575 4101 774 4174 aliqua
795 4100 1240 4174 importunitate
1261 4100 1691 4157 monasterium
1714 4117 1855 4172 quo-

193 4194 287 4250 vis
307 4191 545 4265 ingenio
568 4190 898 4257 molestare,
927 4192 1031 4245 aut
1069 4189 1397 4261 inquietare
1413 4189 1851 4261 temptaverint,

197 4285 403 4339 tamen
434 4280 616 4336 abbas
650 4283 861 4335 nostrae
892 4278 1257 4336 auctoritatis
1282 4279 1486 4334 robore
1521 4277 1732 4344 fretus,
1765 4278 1851 4332 in-

195 4367 765 4427 dubitanterhabeat
776 4370 1120 4439 potestatem
1144 4365 1269 4430 illis~
1283 4367 1508 4421 auferre
1523 4365 1852 4421 dominium

195 4458 419 4532 pariter
449 4472 586 4512 cum
644 4454 946 4522 beneficio,
1005 4460 1062 4512 et
1119 4455 1249 4511 aliis
1282 4453 1555 4510 fidelibus
1615 4452 1857 4525 provida

194 4544 639 4620 dispensatione
668 4545 982 4601 concedere
1010 4563 1023 4614 ;
1048 4548 1105 4600 et
1134 4545 1376 4616 insuper
1404 4544 1475 4599 de
1505 4542 1855 4614 importuni-

1961 3392 2236 3449 nentibus
2264 3391 2350 3447 vel
2372 3391 2794 3463 aspicientibus
2824 3392 3084 3461 rebus,S.
3104 3391 3315 3448 Joanni
3345 3392 3457 3463 (10)
3480 3409 3612 3448 san-

1964 3486 2172 3553 ctoque
2192 3480 2441 3537 Maximo
2469 3485 2525 3535 et
2546 3481 2826 3537 fratribus
2844 3481 2931 3537 eis
2958 3479 3609 3549 famulantibus,reddi-

1963 3570 2572 3640 dimus,firmavimus,
2589 3573 2646 3626 et
2663 3569 2724 3625 in
2738 3573 3018 3625 aeternum
3040 3570 3155 3625 Deo
3181 3573 3416 3625 auctore
3427 3569 3607 3625 stabi-

1964 3659 2220 3727 livimus,
2254 3675 2321 3715 ea
2348 3658 2617 3714 videlicet
2637 3659 2879 3725 ratione,
2911 3662 3102 3714 utnec
3125 3658 3399 3731 prazl‘atus
3420 3658 3610 3714 Theo-

1963 3748 2195 3804 dericus
2225 3748 2539 3818 abbas,nec
2562 3745 2774 3819 aliquis
2801 3762 3207 3803 successorum
3237 3761 3479 3802 suorum
3502 3746 3609 3803 ali-

1964 3837 2055 3894 cui
2080 3853 2341 3909 unquam
2393 3840 2669 3908 praestare
2699 3835 2786 3891 vel
2816 3835 3065 3892 vendere
3093 3839 3474 3907 praesumant,
3506 3836 3609 3891 sed

1966 3926 2177 3981 fratres
2201 3924 2398 3992 iidem,
2425 3924 2560 3980 inde
2581 3923 2888 3991 consolati,
2919 3923 3185 3995 saginem
3216 3921 3492 3992 habeant,
3525 3923 3608 3979 fe-

1965 4012 2209 4069 moralia
2230 4011 2835 4085 etiam(li)mantelas,
2850 4028 2919 4071 ac
2947 4010 3434 4084 mensalia(12)ad
3465 4029 3611 4069 usus

1963 4101 2323 4160 necessarios
2352 4101 2487 4157 inde
2519 4100 2864 4175 percipiant,
2897 4100 3160 4173 hospites
3187 4100 3533 4173 suscipiant,
3555 4104 3614 4156 et

1962 4191 2401 4265 peregrinorum
2433 4207 2498 4245 ac
2530 4206 2854 4262 pauperum
2905 4187 3115 4245 usibus
3172 4187 3424 4243 ﬁdeliter
3474 4188 3612 4243 inde

1963 4279 2311 4336 deserviant.
2362 4276 2689 4333 Statuimus
2734 4276 2934 4349 etiam,
2965 4281 3026 4333 et
3055 4279 3164 4335 hac
3196 4280 3395 4332 nostra
3423 4275 3610 4347 impe-

1963 4367 2092 4424 riali
2116 4367 2457 4423 auctoritate
2488 4365 2559 4420 ad
2591 4364 2964 4437 praebendam
2990 4366 3331 4423 eorumdem
3363 4363 3614 4419 fratrum

1965 4455 2338 4511 corroborare
2352 4454 2713 4508 decrevimus
2730 4453 3205 4522 ecclesias,villas
3217 4458 3276 4510 et
3290 4452 3614 4526 possessio-

1965 4560 2244 4615 nes,quas
2268 4542 2377 4599 sub
2402 4541 2764 4614 temporibus
2786 4557 2989 4613 regum
3004 4543 3493 4615 etimperatorum
3508 4542 3618 4599 Da-

192 4639 319 4692 tate
350 4633 598 4690 minime
645 4633 955 4702 refrenata,
1016 4632 1448 4706 quinquaginta
1507 4630 1689 4687 libras
1724 4631 1851 4686 auri
1883 4643 1931 4709 D
1961 4632 2205 4707 goberti,
2232 4626 2704 4701 Pippini,Caroli,
2724 4627 3094 4700 aliorumque
3114 4630 3614 4701 praedecessorum

197 4726 394 4782 sciant
423 4740 486 4778 se
508 4723 957 4795 composituros,
995 4723 1389 4788 medietatem,
1422 4724 1531 4776 etc.

272 4814 508 4885 Signum
535 4811 724 4866 domni
779 4813 1027 4866 Heinrici
1082 4813 1232 4867 tertii
1288 4812 1431 4880 regis
1482 4809 1853 4876 invictissimi,

189 4901 426 4958 secundi
452 4905 823 4957 Romanorum
852 4901 1201 4973 imperatoris
1216 4900 1461 4969 Augusti.

268 4989 595 5046 Gunterius
625 4988 1031 5055 cancellarius,
1054 4987 1178 5044 vice
1201 4987 1542 5044 Herimanni
1563 4985 1858 5042 archican-

190 5077 425 5135 cellarii
457 5077 807 5149 recognovit.

269 5166 422 5223 Data
452 5180 519 5222 In
551 5166 692 5222 Idus
722 5164 1087 5232 Novembris,
1119 5181 1274 5221 anno
1320 5163 1633 5220 Dominicze
1667 5164 1856 5218 Incar-

268 5272 349 5345 (9)
379 5272 572 5344 Hujus
604 5270 1050 5345 nominisnoni,
1084 5270 1184 5343 qui
1210 5287 1283 5345 ex
1312 5268 1858 5344 episcopoTullensi

189 5342 390 5399 factus
424 5342 698 5398 summus
724 5342 1141 5468 pontifex,post
1158 5342 1431 5413 adeptam
1455 5342 1703 5414 papatus
1734 5357 1859 5413 pos-

190 5415 553 5468 sessionem.
586 5419 724 5468 nata
748 5431 779 5468 e
840 5412 1031 5468 solum
1063 5413 1231 5468 adiit.
1260 5412 1574 5468 Henricum
1606 5412 1855 5468 impera-

190 5415 553 5483 sessionem,
586 5412 779 5469 natale
840 5412 1031 5484 solum
1063 5413 1231 5479 adiit,
1260 5412 1574 5469 Henricum
1596 5412 1855 5484 impera-

187 5491 389 5542 torem
430 5484 705 5541 convenit
725 5485 787 5539 in
808 5483 1063 5539 Saxonia
1083 5488 1564 5549 commorantem,
1591 5483 1726 5539 inde
1755 5487 1857 5538 Co-

180 5556 427 5615 loniam
438 5554 705 5622 veniens,
740 5556 798 5611 in
811 5553 1030 5611 Gallias
1054 5554 1253 5609 Remis
1272 5553 1586 5610 concilium
1603 5553 1857 5611 celebra-

187 5628 299 5697 vit,
333 5644 405 5684 ac
435 5627 649 5755 (tieipde
668 5627 729 5683 in
750 5624 1124 5683 Germaniam
1152 5640 1417 5682 reversus
1431 5625 1696 5682 Treviros
1720 5626 1861 5682 invi-

191 5715 329 5755 sere
360 5714 437 5755 no
469 5715 529 5755 ω
563 5740 575 5755 .

191 5715 329 5758 sere
358 5714 575 5773 patuit.

1966 4726 2300 4777 nostrorum
2323 4719 2395 4773 ad
2420 4722 2616 4773 nostra
2639 4732 2828 4787 usque
2849 4719 3136 4788 tempora,
3152 4718 3221 4772 ad
3243 4716 3615 4789 peculiarite-

1965 4814 2082 4865 tem
2108 4807 2341 4863 illorum
2367 4804 2655 4876 pertinere
2688 4801 3058 4869 videbantur,
3091 4806 3243 4879 utex
3272 4802 3365 4857 his
3391 4801 3614 4864 victum

1967 4901 2141 4968 atque
2173 4894 2437 4949 habitum
2469 4894 2922 4963 consequantur,
2981 4889 3092 4946 hoc
3133 4895 3223 4947 est
3259 4888 3468 4963 Apula,
3500 4898 3611 4952 etc.

1968 4987 2269 5057 (enumerat
2287 4981 2639 5051 xmxvillas),
2671 4984 2730 5036 et
2760 4979 2819 5035 in
2851 4977 3081 5036 civitate
3111 4977 3376 5045 Metensi,
3410 4985 3469 5037 et
3499 4984 3612 5041 cir-

1967 5072 2260 5128 cumcirca
2281 5069 2486 5125 domos
2508 5072 2565 5124 et
2588 5066 3278 5143 agros,vineas,areolas,
3303 5067 3608 5146 Brisanga,

1965 5157 2520 5227 Weinareskiricha,
2554 5158 2773 5228 Crufta,
2804 5163 3084 5227 Seranna,
3144 5164 3202 5215 et
3254 5156 3502 5216 ecclesia
3549 5164 3609 5217 in

2040 5268 2149 5339 (10)
2183 5266 2405 5339 Quippe
2426 5265 2669 5339 basilica
2685 5266 3024 5321 monasterii
3042 5265 3388 5339 primarium
3411 5272 3608 5339 patro-

1969 5337 2111 5395 num
2135 5337 2407 5410 agnoscit
2433 5338 2493 5410 S_.
2523 5338 2818 5410 Joannem
2836 5337 3273 5410 evangelistam.

2041 5410 2150 5484 (tl)
2183 5407 2438 5484 Mantele
2465 5408 2558 5464 hic
2579 5408 2751 5484 idem
2768 5407 3149 5484 videtur'esse
3179 5428 3247 5467 ac
3270 5410 3609 5484 mantellus,

1966 5478 2298 5554 vestimenti
2331 5497 2539 5554 genus,
2567 5478 2784 5535 Gallice
2812 5483 3089 5554 manteau.

2040 5551 2153 5623 (42)
2174 5550 2456 5609 Mensalia
2485 5550 2652 5608 erant
2670 5550 3366 5624 supertunicalia,quibus
3390 5561 3614 5613 veteres

1970 5623 2042 5679 ad
2060 5640 2326 5751 rtngnsam
2348 5625 2665 5683 utebantur
2679 5624 2751 5680 ad
2766 5624 3121 5697 parcendum
3136 5623 3326 5697 magis
3338 5629 3613 5699 pretiosis

1970 5711 2066 5751 ves
2098 5711 2113 5749 1
2162 5711 2252 5750 us.

1968 5711 2252 5751 VCSUDUS.
