3924 6210
326 373 479 481 an.

1684 376 1999 455 MONUM.
2022 374 2369 489 -DIPLOM.

3575 370 3783 455 ωειν

324 509 630 585 Steinsicla
658 515 715 568 et
743 509 1195 569 Diedenhulum.
1230 511 1358 569 Haac
1384 512 1565 586 igitur
1593 512 1720 569 loca
1749 518 1807 569 et
1839 529 1970 569 om-
1996 512 2053 583 Α
2082 511 2319 578 areis,in
2352 509 2846 578 mansionibus,in
2875 508 3080 578 vineis,
3115 506 3176 566 in
3206 504 3504 582 arpennis,
3536 506 3600 565 in
3631 506 3749 566 sil-

324 600 432 679 nes
447 599 634 657 sancti
655 600 959 657 Maximini
982 598 1259 657 ecclesias
1291 616 1425 655 cum
1456 599 1720 666 decimis,
1755 601 1889 655 dote
1915 603 1972 655 et

324 683 643 759 dotalibus,
664 706 800 746 cum
821 689 1049 746 cunctis
1072 687 1269 745 salicis
1291 689 1801 760 decimationibus,
1827 706 1975 761 quas

327 781 389 836 in
421 797 569 837 usus
601 778 1069 853 peregrinorum,
1101 795 1165 834 ac
1206 794 1554 850 pauperum,
1588 782 1643 833 et
1674 777 1972 849 hospitum

330 868 848 936 constituimus,ad
881 866 1342 939 peculiaritatem
1366 866 1612 921 fratrum
1645 865 1856 922 Deoibi
1890 867 1972 921 fa-

332 957 690 1014 mulantium
706 972 864 1013 more
899 956 1393 1027 praedecessorum
1412 960 1750 1010 nostrorum
1772 971 1976 1028 regum

332 1051 392 1104 et
412 1047 831 1119 imperatorum
855 1043 959 1100 tali
1011 1044 1186 1100 modo
1208 1048 1262 1099 et
1283 1060 1351 1101 ea
1381 1044 1608 1100 ratione
1637 1044 1978 1117 delegamus

333 1141 394 1193 et
423 1134 889 1203 corroboramus,
921 1136 988 1189 ut
1043 1132 1196 1188 sicut
1244 1132 1553 1189 Heinricus
1580 1134 1853 1189 decessor
1880 1150 1979 1189 n0-

331 1226 452 1282 ster
462 1222 664 1281 divine
678 1223 970 1280 memorias
984 1223 1283 1297 Augustus
1300 1222 1892 1295 instituit,postquam
1910 1222 1980 1278 de

334 1317 538 1373 eadem
568 1313 806 1370 abbatia
836 1330 903 1369 ea
960 1330 1086 1385 quae
1130 1313 1218 1368 ‘ad
1278 1312 1725 1384 expeditionem,
1757 1313 1875 1366 sive
1907 1311 1978 1367 ad

334 1402 529 1478 regale
551 1401 851 1459 servitium
874 1400 1262 1473 pertinebanl,
1297 1398 1772 1467 abstulit,nullus
1804 1400 1982 1471 impe-

334 1482 513 1560 ratbr,
545 1490 746 1547 nullus
778 1506 899 1555 rex,
953 1488 1153 1545 nullus
1193 1488 1374 1544 abbas
1406 1489 1475 1543 de
1507 1488 1726 1543 eisdem
1754 1487 1895 1543 locis
1927 1493 1984 1544 et

334 1580 599 1638 ecclesiis
618 1578 793 1636 alicui
815 1580 886 1634 de
908 1578 1001 1633 his
1035 1575 1134 1649 qui
1165 1576 1332 1631 liberi
1374 1576 1650 1631 dicuntur
1688 1577 1979 1644 homines,

334 1670 458 1725 sive
482 1666 724 1724 alterius
745 1666 1000 1722 ecclesiae
1043 1665 1133 1721 vel
1163 1664 1385 1719 domini
1437 1664 1656 1720 famulo
1688 1664 1773 1719 vel
1808 1665 1981 1720 mini-

338 1762 460 1815 stro
490 1754 814 1829 quidquam
847 1752 1194 1810 beneficiare
1223 1753 1309 1808 vel
1340 1754 1414 1808 ab
1444 1769 1644 1807 eorum
1671 1754 1807 1823 jure
1863 1753 1981 1809 dis-

338 1846 569 1904 trahere
599 1848 936 1918 praasumat,
964 1843 1066 1898 sed
1101 1841 1274 1897 liceat
1302 1842 1438 1897 inde
1466 1841 1781 1897 abbatibus
1810 1843 1983 1898 lumi-

341 1932 508 1992 naria
534 1932 789 1991 ecclesiai
820 1937 1168 1995 restaurare,
1210 1929 1451 1985 aediﬁcia
1504 1946 1866 2003 recuperare,
1927 1937 1986 1988 et

340 2023 675 2081 necessaria
713 2021 991 2077 fratribus
1019 2020 1268 2076 fideliter
1295 2018 1650 2074 ministrare.
1684 2019 1754 2074 Et
1785 2024 1850 2075 ut
1877 2021 1985 2076 hoc

339 2111 843 2188 pra‘ceptuminde
866 2109 1263 2181 conscriptum
1287 2109 1521 2163 firmum
1537 2124 1769 2180 semper
1787 2113 1845 2164 et
1874 2113 1988 2167 sta-

340 2200 463 2260 bile'
476 2204 833 2276 permaneat,
867 2215 982 2255 non
1004 2198 1194 2254 solum
1227 2197 1336 2253 hoc
1357 2213 1534 2252 manu
1558 2200 1759 2253 nostra
1790 2200 1986 2255 ﬁrma-

338 2298 466 2351 tum
495 2289 672 2365 sigilli
703 2288 885 2345 nostri
928 2286 1314 2360 impressione
1352 2286 1623 2357 insigniri
1668 2286 1983 2358 jussimus,

339 2394 542 2440 verum
570 2374 748 2436 etiam
779 2381 845 2433 ut
866 2375 1197 2449 apostolicae
1218 2374 1577 2431 defensionis
1605 2374 1907 2442 auxilium,
1937 2376 1985 2431 si

341 2471 477 2545 quis
497 2458 582 2526 eis
601 2467 722 2524 haec
744 2466 1062 2539 infringere
1082 2463 1569 2529 voluerit,habere
1589 2462 1821 2519 valeant
1853 2482 1990 2536 prie-

339 2556 693 2632 dlcti‘patris
712 2555 921 2622 nostri,
954 2552 1156 2610 domni
1182 2552 1452 2608 videlicet
1483 2552 1691 2607 Leonis
1740 2555 1988 2610 sanctis-

342 2648 477 2708 simi
505 2652 665 2722 papae
688 2642 1058 2718 privilegium
1082 2642 1216 2697 inde
1243 2641 1640 2712 conscriptum
1673 2642 1861 2697 eidem
1893 2660 1987 2699 ve-

344 2735 591 2795 nerabili
622 2734 748 2791 leco
775 2733 1036 2790 obtinere
1064 2730 1409 2786 meruimus.

416 2814 655 2896 Signum
683 2822 880 2879 damni
933 2821 1178 2876 Heinrici
1230 2820 1326 2885 III,
1358 2820 1504 2886 regis
1545 2820 1912 2887 invictissimi,
1946 2824 1995 2877 II

350 2917 719 2972 Romanorum
749 2909 1096 2981 imperatoris
1125 2907 1375 2976 Augusti.

421 2998 853 3059 Winnitherius
882 2994 1267 3052 cancellarius
1305 2995 1425 3051 vice
1474 2995 1755 3052 Bardonis
1805 2998 1992 3054 archi-

347 3091 567 3152 eellarii
595 3091 653 3145 et
682 3083 1101 3167 archiepiscopi
1130 3083 1456 3156 recognovi.

2080 600 2169 656 vis
2198 604 2255 655 et
2284 600 2341 655 in
2356 600 2538 673 agris,
2571 600 2630 654 in
2663 600 2869 671 pratis,
2903 601 2961 655 in
2995 598 3166 672 aquis
3198 614 3611 671 aquarumque
3632 598 3747 655 de:

2082 688 2375 755 cursibus,
2406 694 2463 745 et
2494 690 2549 744 in
2600 687 2854 761 pascuis,
2886 687 2997 745 viis
3027 692 3082 743 et
3114 686 3318 756 inviis,
3351 686 3529 744 terris
3560 686 3750 745 cultis

2080 783 2137 835 et
2164 778 2420 846 incultis,
2454 777 2704 834 exitibus
2726 783 2785 833 et
2805 777 3113 844 reditibus,
3145 774 3409 849 quasitis
3439 779 3499 832 et
3529 775 3740 847 inqui-

2084 867 2300 933 rendis,
2334 871 2553 922 etcum
2611 867 2889 923 omnibus
2918 864 3281 939 appendiciis
3327 864 3477 933 suis,
3512 864 3752 937 absque

2083 955 2205 1011 ulla
2223 956 2314 1011 sui
2337 956 2747 1022 diminutione,
2784 971 2885 1027 pro
2931 953 3187 1009 remedio
3218 954 3427 1010 animae
3460 970 3581 1010 suae
3617 953 3745 1008 fra-

2083 1046 2307 1118 trisque
2338 1043 2428 1102 sui
2447 1045 2624 1100 beatae
2658 1042 2951 1100 memoriae
2978 1042 3205 1099 Ottonis
3231 1041 3421 1108 ducis,
3453 1042 3742 1099 aliorum-

2086 1152 2199 1207 que
2230 1137 2536 1207 parentum
2570 1148 2811 1189 suorum
2834 1131 2894 1187 in
2922 1130 3277 1199 monasterio
3309 1130 3750 1189 Brunvvilrensi

2088 1223 2453 1296 sepultorum
2477 1221 2654 1279 libere
2676 1227 2732 1278 et
2754 1222 3116 1296 integreDeo
3140 1226 3459 1293 sanctoque
3501 1219 3752 1277 Nicolao

2089 1314 2160 1369 ad
2186 1312 2528 1386 praedictum
2548 1312 2968 1368 monasterium
2988 1327 3090 1384 per
3114 1327 3355 1366 manum
3370 1308 3752 1366 HeinriciPa-

2088 1401 2253 1458 latini
2275 1400 2506 1458 comitis
2530 1400 2634 1456 filii
2660 1400 2851 1474 patrui
2884 1399 2995 1466 sui,
3029 1400 3139 1456 sub
3179 1400 3350 1472 cujus
3378 1401 3521 1454 tunc
3562 1414 3739 1454 mun-

2090 1490 2362 1547 diburdio
2384 1489 2677 1557 manebat,
2711 1487 3084 1559 contradidit,
3119 1486 3439 1543 terminum
3473 1487 3657 1543 etiam
3690 1491 3754 1542 et

2090 1580 2350 1635 bannum
2373 1578 2637 1650 ejusdem
2661 1577 2882 1651 praedii,
2916 1577 3066 1634 sicut
3089 1576 3217 1649 ipsa
3263 1576 3427 1648 prius
3469 1575 3683 1632 habuit
3713 1593 3753 1631 θ.

2094 1667 2265 1722 ﬂuvio
2284 1667 2540 1723 Andrida
2559 1683 2744 1738 usque
2767 1667 2837 1723 ad
2861 1665 3102 1720 fluvium
3127 1663 3261 1721 ειη
3281 1664 3362 1721 ita
3402 1665 3744 1734 constituit,

2093 1760 2158 1810 ut
2188 1755 2386 1811 nullus
2409 1754 2759 1827 ibialiquam
2782 1757 3129 1827 potestatem
3161 1753 3522 1822 habeat,nisi
3558 1753 3757 1810 abbas

2092 1844 2354 1915 ejusdem
2377 1842 2485 1898 loci
2509 1847 2566 1898 et
2584 1841 2815 1899 villicus
2830 1844 2959 1915 ejus
2977 1859 3151 1914 quem
3184 1841 3521 1899 constituat.
3555 1842 3754 1908 Quas-

2095 1934 2229 1989 dam
2262 1931 2438 1987 etiam
2472 1931 2849 2003 arpennas,id
2880 1936 2971 1987 est
2997 1931 3198 1987 vineas
3230 1929 3589 2003 quibusdam
3621 1946 3754 1987 ser-

2093 2020 2383 2077 vientibus
2415 2019 2541 2075 suis
2581 2018 3031 2091 beneficiaverit,
3092 2018 3150 2074 id
3181 2022 3270 2075 est
3309 2019 3566 2092 Ruperto
3597 2035 3757 2091 prae-

2096 2110 2287 2183 posito
2318 2110 2486 2180 duas,
2520 2109 2861 2182 Weringero
2910 2109 2980 2164 de
3018 2108 3269 2183 Salevelt
3311 2108 3480 2179 duas,
3513 2108 3760 2183 Sigebo-

2097 2199 2233 2255 doni
2263 2198 2334 2253 de
2360 2197 2678 2254 Odendorﬂ‘
2703 2197 2872 2266 duas,
2928 2196 3206 2271 Sigifrido
3259 2197 3549 2270 pincernaa
3600 2202 3754 2265 tres,

2096 2287 2317 2359 Epponi
2350 2287 2421 2342 de
2450 2286 2790 2343 Aldendorﬂ'
2812 2286 3045 2352 duas,et
3072 2301 3335 2343 cameras
3358 2287 3529 2357 juxta
3558 2286 3755 2342 domi-

2099 2376 2289 2431 nicam
2314 2379 2558 2442 curtem,
2594 2374 2825 2430 Alberto
2874 2373 3037 2429 fratri
3076 2373 3377 2431 Winboldi
3407 2374 3581 2442 duas,
3612 2376 3757 2431 Em-

2098 2462 2320 2520 briconi
2353 2464 2424 2518 de
2454 2462 2793 2534 Geldestorp
2823 2461 2992 2530 duas,
3050 2461 3325 2519 Ansfrido
3383 2461 3595 2519 clerico
3634 2480 3752 2520 suo

2098 2571 2191 2608 xm
2224 2568 2461 2608 mansos
2491 2568 2623 2606 cum
2657 2550 2968 2623 mancipiis
3011 2550 3138 2608 suis
3168 2552 3240 2606 ad
3266 2552 3660 2621 Lutzenrode,
3694 2558 3757 2609 et

2099 2641 2299 2697 vinum
2329 2640 2483 2712 quod
2508 2640 2721 2696 dicitur
2740 2639 3024 2707 Srozwin,
3058 2640 3115 2694 in
3148 2638 3410 2697 Clotteno
3439 2640 3756 2698 Ernestoni

2102 2729 2264 2785 fratri
2297 2745 2402 2786 suo
2433 2730 2580 2785 duos
2620 2745 2858 2785 mansos
2907 2745 3042 2785 cum
3092 2728 3423 2803 mancipiis,
3457 2729 3519 2784 in
3549 2729 3759 2788 Dreize

2101 2818 2426 2875 Wolferum
2440 2818 2616 2874 etiam
2646 2818 2884 2874 tradidit
2905 2816 3045 2874 illuc
3068 2835 3201 2875 cum
3221 2835 3330 2875 sua
3349 2820 3757 2891 possessione,

2103 2925 2171 2965 ea
2200 2906 2467 2963 videlicet
2495 2907 2921 2977 conditione,ut
2949 2907 3211 2979 quandiu
3243 2907 3458 2980 vivant,
3488 2908 3757 2966 ecclesiae

2104 2996 2258 3052 bona
2279 2996 2397 3052 sive
2418 2995 2702 3051 beneficia
2724 2995 2977 3051 habeant
3001 3014 3014 3064 ;
3035 3000 3167 3068 post
3198 3000 3448 3052 mortem
3469 3013 3605 3054 vero
3627 2997 3757 3056 illo-

2103 3103 2235 3141 rum
2266 3083 2464 3141 nullus
2481 3084 2777 3141 haeredum
2799 3101 3041 3141 suorum
3072 3084 3395 3158 quidquam
3425 3086 3499 3141 de
3521 3086 3616 3144 his
3638 3087 3759 3145 sibi

415 3172 559 3240 Data
581 3192 661 3234 Xll
692 3175 817 3233 Kal.
853 3174 1168 3240 Februarii,
1209 3190 1362 3228 anno
1419 3173 1731 3229 Dominicis
1790 3175 1988 3233 Incaru'
2022 3239 2056 3247 _
2102 3174 2271 3247 quasi
2296 3173 2429 3245 jure
2450 3172 2814 3233 haereditario
2834 3172 3087 3233 vindicet
3102 3177 3205 3229 aut
3222 3173 3757 3247 possideat,sedin-

338 3254 595 3350 nationis
626 3267 785 3333 1051,
819 3280 971 3320 anno
1001 3239 1197 3319 autem
1254 3261 1453 3317 domui
1510 3261 1764 3318 Heinrici
1823 3265 1979 3321 tertii
2012 3239 2057 3306 (ἶ
2085 3239 2191 3335 jus
2211 3267 2268 3319 et
2297 3239 2627 3320 dominium
2657 3263 2716 3318 S.
2740 3262 2960 3321 Nicolai
2987 3267 3046 3319 et
3068 3239 3603 3336 abbatisipsius,rac
3633 3266 3752 3324 fra-

328 3355 780 3436 regis,'secundi
827 3352 1218 3433 imperatoris,
1255 3351 1420 3424 regni
1469 3369 1585 3419 xux,
1618 3352 1849 3425 imperii
1879 3371 1978 3411 ve-

327 3454 475 3529 τοῦ,
580 3442 585 3465 ²

366 3542 598 3597 'Actum
619 3533 873 3595 Treviris
898 3531 959 3587 in
982 3531 1083 3587 Dei
1102 3529 1341 3586 nomine
1370 3528 1634 3585 feliciter.
1658 3531 1863 3587 Amen.

1075 3644 1213 3700 XXI.

314 3739 898 3813 Privilcgiumodogpui
926 3735 1174 3813 Heinrici
1201 3735 1350 3813 tertii
1379 3736 1521 3813 regis
1578 3750 1674 3789 seu
1727 3736 1969 3813 inipera-

367 3804 717 3882 ‘toris'super
746 3807 1006 3882 Clotteno.
1026 3835 1095 3844 —-
1118 3804 1417 3882 Conﬁrmat
1434 3807 1765 3882 monasterio
1787 3804 1967 3861 Βναη-

388 3876 699 3940 walarerist‘
728 3879 1078 3936 donationem
1102 3879 1308 3947 factam
1325 3893 1359 3931 a
1385 3876 1619 3932 Richem
1643 3878 1838 3945 regina
1864 3882 1971 3933 Po-

393 3955 579 4013 lania.

945 4037 1131 4110 (Anno
1162 4036 1346 4108 1051.)

317 4149 633 4225 [Mam-nis,
665 4146 917 4219 Ampliss.
951 4144 1171 4272 Causa.
1192 4144 1247 4285 ]I,
1277 4144 1401 4209 427,
1424 4159 1492 4197 ex
1527 4158 1638 4199 ms.
1672 4142 1963 4200 Brunwil-

414 4231 423 4258 τ
456 4250 461 4253 -
558 4250 567 4255 -
1100 4233 1183 4272 ar.

414 4231 423 4258 ί
456 4250 461 4253 ·
558 4250 567 4255 ε
1074 4231 1183 4272 lar.

386 4337 449 4394 In
480 4334 718 4393 nomine
737 4337 949 4391 sanctae
971 4335 1027 4389 et
1044 4328 1355 4386 individua:
1387 4328 1903 4384 Trinitatis.Hsmn
1927 4359 1951 4370 -

307 4443 435 4496 cus,
467 4424 665 4482 divina
711 4424 936 4481 favente
979 4418 1308 4483 clementia,
1342 4417 1742 4474 Romanorum
1770 4417 1956 4489 impe-

306 4521 462 4575 rator
490 4516 813 4590 Augustus.

2086 3357 2246 3408 trum
2270 3351 2381 3408 sibi
2406 3351 2786 3408 servientium
2836 3352 3095 3421 redeant,
3129 3356 3193 3407 ut
3230 3352 3390 3425 quod
3418 3353 3603 3409 abbas
3623 3355 3745 3411 uti-

2085 3441 2203 3497 lius
2224 3439 2334 3498 sibi
2360 3457 2426 3496 ac
2444 3440 2723 3496 fratribus
2774 3440 2910 3496 inde
2948 3439 3324 3512 judicaverit,
3358 3440 3533 3498 faciat
3560 3446 3749 3515 atque

2084 3529 2376 3601 disponat.
2408 3528 2685 3595 Homines
2715 3528 2894 3585 etiam
2924 3546 3072 3602 quos
3101 3529 3262 3586 dedit
3292 3530 3349 3585 S.
3383 3529 3622 3588 Nicolao
3653 3531 3744 3589 ita

2082 3617 2345 3689 tradidit,
2378 3619 2443 3672 ut
2473 3616 2672 3677 nullus
2698 3622 3023 3686 extraneas,
3058 3617 3172 3674 nisi
3205 3617 3351 3675 forte
3398 3617 3616 3677 liberas
3646 3621 3742 3678 vel

2079 3724 2149 3763 ex
2170 3710 2457 3779 potestate
2490 3705 2548 3761 S.
2584 3705 2736 3762 Petri
2769 3706 3016 3763 Coloniae
3048 3707 3225 3763 ducat
3272 3724 3503 3764 uxores.
3534 3709 3593 3763 Si
3629 3726 3740 3766 au-

2081 3800 2199 3851 tem
2284 3794 2506 3851 alienas
2583 3795 2915 3867 acceperint
2991 3812 3218 3866 uxores,
3290 3797 3484 3853 omnis
3540 3798 3740 3856 haere-

2080 3884 2233 3939 ditas
2290 3900 2491 3939 eorum
2550 3888 2609 3939 et
2666 3884 2941 3941 universa
2999 3902 3126 3957 qua
3186 3884 3507 3957 possident,
3560 3887 3635 3942 ad
3672 3889 3739 3944 S.

2076 3971 2295 4028 Nicolai
2349 3972 2560 4028 cedant
2610 3973 3056 4042 monasterium,
3088 3979 3145 4029 et
3197 3973 3394 4029 nullus
3428 3974 3735 4033 haaredum

2073 4076 2316 4118 suorum
2349 4060 2409 4117 in
2441 4059 2534 4116 his
2565 4062 2891 4134 quidquam
2925 4062 3156 4119 habeat.
3190 4061 3249 4119 Si
3280 4079 3413 4119 vero
3462 4080 3541 4119 ex
3562 4070 3734 4136 pote-

2073 4153 2221 4206 state
2242 4149 2303 4206 S.
2331 4149 2487 4204 Petri
2508 4147 2760 4206 Colonia
2793 4167 3001 4207 uxores
3054 4150 3349 4218 duxerint,
3382 4151 3487 4207 filii
3520 4168 3734 4211 eorum

2071 4238 2286 4293 iterum
2321 4237 2611 4310 accipiant
2639 4254 2849 4294 uxores
2904 4256 2973 4296 ex
3002 4244 3289 4312 potestate
3338 4241 3395 4296 S.
3450 4241 3673 4297 Nicolai

2070 4327 2225 4398 quod
2260 4326 2309 4381 si
2341 4343 2457 4382 non
2477 4326 2938 4396 fecerint,omnis
2960 4328 3269 4389 haereditas
3290 4346 3491 4386 eorum
3513 4334 3572 4385 et
3593 4347 3727 4387 om-

2068 4414 2165 4469 nia
2196 4431 2323 4486 quaa
2355 4414 2678 4486 possident,
2712 4417 2783 4470 ad
2818 4416 2875 4471 S.
2900 4415 3120 4472 Nicolai
3146 4422 3203 4473 et
3223 4417 3454 4501 abbatis
3478 4419 3729 4474 redeant

2067 4503 2635 4559 dominium.Eadem
2659 4520 2791 4559 vero
2811 4509 3075 4578 rogante,
3103 4505 3284 4560 abbas
3316 4506 3549 4578 Tegeno
3573 4523 3721 4578 prae-

372 4605 430 4662 Si
454 4601 736 4661 locis'Deo
773 4598 1004 4665 dicatis,
1035 4596 1254 4669 quibus
1302 4596 1585 4653 beneﬁcia
1616 4613 1730 4653 non
1762 4596 1951 4652 confe—
1978 4606 2027 4672 D
2064 4592 2204 4649 dicti
2224 4591 2561 4649 monasterii
2594 4591 2745 4647 idem
2789 4596 2844 4647 et
2875 4593 3159 4664 praedium
3187 4592 3475 4666 permisit,
3491 4593 3587 4649 cui
3616 4595 3722 4650 be-

302 4692 727 4763 rimus,saltem
760 4689 833 4745 ab
862 4686 994 4744 aliis
1024 4684 1297 4742 fidelibus
1323 4684 1538 4741 Christi
1569 4684 1787 4759 tradita
1807 4701 1951 4741 con-

299 4779 749 4849 firmaverimus,
770 4776 1053 4835 divinitus
1082 4792 1191 4832 nos
1229 4772 1430 4848 procul
1462 4773 1642 4830 dubio
1676 4790 1947 4830 remune-

297 4873 417 4930 rari
446 4870 821 4929 confidimus.
875 4868 1240 4939 Quapropter
1294 4862 1553 4919 fidelium
1584 4866 1942 4932 nostrorum,

295 4966 418 5019 tam
448 4942 826 5034 priesentium
854 4955 1078 5013 scilicet
1109 4969 1285 5026 quam
1319 4952 1673 5020 futurorum,
1721 4951 1946 5025 magni-

296 5050 440 5107 tudo
471 5044 1071 5120 comperiat,qualiter
1098 5042 1367 5115 quaedam
1399 5041 1638 5096 domina
1652 5039 1947 5097 venerabi-

296 5138 372 5197 lis
393 5136 643 5196 Richeza
658 5134 915 5200 nomine,
935 5132 1138 5206 regina
1167 5130 1463 5203 quondam
1497 5128 1764 5193 Poloniae,
1798 5146 1941 5201 ρΓεΒ-

295 5228 459 5284 dium
491 5228 669 5283 suum
700 5222 967 5280 Clotteno
995 5219 1381 5288 dictum,aliis
1402 5218 1545 5273 locis
1579 5218 1944 5273 subternota-

291 5316 392 5389 tis,
421 5315 480 5372 id
510 5317 603 5372 est
629 5309 1027 5373 Comenhetm,
1064 5308 1211 5373 Elre,
1243 5306 1509 5375 Brembe,
1543 5304 1752 5375 Asche,
1793 5303 1941 5360 Mas-

290 5403 489 5472 breeh,
520 5403 792 5467 Wernus,
825 5396 1138 5465 Tanelach,
1174 5396 1375 5464 Wilre,
1427 5398 1485 5450 et
1514 5390 1748 5463 Pulego,
1782 5390 1934 5446 Chu-

287 5480 473 5557 como,
506 5489 844 5555 Chundedo,
878 5484 1075 5554 Merle,
1110 5488 1167 5542 et
1196 5483 1355 5557 Ryle,
1414 5476 1747 5538 Erichriche
1797 5479 1931 5535 Lut-

286 5579 555 5644 zenrodo,
592 5576 807 5641 Dreise,
837 5582 894 5632 et
923 5575 1206 5646 Ottingin,
1239 5590 1372 5629 cum
1407 5569 1632 5627 mansis
1676 5572 1733 5624 et
1763 5585 1928 5626 man-

287 5661 476 5733 sipiis,
509 5669 565 5719 et
593 5663 918 5735 cum_omni
952 5662 1286 5733 integritate
1317 5660 1525 5734 ipsius,
1566 5658 1625 5712 in
1655 5655 1833 5724 villis,
1866 5658 1926 5712 in

2062 4681 2337 4737 neﬁcium
2369 4684 2681 4752 postquam
2716 4681 2838 4752 ipse
2868 4680 3013 4737 illud
3075 4682 3132 4737 in
3185 4699 3359 4739 suum
3414 4683 3721 4755 redegerat

2060 4769 2410 4839 dominium,
2446 4770 2538 4825 cui
2574 4770 2773 4824 statim
2805 4773 3029 4829 curtem
3056 4772 3289 4829 Canada
3319 4776 3377 4827 et
3426 4769 3721 4828 familiam

2064 4859 2325 4932 quinque
2356 4856 2537 4913 libras
2558 4857 2637 4912 ibi
2663 4857 3003 4926 solventem,
3033 4859 3187 4931 quod
3224 4859 3332 4915 fuit
3365 4858 3585 4921 Ellonis
3615 4860 3720 4917 be-

2062 4945 2337 5002 neficium
2368 4945 2441 5000 ad
2467 4945 2709 5001 Gewere
2737 4946 2980 5003 tradidit
3006 4965 3059 5003 v1
3090 4964 3382 5022 arpennas
3420 4938 3718 5022 Clotteno,

2059 5051 2185 5107 qua:
2218 5035 2454 5091 fuerunt
2483 5034 2711 5091 Siconis
2770 5037 3003 5092 comitis
3060 5037 3433 5107 beneficium,
3476 5042 3535 5094 et
3564 5040 3719 5107 duas

2057 5122 2499 5179 mansiunculas
2529 5139 2678 5194 quas
2701 5123 3033 5180 Wecelmus
3058 5124 3283 5193 habuit,
3316 5130 3375 5181 et
3402 5126 3463 5182 in
3490 5127 3714 5200 quibus

2052 5211 2356 5267 habitavit.
2391 5210 2657 5266 Tradidit
2685 5212 2865 5267 etiam
2906 5217 3165 5269 castrum
3201 5230 3379 5270 suum
3412 5215 3713 5274 Cbucomo

2048 5300 2319 5356 Heinrico
2337 5298 2597 5370 palatino
2617 5300 2820 5356 comiti
2867 5301 2988 5358 filio
3019 5307 3150 5376 patr
3166 5303 3228 5358 ui
3276 5303 3466 5373 sui,ea
3490 5304 3717 5362 scilicet

2046 5386 2396 5455 conditione,
2430 5389 2495 5441 ut
2525 5388 2788 5459 quandiu
2820 5388 3060 5458 viveret,
3106 5406 3286 5462 super
3332 5391 3533 5464 ipsum
3562 5392 3713 5455 Clot-

2044 5481 2177 5531 teno
2210 5475 2481 5531 defensor
2518 5479 2585 5551 et
2605 5476 2924 5535 advocatus
2955 5477 3271 5548 existeret;
3306 5484 3440 5551 post
3460 5480 3703 5541 obitum

2039 5580 2175 5620 vero
2210 5579 2414 5634 suum,
2438 5564 2486 5619 si
2509 5564 2634 5636 ipse
2654 5565 2987 5623 haeredibus
3018 5569 3575 5640 careret,proximus
3602 5570 3712 5627 h8-

2038 5670 2133 5710 res
2161 5651 2411 5710 dominia
2444 5652 2701 5711 Richezaa
2731 5655 2944 5727 regina
2975 5656 3341 5714 advocatiam
3397 5672 3582 5732 super
3612 5677 3704 5717 ea-
