3924 6210
204 412 221 425 “
283 438 445 510 1147

1628 428 2027 515 HENRIGUS'
2062 450 2146 515 1n
2186 449 2360 528 IMP,

3534 453 3693 519 “18

280 576 547 657 gravare,
579 579 637 637 et
664 595 875 654 pecura
903 596 1105 638 eorum
1150 585 1251 638 aut
1295 580 1609 654 palefridos
1642 583 1842 639 tollere
1881 588 1938 640 et
1970 585 2025 653 Α
2053 584 2272 641 tionem
2301 585 2373 641 de
2403 584 2591 642 Rocca
2619 584 2871 654 de'Cori,
2903 601 3038 642 cum
3070 584 3193 644 suis
3224 586 3610 659 pertinentiis,
3634 590 3694 645 et

283 671 555 730 redditus
585 671 657 727 ab
689 669 836 743 ipsis
866 675 1229 744 extorquere,
1264 674 1383 727 tam
1415 672 1727 728 comitibus
1758 690 1935 745 quam

284 760 587 818 advocatis
617 758 976 816 omnimodis
1007 759 1295 833 imperiali
1318 761 1662 817 auctoritate
1692 762 1935 817 interdi-

286 850 500 907 cimus.
534 847 603 903 Et
630 852 698 904 ut
726 852 937 905 nostrae
967 848 1372 921 praeceptionis
1401 851 1471 906 de
1526 850 1617 906 his
1663 850 1937 906 omnibus

284 940 462 995 ﬁrma
490 941 755 994 servetur
781 938 1117 1006 auctoritas,
1162 955 1338 993 manu
1371 939 1605 1011 prepria
1636 940 1937 995 subterﬁr-

286 1028 584 1085 mavimus
615 1030 673 1082 et
702 1025 880 1099 sigilli
907 1026 1092 1082 nostri
1118 1026 1501 1098 impressione
1524 1028 1793 1100 insigniri
1807 1028 1935 1099 jus-

286 1116 503 1174 simus.

360 1206 594 1277 Signum
621 1203 811 1260 damni
837 1205 1104 1272 Heinrici,
1138 1206 1289 1260 tertii
1302 1208 1671 1261 Romanorum
1704 1206 1937 1276 impera-

287 1297 425 1353 toris
454 1293 710 1366 Augusti.

363 1382 744 1441 Gebehardus
775 1382 886 1453 (17)
935 1381 1245 1454 episcOpus
1293 1386 1350 1438 et
1394 1382 1773 1438 cancellarius
1821 1383 1941 1437 vice

286 1466 617 1532 Wezelonis
666 1469 1087 1544 archiepiscopi
1137 1475 1192 1526 et
1236 1470 1730 1527 archicancellarii
1790 1488 1939 1527 reco-

288 1559 487 1636 gnovi.

1026 1657 1214 1713 XXIV.

289 1757 541 1815 Heinrici
587 1756 670 1811 III
707 1756 869 1823 regis,
920 1757 971 1809 et
1017 1756 1068 1809 Il
1115 1755 1480 1826 imperatoris,
1520 1755 1779 1827 diploma,
1840 1771 1941 1826 quo

366 1830 573 1884 clerum
619 1827 1030 1882 Volaterranum
1076 1842 1109 1879 a
1147 1827 1277 1897 jure
1321 1829 1580 1881 comitum
1633 1828 1845 1889 eximit,
1891 1830 1940 1881 et

364 1898 623 1955 Ecclesia?
658 1898 1029 1953 Volaterrana?
1056 1899 1244 1952 omnia
1274 1898 1429 1952 illius
1446 1899 1584 1968 jura
1614 1914 1677 1951 ac
1714 1898 1938 1967 privile-

364 1973 459 2043 gia
489 1970 801 2039 conﬁrmat.

918 2067 1106 2138 (Anno
1140 2067 1321 2137 1052.)

598 2156 936 2225 [ΜυΠΔΤΟῐὶ1,
966 2156 1148 2227 Antiq.
1182 2156 1330 2223 Ital.,
1369 2155 1460 2221 ΙΙΙ,
1492 2155 1642 2226 641.]

367 2278 434 2328 In
466 2271 703 2343 nomine
727 2273 937 2326 sanctae
969 2272 1026 2325 et
1055 2268 1366 2323 individua:
1391 2267 1945 2325 Trinitatis.Hsixm-

292 2380 415 2429 cus,
439 2361 646 2418 divina:
677 2358 910 2432 pietatis
942 2356 1305 2414 ordinatione
1335 2358 1629 2413 secundus
1656 2358 1943 2413 Romano-

294 2468 432 2507 rum
459 2450 780 2521 Augustus.

370 2541 453 2596 Ea
483 2535 814 2595 conditione
844 2552 1047 2591 curam
1080 2537 1260 2592 nostri
1280 2536 1452 2591 ofﬁcii
1478 2537 1646 2592 nobis
1667 2537 1948 2593 divinitus

298 2620 680 2685 commisSam
712 2625 1328 2697 credimus,quatenus
1360 2624 1418 2680 in
1443 2626 1670 2681 cunctis
1700 2626 1946 2699 negotiis

298 2717 479 2775 divini
509 2714 739 2772 timoris
767 2713 957 2770 zelum
989 2730 1221 2786 semper
1266 2732 1382 2787 prae
1436 2715 1616 2771 oculis
1665 2714 1947 2772 habentes

299 2806 388 2863 sic
417 2804 802 2863 sollicitemur
833 2803 902 2859 de
933 2803 1219 2859 mundani
1250 2802 1413 2876 regni
1444 2803 1848 2877 dispositione,
1881 2810 1947 2861 ut

298 2898 435 2953 ante
456 2895 670 2967 Regem
690 2907 935 2965 regnum
954 2892 1141 2947 securi
1156 2891 1462 2948 veniamus
1483 2892 1541 2947 in
1556 2894 1950 2963 reddendam-

295 2985 478 3055 tione.
501 2983 863 3056 Quapropter
908 2998 1041 3036 cum
1090 2980 1354 3036 omnium
1401 2981 1797 3052 subjectorum
1840 2999 1947 3039 nos

296 3077 527 3148 oportet
554 3087 753 3128 curam
785 3086 974 3144 agere,
1008 3069 1388 3125 ecclesiarum
1436 3073 1632 3126 tamen
1660 3071 1946 3143 praecipue

296 3179 554 3237 quarum
584 3161 744 3218 salva
770 3158 1172 3216 incolumitate
1201 3161 1342 3215 dum
1364 3159 1558 3215 divino
1580 3160 1762 3216 cultui
1785 3161 1943 3217 debi-

298 3259 428 3310 tum
460 3250 726 3319 solvitur,
756 3248 1099 3306 Christianae
1130 3246 1427 3321 religionis
1474 3248 1777 3321 integritas
1809 3266 1944 3305 con-

299 3343 585 3399 servatur.
617 3338 896 3403 Quocirca
926 3336 1201 3392 omnibus
1249 3341 1463 3392 sanctae
1511 3320 1619 3391 Dei
1658 3338 1945 3409 Ecclesiae,
1978 3320 2020 3386 (ἶ

297 3429 636 3501 nostrisque
666 3426 957 3490 ﬁdelibus,
992 3430 1196 3481 notum
1228 3442 1356 3481 esse
1376 3423 1649 3482 volumus
1672 3430 1789 3482 tam
1814 3446 1951 3500 pra:-

298 3517 567 3576 sentibus
596 3531 775 3588 quam
809 3514 1044 3581 futuris,
1078 3512 1330 3585 qualiter
1360 3513 1552 3582 Wido,
1587 3519 1796 3571 sanctae
1822 3516 1947 3571 Vol-

296 3605 577 3665 terrensis
605 3602 874 3659 Ecclesiae
905 3602 1235 3675 episcopus,
1268 3606 1532 3658 nostram
1576 3603 1946 3661 clementiam

288 3694 459 3763 adiit,
491 3707 672 3766 super
701 3691 974 3747 comitem
1007 3690 1381 3763 reliquosque
1412 3690 1629 3763 publici
1654 3692 1810 3762 juris
1833 3694 1948 3748 mi-

289 3783 511 3840 nistros
540 3779 938 3838 miserabilem
970 3779 1401 3852 querimoniam
1432 3797 1634 3853 agens,
1657 3782 1813 3854 quod
1836 3783 1946 3838 sub

288 3871 595 3930 occasione
625 3869 891 3943 exigendi
915 3867 1342 3940 juris,clericos
1371 3872 1427 3923 et
1456 3869 1709 3925 famulos
1754 3871 1945 3927 Eccle-

286 3961 410 4031 siae,
436 3959 701 4033 aliosque
723 3973 899 4031 super
917 3962 1135 4012 terram
1155 3956 1426 4013 Ecclesiae
1450 3961 1676 4014 stantes
1697 3959 1948 4031 graviter

288 4049 605 4124 afﬂigendo
636 4046 988 4120 inquietant,
1012 4050 1071 4102 et
1099 4045 1383 4119 dignitate
1432 4051 1651 4103 sanctae
1680 4048 1944 4104 Ecclesiae

284 4136 766 4196 indecentissime
794 4135 1187 4191 inhonestant.
1223 4135 1365 4207 Ejus
1397 4134 1594 4207 itaque
1622 4136 1944 4194 miserabili

286 4225 672 4303 querimonia!
703 4242 907 4281 aurem
938 4228 1149 4279 nostra:
1190 4223 1424 4296 pietatis
1475 4225 1839 4293 adhibentes,
1872 4227 1944 4283 de

284 4315 560 4373 Ecclesiae
591 4313 938 4370 liberatione
969 4312 1309 4380 statuimus,
1343 4330 1413 4369 ne
1445 4313 1687 4386 perﬁdia
1712 4314 1944 4386 iniquo-

288 4422 423 4462 rum
456 4403 765 4460 hominum
798 4401 1045 4458 ulterius
1066 4419 1194 4457 eam
1219 4402 1328 4457 sub
1351 4401 1613 4473 qualibet
1641 4403 1943 4459 occasione

288 4493 636 4552 lacerandos
667 4490 1497 4564 permitteremuanterventu
1531 4490 1730 4561 itaque
1759 4493 1943 4563 Agne-

287 4582 368 4638 tis
394 4585 608 4638 nostraa
639 4577 862 4636 dilectas
918 4579 1279 4647 contectalis,
1330 4581 1386 4634 et
1442 4578 1715 4651 Opizonis
1755 4581 1941 4635 nostri

2044 690 2172 730 eam
2204 676 2529 746 portionem
2563 692 2743 748 quam
2793 675 3106 748 praedictus
3150 676 3457 748 episcOpus
3497 678 3568 733 de
3598 695 3692 733 ca-

2045 763 2209 818 stello
2240 764 2311 818 de
2344 765 2719 837 Montegabro
2740 764 3071 837 acquisivit,
3100 781 3201 820 seu
3234 765 3519 837 quidquid
3547 783 3690 838 prae-

2045 852 2200 906 dicta
2229 852 2474 908 ecclesia
2506 854 2561 907 in
2596 854 2831 910 castello
2863 854 2934 910 de
2964 852 3211 909 Casallia
3232 854 3487 921 tenebat,
3517 858 3574 909 et
3594 856 3692 926 ju-

2046 940 2301 996 dicatum
2336 944 2489 1014 quod
2524 943 2643 1014 Ugo
2674 944 2986 998 Cunizonis
3018 943 3175 998 ﬁlius
3202 943 3486 1015 praedicta:
3509 943 3693 998 eccle-

2047 1029 2146 1084 siae
2180 1030 2330 1096 fecit,
2360 1035 2416 1085 et
2445 1031 2642 1086 omnia
2672 1048 2799 1102 quae
2836 1032 2946 1086 Deo
2978 1036 3273 1086 annuente
3294 1032 3498 1086 eadem
3520 1030 3697 1087 eccle-

2048 1117 2135 1172 sia
2156 1118 2317 1188 juste
2348 1123 2404 1173 et
2432 1118 2695 1191 legaliter
2741 1120 3058 1175 admodum
3107 1118 3452 1191 acquireret.
3498 1123 3698 1175 nostra

2048 1206 2375 1278 praeceptali
2404 1208 2748 1263 auctoritate
2790 1208 2953 1263 dicta:
3004 1207 3261 1264 ecclesiae
3294 1208 3697 1265 conﬁrmando

2050 1294 2405 1363 stabilimus,
2433 1312 2499 1350 eo
2526 1296 2793 1352 videlicet
2822 1297 3022 1353 ordine
3053 1302 3116 1352 ut
3146 1296 3345 1352 nullus
3370 1298 3509 1363 dux,
3540 1314 3694 1352 mar—

2050 1384 2203 1453 chio,
2236 1401 2431 1440 comes
2463 1401 2565 1439 seu
2594 1385 2865 1457 quzelibet
2896 1402 3109 1457 magna
3129 1402 3420 1457 parvaque
3446 1402 3697 1457 persona

2049 1472 2384 1545 praedictam
2414 1473 2717 1529 ecclesiam
2748 1473 2835 1529 vel
2866 1475 3166 1546 episcOpos
3182 1492 3281 1546 per
3297 1480 3559 1547 tempora
3581 1476 3695 1529 Deo

2050 1562 2223 1617 dante
2254 1562 2470 1617 ibidem
2502 1562 2803 1617 ordinatos
2832 1563 2903 1617 de
2935 1562 3211 1617 omnibus
3241 1580 3367 1634 quae
3399 1580 3578 1635 supra
3610 1563 3698 1618 le—

2050 1653 2288 1721 guntur,
2321 1650 2626 1706 disvestire
2658 1667 2759 1705 seu
2794 1648 3103 1705 molestare
3134 1651 3535 1722 prmsumatSi
3564 1651 3697 1722 quis

2050 1738 2231 1810 igitur
2278 1738 2455 1808 hujus
2503 1743 2715 1793 nostrae
2764 1738 3094 1793 donationis
3139 1743 3196 1793 et
3242 1739 3699 1794 conﬁrmationis

2052 1832 2403 1899 praeceptum
2455 1827 2670 1882 violare
2720 1826 3179 1899 praesumpserit,
3232 1830 3545 1898 componat
3572 1827 3700 1883 auri

2050 1914 2256 1986 optimi
2282 1914 2461 1970 libras
2492 1919 2747 1981 centum,
2785 1915 3153 1970 medietatem
3186 1932 3426 1970 camerae
3467 1919 3698 1980 nostrae,

2052 2009 2109 2058 et
2139 2004 2507 2059 medietatem
2547 2004 2674 2075 jam
2726 2004 2889 2058 dictae
2939 2004 3213 2070 ecclesiae,
3248 2004 3487 2075 suisque
3518 2008 3700 2059 recto-

2052 2091 2235 2148 ribus.
2265 2092 2425 2155 Quod
2463 2097 2523 2147 ut
2554 2092 2746 2148 verius
2794 2093 3087 2158 credatur,
3122 2093 3581 2165 diligentiusque
3629 2094 3701 2148 ab

2053 2182 2330 2239 omnibus
2356 2183 2714 2248 observetur,
2750 2198 2926 2236 manu
2959 2180 3195 2253 prepria
3234 2181 3594 2249 roborantes,
3623 2181 3699 2236 si-

2052 2270 2190 2343 gillo
2221 2274 2419 2325 nostro
2450 2270 2558 2326 hoc
2588 2274 2940 2342 praeceptum
2972 2268 3241 2341 insigniri
3264 2269 3577 2339 jussimus.

2125 2360 2355 2430 Signum
2379 2358 2566 2413 domui
2594 2359 2839 2413 Heinrici
2866 2358 3091 2412 secundi
3121 2362 3491 2413 Romanorum
3538 2359 3704 2430 impe-

2054 2450 2254 2504 ratoris
2284 2450 2530 2519 Augusti.

2126 2537 2299 2609 Opizo
2331 2535 2716 2592 cancellarius
2743 2535 2861 2590 vice
2887 2535 3228 2591 Herimanni
3276 2534 3698 2609 archiepisc0pi

2055 2630 2112 2683 et
2142 2624 2658 2681 archicaneellarii.

2125 2717 2332 2769 Actum
2363 2732 2434 2768 xv
2467 2714 2753 2769 Kalendas
2780 2712 2941 2777 Julii,
2974 2729 3126 2768 anno
3158 2713 3471 2769 Dominicis
3505 2714 3697 2769 Incar-

2056 2803 2310 2859 nationis
2353 2804 2509 2870 1052,
2555 2819 2707 2857 anno
2756 2807 2951 2856 autem
3000 2801 3200 2856 domni
3246 2801 3494 2857 Heinrici
3544 2803 3698 2857 tertii

2056 2892 2209 2964 regis
2242 2890 2482 2947 secundi
2512 2891 2904 2963 imperatoris,
2954 2890 3340 2946 ordinationis
3389 2891 3517 2962 ejus
3545 2908 3700 2963 xxxv,

2056 2980 2284 3053 imperii
2317 2998 2391 3037 v1.

2080 3122 2087 3129 .
2125 3071 2334 3125 Actum
2367 3070 2655 3141 Turengo,
2684 3069 2947 3124 feliciter.
2979 3069 3182 3123 Amen.

2197 3159 2510 3229 Sequuntur
2536 3160 2695 3227 signa
2725 3159 3068 3214 notariorum
3094 3158 3190 3228 qui
3216 3158 3612 3229 descripserunt
3635 3174 3705 3214 ea:

2301 3248 2633 3302 authentico.

2796 3343 2963 3398 XXV.

2057 3445 2341 3500 lleinricus
2373 3445 2516 3497 inter
2537 3458 2694 3513 reges
2722 3442 3091 3508 tertius,intcr
3117 3443 3381 3510 Augustos
3413 3443 3699 3510 secundus,

2130 3516 2267 3569 bona
2313 3531 2376 3568 ru:
2414 3514 2546 3584 jura
2575 3515 2767 3567 cuncta
2818 3528 2915 3566 suo
2961 3517 3231 3583 pi-{ccepto
3261 3514 3549 3584 confirmat
3596 3515 3701 3568 Ec-

2127 3588 2311 3642 clesia:
2343 3583 2683 3651 Vercellensi,
2714 3585 2937 3654 ejusque
2966 3584 3211 3654 episcopo
3242 3583 3511 3652 Gregorio.

2676 3682 2861 3753 (Anno
2895 3680 3075 3751 105i.)

2367 3782 2716 3852 [Munaroag
2746 3780 2925 3851 Antig.
2958 3780 3079 3848 Ital.
3110 3783 3204 3841 VI.
3238 3780 3387 3850 319.]

2128 3872 2189 3927 In
2223 3870 2460 3926 nomine
2486 3874 2697 3926 sanctae
2729 3872 2785 3924 et
2814 3868 3125 3924 individuaa
3166 3868 3493 3925 Trinitatis.
3527 3868 3699 3924 Hem-

2055 3977 2243 4028 mcus,
2278 3959 2477 4015 divina
2506 3959 2735 4015 favente
2779 3957 3109 4025 clementia,
3144 3958 3542 4013 Romanorum
3590 3957 3700 4012 im-

2054 4054 2286 4124 perator
2313 4050 2633 4122 Augustus.

2125 4139 2271 4206 Quia
2300 4137 2500 4194 nullus
2528 4141 2691 4193 extra
2719 4137 3037 4194 Ecclesiam
3086 4135 3282 4191 salvus
3333 4139 3523 4207 potest
3554 4135 3700 4201 ﬁeri,

2055 4244 2421 4299 consequens
2442 4230 2531 4281 est
2553 4231 2616 4281 ut
2638 4226 3047 4298 unusquisque
3074 4224 3322 4279 fideliter
3350 4224 3623 4279 laborans
3645 4223 3705 4278 in

2054 4333 2191 4389 agro
2228 4316 2319 4371 Dei
2353 4315 2478 4370 sine
2518 4313 2953 4369 intermissione
3004 4312 3306 4368 incumbat
3347 4310 3706 4369 incremento

2052 4403 2455 4460 ecclesiasticae
2488 4402 2589 4457 rei.
2623 4403 2860 4457 Certum
2895 4406 2983 4456 est
3012 4400 3168 4455 enim
3202 4400 3342 4471 quia
3371 4399 3524 4455 sicut
3552 4399 3706 4455 exal-

2051 4497 2210 4549 tatur
2238 4497 2425 4547 mater
2453 4490 2719 4545 omnium
2742 4487 3170 4553 viventium,ita
3190 4493 3461 4544 crescunt
3483 4505 3709 4545 merces

2051 4581 2315 4638 omnium
2347 4578 2457 4635 sibi
2491 4579 2890 4635 servientium.
2911 4577 3275 4646 QuoprOpter
3302 4577 3708 4634 universorum

288 4668 1028 4739 cancellarii,concedimus
1059 4668 1335 4740 praedicto
1374 4666 1665 4739 episcopo,
1701 4669 1942 4740 suisque
1973 4685 2019 4750 Ι)
2051 4669 2316 4741 ejusdem
2346 4666 2754 4734 ﬁdelium,tam
2778 4661 3150 4750 praesentium
3174 4679 3351 4733 quam
3376 4666 3711 4721 tuturorum

285 4758 732 4818 successoribus
761 4756 1006 4814 clericos
1050 4761 1105 4812 et
1144 4755 1417 4822 famulos,
1454 4755 1715 4830 aliosque
1767 4775 1944 4829 super

286 4854 505 4919 terram
536 4864 655 4904 suae
683 4846 954 4903 Ecclesiae
980 4846 1375 4902 inhabitantes
1408 4846 1465 4901 in
1500 4864 1608 4901 sua
1638 4850 1940 4918 potestate,

285 4942 351 4995 ut
380 4937 556 4995 liceat
585 4952 720 4992 eum
743 4939 877 4993 ante
907 4952 971 4991 se
1002 4952 1240 4991 causam
1263 4940 1515 5009 agere,et
1536 4934 1937 5008 perduellium

287 5024 549 5099 qualibet
577 5022 752 5097 legali
782 5023 1075 5079 sententia
1103 5023 1263 5078 litem
1283 5023 1813 5092 deﬁnire,omnium
1835 5024 1937 5080 ho-

286 5116 518 5172 minum
549 5116 776 5171 remota
805 5112 1568 5170 contradictionePrzeterea
1594 5114 1791 5170 omnia
1812 5131 1940 5186 quae

285 5202 571 5261 Adelmus
600 5202 767 5260 bona:
799 5202 1094 5258 memoriae
1126 5218 1261 5257 cum
1293 5218 1469 5259 uxore
1500 5219 1608 5258 sua
1649 5219 1752 5275 per
1774 5202 1941 5258 char-

286 5292 474 5349 tulam
505 5290 819 5349 oblationis
851 5289 1211 5347 Volterrensi
1242 5289 1509 5346 Ecclesia:
1540 5290 1805 5357 contulit,
1830 5290 1942 5346 sci-

285 5379 423 5437 licet
452 5378 763 5436 castellum
789 5379 859 5435 de
888 5378 1232 5445 Pulliciano,
1265 5395 1396 5434 cum
1433 5379 1782 5435 monasterio
1803 5384 1942 5434 San-

287 5469 367 5525 cti
392 5467 680 5540 Sepulcri,
709 5467 961 5541 aliisque
989 5466 1378 5539 perlinentiis,
1433 5473 1489 5523 et
1535 5466 1843 5524 castellum
1875 5468 1944 5522 de

290 5554 752 5626 Monteacutulo,
786 5573 922 5614 cum
954 5556 1081 5631 suis
1114 5555 1502 5628 pertinentiis,
1538 5561 1596 5613 et
1624 5573 1794 5613 suam
1822 5573 1948 5629 por-

360 5662 742 5737 (17)_Scilicet
771 5661 1251 5737 Eicbstadiensis,
1284 5663 1385 5737 qui
1416 5668 1542 5737 tum
1590 5670 1716 5737 erat
1757 5664 1949 5737 regina

289 5732 568 5794 cancellis
597 5738 655 5791 et
684 5732 1473 5807 consiliis,quiquedefuncto
1498 5735 1674 5792 Leoni
1690 5732 1852 5808 papae
1874 5735 1947 5794 IX

2054 4758 2277 4813 noverit
2307 4755 2749 4828 charitas,quod
2782 4770 2888 4808 nos
2919 4749 3329 4806 ecclesiasticis
3352 4753 3712 4823 profectibus

2054 4845 2554 4911 incumbentes,ac
2587 4840 2983 4899 dilectissime:
3008 4844 3217 4893 nostrae
3240 4840 3511 4912 conjugis
3531 4841 3712 4913 impe-

2054 4933 2305 4999 ratricis,
2345 4949 2448 4989 seu
2481 4930 2817 4987 charissimi
2850 4925 3031 4982 nostri
3066 4924 3171 4981 filii
3234 4926 3389 5000 regis
3456 4927 3711 4985 lleinrici

2047 5023 2317 5099 precibus
2332 5021 2561 5095 pietatis
2573 5037 2743 5076 aures
2756 5015 3283 5083 accommodantes,
3294 5034 3397 5090 per
3410 5020 3712 5091 praesentis

2050 5112 2318 5186 praecepti
2348 5108 2563 5168 stabile
2604 5108 3044 5163 ﬁrmamentum
3095 5111 3309 5162 sanctae
3358 5104 3711 5163 Vercellensi

2048 5200 2314 5259 Ecclesia:
2346 5200 2774 5255 confirmamus
2806 5192 3006 5251 omnia
3035 5194 3184 5250 bona
3218 5196 3412 5267 quiete
3458 5197 3714 5251 tenenda

2055 5309 2121 5347 ac
2152 5290 2391 5364 paciﬁce
2413 5289 2472 5344 in
2495 5292 2776 5343 aeternum
2809 5283 3212 5356 fruenda,quze
3232 5289 3435 5339 sancto
3458 5284 3709 5339 Eusebio

2057 5380 2195 5434 olim
2231 5378 2440 5435 collata
2473 5380 2608 5433 sunt
2627 5370 2892 5430 anostris
2924 5371 3451 5442 prmdeccssoribus
3472 5370 3710 5441 regibus

2054 5468 2145 5524 vel
2179 5466 2652 5541 imperatoribus,
2679 5480 2783 5520 seu
2815 5458 3264 5534 quibuscunque
3296 5458 3707 5515 ﬁdelibus.Sed

2055 5561 2121 5612 ut
2152 5560 2379 5614 mentes
2409 5555 2670 5612 ﬁdelium
2704 5551 2935 5627 plenius
2965 5552 3278 5624 gaudeant,
3311 5555 3366 5606 et
3406 5548 3707 5622 praedones

2058 5663 2414 5791 ἓὲἓὲοῗδὲἓε
2443 5668 2534 5722 est
2562 5676 2834 5720 summus
2867 5658 3144 5731 pontifex,
3184 5659 3380 5716 Victor
3410 5658 3482 5724 Il,
3514 5655 3707 5713 dictus

2060 5751 2212 5792 anno
2246 5751 2406 5792 ιυῡὶ).
