3924 6210
229 332 385 402 Hi!

228 559 490 617 Heinrici
520 561 679 616 tertii
721 560 899 634 regis,
945 560 1314 633 imperatoris
1374 564 1569 617 autem
1621 562 1884 628 secundi,

230 647 625 707 ordinationis
673 650 802 721 ejus
821 665 988 709 xxvu.
1021 648 1186 722 regni
1227 650 1464 721 quidem
1495 663 1627 718 xvn,
1659 650 1885 723 imperii

231 754 367 795 vero
399 753 475 794 IX.

304 829 515 883 Actum
533 824 1014 899 Guaresallzeﬂeg.
1039 825 1407 895 Guarstallae]
1438 827 1497 882 in
1520 827 1620 884 Dei
1652 828 1888 884 nomine

232 914 501 973 feliciter.
534 917 739 973 Amen.

956 1030 1175 1087 XXVII.

234 1122 529 1192 Heinricus
562 1136 663 1176 rex
706 1122 808 1188 III,
860 1122 1161 1192 imperator
1206 1121 1577 1192 II,_canonieis
1625 1118 1891 1176 Ecclesiae

380 1191 762 1248 Cremonensis
793 1190 980 1247 omnia
1010 1191 1238 1246 illorum
1269 1190 1408 1247 bona
1436 1190 1743 1260 conﬁrmat.

862 1280 1047 1351 (Anno
1080 1278 1263 1351 1055.)

559 1360 919 1432 [Muaaroan
948 1361 1135 1431 Antiq.
1187 1361 1306 1415 Ital.
1338 1361 1408 1429 ll,
1454 1361 1569 1430 75.]

280 1451 369 1507 'In
402 1450 640 1506 nomine
662 1453 874 1506 sancta:
907 1453 965 1506 et
995 1448 1305 1504 individuae
1346 1447 1673 1505 Trinitatis.
1727 1447 1892 1504 Ham—

237 1536 637 1605 mcus,divina
664 1537 891 1594 favente
909 1536 1237 1605 clementia,
1273 1536 1675 1593 Romanorum
1708 1536 1889 1608 impe-

235 1631 400 1684 rator
428 1627 750 1701 Augustus.

320 1716 378 1772 Si
409 1713 526 1772 illis
552 1716 651 1788 qui
685 1714 757 1771 ad
785 1714 914 1770 loca
945 1730 1109 1769 sacra
1139 1712 1412 1769 destinati
1445 1712 1659 1768 divinis
1684 1712 1894 1768 ofﬁciis

232 1800 587 1873 inserviunt,
616 1805 829 1859 nostra:
861 1801 1185 1874 imperialis
1216 1799 1631 1857 munificentiae
1660 1800 1891 1855 benivo-

230 1891 477 1949 lentiam
506 1889 567 1945 in
595 1890 723 1947 suis
753 1888 1136 1963 petitionibus
1168 1889 1482 1946 clementer
1538 1905 1603 1944 ac
1639 1888 1889 1962 benigne

236 1981 776 2045 demonstramus,a
789 1982 901 2034 Deo
920 1979 1187 2034 omnium
1204 1993 1398 2033 rerum
1424 1976 1751 2049 inspectore
1776 1992 1893 2032 me-

234 2067 414 2125 ritam
445 2069 503 2123 et
520 2066 868 2140 condignam
896 2066 1340 2123 retributionem
1362 2082 1471 2121 nos
1494 2066 1747 2137 recipere
1771 2081 1894 2137 spe-

237 2173 462 2213 ramus.
490 2153 655 2212 Unde
678 2155 944 2211 omnium
986 2160 1200 2211 sanctas
1234 2154 1335 2211 Dei
1366 2153 1632 2209 Ecclesia
1665 2157 1892 2208 nostro-

237 2234 491 2317 rumque
510 2243 921 2312 ﬁdelium,tam
938 2244 1269 2300 futurorum
1297 2258 1471 2307 quam
1496 2242 1892 2315 praesentium,

239 2332 496 2407 diligens
537 2331 830 2389 industria
857 2332 1081 2389 noverit
1110 2331 1362 2405 qualiter
1374 2348 1476 2404 pro
1492 2331 1750 2387 remedio
1766 2332 1896 2385 ani-

242 2439 353 2478 mae
368 2425 598 2490 nostra,
626 2418 684 2477 et
708 2421 1185 2478 obinterventum
1202 2419 1473 2494 conjugis
1494 2425 1703 2477 nostra:
1717 2419 1893 2475 dilec-

240 2509 889 2583 tissimaeimperatricis
902 2510 1162 2583 Agnetis,
1196 2524 1298 2566 nec
1320 2527 1438 2565 non
1456 2515 1693 2582 propter
1709 2507 1897 2563 incre-

245 2603 515 2655 mentum
533 2596 640 2653 ﬁ'lii
661 2598 849 2655 nostri
874 2597 1204 2655 charissimi
1252 2598 1505 2654 Heinrici
1529 2598 1718 2671 quarti
1749 2597 1902 2652 vide-

245 2687 387 2744 licet
406 2685 1003 2760 regis,canonicorum
1034 2691 1247 2744 sanctae
1278 2686 1687 2743 Cremonensis
1718 2685 1899 2742 eccle-

249 2777 349 2834 sia:
375 2775 438 2833 in
467 2775 751 2832 honorem
793 2774 1146 2833 beatissima:
1193 2777 1289 2834 Dei
1339 2776 1653 2833 Genitricis
1705 2774 1899 2830 Mariae

249 2868 600 2923 constructa:
613 2864 1065 2922 necessitatibus
1081 2866 1449 2939 providentes
1462 2863 1581 2920 illis
1598 2865 1838 2920 conﬁrm
1849 2881 1903 2921 a-

254 2968 415 3023 mus,
448 2968 515 3010 ac
535 2959 737 3011 nostra
764 2954 1052 3027 imperiali
1079 2955 1423 3011 auctoritate
1456 2954 1902 3009 corroboramus

254 3048 446 3101 terrae
475 3059 797 3117 suas,quas
819 3043 1066 3116 praefatae
1089 3044 1378 3100 canonicae
1410 3041 1686 3116 praesules
1715 3041 1903 3096 eidem

252 3132 511 3190 ecclesiis
542 3132 596 3186 vi
627 3135 686 3189 et
712 3132 931 3203 injuste
961 3132 1234 3195 tulerant,
1295 3130 1563 3187 videlicet
1619 3128 1902 3185 Butanin-

1579 334 1975 403 HENRICUS
2020 334 2101 401 ΙΙΙ
2145 332 2309 403 IMP.

228 442 493 529 nationis
518 464 680 541 1055,
710 468 1033 529 indictione
1088 484 1209 541 vm,
1270 486 1423 530 anno
1457 477 1650 531 autem
1684 474 1883 531 domni
1916 475 1969 541 Α

1921 1847 1969 1911 Β

3489 343 3647 413 1122

2691 474 2948 532 XXVIII.

1996 564 2218 641 Hererici
2242 564 2334 641 lli,
2371 564 2675 641 Germania:
2700 583 2762 621 ac
2802 566 2979 641 Italia:
3018 570 3178 637 regis,
3213 574 3260 624 et
3300 554 3644 641 imperatoris

2066 635 2132 700 ll,
2164 636 2523 706 privilegium
2551 653 2859 693 concessum
2884 635 3227 694 Ferrariensi
3260 635 3458 712 populo
3484 661 3496 697 :

2619 735 2806 805 (Anno
2838 734 3025 805 4055.)

2301 820 2656 892 [ΜυΙιΑοι-οηι,
2700 823 2882 893 Antiq.
2912 823 3033 877 Ital.
3086 824 3152 890 Υ,
3193 825 3344 895 753.]

2068 916 2128 971 In
2155 918 2391 973 nomine
2414 924 2629 975 sancta:
2652 923 2710 975 et
2733 919 3044 975 individua:
3070 921 3400 978 Trinitatis.
3420 923 3649 980 Hamm-

1997 1006 2338 1070 cus,divina
2360 1006 2584 1064 favente
2607 1008 2933 1075 clementia,
2968 1010 3363 1066 Romanorum
3399 1013 3646 1085 impera-

2003 1097 2095 1149 tor
2113 1096 2435 1166 Augustus.

2074 1182 2349 1238 Noverint
2380 1200 2584 1240 omnes
2614 1192 2828 1242 sanctae
2874 1187 2971 1243 Dei
3007 1187 3293 1254 Ecclesiae,
3347 1190 3650 1262 nostrique

2000 1268 2224 1338 ﬁdeles,
2259 1276 2380 1326 tam
2416 1272 2595 1328 futuri
2630 1291 2809 1345 quam
2871 1283 3206 1348 praesentes,
3261 1277 3515 1350 qualiter
3544 1297 3648 1351 pro

2001 1358 2255 1413 remedio
2279 1359 2487 1415 anima:
2510 1366 2741 1430 nostrae,
2770 1367 2825 1417 et
2847 1366 2918 1418 ob
2957 1364 3343 1421 interventum
3370 1368 3643 1439 conjugis

2002 1452 2211 1503 nostra:
2228 1446 2619 1520 imperatricis
2636 1452 2898 1522 Agnetis,
2929 1458 2984 1506 et
3006 1459 3238 1524 propter
3259 1454 3646 1510 interventum

2002 1535 2371 1591 dilectissimi
2399 1536 2503 1591 ﬁlii
2527 1540 2707 1592 nostri
2733 1538 2957 1593 llenrici
2981 1542 3172 1610 quarti
3193 1542 3647 1613 regis,universo

2005 1622 2217 1695 populo
2251 1624 2606 1679 Ferrariensi
2643 1625 2811 1679 nobis
2842 1626 3189 1697 supplicanti
3253 1645 3356 1699 pro
3398 1630 3548 1686 fideli
3583 1647 3648 1686 ac

2006 1712 2209 1766 devoto
2232 1729 2432 1767 eorum
2467 1713 2698 1768 servitio
2732 1731 2934 1769 omnes
2967 1721 3269 1771 curtenses
3288 1719 3569 1773 adatione
3590 1719 3649 1773 in

2010 1800 2244 1871 placito,
2278 1818 2405 1872 quae
2437 1802 2644 1857 Tertiae
2677 1803 2972 1866 dicuntur,
3006 1808 3162 1859 tutos
3205 1822 3331 1861 esse
3362 1808 3652 1877 permitti-

2004 1888 2437 1959 mus,Villanos
2463 1891 2637 1945 etiam
2661 1891 2814 1946 infra
2838 1897 3014 1946 totam
3039 1892 3329 1949 civitatem
3356 1895 3650 1962 Ferrariaa,

2003 1977 2089 2033 vel
2122 1978 2459 2050 ubicunque
2516 1979 2573 2034 in
2606 1996 2805 2034 eorum
2840 1985 2994 2034 terra
3036 1981 3325 2049 habitant,
3357 1984 3430 2038 ad
3462 1984 3652 2056 publi-

2004 2082 2136 2119 cum
2168 2065 2443 2137 placitum
2478 2084 2590 2122 non
2623 2069 2838 2134 venire,
2864 2070 2962 2124 sed
3000 2070 3257 2126 dominis
3288 2071 3372 2127 eis
3402 2090 3505 2144 pro
3538 2071 3653 2128 illis

2007 2155 2358 2225 respondere
2404 2156 2797 2213 concedimus.
2835 2158 3016 2212 Naves
3049 2176 3187 2213 suas
3213 2164 3270 2214 et
3300 2159 3557 2217 caballos
3584 2162 3655 2215 ad

2009 2247 2068 2297 P.
2098 2244 2357 2298 ofﬁcium
2388 2243 2714 2314 persolvere
2746 2263 2858 2299 non
2893 2256 3194 2317 cogantur,
3229 2248 3342 2303 nisi
3385 2266 3519 2304 cum
3548 2267 3654 2305 nos

2010 2332 2066 2387 in
2109 2348 2353 2404 regnum
2390 2331 2653 2387 Italicum
2687 2334 3041 2401 veniremus,
3065 2334 3153 2389 vel
3186 2340 3382 2391 noster
3412 2338 3651 2393 missus.

2010 2421 2290 2477 Praeterea
2323 2421 2371 2476 si
2407 2420 2540 2493 quis
2573 2422 2643 2476 ad
2679 2422 2957 2493 placitum
2989 2429 3245 2493 vocatur,
3281 2429 3337 2479 et
3388 2426 3655 2481 debitum

2010 2527 2184 2565 suum
2221 2514 2428 2581 sponte
2459 2511 2789 2579 conﬁtetur,
2825 2529 2857 2566 a
2891 2528 3061 2583 paena
3077 2512 3405 2569 Tertiarum
3425 2514 3654 2571 solutus

2012 2600 2105 2655 sit.
2138 2598 2420 2654 Similiter
2449 2599 2623 2654 etiam
2655 2605 2710 2654 et
2767 2599 2970 2655 viduas
3024 2617 3057 2656 a
3088 2602 3299 2657 Tertiis
3342 2604 3399 2657 in
3442 2602 3654 2676 placito

2012 2688 2313 2743 solvimus.
2351 2688 2584 2743 Bannus
2617 2692 2812 2743 autem
2843 2688 3079 2744 illorum
3136 2692 3458 2746 secundum
3505 2692 3654 2747 anti-

2014 2794 2195 2849 quum
2221 2777 2465 2831 modum
2490 2782 2722 2833 centum
2746 2781 2802 2832 et
2823 2782 2948 2832 octo
2970 2779 3191 2834 denarii
3220 2780 3652 2852 sit.Ripaticum

2012 2882 2128 2921 non
2160 2865 2317 2932 dent,
2352 2864 2466 2919 nisi
2499 2864 2709 2937 Papiae,
2741 2865 3049 2921 duodecim
3090 2867 3359 2923 denarios
3390 2869 3654 2940 ejusdem

2013 2956 2565 3009 monetae.Cremone
2583 2958 2776 3009 autem
2805 2955 2852 3009 si
2886 2956 3031 3011 forte
3056 2958 3370 3028 quisquam
3405 2958 3659 3030 negotia-

2012 3047 2203 3097 torum
2239 3047 2502 3097 moratus
2527 3041 2719 3107 fuerit,
2751 3046 2807 3098 et
2830 3042 2968 3099 alibi
2990 3043 3224 3116 aliquod
3254 3046 3551 3118 negotium
3587 3045 3656 3101 de

2015 3129 2136 3185 sale
2168 3130 2385 3197 fecerit,
2420 3131 2535 3184 duo
2566 3129 2743 3185 oralia
2775 3131 3083 3203 persolvat.
3126 3133 3205 3187 De
3241 3134 3502 3204 piscibus
3551 3150 3654 3206 pro

250 3237 416 3293 gum,
450 3202 907 3289 Castrumvetus,
935 3220 1215 3286 Insulam,
1251 3218 1692 3285 Raduldiscum,
1721 3218 1898 3274 Casa-
1931 3202 1973 3268 C
2013 3234 2367 3290 unaquaque
2384 3223 2581 3291 vegete
2605 3220 2753 3273 duos
2775 3202 3044 3274 denarios
3062 3202 3523 3277 Medio—lanenses
3551 3202 3658 3277 tri-

249 3304 889 3375 novam,Butalianum,
921 3304 1669 3380 Fontanellam,cappellam
1701 3305 1900 3361 Sancti

248 3395 570 3455 Salvatoris
594 3412 729 3452 cum
750 3397 875 3453 suis
894 3396 1281 3468 pertinentiis,
1306 3412 1411 3452 nec
1437 3411 1553 3451 non
1579 3399 1635 3452 et
1665 3398 1901 3450 caeteras

249 3490 438 3543 terras
470 3501 620 3558 quas
652 3485 915 3540 canonici
948 3485 1206 3557 praedicti
1267 3500 1420 3540 nunc
1477 3483 1565 3539 vel
1616 3483 1674 3538 in
1706 3484 1901 3538 futuro

242 3576 406 3648 juste
438 3589 505 3629 ac
526 3571 791 3645 legaliter
819 3573 1079 3629 detinere
1104 3572 1397 3640 videntur,
1437 3589 1569 3627 cum
1607 3571 1899 3639 districtu,

250 3674 389 3719 cum
420 3662 611 3736 porcis
637 3665 695 3718 et
713 3662 1212 3729 vervecibus,cum
1242 3661 1539 3734 Operibus,
1557 3665 1613 3716 et
1626 3660 1901 3716 omnibus

248 3751 476 3807 scuﬁi‘s.
510 3750 790 3807 Praeterea
822 3751 1124 3807 sancimus
1182 3755 1359 3824 atque
1412 3750 1782 3823 praecipimus
1839 3753 1903 3804 ut

251 3836 455 3896 nullus
479 3839 1388 3913 episcopus,comes,procurator
1418 3843 1518 3893 aut
1550 3839 1804 3894 decanus
1831 3837 1902 3892 de

244 3929 378 4001 ipsa
406 3926 689 3984 canonica
747 3924 977 3983 fodrum
1024 3934 1125 3984 aut
1156 3928 1414 4000 aliquam
1457 3926 1749 3982 dationem
1784 3925 1901 3981 illis

244 4015 473 4085 tollere,
506 4019 607 4071 aut
636 4014 1010 4089 aliquomodo
1042 4018 1167 4073 sine
1224 4015 1395 4090 legali
1446 4014 1670 4087 judicio
1727 4013 1901 4070 mole-

241 4107 399 4160 stare
427 4103 515 4160 vel
545 4103 851 4162 disvestire
879 4108 1218 4177 praesumat.
1253 4105 1314 4161 Si
1372 4104 1505 4177 quis
1535 4120 1669 4160 vero
1700 4107 1902 4159 contra

238 4190 427 4263 hujus
450 4194 662 4247 nostrae
694 4192 1159 4249 conﬁrmationis
1217 4194 1621 4253 auctoritatem
1654 4196 1898 4248 temera-

243 4280 372 4337 rius
393 4276 642 4336 violator
669 4281 974 4349 exstiterit,
1008 4286 1240 4338 centum
1301 4282 1482 4338 libras
1515 4281 1640 4337 auri
1694 4280 1898 4353 Optimi

248 4372 584 4440 componat,
612 4368 982 4425 medietatem
1020 4386 1262 4426 camera)
1316 4374 1524 4425 nostrae
1588 4368 1899 4441 imperiali,

248 4461 306 4513 et
334 4454 713 4512 medietatem
744 4458 1039 4530 praedictis
1069 4458 1386 4514 canonicis.
1421 4458 1581 4523 Quod
1615 4461 1680 4511 ut
1707 4457 1898 4513 verius

2012 3308 2173 3362 buat.
2223 3307 2507 3361 Ravennae
2563 3307 2711 3362 duos
2771 3312 3014 3361 moneta:
3072 3307 3344 3364 Venetiae.
3406 3310 3657 3365 Venetia:

2009 3412 2143 3451 vero
2175 3394 2483 3449 duodecim
2518 3395 2782 3466 ejusdem
2835 3401 3097 3450 monetae.
3155 3398 3222 3451 Et
3278 3402 3485 3469 praeter
3538 3398 3657 3453 haec

2013 3483 2432 3557 prmnominata
2462 3483 2589 3539 loca
2609 3499 2842 3538 omnem
2868 3489 3191 3539 mercatum
3217 3484 3486 3541 Italicum
3518 3487 3659 3542 abs-

2013 3590 2125 3645 que
2157 3571 2417 3644 qualibet
2446 3572 2743 3628 exactione
2774 3568 2975 3628 secure
3004 3573 3388 3645 frequentent.
3440 3578 3659 3630 Secun-

2013 3662 2154 3716 dum
2185 3660 2361 3716 etiam
2396 3661 2552 3732 quod
2575 3660 2666 3716 lex
2706 3661 2894 3731 jubet,
2929 3662 2988 3715 in
3023 3661 3232 3733 placito
3264 3662 3510 3717 induciae
3540 3662 3657 3719 illis

2012 3750 2423 3817 concedantur,
2488 3750 2601 3804 nisi
2659 3766 2793 3804 cum
2829 3767 2932 3805 nos
2991 3755 3089 3805 aut
3124 3756 3319 3806 noster
3349 3752 3567 3807 missus
3597 3752 3658 3807 in

2013 3855 2257 3912 regnum
2292 3838 2557 3894 Italicum
2588 3839 2942 3895 venerimus.
2978 3839 3256 3895 Generale
3286 3839 3566 3912 placitum
3600 3841 3657 3895 in

2012 3945 2165 3983 anno
2193 3928 2283 3983 bis
2316 3928 2668 3995 custodiant,
2729 3933 2786 3984 et
2816 3928 2923 3983 hoc
2956 3928 3228 3984 solvendo
3268 3930 3440 3985 modo
3470 3930 3659 3987 tribus

2012 4016 2220 4072 diebus
2250 4021 2305 4072 et
2337 4034 2691 4089 unaquaque
2749 4017 2842 4073 die
2875 4022 2994 4073 tres
3051 4034 3258 4089 porcos
3305 4023 3659 4091 centumque

2011 4122 2214 4178 panes,
2247 4122 2423 4161 unam
2450 4105 2661 4161 libram
2682 4105 2919 4178 piperis,
2944 4110 3000 4161 et
3028 4106 3271 4161 alteram
3318 4107 3656 4176 zinamomi,

2012 4200 2245 4265 tresque
2269 4195 2551 4250 sextarios
2577 4194 2769 4250 mellis
2796 4214 2808 4262 ;
2833 4195 3042 4267 hisque
3064 4195 3252 4250 tribus
3283 4196 3492 4252 diebus
3523 4201 3657 4251 tan-

2012 4281 2315 4335 tummodo
2375 4297 2553 4335 unam
2613 4286 2871 4353 vegetem
2928 4280 3091 4338 vini:
3153 4287 3362 4354 quarta
3397 4300 3531 4338 vero
3566 4282 3657 4338 die

2010 4386 2193 4424 unum
2217 4384 2440 4423 verrem
2463 4386 2529 4423 ac
2560 4369 2992 4443 quinquaginta
3023 4389 3201 4443 panes
3229 4370 3531 4444 placitanti
3560 4371 3660 4426 tri-

2010 4458 2213 4513 buant.
2249 4457 2487 4512 Fotrum
2540 4463 2737 4511 autem
2795 4459 2964 4514 nobis
2996 4465 3097 4515 aut
3126 4464 3326 4515 nostro
3370 4459 3551 4515 misso
3584 4460 3655 4515 ad

248 4544 541 4632 credatur,
575 4543 1035 4619 diligentiusque
1087 4547 1158 4602 ab
1202 4547 1479 4603 omnibus
1538 4546 1896 4612 observetur,
1930 4567 1976 4632 Β
2009 4543 2235 4601 Italiam
2266 4545 2515 4599 venienti
2550 4544 2890 4616 plenissime
2939 4548 3310 4620 persolvant;
3345 4549 3465 4603 haec
3498 4548 3655 4603 enim

248 4633 399 4690 hanc
421 4631 686 4689 chartam
712 4634 844 4691 inde
875 4634 1263 4708 conscriptam
1297 4650 1473 4690 manu
1504 4634 1739 4706 propria
1769 4635 1901 4690 sub-

244 4728 331 4778 ter
360 4721 829 4788 corroborantes,
863 4723 1040 4796 sigilli
1081 4723 1263 4779 nostri
1302 4722 1687 4795 impressione
1711 4721 1895 4792 jussi-

243 4826 378 4867 mus
407 4808 701 4883 insigniri.

310 4898 547 4968 Signum
568 4898 758 4954 damni
776 4898 1024 4956 Πρίηήεί
1046 4903 1202 4957 tertii
1245 4903 1390 4974 regis
1415 4900 1782 4968 invictissimi,
1810 4915 1892 4955 se-

238 4985 407 5043 cundi
432 4986 805 5043 Romanorum
834 4990 1180 5061 imperatoris
1207 4990 1455 5062 Augusti.

311 5074 680 5133 Gnntherius
710 5070 1093 5134 cancellarius
1147 5080 1267 5134 vice
1326 5076 1661 5134 Herimanni
1710 5076 1895 5133 archi-

246 5162 585 5220 cancellarii
613 5165 963 5236 recognovit.

313 5251 463 5308 Data
496 5251 634 5308 Idus
655 5251 940 5322 Octobris,
963 5270 1115 5310 anno
1133 5253 1443 5310 Dominicis
1469 5254 1893 5312 Incarnationis

245 5336 405 5409 {(55,
428 5338 753 5397 indictione
799 5357 913 5408 vui,
976 5358 1128 5399 anno
1178 5347 1374 5399 autem
1405 5344 1606 5401 domni
1640 5344 1891 5402 Heinrici

246 5428 399 5485 tertii
414 5429 592 5501 regis,
609 5428 980 5502 imperatoris
998 5436 1193 5488 autem
1211 5433 1474 5502 secundi,
1508 5432 1892 5490 ordinationis

243 5515 368 5587 ejus
398 5518 569 5586 xxv",
605 5516 767 5588 regni
799 5518 1036 5591 quidem
1083 5532 1213 5589 xv",
1248 5520 1478 5593 imperii
1507 5538 1641 5579 vero
1674 5535 1748 5578 Ix.

310 5607 528 5668 Actum
560 5603 813 5667 Mantua
845 5606 905 5665 in
952 5607 1053 5667 Dei
1104 5608 1338 5669 nomine
1384 5609 1647 5671 feiiciter.
1679 5612 1889 5676 Amen.

2010 4634 2359 4704 omniaquae
2388 4632 2746 4705 prmscripta,
2777 4652 2881 4690 nec
2915 4653 3027 4691 non
3060 4653 3340 4693 concessa
3366 4640 3525 4703 sunt,
3557 4636 3659 4691 illa

2006 4723 2339 4795 exceptione
2370 4721 2705 4777 stabilimus
2752 4728 2807 4777 et
2838 4724 3260 4781 conﬁrmamus
3321 4726 3393 4781 ad
3448 4730 3658 4782 caetera

2005 4818 2269 4884 tempora
2288 4811 2441 4875 ;nisi
2474 4827 2606 4865 cum
2632 4826 2737 4865 nos
2761 4817 2862 4867 aut
2885 4817 3082 4867 noster
3114 4814 3333 4870 missus
3385 4815 3442 4869 in
3474 4832 3655 4888 regno

2004 4899 2206 4956 Italico
2225 4899 2577 4954 steterimus.
2603 4898 2661 4953 Si
2695 4899 2828 4971 quis
2846 4905 3040 4955 autem
3071 4901 3249 4971 hujus
3280 4907 3489 4959 nostrae
3522 4920 3654 4960 con-

2002 4988 2285 5046 cessionis
2308 4993 2364 5043 et
2395 4989 2865 5045 conﬁrmationis
2894 4988 3138 5045 violator
3175 4992 3483 5059 exstiterit,
3518 5010 3653 5049 cen-

2001 5084 2128 5135 tum
2158 5078 2340 5133 libras
2370 5077 2497 5133 auri
2531 5076 2737 5149 optimi
2772 5084 3103 5151 componat,
3139 5081 3511 5137 medietatem
3562 5099 3653 5138 ca-

2004 5185 2175 5224 merae
2206 5170 2441 5238 nostrae,
2463 5169 2519 5222 et
2561 5166 2933 5225 medietatem
2967 5169 3243 5241 praedicto
3294 5170 3650 5225 Ferrariensi

2001 5255 2238 5332 populo.
2266 5258 2336 5313 Et
2365 5262 2428 5313 ut
2444 5256 2565 5311 haec
2588 5260 2797 5312 nostrae
2820 5257 3283 5315 conﬁrmationis
3329 5259 3646 5315 auctoritas

2002 5347 2233 5403 stabilis
2268 5363 2333 5402 ac
2363 5347 2533 5402 ﬁrma
2562 5352 2922 5419 permaneat,
2977 5346 3127 5404 hanc
3185 5347 3448 5404 chartam
3510 5346 3646 5403 inde

2002 5436 2391 5509 conscriptam
2410 5453 2587 5493 manu
2617 5439 2874 5510 propria,
2899 5442 2963 5495 ut
2990 5437 3144 5495 infra
3168 5438 3415 5504 videtur,
3449 5453 3643 5493 corro-

2001 5524 2296 5598 borantes,
2329 5524 2507 5603 sigilli
2539 5527 2724 5585 nostri
2755 5527 3139 5606 impressione
3175 5527 3468 5606 jussimus
3498 5527 3642 5589 insi~

1999 5613 2171 5699 gniri.
