3924 6210
265 273 422 335 “ea
1620 273 1936 376 MONUM.
1982 279 2306 346 DIPLOM.‘
3510 288 3692 358 ΠΜ

332 409 560 478 Signum
601 408 791 463 damni
825 407 1069 465 Heinrici
1119 412 1270 466 tertii
1325 413 1469 482 regis
1525 413 1903 482 invictissimi,
1930 413 1984 479 Α
2016 413 2124 468 sibi
2148 414 2419 471 abbatem
2444 431 2602 472 more
2617 414 2787 474 solito
2807 417 2876 474 de
2898 417 3027 492 ipsa
3051 421 3525 494 congregatione,
3557 441 3672 482 nec

257 496 481 552 secundi
511 498 876 554 Romanorum
909 501 1270 570 imperatoris.
2013 501 2248 558 aliunde
2270 501 2582 576 recipiendi
2606 509 2888 562 rectorem
2908 507 2960 562 vi
2979 506 3068 564 vel
3095 512 3384 581 potestate
3408 510 3671 584 alicujus

329 585 646 642 Gunterius
675 587 1056 644 cancellarius
1085 589 1206 644 vice
1247 589 1539 646 Herimani
1599 589 1902 646 archican-
2011 607 2270 660 personae
2295 609 2307 659 ;
2333 593 2434 647 sed
2462 593 2518 648 in
2541 595 2743 650 eadem
2770 594 3050 652 electione
3080 597 3273 670 vigeat
3301 615 3436 654 cum
3461 606 3668 659 nostro

256 674 474 730 cellarii
501 676 854 747 recognovit.
2011 695 2300 736 consensu
2324 686 2496 754 atque
2517 683 2760 740 consilio
2783 684 3082 740 seniorum
3105 685 3176 742 de
3195 685 3326 759 ipsa
3346 703 3672 763 congrega-

330 767 470 819 Data
499 777 587 817 vm
635 764 922 820 Kalendas
981 767 1367 838 Septembris,
1397 785 1548 822 anno
1580 767 1898 822 Dominicae

254 851 677 908 Incarnationis
705 853 1182 919 1055,indictione
1205 869 1472 921 vm,anno
1504 860 1702 911 autem
1737 855 1900 910 dom-

253 941 578 997 niHeinrici
603 941 754 996 tertii
781 941 952 1014 regis,
989 943 1352 1014 imperatoris
1392 948 1589 1000 autem
1621 944 1886 1010 secundi,

254 1029 636 1086 ordinationis
659 1031 786 1100 ejus
809 1043 978 1100 xxv",
1013 1032 1174 1104 regni
1213 1033 1451 1104 quidem
1481 1045 1612 1099 xvu,
1666 1031 1895 1104 imperii

253 1136 383 1174 V'OI‘O
416 1135 488 1172 IX.

321 1212 528 1262 Actum
591 1208 660 1262 ad
738 1212 976 1264 Pontem
1046 1209 1104 1264 in
1161 1211 1259 1265 Dei
1330 1211 1566 1266 nomine
1627 1209 1890 1265 feliciter.

248 1299 451 1352 Amen.

975 1412 1158 1469 XXIX.

247 1521 588 1591 Prmceptum
615 1517 804 1574 domui
833 1521 1080 1592 Heinrici
1135 1521 1208 1575 III
1263 1521 1609 1592 imperatoris
1661 1521 1893 1590 Augusti

313 1607 415 1662 pro
467 1592 798 1644 monasterio
855 1591 1186 1646 Prumiensi.
1247 1591 1673 1662 —’Conﬁrmut
1719 1593 1891 1662 ipsius

314 1662 611 1732 privilegia
627 1663 678 1715 et
695 1662 1069 1732 possessiones.

869 1775 1055 1844 (Anno
1085 1775 1268 1847 4056.)

250 1888 532 1958 [ΜΑΙΙΤΕΝ.
587 1890 763 1960 Ampi.
828 1890 1054 1946 Collect.
1119 1891 1212 1956 ΙΙΙ,
1282 1893 1404 1960 443,
1473 1908 1542 1946 ex
1596 1891 1887 1946 chartario

878 1962 1254 2032 Prumiensi.]

315 2103 377 2157 In
411 2103 646 2158 nomine
669 2110 879 2158 sancta:
906 2107 961 2158 et
980 2103 1292 2159 individuae
1317 2102 1638 2159 Trinitatis.
1666 2103 1889 2162 Hamm-

243 2191 574 2258 cus,divina
607 2191 828 2246 favente
859 2191 1187 2260 clementia,
1214 2209 1330 2247 rex.
1737 2183 1740 2187 ’

313 2287 370 2344 Si
403 2303 540 2360 erga
569 2287 694 2342 loca
715 2287 928 2343 divinis
955 2287 1212 2345 cultibus
1235 2288 1567 2361 mancipata
1597 2306 1798 2345 curam
1831 2293 1890 2345 et

242 2373 605 2448 diligentiam
639 2376 1008 2444 adhibemus,
1071 2381 1380 2448 parentum
1418 2395 1484 2432 ac
1514 2379 1888 2434 decessorum

242 2469 574 2518 nostrorum
609 2463 876 2519 instituta
927 2482 1040 2520 non
1075 2465 1265 2520 solum
1299 2467 1625 2533 ﬁrmamus,
1658 2483 1888 2521 verum-

239 2551 413 2606 etiam
446 2557 828 2624 augmentare
860 2553 1206 2626 satagimus,
1239 2553 1297 2608 id
1356 2554 1526 2610 nobis
1574 2555 1631 2608 in
1665 2559 1887 2610 aeternae

240 2641 730 2696 remunerationis
761 2641 1145 2697 rertibutione
1177 2643 1550 2714 profuturum
1607 2643 1890 2698 veraciter

239 2729 615 2784 confidimus.
645 2731 1007 2801 Quapropter
1037 2730 1314 2785 omnibus
1346 2735 1558 2785 sanctae
1581 2731 1679 2786 Dei
1704 2730 1891 2788 Eccle-

237 2818 334 2872 sise
358 2817 694 2890 nostrisque
713 2817 1006 2886 ﬁdelibus,
1033 2820 1419 2890 praesentibus
1435 2819 1700 2875 videlicet
1713 2823 1888 2891 atque

237 2906 474 2974 futuris,
511 2906 813 2977 cognitum
849 2921 978 2961 esse
1019 2905 1294 2962 volumus
1323 2907 1600 2979 quoniam
1635 2905 1887 2980 inclytus

245 3011 309 3050 ac
327 2993 672 3050 venerabilis
701 2994 992 3050 Robertus
1017 2995 1199 3051 abbas
1221 2996 1581 3052 Prumiensis
1603 2999 1888 3052 monaste-

242 3081 332 3148 rii,
365 3081 519 3153 quod
551 3081 692 3135 divae
733 3082 1031 3136 memoria:
1089 3081 1373 3154 Pippinus
1431 3084 1728 3154 quondam
1789 3099 1888 3138 rex

2007 767 2164 824 tione
2197 771 2621 842 sapientiorum
2652 773 2914 845 probitas
2963 791 3029 830 ac
3060 773 3305 832 humilis
3331 778 3649 851 suggestio.

2006 855 2295 914 Volumus
2315 862 2613 930 praeterea,
2628 860 2832 932 sicque
2853 862 3246 931 decernimus,
3271 868 3336 920 ut
3349 881 3464 934 res,
3479 865 3657 937 villae,

2005 943 2180 1013 cellas,
2211 951 2383 1020 atque
2423 948 2843 1020 possessiones,
2903 951 2964 1006 in
3017 953 3474 1027 quibuscunque
3526 955 3658 1012 sitas

2004 1032 2122 1088 sint
2152 1035 2488 1107 provinciis,
2523 1041 2580 1092 et
2609 1037 2849 1110 praefato
2880 1038 3128 1095 subdita:
3161 1040 3376 1098 debent
3425 1043 3649 1100 servire

2003 1119 2146 1189 loco,
2181 1123 2292 1179 sub
2323 1124 2658 1182 defensione
2690 1131 2900 1182 nostra:
2920 1128 3189 1186 tuitionis
3209 1133 3384 1202 atque
3416 1131 3654 1188 mundi-

2002 1210 2188 1266 burdo
2221 1213 2294 1268 ab
2315 1214 2473 1268 omni
2505 1215 2800 1271 exactione
2824 1232 2892 1272 ac
2913 1217 3280 1276 discussione
3314 1220 3650 1294 cujuspiam

2001 1298 2294 1356 immunes
2325 1306 2383 1358 et
2416 1303 2646 1359 intactae
2671 1321 2905 1377 semper
2933 1305 3274 1364 consistant.
3334 1307 3544 1366 Nullus
3585 1311 3648 1366 in

2000 1389 2084 1444 eis
2106 1405 2301 1446 comes
2323 1390 2441 1446 sive
2458 1391 2658 1464 aliqua
2678 1393 2995 1464 judiciaria
3008 1400 3296 1466 potestas,
3327 1413 3652 1470 eorumque

2001 1475 2212 1549 aliquis
2229 1479 2331 1550 qui
2349 1481 2772 1552 rempublicam
2789 1482 3199 1541 administrare
3211 1485 3650 1554 debent,locum
3669 1537 3676 1544 .

1999 1564 2210 1622 habeat
2229 1569 2460 1624 tenendi
2486 1570 2844 1627 audientiam
2874 1571 2961 1628 vel
2983 1572 3285 1644 placitum,
3304 1575 3379 1632 ab
3408 1575 3495 1632 eis
3525 1577 3649 1634 exi-

1998 1655 2170 1726 gendi
2214 1656 2396 1729 freda,
2431 1660 2789 1730 parafredos,
2823 1661 3136 1732 conjectos,
3179 1662 3500 1732 vehiculos,
3533 1665 3645 1721 ali-

1919 1782 1967 1846 Β
2001 1743 2331 1814 cujusmodi
2355 1747 2690 1818 requirendi
2711 1748 2972 1804 bannum
3001 1749 3091 1806 vel
3104 1749 3497 1808 heribannum
3517 1754 3656 1811 tam

1998 1847 2031 1886 a
2061 1833 2448 1890 servientibus
2481 1838 2537 1890 et
2563 1835 2804 1904 colonis,
2837 1836 2937 1910 qui
2970 1853 3074 1910 per
3104 1840 3370 1896 eamdem
3413 1842 3642 1914 passim

1997 1921 2254 1976 resident
2282 1922 2592 1991 territoria,
2655 1941 2832 1996 quam
2889 1924 3067 1982 etiam
3125 1943 3160 1982 a
3211 1925 3412 1984 liberis
3457 1933 3516 1985 et
3569 1931 3643 1988 de

1998 2007 2226 2064 hisdem
2261 2009 2543 2066 beneﬁcia
2569 2010 2944 2078 habentibus,
2979 2014 3120 2086 quia
3173 2015 3258 2071 sic
3298 2018 3531 2074 censuit
3571 2019 3646 2076 de

1996 2097 2081 2152 eis
2111 2097 2350 2154 Carolus
2371 2099 2599 2172 Pippini
2623 2100 2778 2156 ﬁlius
2809 2101 3129 2175 imperator
3155 2105 3470 2176 maximus,
3514 2123 3644 2164 0m-

1996 2203 2216 2258 nesque
2262 2191 2394 2260 post
2445 2205 2580 2244 eum
2612 2206 2798 2262 usque
2827 2191 2899 2246 ad
2940 2191 3062 2248 haec
3090 2195 3358 2266 tempora
3386 2210 3554 2268 reges
3589 2201 3652 2254 et

1997 2274 2326 2345 augusti.Et
2341 2279 2406 2330 ut
2421 2276 2602 2333 abbas
2645 2294 2784 2334 suos
2797 2279 3108 2337 advocatos
3126 2279 3340 2338 habeat
3350 2281 3652 2342 licentiam

1998 2362 2315 2431 statuendi,
2378 2363 2504 2420 sine
2565 2365 2717 2438 regis
2746 2368 3074 2438 praesentia,
3135 2367 3196 2424 in
3241 2371 3654 2444 cujuscunque

1997 2450 2228 2506 comitis
2250 2450 2495 2508 mallum
2518 2453 2783 2509 voluerit.
2809 2455 3104 2528 Quidquid
3128 2473 3264 2514 vero
3285 2459 3389 2530 jus
3420 2460 3550 2516 ﬁsci
3580 2461 3653 2516 de

1998 2538 2352 2610 supradictis
2375 2541 2550 2598 rebus
2581 2543 2652 2598 ad
2685 2542 2874 2616 regios
2922 2561 3068 2602 usus
3119 2545 3648 2621 ministrorumque

1997 2629 2125 2699 ejus
2146 2627 2370 2700 exigere
2391 2629 2620 2700 poterit,
2647 2631 2720 2687 ad
2739 2631 3056 2690 luminaria
3074 2635 3342 2707 ejusdem
3363 2636 3646 2705 ecclesias,

1998 2733 2062 2770 ac
2091 2717 2476 2774 recreationes
2506 2719 2916 2793 indigentium,
2963 2722 3118 2780 sicut
3171 2723 3243 2780 ab
3274 2724 3360 2782 eis
3391 2729 3483 2782 est
3511 2741 3649 2782 con-

1997 2821 2250 2871 cessum,
2283 2809 2340 2862 et
2395 2807 2454 2862 in
2499 2807 2928 2880 sempiternum
2954 2811 3352 2869 concedimus.
3389 2817 3468 2870 De
3499 2812 3649 2870 telo-

1998 2894 2122 2948 neis
2140 2910 2372 2966 quoque
2385 2897 2613 2952 cunctis
2651 2897 2830 2954 etiam
2882 2899 3310 2971 occasionibus,
3335 2903 3650 2960 exactioni-
3679 2927 3690 2930 ·

1995 2982 2127 3050 bus,
2161 2985 2660 3056 quemadmodum
2694 2991 2921 3042 constat
2949 2987 3303 3060 praeﬁnitum
3326 2977 3650 3064 asupradi-

1997 3069 2104 3126 ctis
2155 3072 2413 3145 regibus,
2471 3073 2859 3147 praecipiendo
2917 3076 3315 3149 decernimus,
3372 3095 3447 3136 ne
3511 3080 3646 3153 quis

241 3144 593 3225 Francorum
615 3175 893 3242 suggestu
917 3174 974 3226 et
994 3144 1281 3227 consensu
1311 3144 1598 3228 Bertradaa
1613 3175 1790 3245 Augu:

2096 3177 2226 3232 gere
2249 3165 2568 3233 prmsumat
2583 3161 2654 3218 ab
2679 3179 2883 3219 eorum
2903 3165 3196 3223 ministris
3215 3171 3275 3223 et
3292 3167 3519 3236 missis,
3542 3168 3645 3242 qui

237 3258 506 3331 conjugis
531 3276 672 3324 suae,
705 3258 764 3313 in
798 3258 1016 3315 honore
1038 3261 1270 3315 Domini
1293 3261 1473 3316 nostri
1495 3262 1637 3317 Jesu
1668 3261 1882 3317 Christi

235 3347 480 3419 ejusque
505 3346 890 3403 sanctissimis
920 3348 1228 3404 Genitricis
1259 3349 1475 3418 Marias,
1518 3349 1577 3404 in
1599 3348 1756 3420 juris
1789 3349 1882 3405 sui

236 3434 630 3507 proprietatea
648 3436 1044 3491 fundamentis
1071 3437 1414 3505 construxit,
1449 3454 1566 3492 una
1595 3453 1732 3492 cum
1764 3436 1883 3492 col-

235 3523 382 3595 legio
415 3525 833 3580 monachorum
867 3524 976 3579 sub
1003 3541 1068 3580 eo
1127 3525 1474 3598 regulariter
1519 3525 1879 3597 degentium,

235 3611 377 3667 adiit
406 3613 737 3668 serenitatis
768 3615 978 3667 nostra:
1019 3611 1412 3682 clementiam,
1467 3613 1786 3684 deprecans
1819 3617 1884 3668 ut

233 3705 614 3756 monumenta
628 3704 684 3754 et
705 3699 1078 3755 auctoritates
1097 3718 1166 3756 au
1175 3707 1483 3774 gustorum
1507 3699 1738 3772 abipso,
1768 3701 1880 3756 sci-

233 3787 366 3844 licet
393 3787 640 3859 Pippino
669 3792 728 3842 et
749 3787 1052 3860 infra,quaa
1071 3806 1248 3862 super
1263 3794 1461 3845 tenore
1479 3805 1546 3845 ac
1559 3791 1713 3844 statu
1734 3805 1880 3860 pras-

233 3875 334 3930 l’ati
368 3875 703 3930 monasterii
724 3875 848 3930 suis
868 3877 1171 3948 praeceptis
1193 3882 1248 3933 et
1269 3877 1478 3932 edictis
1510 3878 1877 3944 roborarunt,

231 3963 434 4018 eadem
480 3979 586 4018 nos
643 3961 921 4020 innovare
969 3970 1026 4020 et
1057 3964 1236 4038 regali
1267 3965 1613 4022 auctoritate
1645 3966 1880 4020 ﬁrmare

231 4052 421 4107 denuo
451 4050 1110 4123 dignaremur.Quorum
1142 4054 1522 4126 petitionibus
1554 4052 1876 4110 libentissi-

231 4157 324 4195 me
356 4145 703 4208 annuentes,
735 4143 1147 4214 [impositique
1170 4141 1263 4198 sui
1287 4141 1676 4197 constantiam
1707 4141 1764 4196 in
1797 4142 1880 4196 di-

228 4228 380 4285 vinis
400 4230 1026 4287 excubiisindefessam
1059 4231 1179 4286 fore
1211 4234 1647 4302 cognoscentes,
1681 4231 1878 4286 decre-

228 4317 420 4373 vimus
445 4318 528 4374 ita
550 4319 756 4388 ﬁeri,et
777 4319 1072 4391 jussimus
1103 4319 1212 4374 hoc
1244 4335 1497 4391 praesens
1530 4317 1877 4374 muniminis

231 4406 414 4462 nostri
448 4407 736 4463 conscribi
771 4411 1147 4480 praeceptum,
1181 4423 1284 4479 per
1338 4408 1492 4479 quod
1522 4411 1878 4480 cognoscant

1993 3249 2065 3305 ob
2097 3249 2358 3304 diversas
2395 3267 2604 3306 causas
2651 3268 2718 3306 ac
2767 3253 3140 3326 necessitates
3170 3255 3513 3313 discurrunt
3538 3273 3646 3330 per

1992 3338 2218 3394 diversa
2263 3337 2409 3406 loca,
2443 3339 2544 3394 sed
2587 3357 2777 3412 neque
2807 3341 2882 3396 ab
2911 3341 3029 3399 ullo
3059 3343 3131 3400 de
3171 3347 3295 3400 tota
3321 3344 3551 3402 familia
3579 3347 3637 3402 S.

1992 3426 2310 3483 Salvatoris
2332 3427 2392 3484 in
2414 3427 2578 3484 nullo
2611 3435 2864 3486 mercato
2896 3431 3080 3505 regni,
3113 3433 3322 3502 nostri,
3353 3439 3645 3507 portuque
3678 3471 3682 3476 -

1992 3515 2202 3582 navali,
2238 3515 2324 3572 vel
2377 3517 2589 3574 naulus
2610 3517 2698 3574 vel
2729 3518 2998 3576 teloneus
3028 3523 3380 3594 requiratur,
3407 3523 3644 3596 sintque
3677 3554 3684 3559 ·

1991 3622 2222 3678 semper
2248 3610 2305 3662 et
2361 3607 2576 3679 ubique
2634 3608 2706 3662 ab
2764 3607 3107 3680 hujusmodi
3166 3611 3536 3668 exactoribus
3583 3615 3645 3668 et
3677 3602 3694 3612 ”

1989 3693 2285 3750 exactione
2317 3694 2612 3751 immunes
2663 3701 2720 3751 et
2748 3697 2958 3765 securi,
2993 3714 3346 3770 quocunque
3374 3688 3642 3758 locorum

1989 3781 2230 3838 ditionis
2261 3787 2471 3838 nostra;
2497 3783 2792 3855 potuerint
2829 3786 3144 3856 pervenire.
3195 3785 3422 3844 Placuit
3458 3787 3638 3846 etiam

1988 3869 2133 3925 illud
2184 3871 2550 3940 interserere,
2584 3876 2652 3927 ut
2689 3871 2738 3928 si
2770 3871 2992 3946 aliquid
3023 3875 3218 3930 minus
3250 3875 3541 3948 reperitur
3567 3877 3638 3932 de

1987 3958 2390 4031 imperialibus
2419 3959 2647 4026 edictis,
2689 3960 3102 4034 regalibusque
3159 3964 3488 4036 praeceptis,
3546 3963 3638 4021 vel

1985 4046 2396 4104 instrumentis
2419 4047 2890 4123 chartarum,per
2913 4067 3044 4122 quae
3065 4051 3191 4110 loco
3215 4051 3554 4125 supradicto
3583 4058 3642 4110 et

1987 4135 2274 4191 nobilium
2307 4134 2444 4192 ﬁliis
2476 4153 2568 4193 res
2598 4136 2686 4193 vel
2718 4138 2938 4210 preedia
2960 4137 3225 4212 legaliter
3253 4140 3374 4197 sint
3401 4140 3638 4212 collata,

1987 4224 2140 4297 quod
2167 4228 2291 4280 tum
2309 4224 2664 4281 crematione
2689 4225 2944 4282 incendii
2966 4228 3102 4284 facti
3126 4244 3232 4302 per
3250 4228 3642 4308 irruptionem
3673 4232 3679 4236 ’

1985 4329 2488 4386 paganorum,seu
2525 4313 2726 4386 aliqua
2738 4315 3112 4390 negligentia,
3143 4316 3234 4374 vel
3260 4317 3448 4375 nimia
3474 4323 3640 4376 vetu-

1986 4407 2135 4458 state
2193 4403 2490 4475 deperisse
2557 4403 2837 4475 probatur
2878 4421 2892 4472 ;
2948 4404 3147 4462 nullus
3189 4412 3398 4464 contra
3441 4406 3638 4466 locum

228 4511 434 4550 omnes
466 4495 568 4551 Dei
601 4496 804 4552 ﬁdeles
831 4500 888 4551 et
916 4495 1103 4551 nostri
1134 4499 1255 4551 tam
1285 4495 1472 4552 futuri
1518 4513 1697 4568 quam
1730 4513 1874 4568 prae-
1905 4513 1954 4578 D
1985 4490 2152 4546 illum
2211 4491 2455 4563 ejusque
2512 4491 2816 4566 privilegia
2872 4493 3101 4566 aliquas
3140 4496 3527 4568 repetitiones
3553 4495 3651 4553 vel

229 4587 446 4651 sentes,
480 4583 758 4656 quoniam
790 4583 1073 4656 quidquid
1135 4584 1206 4640 de
1263 4589 1421 4640 statu
1474 4583 1732 4657 praedicti
1763 4584 1873 4640 loci

229 4675 690 4744 cunctarumque
723 4673 794 4728 ad
827 4671 994 4728 illum
1027 4672 1466 4744 pertinentium,
1499 4671 1753 4729 universi
1785 4672 1879 4728 de-

227 4777 492 4818 cessores
521 4761 704 4818 nostri
729 4761 1092 4817 serenissimi
1116 4761 1357 4834 Augusti
1375 4761 1590 4816 utiliter
1605 4762 1880 4832 perfecte-

227 4865 343 4921 que
363 4855 703 4919 sanxerunt,
729 4851 786 4906 id
804 4867 908 4922 pro
933 4851 1189 4906 remedio
1212 4849 1394 4906 nostri
1418 4851 1604 4922 patris
1625 4849 1875 4907 Heinrici

227 4939 466 4994 secundi
500 4939 898 4996 Romanorum
931 4939 1302 5012 imperatoris
1331 4939 1600 5012 Augusti,
1620 4955 1726 4994 nec
1757 4956 1873 4995 non

226 5028 298 5082 ob
319 5025 712 5083 interventum
743 5033 954 5085 nostrae
988 5028 1348 5085 charissima:
1379 5027 1607 5095 matris,
1654 5027 1876 5084 scilicet

223 5116 463 5188 Agnetis
485 5115 874 5188 imperatricis
904 5116 1620 5190 Augustae,inconvulsum
1653 5133 1718 5172 ac
1751 5121 1873 5172 sta-

224 5203 340 5260 bile
373 5205 564 5260 modis
595 5205 875 5260 omnibus
903 5208 1145 5260 cunctas
1185 5221 1288 5276 per
1313 5203 1716 5260 successiones
1748 5220 1872 5260 ma-

226 5309 360 5347 nere
392 5291 784 5349 decernimus.
817 5293 1002 5366 Igitur
1030 5293 1358 5348 secundum
1419 5295 1773 5364 praceptum
1815 5295 1874 5346 et

223 5378 478 5436 edictum
512 5379 947 5453 praeclarissimi
978 5381 1205 5454 praefati
1267 5379 1422 5452 regis
1459 5378 1712 5451 Pippini,
1745 5395 1872 5434 om-

221 5465 503 5537 niumque
518 5483 926 5524 successorum
948 5469 1077 5540 ejus
1099 5473 1488 5542 augustorum
1505 5467 1868 5538 auctoritate,

218 5548 592 5631 privilegium
624 5553 704 5610 sit
731 5555 1035 5616 monachis
1065 5555 1325 5632 pradicti
1347 5554 1594 5614 coenobii
1613 5553 1870 5632 eligendi

1984 4579 2322 4636 occasiones
2343 4585 2578 4653 propter
2597 4581 2938 4652 hujusmodi
2961 4599 3083 4638 rem
3107 4600 3340 4642 movere
3365 4585 3642 4658 deinceps

1986 4673 2336 4740 praesumat;
2378 4671 2480 4726 sed
2507 4670 2898 4741 quodcunque
2918 4669 3003 4726 illi
3035 4671 3162 4728 loco
3193 4674 3524 4730 secundum
3555 4673 3638 4731 le-

1986 4774 2117 4830 gem
2133 4775 2166 4814 a
2182 4774 2534 4831 quocunque
2553 4756 2831 4814 collatum
2849 4760 3256 4828 est,hactenus
3277 4761 3408 4818 sine
3429 4761 3637 4836 repeti-

1985 4848 2140 4903 tione
2170 4847 2450 4920 possedit,
2466 4847 2694 4920 jugiter
2712 4847 2936 4920 absque
2965 4849 3426 4907 contradictione
3459 4851 3637 4907 alicu-

1975 4937 2078 5007 jus
2109 4936 2428 5008 possideat,
2460 4941 2519 4992 et
2557 4935 2608 4991 si
2641 4935 2842 5008 aliqua
2869 4937 3078 4994 exinde
3135 4954 3238 5012 per
3283 4939 3633 5012 pravitatem

1983 5041 2293 5097 pravorum
2323 5024 2632 5081 hominum
2680 5029 2820 5081 sunt
2879 5026 3092 5083 educta
3146 5026 3270 5084 sive
3311 5028 3632 5096 subtracta,

1984 5113 2277 5186 repetendi
2299 5130 2368 5169 ea
2387 5112 2634 5169 liberam
2664 5113 2878 5170 habeat
2924 5113 3290 5172 facultatem.
3324 5117 3484 5174 Inter
3511 5117 3636 5174 haec

1981 5201 2254 5258 liberales
2267 5218 2500 5274 quoque
2520 5201 3053 5275 donationes,_quas
3081 5203 3421 5262 decessores
3449 5205 3637 5263 nostri

1981 5307 2146 5364 reges
2167 5289 2292 5347 loco
2323 5290 2510 5346 eidem
2541 5289 2936 5358 contulerunt,
2983 5293 3272 5366 reperitur
3306 5293 3420 5352 hoc
3449 5294 3522 5350 ab
3551 5295 3638 5351 eis

1979 5395 2108 5436 esse
2134 5395 2498 5448 concessum,
2554 5383 2844 5450 quatenus
2905 5381 2955 5436 si
3014 5385 3270 5438 rectores
3321 5383 3451 5454 ejus
3495 5382 3642 5445 utile

1975 5467 2383 5542 judicaverint,
2417 5471 2740 5524 mercatum
2775 5472 3046 5526 statuant
3067 5469 3130 5527 in
3153 5485 3508 5546 quocunque
3536 5489 3641 5546 po-

1975 5555 2206 5618 testatis
2231 5571 2352 5617 sua
2383 5555 2508 5640 loco
2535 5555 2844 5640 voluerint,
2876 5557 3096 5636 proprii
3105 5574 3221 5639 Ius
3249 5559 3639 5646 numismatiq
