3924 6210
238 306 396 375 H25

1584 309 1974 376 HENRICUS
2014 311 2095 375 IV
2136 309 2302 375 1MP.

3491 311 3648 376 1126

235 449 976 519 percussuram,monetam
1011 443 1274 500 videlicet
1292 444 1536 500 faciendi
1557 445 1794 516 ibidem,
1823 464 1893 502 ex
1919 452 1972 517 Α
2001 447 2200 502 tinuas
2232 461 2430 517 preces
2453 445 2795 516 debitasque
2821 439 2934 500 Deo
2982 445 3183 502 laudes
3215 448 3308 503 die
3361 455 3642 522 nocteque

235 535 402 608 regia
426 535 710 591 haberent
741 533 1084 591 auctoritate
1131 532 1445 588 licentiam.
1481 536 1640 599 Quod
1672 541 1728 590 et
1757 553 1885 602 nos,

236 625 285 680 si
320 625 406 680 sic
436 624 622 680 abbas
655 622 1050 679 necessarium
1083 622 1332 688 duxerit,
1396 621 1643 679 libenter
1680 624 1888 678 annui-

236 730 396 785 mus,
416 717 475 769 et
506 712 847 768 auctoritate
881 717 1079 767 nostra
1109 711 1475 778 roboramus,
1510 712 1700 784 sitque
1727 712 1888 769 locus

237 801 337 858 ille
367 801 859 874 praeclarissimus
917 801 1027 857 sub
1088 799 1393 866 tutamine,
1455 806 1511 856 et
1568 802 1888 858 emunitate

238 896 453 947 nostrae
487 889 866 956 defensionis,
903 889 1073 945 sicuti
1109 889 1288 945 fuisse
1316 889 1597 961 probatur
1621 891 1729 946 sub
1763 908 1886 944 om-

240 979 408 1036 nium
441 979 542 1051 qui
574 985 706 1034 ante
736 995 842 1034 nos
873 978 1110 1034 fuerunt
1139 993 1343 1050 regum
1376 977 1717 1033 tuitione.Et
1750 978 1889 1050 quia

241 1085 342 1124 rex
362 1066 612 1124 caelestis
636 1067 898 1138 ejusdem
921 1066 1030 1122 loci
1062 1065 1432 1139 peculiariter
1460 1083 1574 1123 non
1609 1069 1885 1139 dedigna-

240 1161 340 1210 tur
369 1171 496 1212 esse
527 1171 852 1228 possessor,
915 1171 1049 1210 cum
1103 1159 1258 1211 totus
1315 1156 1443 1226 ejus
1489 1155 1566 1211 sit
1611 1155 1768 1210 orbis
1800 1155 1885 1227 ip-

239 1245 484 1316 siusque
518 1244 840 1317 plenitudo,
873 1261 968 1299 rex
1001 1250 1267 1300 terrenus
1301 1245 1360 1299 in
1393 1251 1676 1315 quantum
1713 1243 1885 1310 valet,

238 1333 312 1388 ad
336 1332 519 1388 vicem
551 1331 732 1405 hujus
763 1332 1146 1405 infatigabilis
1170 1333 1400 1388 studeat
1421 1349 1548 1388 esse
1593 1334 1883 1402 defensor,

239 1427 534 1494 quatenus
565 1421 782 1477 milites
826 1422 1039 1478 Christi
1086 1421 1228 1476 inibi
1274 1422 1547 1494 degentes
1581 1439 1682 1493 pro
1716 1422 1886 1477 nobis

237 1510 589 1582 cunctisque
613 1511 684 1565 ad
708 1527 814 1566 nos
835 1510 1284 1582 pertinentibus,
1310 1515 1482 1581 atque
1508 1510 1669 1582 regni
1705 1511 1886 1565 nostri

239 1603 639 1665 statu,cuncta
658 1599 834 1654 etiam
850 1599 906 1653 in
928 1603 1044 1654 toto
1066 1599 1202 1654 orbe
1216 1597 1428 1653 dilfusa
1459 1598 1733 1662 Ecclesia,
1749 1615 1883 1653 con-

2000 534 2329 608 persolvere
2361 533 2629 590 alacriter
2659 539 2900 589 certent.
2937 539 2998 589 Et
3033 541 3094 589 ut
3122 535 3243 591 haec
3275 537 3644 594 liberalitatis

2000 629 2210 678 nostra:
2272 623 2564 677 institutio
2626 623 2943 678 firmiorem
3004 623 3061 677 in
3120 624 3216 678 Dei
3277 627 3512 682 nomine
3545 644 3647 698 per

1998 713 2194 768 omnia
2226 712 2421 766 futura
2452 716 2717 784 tempora
2745 712 3005 766 obtineat
3037 713 3436 782 stabilitatem,
3463 732 3641 770 manu

1998 806 2197 856 nostra
2249 801 2459 855 subtus
2517 817 2646 855 eam
2699 801 3082 865 firmavimus,
3134 801 3429 873 sigillique
3461 804 3644 859 nostri

1998 890 2383 962 impressione
2406 890 2703 960 jussimus
2737 890 3027 961 insigniri.

2067 980 2296 1047 Signum
2325 979 2514 1032 damni
2543 978 2787 1032 Heinrici
2815 981 3001 1050 quarti
3032 981 3192 1049 regis.

2066 1066 2409 1122 Winiterius
2435 1067 2817 1122 cancellarius
2848 1068 2966 1120 vice
3011 1068 3302 1122 Luitboldi
3344 1068 3644 1123 archican-

1997 1154 2234 1220 cellarii,
2271 1154 2689 1227 archiepiscopi
2725 1156 3052 1227 recognovi.

2066 1243 2209 1298 Data
2237 1260 2421 1298 nonas
2453 1243 2805 1308 Decembris,
2841 1261 2992 1298 anno
3024 1246 3335 1300 Dominicce
3367 1251 3648 1302 Incarna-

1995 1332 2171 1387 tionis
2209 1333 2362 1398 1056,
2387 1332 2696 1386 indictione
2729 1350 2804 1398 Ix,
2833 1350 2982 1386 anno
3011 1339 3203 1388 autem
3239 1336 3438 1390 domni
3469 1336 3641 1390 lIein-

1999 1421 2101 1474 rici
2135 1420 2206 1475 IV
2239 1421 2390 1491 regis
2421 1421 2671 1474 ordinat.
2709 1438 2788 1484 ιιι,
2825 1423 2983 1492 regni
3021 1440 3054 1476 ι.

2068 1511 2276 1563 Actum
2301 1509 2544 1564 Coloniae
2567 1509 2624 1563 in
2648 1509 2746 1563 Dei
2773 1511 3008 1565 nomine
3040 1510 3300 1567 feliciter.
3335 1516 3539 1568 Amen.

2017 1750 2344 1760 _—_._._____.__._
2357 1754 2450 1758 _._--
2475 1754 2480 1757 .
2493 1754 2718 1759 _._.__
2729 1755 2758 1758 __
2783 1756 2792 1758 _

1147 1900 2011 2002 HBNBIGUS
2103 1902 2284 2000 ιν
2374 1903 2749 2001 IMP.

714 2087 935 2144 HUJUS
976 2086 1275 2143 NOMINIS
1306 2087 1521 2142 INTER
1562 2088 1791 2142 REGES
1823 2086 2170 2154 QUARTUS,
2224 2087 2441 2142 INTER
2479 2088 2850 2143 AUGUSTOS
2880 2090 3185 2145 TERTIUS

1645 2230 1790 2308 (An.
1858 2230 2257 2310 10561106.)

821 2381 1391 2475 HEINRICI
1465 2381 1616 2472 IV.
1693 2381 1938 2472 IMP.

2015 2379 3083 2475 CONSTITUTIONES

1215 2562 1439 2629 (Psn'rz,
1473 2559 1708 2613 Monum.
1744 2559 1917 2613 Germ.
1961 2560 2110 2622 hist.,
2154 2559 2282 2629 Leg.
2319 2564 2356 2613 t.
2396 2559 2462 2623 ll,
2494 2575 2548 2630 p.
2584 2560 2693 2622 49.)

1748 2708 2168 2717 ψ

578 2914 908 2954 CONVENTUS
949 2913 1435 2952 OPPENHEIMENSIS
1476 2897 1570 2967 (l).

831 2987 957 3057 (An.
994 2987 1151 3052 1076,
1185 2986 1332 3055 Oct.)

254 3077 563 3134 Promz'ssz'o
592 3078 847 3133 Hei-nrici
900 3079 1069 3144 regis,
1135 3092 1300 3145 quam
1355 3076 1482 3145 fecit
1541 3073 1904 3129 Ilildebrando

711 3164 896 3220 papae,
929 3149 1028 3218 qui
1046 3155 1096 3202 et
1120 3148 1431 3215 Gregorius.

319 3253 574 3311 Consilio
602 3252 862 3308 ﬁdelium
896 3256 1229 3307 nostrorum
1253 3251 1610 3318 admonitus,
1631 3249 1753 3305 sedi
1770 3266 1903 3321 apo-

251 3342 472 3399 stolicae
506 3345 563 3398 et
592 3341 698 3395 tibi
730 3340 1008 3413 Gregorio
1040 3356 1200 3412 papae
1235 3339 1490 3394 debitam
1535 3340 1593 3393 in
1626 3339 1900 3394 omnibus

249 3447 482 3488 servare
501 3428 891 3486 obedientiam
914 3428 1190 3500 promitto
1209 3429 1322 3494 ‘,et
1353 3444 1714 3499 quaecunque
1745 3427 1901 3498 ejus-

252 3521 387 3576 dem
412 3518 569 3576 sedis
619 3518 706 3574 vel
756 3519 840 3572 tui
895 3516 1133 3572 honoris
1166 3515 1480 3571 imminuto
1513 3533 1616 3587 per
1642 3533 1747 3572 nos
1777 3520 1904 3570 orta

249 3609 500 3674 videtur,
519 3608 722 3662 devota
739 3604 1132 3661 satisfactione
1155 3605 1464 3660 emendare
1486 3605 1720 3660 curabo.
1756 3604 1903 3670 Quia

251 3714 386 3754 vero
410 3695 675 3771 graviora
706 3695 973 3766 quaedam
1005 3694 1075 3748 de
1123 3693 1292 3749 nobis
1332 3694 1652 3764 jactentur,
1685 3711 1810 3765 quae
1841 3692 1900 3748 in

252 3786 521 3843 eamdem
554 3784 751 3842 sedem
776 3788 833 3839 et
860 3789 1021 3838 tuam
1054 3783 1433 3838 reverentiam
1475 3783 1800 3848 statuerim,
1835 3799 1902 3837 ea

252 3879 787 3947 congruotempore
805 3874 826 3907 ²
847 3872 934 3927 vel
960 3872 1304 3928 innocentiae
1331 3871 1628 3942 suffragio,
1662 3870 1748 3925 vel
1781 3871 1902 3942 opi-

250 3963 479 4020 tulante
508 3962 645 4027 Deo,
690 3961 1046 4034 expurgabo,
1080 3959 1165 4016 vel
1201 3965 1323 4015 tum
1355 3961 1590 4015 demum
1653 3977 1754 4032 pro
1807 3960 1901 4015 his

253 4053 680 4123 competentem
701 4049 1105 4121 pcenitentiam
1138 4048 1387 4104 libenter
1407 4048 1744 4120 amplectar.
1761 4049 1903 4105 Con-

253 4141 623 4197 decetautem
646 4142 702 4193 et
722 4137 1090 4193 sanctitatem
1123 4142 1306 4204 tuam,
1339 4154 1406 4192 ea
1435 4154 1562 4209 quae
1593 4137 1664 4193 de
1694 4141 1749 4194 te
1778 4137 1900 4192 vul-

1930 2815 1978 2879 B
2011 2807 2341 2876 chionibus,
2373 2809 2769 2875 comitibus,et
2798 2811 3204 2881 cujuscunque
3229 2809 3535 2882 dignitatis
3565 2828 3656 2866 or-

2013 2897 2160 2964 dini,
2192 2897 2355 2952 bona:
2388 2914 2506 2952 suae
2536 2896 2853 2952 voluntatis
2888 2897 3202 2969 gloriosam
3234 2898 3656 2969 dignationem.

2013 2986 2157 3048 Quia
2172 2986 2613 3041 mansuetudini
2628 2991 2837 3041 nostra:
2853 2990 3054 3041 contra
3068 2987 3263 3041 sedem
3280 2989 3661 3058 apostolicam

2013 3076 2256 3146 ejusque
2269 3076 2663 3130 venerandum
2680 3075 2989 3147 prmsulem
3005 3077 3288 3131 domnum
3313 3076 3658 3150 Gregorium

2012 3179 2222 3233 papam
2245 3163 2318 3217 ab
2341 3162 2639 3233 aliquibus
2658 3165 3004 3234 subreptum
3020 3180 3149 3218 esse
3165 3163 3425 3218 ﬁdelium
3441 3170 3664 3220 nostro-

2012 3268 2141 3305 rum
2175 3251 2544 3322 suggestione
2576 3252 3038 3324 recognovimus,
3073 3251 3290 3322 placuit
3324 3253 3492 3306 nobis
3510 3254 3662 3324 prio-

2011 3357 2130 3393 rem
2165 3339 2515 3394 sententiam
2550 3339 2771 3394 salubri
2803 3338 3046 3394 consilio
3106 3344 3354 3406 mutare,
3405 3345 3462 3394 et
3494 3357 3655 3396 more

2009 3432 2444 3483 antecessorum
2476 3427 3029 3499 progenitorumque
3087 3432 3421 3482 nostrorum
3464 3428 3655 3484 eidem

2009 3520 2389 3571 sacrosanctae
2412 3516 2533 3571 sedi
2559 3519 2615 3570 et
2637 3515 2734 3587 qui
2762 3515 2810 3569 ei
2835 3515 3656 3587 przeessedignoscitur,dom-

2011 3621 2084 3660 no
2117 3604 2392 3676 Gregorio
2424 3621 2604 3677 papae,
2631 3621 2733 3675 per
2753 3602 2951 3659 omnia
2971 3603 3228 3658 debitam
3257 3620 3486 3659 servare
3519 3605 3657 3659 obe-

2009 3693 2312 3758 dientiam,
2342 3698 2395 3748 et
2431 3693 2478 3748 si
2513 3691 2652 3763 quid
2688 3692 2745 3746 in
2779 3709 2911 3746 eum
2957 3692 3192 3764 gravius
3233 3697 3659 3764 praesumptum

2010 3786 2118 3846 est,
2152 3781 2501 3853 competenti
2540 3780 2936 3835 satisfactione
2968 3797 3336 3851 componere.
3366 3779 3655 3836 Volumus

2010 3875 2229 3938 autem,
2263 3876 2327 3925 ut
2357 3875 2413 3924 et
2443 3887 2544 3924 vos
2575 3869 2904 3925 serenitatis
2937 3874 3146 3923 nostrae
3168 3868 3431 3940 exemplo
3458 3870 3659 3940 admo-

2011 3959 2136 4024 niti,
2169 3958 2490 4014 solemnem
2520 3959 2687 4013 beato
2719 3959 2888 4012 Petro
2915 3958 3164 4028 ejusque
3194 3957 3405 4012 vicario
3431 3957 3667 4012 satisfa-

2009 4048 2257 4103 ctionem
2283 4047 2552 4103 exhibere
2578 4063 2695 4102 non
2729 4045 3009 4101 dubitetis
3039 4047 3079 4112 ³,
3109 4054 3163 4101 et
3185 4047 3520 4118 quicunque
3539 4047 3673 4117 ejus

2009 4137 2203 4192 banno
2256 4152 2317 4190 se
2376 4136 2646 4192 astrictos
2701 4135 3054 4207 intelligunt,
3105 4137 3177 4190 ab
3234 4137 3359 4207 ipso
3403 4134 3672 4190 videlicet

254 4185 623 4197 πηνα-η..
648 4185 1090 4193 --π----ηηυη
1127 4185 1306 4204 -_....-,
1343 4185 1406 4192 ν-
1438 4185 1559 4209 γη
1596 4185 1663 4193 ν.-
1699 4185 1748 4194 --
1790 4185 1876 4192 ._-
2009 4185 2199 4192 πη---
2257 4185 2315 4190 --
2378 4185 2644 4192 “an---
2701 4185 3054 4207 _-------o__--,
3108 4185 3173 4190 __
3235 4185 3354 4207 γ--
3418 4185 3668 4190 .__-_-_--

251 4231 388 4300 gata
419 4225 763 4283 scandalum
787 4225 1038 4280 ecclesiae
1058 4226 1312 4298 pariunt,
1349 4243 1463 4281 non
1497 4225 1896 4297 dissimulare,
1929 4185 1972 4251 C
2011 4226 2223 4280 domno
2256 4241 2406 4295 papa
2432 4223 2709 4294 Gregorio
2733 4223 3071 4278 solemniter
3093 4223 3317 4280 absolvi
3342 4222 3668 4278 elaborent.

255 4317 359 4372 sed
391 4319 612 4371 remoto
634 4331 667 4369 a
695 4313 929 4387 publica
977 4314 1331 4370 conscientia
1377 4320 1432 4369 et
1463 4313 1570 4368 hoc
1601 4314 1900 4386 scrupulo,

257 4403 646 4460 universalem
661 4408 779 4458 tam
809 4401 1061 4458 ecclesia
1095 4419 1270 4475 quam
1302 4402 1466 4474 regni
1512 4402 1900 4474 tranquillita-

257 4499 375 4550 tem
408 4509 510 4565 per
537 4496 698 4548 tuam
733 4491 1079 4563 sapientiam
1113 4491 1380 4547 stabiliri.

804 4579 1053 4635 Edictum
1080 4583 1350 4649 generate.

330 4670 396 4726 Η.
436 4669 533 4726 Dei
560 4669 748 4742 gratia
778 4685 896 4735 rex,
916 4666 1717 4740 archiepiscopis,episcopis,
1749 4683 1902 4722 mar-

2405 4415 2736 4453 coxvsx'rus
2775 4413 3132 4452 TRICINENSIS
3173 4400 3274 4469 (2).

2299 4489 2358 4541 In.
2389 4486 2617 4541 consilio
2651 4487 2893 4542 Ilei-nrz'ci
2923 4487 3269 4554 imperatoris
3287 4487 3376 4539 III.

2085 4575 2368 4639 Quoniam
2403 4579 2671 4628 sanctam
2707 4573 2803 4628 Dei
2852 4571 3158 4626 ecclesiam
3220 4588 3253 4625 a
3306 4586 3677 4642 paganorum

2015 4663 2944 4739 persecutionibus,Deojuvante,
2961 4657 3211 4713 cessisse
3238 4656 3678 4728 cognoscimus,

1619 4782 1860 4837 VARI/1‘3
1897 4779 2303 4838 LECTIONES.

330 4875 346 4909 ¹
371 4891 426 4946 p.
461 4890 510 4930 s.
543 4889 598 4929 ο.
620 4876 674 4928 2.
751 4875 772 4908 ²
795 4874 1072 4945 temporis
1095 4874 1146 4928 l.
1224 4874 1244 4906 ³
1265 4871 1543 4928 recusetis
1561 4874 1614 4927 2.

1790 4959 2020 5017 NOTAE.

330 5067 732 5150 (l)l’romissio
754 5069 910 5141 regis
934 5070 1007 5150 de
1026 5069 1356 5150 obedientia
1382 5085 1543 5192 pag/aa
1577 5070 1910 5152 praestanda

344 5141 601 5192 edictum
632 5141 703 5192 de
733 5144 966 5192 cassata
995 5157 1054 5192 1n
1086 5139 1427 5192 Gregorium
1521 5139 1567 5192 ΙΙ
1619 5145 1909 5192 sententia

259 5146 316 5196 et
344 5139 703 5212 edictumide
733 5139 966 5212 cas'sata
995 5139 1427 5212 ingGregorium
1459 5139 1594 5195 VIY
1619 5141 1909 5212 sententia

259 5211 566 5268 conventui
590 5210 1081 5283 Oppenheimensi
1103 5209 1448 5283 ascribenda
1469 5227 1600 5283 esse
1616 5209 1782 5283 viden
1791 5216 1901 5268 tur.

259 5229 566 5268 conventui
590 5229 674 5283 up
719 5229 1081 5267 enneimenm
1103 5229 1448 5267 ascrmenaa
1469 5229 1598 5267 esse
1616 5229 1901 5268 Videntur.

257 5286 574 5340 Servantur
592 5281 652 5337 in
677 5229 726 5354 ἲ)
751 5282 949 5354 codice
978 5281 1272 5354 epistolari
1299 5282 1548 5354 Udalrici
1581 5281 1906 5354 Babenber-

259 5355 456 5427 gensis
480 5371 536 5427 η)
565 5354 666 5427 μβ
681 5352 738 5427 et
759 5352 1064 5427 455atqu‘e
1086 5353 1144 5418 2)
1177 5354 1234 5408 in
1268 5353 1463 5408 codice
1493 5353 1649 5425 regio
1677 5352 1907 5427 Hanno;

261 5423 602 5496 veranofol.
637 5425 708 5478 53
734 5429 790 5479 et
816 5425 922 5496 54;
961 5423 1234 5479 'edictum
1288 5441 1520 5495 quoque
1562 5423 1906 5496 ‘Tegnagelli

260 5495 598 5552 Collectioni
630 5511 687 5552 ι).
720 5496 827 5550 342
857 5495 1144 5550 insertum
1175 5499 1280 5550 est.

333 5567 411 5648 (2)
439 5568 586 5628 Acta
618 5564 761 5639 haec,
793 5566 854 5626 in
884 5565 1229 5627 membrana
1248 5564 1447 5627 saeculi
1472 5583 1527 5626 xi
1571 5565 1787 5628 archivi
1819 5582 1910 5625 ca-

2017 5065 2301 5124 thedralis
2325 5057 2583 5121 ecclesiae
2609 5059 2942 5118 Parmensis
2961 5060 3032 5116 ab
3048 5057 3266 5118 Irenaeo
3287 5059 3410 5117 ΑΠο
3425 5064 3676 5130 reperta,

2018 5139 2202 5196 edidit
2231 5133 2526 5205 Canciani,
2561 5136 2606 5186 t.
2643 5135 2711 5200 V,
2753 5151 2808 5205 p.
2853 5135 2944 5200 45,
2977 5133 3086 5205 46)
3141 5134 3299 5190 unde
3346 5149 3431 5199 ea,
3465 5130 3676 5187 distin-

2019 5212 2209 5266 ctione
2242 5205 2470 5277 meliori
2499 5202 2793 5273 instituta,
2829 5202 3256 5277 proponimus.
3281 5207 3438 5277 :Etas
3469 5219 3675 5277 eorum

2018 5300 2148 5338 cum
2183 5283 2400 5338 incerta
2429 5275 2602 5340 sit,ea
2631 5273 2982 5349 expeditioni
3008 5273 3262 5332 Ileinrici
3292 5274 3499 5349 Italica:
3533 5276 3674 5349 anni

2021 5355 2300 5431 1081,qua
2325 5354 2656 5431 Romanum
2683 5344 2792 5431 iter
2811 5363 3362 5431 aggressurusmum
3383 5344 3673 5418 episc0pis

2018 5417 2354 5497 creterisque
2371 5419 2791 5497 Langobardize
2818 5417 3178 5497 primoribus
3191 5420 3262 5477 de
3277 5421 3453 5497 rebus
3465 5417 3670 5497 eorum

2018 5490 2287 5553 tractavit
2314 5490 2653 5568 (Nonajan'ri,
2688 5490 3149 5568 Vita'Bennom's,
3203 5509 3252 5552 c.
3286 5495 3398 5568 22),
3432 5490 3671 5568 potissi~

2016 5583 2181 5628 mum
2215 5564 2560 5627 ascribenda
2590 5566 2950 5626 censuimus.
