3924 6210
335 301 492 363 1127

1699 299 2010 367 MONUM.
2054 295 2374 367 DIPLOM.

3577 303 3748 372 1118

333 435 510 490 nimis
530 435 846 492 dolendum
867 438 1247 502 est,eamdem
1271 435 1481 492 horum
1514 435 1612 508 qui
1643 435 1971 491 Christiano
2003 437 2056 502 Α
2087 435 2422 490 admonitus
2469 436 2650 490 fuero.
2701 436 2832 493 Haec
2883 432 3081 494 omnia
3123 454 3240 510 ,ροι-
3283 439 3487 498 decem
3549 457 3740 500 annos

331 530 642 581 censentur
671 525 906 582 nomine
937 525 1224 582 attenuari
1282 525 1798 597 oppugnatinibus.
1865 525 1974 580 lies

329 613 525 685 itaque
545 614 925 670 ecclesiarum
957 619 1393 669 antecessorum
1426 618 1756 668 nostrorum
1799 629 1974 683 opera

328 703 774 775 opulentissime
798 704 1590 776 congestas,eorhrudemque
1617 701 1851 756 solertia
1885 701 1971 756 in-

327 793 636 864 tegerrime
658 793 1184 862 conservatas,jam
1210 809 1362 846 nunc
1388 791 1721 862 iniquorum
1745 796 1970 846 nostro-

325 898 458 936 rum
491 881 798 937 hominum
832 898 1007 953 opera
1031 881 1232 935 fraude
1257 886 1312 936 et
1342 880 1569 935 astucia
1617 884 1967 945 attenuatas,

322 971 441 1024 fore
471 971 710 1026 omnino
732 969 1126 1040 conspicimus
1147 969 1586 1040 dissipatas.Ad
1618 968 1967 1024 devastatio-

324 1075 427 1114 nes
454 1059 646 1130 itaque
669 1058 1048 1115 ecclesiarum
1076 1063 1325 1114 utuntur
1351 1056 1658 1114 libellariis
1689 1061 1850 1113 extra
1888 1056 1968 1112 le-

321 1163 452 1217 gem
474 1147 731 1218 scriptis,
766 1146 1062 1218 precariis,
1091 1147 1674 1210 commutationibus,
1710 1145 1766 1200 in
1799 1145 1968 1202 detri-

319 1239 513 1290 mento
543 1251 736 1290 rerum
769 1235 1299 1292 ecclesiasticarum
1358 1235 1548 1291 factis.
1607 1236 1865 1300 Quorum
1907 1237 1970 1289 ut

315 1328 501 1378 cesset
532 1323 790 1379 insolens
825 1324 1099 1395 impetus,
1142 1324 1395 1380 decrevit
1449 1327 1651 1379 sancta
1709 1323 1966 1395 synodus

313 1409 404 1464 cui
431 1409 693 1466 interfuit
743 1411 948 1466 tertius
997 1429 1096 1466 rex
1120 1411 1462 1466 Heinricus:
1516 1411 1830 1466 De‘rebus
1871 1427 1964 1466 ec-

313 1497 622 1554 clesiarum
649 1497 941 1555 libellaria
960 1500 1192 1571 penitus
1224 1499 1386 1555 nulla
1433 1499 1579 1566 ﬁeri,
1606 1501 1844 1570 jussum
1876 1504 1966 1555 est

313 1587 660 1659 antiquitus,
693 1591 749 1642 et
774 1589 951 1642 nosid
977 1588 1170 1660 ipsum
1194 1589 1304 1644 sub
1327 1588 1697 1644 anathemate
1721 1588 1960 1644 interdi-

313 1675 520 1729 cimus.
547 1675 626 1730 De
648 1675 849 1730 hzeresi
877 1675 1232 1742 simoniaca;
1257 1693 1386 1747 quae
1409 1678 1685 1748 quoniam
1717 1677 1962 1732 increvit

312 1762 737 1834 inepta,sancta
760 1763 1010 1818 decrevit
1031 1765 1050 1796 ⁵
1073 1765 1350 1836 synodus,
1369 1763 1596 1820 nullum
1620 1766 1958 1837 episcopum

312 1856 411 1904 aut
442 1851 817 1907 ecclesiarum
852 1854 1345 1908 consecrationem
1378 1859 1479 1910 aut
1531 1854 1838 1912 clericatus
1867 1854 1954 1910 vel

310 1940 572 1994 ordinem
600 1947 700 1994 aut
731 1940 1123 2008 diaconatum,
1157 1945 1297 1998 aut.8
1333 1944 1821 2014 presbyteratum,
1853 1949 1956 2000 aut

310 2030 846 2084 commendationes
869 2030 1160 2096 altarium,
1194 2035 1294 2085 aut
1313 2032 1655 2087 traditiones
1681 2032 1953 2088 ecclesia-

310 2133 466 2182 rum,
501 2123 602 2172 aut
630 2118 917 2184 abbatias,
938 2123 1038 2173 aut
1059 2120 1474 2191 prmposituras
1496 2122 1742 2177 vendere
1766 2139 1778 2189 ;
1801 2123 1956 2194 quis-

310 2207 443 2276 quis
499 2206 838 2262 conduxerit
893 2213 995 2262 aut
1048 2208 1393 2276 vendiderit,
1465 2209 1778 2266 anathema
1853 2211 1949 2266 sit.

311 2294 457 2348 Fiat.

308 2402 381 2455 De
407 2407 670 2477 praecepto
699 2407 746 2477 et
772 2405 931 2473 ﬁrma
972 2404 1236 2473 ﬁdelitate
1280 2406 1528 2461 lleinrici
1571 2409 1714 2477 regis
1763 2413 1953 2464 contra

517 2473 913 2544 (h’prardatores
943 2492 1007 2528 ac
1043 2477 1377 2531 scarhatores
1415 2480 1573 2548 regni
1597 2473 1733 2549 ejus.

375 2561 459 2615 Ab
489 2560 596 2617 hac
621 2563 762 2617 hora
781 2562 840 2617 in
858 2568 1028 2618 antea
1049 2565 1336 2635 adjuvabo
1369 2566 1702 2621 Heinricum
1753 2583 1948 2639 regem

308 2651 406 2721 qui
431 2667 586 2706 nunc
613 2655 815 2722 regnat
835 2651 890 2704 in
918 2651 1105 2722 Italia,
1136 2657 1194 2708 et
1233 2655 1469 2709 nuntios
1501 2656 1650 2724 ejus,
1683 2660 1739 2711 et
1767 2659 1946 2712 comi-

307 2745 394 2794 tes
421 2756 569 2810 quos
593 2740 716 2810 ipse
738 2740 809 2794 ad
853 2739 958 2794 hoc
982 2739 1218 2810 elegerit
1262 2743 1331 2796 ad
1357 2742 1654 2813 justitiam
1680 2749 1736 2798 et
1761 2743 1946 2816 legem

309 2828 656 2891 faciendam,
688 2829 1024 2898 dependens
1059 2830 1382 2885 secundum
1414 2833 1945 2902 rectumjudicium

307 2921 362 2970 et
385 2917 453 2970 de
470 2917 694 2970 caeteris
720 2917 892 2970 rebus
915 2933 1062 2987 quas
1085 2917 1269 2974 facere
1292 2919 1381 2974 lex
1409 2920 1710 2991 prohibet;
1745 2922 1816 2977 de
1846 2923 1944 2978 he-

305 3005 528 3059 neﬁciis
549 3008 744 3058 autem
779 3005 1103 3060 secundum
1138 3011 1358 3062 rectum
1385 3008 1676 3079 judicium
1709 3027 1944 3082 compa-

301 3093 1058 3161 rium.Furtum,schacum,
1085 3095 1172 3149 vel
1205 3096 1494 3168 rapinam,
1533 3104 1632 3154 aut
1662 3100 1941 3171 praedam,

2085 523 2422 591 observabo,
2456 529 2693 597 excepto
2716 525 2766 580 si
2789 525 2846 582 in
2869 527 3237 599 expeditione
3280 533 3383 584 aut
3409 528 3471 586 in
3502 529 3739 588 hostem

2079 610 2198 667 iero
2249 629 2352 683 per
2408 618 2762 686 praeceptum
2820 615 2994 688 regis,
3053 615 3142 672 vel
3197 633 3375 690 super
3421 619 3740 676 inimicum

2081 699 2288 771 ipsius,
2313 706 2415 756 aut
2433 719 2608 774 super
2634 701 2802 758 illum
2827 704 2928 776 qui
2957 703 3066 760 hoc
3097 705 3302 776 jurare
3338 705 3604 766 noluerit
3636 713 3741 764 aut

2079 788 2302 844 factum
2326 790 2640 860 violaverit,
2667 791 2828 848 salva
2849 792 3133 850 ﬁdelitate
3153 798 3212 850 et
3242 800 3534 869 pracepto
3563 795 3741 854 Hein-

2082 876 2185 932 rici
2216 877 2395 950 regis.

2857 998 2960 1052 III.

2527 1100 2860 1142 CONVENTUS
2890 1101 3284 1144 MOGUNTINUS.

2579 1191 2708 1261 (An.
2743 1189 2902 1260 1084,
2945 1190 3084 1249 Nov.
3116 1193 3232 1266 29.)

2076 1305 2303 1362 Littera?
2359 1307 2706 1377 imperatoris
2761 1310 3270 1436 qaibgztpﬁncipes
3309 1311 3381 1367 ad
3410 1281 3737 1372 convenam:

2790 1397 2904 1435 ῑηυι
2996 1423 3008 1435 .

2790 1397 3008 1435 mku.

2145 1517 2448 1574 Heinricus
2500 1520 2597 1575 Dei
2620 1521 2806 1592 gratia
2832 1522 3229 1580 Romanorum
3280 1525 3606 1598 imperator
3624 1541 3731 1582 au-

2072 1612 2280 1679 gustus
2303 1607 2368 1662 ἢ.
2383 1608 2404 1642 ⁸
2419 1607 2887 1682 Babenbergensi
2909 1611 3165 1668 ecclesias
3185 1612 3456 1686 episcopo
3476 1614 3732 1688 gratiam

2072 1699 2129 1750 et
2161 1713 2332 1752 omne
2365 1696 2605 1752 bonum.
2640 1698 2856 1754 Notum
2904 1703 2994 1756 est
3039 1700 3166 1770 tibi,
3211 1707 3434 1774 quanto
3466 1703 3730 1776 periculo

1991 1805 2037 1869 Β
2071 1787 2193 1838 tota
2215 1784 2460 1840 ﬂuctuat
2483 1785 2748 1851 ecclesia,
2781 1792 3039 1859 quantus
3060 1807 3222 1846 error
3250 1790 3309 1846 in
3341 1791 3503 1848 omni
3533 1793 3730 1866 surgit

2067 1871 2684 1946 Saxonia,quantaque
2707 1874 3066 1932 desolatione
3089 1877 3302 1935 nobilis
3322 1878 3425 1936 illa
3443 1880 3724 1938 Metensis

2064 1958 2301 2032 penitus
2343 1961 2668 2017 destruitur
2715 1963 2978 2032 ecclesia,
3012 1970 3070 2021 et
3108 1983 3222 2022 non
3256 1966 3446 2024 solum
3480 1967 3586 2038 ibi,
3617 1971 3720 2026 sed

2063 2053 2119 2102 et
2141 2048 2198 2104 in
2224 2048 2471 2105 diversis
2494 2051 2762 2122 partibus
2811 2053 3057 2110 ecclesia
3078 2055 3262 2111 nostri
3299 2055 3589 2112 dividitur
3614 2057 3722 2114 im-

2062 2135 2427 2210 perii.Igitur
2457 2138 2698 2194 consilio
2731 2145 3067 2197 nostrorum
3090 2141 3354 2198 fidelium
3396 2144 3718 2202 statuimus

2061 2224 2185 2280 fieri
2215 2225 2526 2299 Moguntiae
2585 2227 2943 2300 colloquium
2996 2230 3055 2286 in
3115 2231 3411 2289 dominico
3455 2232 3552 2291 die
3583 2239 3718 2292 ante

2060 2313 2391 2384 proximum
2423 2318 2607 2371 sancti
2638 2317 2880 2374 Andreae
2910 2317 3147 2376 festum.
3210 2319 3354 2376 Huic
3413 2320 3707 2395 colloquio

2060 2416 2265 2462 omnes
2297 2402 2459 2474 regni
2491 2403 2786 2476 principes
2836 2405 3022 2462 nostri
3053 2407 3252 2464 ﬁdeles
3283 2409 3561 2467 intersint
3583 2413 3628 2480 ’,
3657 2416 3715 2469 et

2061 2493 2337 2561 praeterea
2357 2507 2582 2558 omnes,
2612 2508 2863 2564 quorum
2887 2495 3056 2550 nobis
3075 2494 3238 2553 utilis
3258 2495 3592 2554 declaratur
3611 2503 3714 2555 aut

2059 2577 2203 2633 fides
2249 2581 2350 2632 aut
2405 2577 2635 2634 consilii
2668 2581 3053 2652 providentia.
3084 2584 3172 2638 Ad
3231 2585 3384 2656 quod
3426 2587 3623 2644 venire
3653 2591 3707 2644 te

2059 2682 2235 2738 quam
2260 2665 2464 2722 intime
2504 2685 2802 2741 rogamus,
2835 2670 2974 2742 quia
3003 2672 3339 2730 nullatenus
3367 2677 3490 2731 tam
3521 2677 3705 2734 ardua

2058 2756 2288 2827 negotia
2313 2754 2472 2828 regni
2491 2762 2548 2811 et
2576 2757 2783 2813 divisio
2831 2758 3087 2816 ecclesiae
3119 2762 3434 2818 coadunari
3463 2766 3700 2836 poterit,

2056 2843 2180 2898 sine
2213 2848 2314 2898 tua
2363 2843 2620 2900 maxima
2676 2846 2964 2918 sapientia
3001 2854 3059 2904 et
3088 2849 3332 2907 consilio
3361 2852 3596 2926 egregio
3643 2859 3702 2911 et

2055 2932 2322 3004 ﬁde,quaa
2355 2931 2636 2989 hactenus
2667 2935 2836 2992 nobis
2865 2937 3198 3009 frequenter
3227 2939 3288 2995 in
3327 2943 3701 3002 necessitati-

2053 3020 2165 3075 bus
2206 3025 2264 3075 et
2312 3020 2652 3093 hujusmodi
2703 3025 3113 3083 controversiis
3166 3027 3352 3101 regni,
3384 3035 3562 3104 prout
3591 3049 3698 3090 nos

2052 3107 2344 3163 voluimus
2357 3113 2413 3164 et
2435 3126 2526 3166 res
2547 3117 2832 3184 exegerat,
2861 3119 3073 3186 praesto
3095 3113 3314 3172 fuit.Ad
3336 3117 3493 3189 quod
3521 3117 3702 3178 collo-

301 3198 396 3238 me
427 3181 645 3237 sciente
675 3180 760 3237 vel
795 3199 924 3238 mea
950 3187 1159 3254 sponte
1201 3202 1316 3240 non
1375 3185 1584 3241 faciam
1645 3190 1799 3243 ultra
1843 3206 1942 3244 sex
1973 3167 2016 3235 C
2053 3197 2257 3268 quium
2288 3213 2491 3253 omnes
2529 3167 2782 3256 Saxones
2818 3167 3014 3258 'n‘ostri
3076 3203 3280 3260 ﬁdeles
3316 3167 3573 3276 v2nient,
3607 3225 3704 3266 ro-

302 3270 521 3326 solidos
546 3270 604 3324 in
636 3272 1191 3341 anno.Inceudium,
1223 3273 1311 3329 vel
1349 3273 1562 3330 saltum
1598 3277 1668 3332 ad
1701 3277 1942 3334 castella

299 3365 355 3414 et
376 3359 446 3413 ad
469 3351 1137 3424 domos,non°faciam.Si
1161 3361 1303 3418 forte
1334 3365 1590 3419 evenerit
1619 3370 1682 3420 ut
1709 3365 1938 3434 faciam,

298 3447 451 3503 infra
481 3461 666 3504 unum
717 3465 976 3504 mensem
1033 3450 1290 3522 idipsum
1337 3452 1386 3506 si
1428 3458 1624 3525 potero
1657 3454 1936 3523 reddam;

298 3538 346 3591 si
369 3553 502 3592 vero
531 3538 787 3610 idipsum
832 3539 1069 3594 reddere
1091 3557 1205 3594 non
1229 3545 1446 3611 potero,
1480 3543 1806 3598 secundum
1832 3543 1940 3599 hoc

298 3626 452 3696 quod
476 3625 721 3681 valuerit
744 3627 1067 3698 restituam,
1101 3628 1150 3682 si
1175 3629 1432 3700 accipere
1471 3630 1717 3685 voluerit
1763 3630 1814 3686 is
1845 3631 1939 3686 cui

296 3715 579 3770 damnum
610 3715 838 3770 illatum
876 3716 1070 3770 fuerit.
1103 3716 1158 3770 Si
1193 3734 1292 3788 per
1331 3735 1519 3774 meam
1551 3717 1783 3790 culpam
1813 3719 1936 3775 ine-

298 3804 639 3858 mendatum
659 3804 1008 3860 remanserit
1029 3805 1180 3860 infra
1228 3823 1412 3862 unum
1459 3809 1940 3879 mensem,juxta

297 3891 452 3960 quod
503 3891 594 3946 lex
625 3892 886 3964 przecipit
915 3895 1258 3966 emendabo,
1287 3896 1334 3951 si
1365 3895 1627 3969 legaliter
1657 3897 1937 3953 invitatus

295 3980 477 4034 fuero.
512 3979 627 4034 Hos
657 3995 790 4034 vero
840 3980 1106 4038 homines
1138 3983 1235 4055 qui
1261 3983 1720 4055 hocjuramento
1753 3986 1938 4042 facere

295 4065 610 4132 noluerint,
644 4073 746 4123 aut
794 4069 1009 4125 factum
1049 4071 1391 4127 violaverint
1411 4073 1452 4140 ⁷,
1486 4073 1819 4128 Heinricum
1854 4091 1938 4131 re-

295 4161 558 4227 gem,aut
579 4173 751 4212 suum
781 4163 1004 4214 certum
1029 4160 1302 4215 nuntium
1333 4165 1433 4215 aut
1463 4162 1804 4234 episcopum
1837 4170 1938 4220 aut

295 4244 564 4302 comitem
599 4248 701 4318 qui
733 4264 826 4304 me
858 4248 928 4302 ad
969 4249 1077 4304 hoc
1109 4248 1435 4304 invitaverit
1483 4267 1583 4322 per
1616 4256 1832 4308 rectam
1865 4255 1936 4307 ﬂ-

295 4332 427 4386 dem
450 4333 520 4388 ad
519 4334 738 4404 juvabo
751 4335 1401 4403 devastare,secundum
1416 4343 1766 4410 praeceptum
1783 4340 1938 4414 regis

295 4425 395 4476 aut
415 4423 506 4476 sui
538 4424 680 4478 certi
727 4424 938 4479 nuntii.
974 4429 1052 4478 De
1082 4440 1174 4480 me
1207 4424 1331 4497 ipso
1354 4425 1591 4497 quidem
1621 4428 1936 4502 unicuique

2047 3289 2254 3358 gantes
2275 3303 2674 3359 summopere,
2708 3305 2815 3346 nos
2834 3289 2892 3346 in
2917 3291 3230 3348 Saxoniam
3261 3293 3480 3365 venire,
3505 3301 3565 3354 et
3591 3297 3704 3358 hos

2047 3391 2226 3430 novos
2257 3391 2482 3431 errores
2523 3391 2891 3449 componere.
2950 3379 3240 3438 Meteuses
3273 3387 3470 3440 autem
3503 3399 3533 3441 θ
3563 3402 3705 3445 con-

2050 3463 2226 3519 trario
2259 3462 2458 3520 Metim
2486 3463 2744 3522 clamant
2771 3484 2875 3523 nos
2909 3467 3180 3538 transire,
3243 3477 3536 3544 quatenus
3580 3474 3704 3534 illic

2047 3553 2283 3607 tandem
2303 3569 2414 3624 pax
2430 3556 2484 3609 et
2513 3554 2796 3611 securitas
2818 3557 3100 3612 reddatur
3113 3557 3524 3622 ecclesiaeNos
3555 3580 3706 3636 quo-

2047 3656 2181 3712 que,
2219 3640 2496 3697 invitante
2547 3641 3004 3718 archiepiscopo,
3042 3643 3292 3703 Coloniae
3333 3649 3704 3711 nativitatem

2047 3727 2278 3784 Domini
2309 3729 2654 3786 celebraturi
2713 3749 2942 3802 sumus,
3004 3739 3060 3790 et
3091 3735 3305 3793 idcirco
3354 3739 3700 3812 statuimus,

2047 3817 2156 3872 hoc
2175 3816 2533 3890 colloquium
2553 3823 2684 3876 ante
2703 3821 2922 3888 ﬁeri,ut
2941 3823 3282 3895 hujusmodi
3299 3825 3701 3889 dissensiones

2047 3905 2208 3978 regni
2241 3905 2406 3978 prius
2434 3923 3123 3984 componeremus,quam
3157 3929 3262 3969 nos
3293 3914 3353 3970 in
3384 3917 3704 3978 remotiora

2046 3993 2434 4050 transiremus
2456 3994 2598 4052 loca.
2625 3997 2736 4053 Sed
2762 3997 2975 4055 idcirco
3012 4001 3349 4072 praedictam
3375 4005 3700 4079 expeditio-

2046 4099 2180 4138 nem
2191 4083 2856 4157 distulimus,quatenus
2869 4087 3167 4146 communi
3183 4091 3451 4153 omnium
3465 4099 3697 4152 nostro-

2046 4187 2177 4226 rum
2196 4171 2597 4246 consilio,qua=.
2615 4173 2784 4231 nobis
2804 4177 3030 4248 agenda
3059 4178 3200 4248 sint,
3231 4181 3698 4242 considerentur.

2045 4259 2192 4332 Ergo
2219 4275 2495 4333 rogamus
2526 4265 2582 4318 te
2614 4278 2714 4334 per
2736 4280 2888 4332 eam,
2906 4281 3024 4338 qua
3053 4272 3353 4341 compater
3377 4271 3551 4330 nobis
3571 4274 3700 4332 eii'e-

2046 4352 2174 4402 ctus
2208 4364 2290 4416 es,
2325 4348 2719 4420 dilectionem,
2785 4368 2856 4408 ne
2887 4358 2943 4409 te
3000 4357 3261 4428 corporis
3290 4358 3578 4432 aegritudo
3609 4361 3699 4419 vel

2047 4435 2319 4508 quaelibet
2339 4437 2454 4494 alia
2471 4455 2562 4494 res
2594 4439 3044 4514 impediat,quin
3078 4444 3151 4502 ad
3177 4446 3486 4518 praefatum
3518 4449 3699 4508 collo-

295 4511 618 4567 secundum
636 4517 857 4568 rectum
865 4512 1158 4584 judicium
1163 4513 1458 4584 justitiam
1476 4515 1682 4572 faciam
1707 4517 1936 4590 deipsis
1967 4532 2016 4595 ι)
2044 4525 2250 4596 quium
2279 4530 2538 4600 tempore
2561 4511 2779 4586 statuto
2798 4511 3018 4600 veni—as,
3045 4537 3100 4588 et
3131 4511 3391 4605 ibijuxta
3418 4553 3695 4611 magnam

294 4599 470 4654 rebus
492 4617 618 4672 qua:
641 4601 712 4655 ad
741 4601 928 4673 legem
962 4602 1289 4672 pertinent;
1341 4603 1412 4659 de
1453 4604 1750 4682 beneficiis
1799 4623 1933 4663 vero

294 4689 616 4744 secundum
632 4689 1154 4759 rectumjudicium
1169 4691 1552 4763 comparium,
1573 4692 1931 4768 siperlegem

2045 4613 2395 4685 sapientiam
2413 4621 2470 4672 et
2490 4617 2723 4672 solitam
2748 4618 2922 4674 fidem
2945 4625 3107 4678 tuam
3129 4621 3201 4677 de
3223 4628 3436 4681 nostra
3454 4630 3514 4682 et
3532 4627 3696 4708 regni

2047 4700 2320 4772 utilitate,
2351 4720 2478 4775 quae
2510 4705 2838 4762 necessaria
2867 4711 3025 4776 sunt,
3062 4709 3370 4768 nobiscum
3391 4700 3692 4786 disponas.

1657 4862 1898 4924 VARI/E
1935 4869 2347 4928 LECTIONES.

365 4976 386 5008 δ
417 4977 495 5068 ἐξα
523 4975 758 5068 ᾀίειξῃλτί
779 4999 800 5061 ί
852 4977 1120 5068 ϐμηείαηί
1168 4977 1324 5068 habet
1359 4977 1712 5068 :‘lleinricus
1739 4983 1809 5068 de
1847 5015 1922 5068 .-_-
1972 4987 2117 5043 fieri.
2169 4987 2414 5068 Juss_um
2468 5021 2532 5032 —
2580 4989 3090 5068 interdicimusde
3120 4995 3352 5068 heresi,
3383 4998 3515 5068 etc,
3573 4999 3594 5034 ⁵
3623 5001 3696 5056 ita

293 5047 542 5117 supplent
568 5067 589 5114 ;
631 5048 898 5104 Canciani
927 5051 1031 5106 dec
1066 5093 1077 5106 .
1114 5094 1126 5106 .
1164 5094 1176 5106 .
1213 5092 1226 5105 .

294 5116 316 5150 ⁹
345 5116 637 5174 intersunt
658 5134 702 5174 ε.
741 5121 1032 5190 Vindobon,
1065 5131 1116 5178 et
1145 5121 1443 5178 Goldastus.

1303 5052 1324 5085 ⁸
1445 5068 1497 5106 a.
1531 5053 1612 5107 ita
1639 5055 1856 5125 explevi
1886 5057 2142 5114 lacunam
2172 5059 2318 5131 apud
2347 5060 2506 5117 Cane.
2584 5063 2603 5097 ⁷
2633 5063 2933 5123 violaverit
2965 5051 3228 5124 Canenti",
3250 5051 3692 5128 {’éfﬁobmib'l
