3924 6210
157 323 317 409 ne

1501 331 1895 410 HENRICUS
1939 343 2020 411 Iv
2066 342 2229 408 IMP.

1819 479 1912 537 IV.

3408 349 3568 410 1130

1490 586 1745 626 εγΝοῡυε
1776 585 2106 625 MOGUNTINA
2139 569 2238 640 (3).

1600 661 1728 732 (An.
1767 660 1924 726 1085,
1957 659 2134 727 vere.)

151 758 478 812 Constitutio
508 759 659 830 pacis
691 759 788 813 Dei
813 760 868 812 in
899 758 1104 830 synodo
1160 758 1488 826 Coloniensi,
1535 775 1588 812 a.
1645 758 1804 823 4083,
1836 759 1889 824 Α
1923 758 2142 812 llenrici
2169 756 2232 810 IV
2263 759 2624 830 imperatoris
2669 759 2983 830 constitutio
3028 759 3185 830 pacis
3231 758 3328 813 Dei
3373 759 3436 812 in
3480 775 3578 830 sy-

583 829 636 882 d.
669 831 740 883 20
769 829 971 900 aprilis
996 832 1367 901 promulgata.

223 918 548 972 SIGIWINUS
580 922 798 973 sanctae
830 917 1194 974 Coloniensis
1229 918 1503 974 (ecclesiae
1537 915 1658 972 solo
1710 934 1811 972 no-

156 1005 319 1061 mine
371 1004 706 1078 episcopus,
766 1006 1116 1063 Farraaaico
1173 1007 1447 1062 confratri
1515 1011 1571 1062 et
1621 1006 1810 1076 coepi-

151 1111 332 1166 scopo
363 1094 458 1164 (ἁ),
501 1094 893 1150 voluntariam
949 1101 1066 1151 tam
1117 1095 1477 1152 devotissimi
1531 1095 1812 1151 oraminis

149 1200 333 1255 quam
366 1183 701 1240 serviminis
734 1184 828 1239 sui
861 1184 1304 1241 exhibitionem.

223 1275 368 1326 Cum
403 1272 622 1327 nostris
655 1272 1021 1344 temporibus
1042 1272 1199 1328 ultra
1227 1274 1465 1328 modum
1494 1273 1812 1329 tribulatio~

150 1359 329 1416 nibus
361 1360 659 1432 variisque
691 1361 984 1433 angustiis
1024 1366 1228 1417 sancta
1275 1361 1535 1417 mcclesia
1582 1361 1641 1416 in
1686 1362 1810 1418 suis

150 1449 435 1505 membris
454 1448 832 1522 afﬂigeretur,
853 1451 996 1505 adeo
1014 1455 1081 1505 ut
1107 1449 1504 1522 tranquillitas
1527 1454 1583 1504 et
1599 1467 1712 1522 pax
1745 1467 1812 1506 ex

150 1538 382 1610 integro
401 1539 834 1610 desperaretur,
859 1539 1266 1611 compatiendo
1287 1544 1372 1594 tot
1391 1538 1684 1610 pressuris
1708 1543 1812 1594 tot-

145 1643 262 1698 que
281 1627 901 1698 periculis,subvenire
915 1627 1143 1692 illi,Deo
1158 1628 1810 1700 prepitiante,tractavi-

153 1732 316 1783 mus;
352 1721 409 1771 et
440 1716 547 1772 hoc
581 1717 814 1772 tandem
851 1717 934 1771 illi
967 1717 1287 1772 remedium
1313 1717 1559 1774 consilio
1585 1723 1809 1773 nostro-

151 1821 288 1860 rum
322 1804 584 1860 ﬁdelium
616 1793 998 1877 providimus,
1032 1811 1096 1862 ut
1122 1823 1321 1878 pacem
1355 1824 1533 1878 quam
1559 1807 1810 1878 peccatis

149 1893 376 1949 nostris
393 1893 758 1966 exigentibus
781 1896 1126 1951 continuare
1153 1912 1270 1952 non
1294 1896 1614 1968 potuimus,
1640 1896 1814 1952 inter-

144 1983 352 2038 missis
384 1980 594 2038 saltem
629 1981 836 2038 diebus
857 1989 1143 2054 quantum
1170 1983 1353 2040 nostri
1377 1983 1534 2055 juris
1556 1983 1666 2039 fuit
1703 1984 1807 2040 ali-

146 2076 445 2144 quatenus
479 2087 981 2142 recuperaremus.
1009 2073 1275 2128 Fecimus
1294 2074 1452 2128 enim
1475 2073 1583 2128 hoc
1603 2078 1660 2127 et
1676 2091 1806 2146 pro-

148 2120 444 2144 ’.ι-““““·““”
481 2120 981 2142 ""'r"‘"'""“"
1009 2120 1028 2126 ’
1055 2120 1274 2128 ν⁷¹⁹⁶⁸⁹⁹ν
1297 2120 1452 2128 ν“”’“⁸”
1475 2120 1580 2128 ⁸⁸⁷*
1606 2120 1776 2146 ν“τ“ν

145 2162 420 2216 fecimus.
454 2159 792 2216 Convocatis
823 2159 1003 2232 igitur
1032 2162 1434 2232 parrochianis
1471 2163 1688 2218 nostris
1737 2163 1807 2218 ad
1841 2120 1886 2186 Β

143 2248 410 2322 legitime
427 2248 765 2304 condictum
791 2247 1128 2316 concilium,
1152 2251 1305 2319 quod
1331 2249 1576 2305 Colonia:
1597 2251 1648 2304 in
1675 2269 1806 2306 san-

138 2338 214 2393 cti
249 2337 409 2393 Petri
440 2337 698 2393 matrices
733 2337 993 2394 acclesia
1023 2355 1172 2394 anno
1196 2339 1511 2396 Dominicas
1532 2340 1801 2396 Incarna-

138 2427 321 2481 tionis
360 2427 517 2493 1083,
548 2426 865 2482 indictione
897 2428 951 2492 6,
988 2429 1054 2482 12
1084 2426 1327 2483 Kalend.
1361 2428 1494 2484 Maii
1533 2428 1801 2485 habitum

135 2519 248 2580 est,
286 2515 574 2572 ordinatis
605 2515 758 2584 aliis,
775 2517 928 2587 quod
954 2517 1025 2571 de
1047 2515 1139 2571 bis
1163 2517 1349 2572 facere
1371 2517 1798 2588 disposuimus,

134 2605 193 2658 in
235 2603 474 2676 publico
496 2604 726 2660 recitari
751 2603 1018 2660 fecimus.
1051 2605 1211 2668 Quod
1246 2609 1556 2676 postquam
1581 2607 1654 2680 ab
1679 2623 1802 2661 om-

139 2692 332 2747 nibus
356 2691 719 2764 aliquamdiu
753 2692 980 2747 diverso
1024 2693 1194 2748 modo
1245 2697 1559 2749 tractatum
1611 2699 1700 2748 est
1747 2699 1803 2749 et

142 2784 557 2848 retractatum,
584 2780 698 2836 Deo
719 2780 1011 2836 mediante
1029 2780 1088 2834 in
1112 2798 1292 2835 unum
1308 2782 1539 2836 tandem
1555 2797 1799 2837 conven-

138 2875 271 2924 tum
295 2873 405 2933 est,
441 2873 499 2925 et
531 2873 648 2924 tam
681 2868 832 2924 clero
865 2885 1042 2940 quam
1079 2868 1291 2941 populo
1323 2869 1446 2940 pari
1480 2874 1609 2924 voto
1662 2886 1798 2924 con-

137 2958 559 3026 sentientibus,
580 2974 691 3030 quo
716 2959 887 3014 modo
909 2963 964 3014 et
985 2959 1199 3030 quibus
1223 2975 1324 3030 per
1345 2976 1564 3014 annum
1583 2959 1799 3031 spaciis

133 3047 441 3103 observari
465 3047 1047 3102 debeatedocuimus.
1071 3047 1349 3103 Videlicet
1372 3052 1486 3102 uta
1506 3047 1691 3120 primo
1705 3048 1799 3103 die

132 3138 431 3192 adventus
461 3137 692 3192 Domini
729 3153 917 3208 usque
955 3137 1027 3191 ad
1055 3140 1320 3192 exactum
1348 3136 1710 3209 epyphaniai,
1741 3142 1798 3192 et

131 3228 207 3281 ab
244 3225 502 3280 intrante
523 3225 957 3297 septuagesima
979 3242 1162 3296 usque
1183 3227 1245 3280 in
1269 3230 1500 3282 octavas
1523 3230 1795 3298 penteco-

2168 827 2305 882 nodo
2322 827 2642 899 Moguntina
2678 846 2732 884 a.
2767 829 2909 884 4085
2944 827 3235 901 promulga
3252 833 3328 883 ta.

1992 915 2135 971 Cum
2170 916 2388 972 nostris
2414 916 2774 988 temporibus
2797 916 2954 973 ultra
2975 918 3219 974 modum
3240 916 3584 973 tribulatio-

1922 1003 2094 1058 nibus
2129 1008 2334 1060 sancta
2363 1003 2624 1061 Ecclesia
2657 1005 3036 1078 afﬂigeretur,
3063 1007 3476 1078 compatiendo
3497 1010 3584 1063 tot

1921 1091 2213 1162 pressuris
2244 1097 2444 1164 totque
2475 1094 2770 1166 periculis,
2796 1095 3111 1150 subvenire
3146 1086 3252 1163 illi,
3296 1095 3412 1152 Deo
3445 1112 3582 1168 pro-

1922 1179 2432 1250 pitiante,tractavi
2443 1187 2666 1249 mus,ut
2681 1199 2881 1255 pacem
2898 1201 3076 1256 quam
3091 1184 3346 1256 peccatis
3359 1183 3579 1241 nostris

1920 1269 2291 1341 exigentibus
2323 1271 2665 1326 continuare
2696 1290 2812 1334 non
2843 1273 3166 1344 potuimus,
3216 1272 3578 1330 intermissis

1923 1357 2130 1412 saltem
2158 1358 2369 1414 diebus
2387 1359 2759 1430 aliquatenus
2774 1363 3279 1419 conﬁrmaremus.
3295 1364 3460 1419 Anno
3474 1363 3577 1419 do-

1924 1445 2138 1500 minice
2168 1445 2588 1503 incarnationis
2623 1450 2779 1517 1085,
2809 1449 3130 1506 indictione
3177 1453 3232 1517 8,
3284 1450 3400 1507 Deo
3449 1467 3578 1508 me-

1921 1534 2122 1589 diante
2156 1541 2276 1590 tam
2308 1533 2460 1591 clero
2485 1553 2661 1608 quam
2686 1537 2901 1609 populo
2928 1538 3052 1609 pari
3076 1539 3578 1595 consentientibus

1923 1627 2074 1690 voto,
2111 1624 2502 1680 constitutum
2533 1629 2642 1694 est,
2676 1630 2799 1680 uta
2828 1626 3017 1697 primo
3049 1626 3143 1682 die
3164 1627 3448 1683 adventus
3467 1627 3579 1682 Do-

1925 1712 2068 1766 mini
2103 1730 2290 1785 usque
2325 1715 2395 1769 ad
2428 1719 2693 1770 exactum
2725 1715 2882 1770 diem
2914 1715 3261 1788 epiphaniae,
3295 1719 3352 1770 et
3382 1715 3456 1770 ab
3485 1715 3582 1770 in-

1921 1804 2108 1856 trante
2141 1803 2578 1876 septuagesima
2593 1820 2780 1875 usque
2803 1803 2860 1859 in
2884 1809 3117 1860 octavas
3138 1807 3501 1876 pentecostes
3522 1808 3581 1860 et

1920 1905 2022 1960 per
2044 1893 2222 1946 totam
2249 1890 2408 1946 illam
2435 1892 2612 1959 diem,
2644 1892 2922 1965 omnique
2951 1893 3094 1948 feria
3128 1893 3354 1966 quinta,
3394 1895 3577 1960 sexta,

1920 1979 2183 2047 sabbato,
2209 1979 2508 2036 dominica
2530 1981 2642 2048 die,
2668 1998 2855 2053 usque
2881 1982 2954 2037 ad
2981 1986 3177 2038 ortum
3201 1982 3344 2039 solis
3366 1999 3578 2039 secun-

1918 2067 2001 2121 dae
2031 2068 2208 2136 feriae,
2229 2069 2428 2124 addita
2454 2070 2594 2126 feria
2612 2072 3577 2144 “’quatuortemporum,omnique

1919 2156 2318 2228 apostolorum
2350 2159 2551 2231 vigilia
2581 2176 2716 2215 cum
2735 2160 2830 2216 die
2850 2161 3137 2233 sequenti,
3159 2161 3401 2234 insuper
3416 2161 3578 2216 omni

1917 2246 2008 2300 die
2040 2246 2314 2302 canonice
2344 2248 2415 2302 ad
2440 2248 2837 2320 jejunandum
2867 2248 2954 2305 vel
2985 2249 3318 2306 feriandum
3349 2253 3572 2306 statuta

1917 2333 2004 2390 vel
2033 2335 2366 2400 statuenda,
2400 2336 2508 2392 hoc
2538 2337 2701 2408 pacis
2733 2338 3032 2393 decretum
3054 2340 3341 2406 teneatur,
3367 2342 3572 2410 quate-

1917 2440 2028 2479 nus
2061 2424 2400 2481 iterantium
2435 2425 2709 2496 domique
2739 2425 3108 2482 manentium
3134 2425 3468 2482 securitatis
3490 2427 3570 2482 sit

1913 2512 2211 2569 tutissima
2243 2513 2497 2582 traditio,
2532 2520 2598 2569 ut
2629 2515 2799 2570 cedes
2828 2519 2884 2570 et
2913 2514 3203 2582 incendia,
3249 2516 3460 2588 predas
3510 2519 3569 2570 et

1914 2601 2173 2656 assultus
2208 2618 2377 2658 nemo
2412 2603 2607 2670 faciat,
2641 2620 2811 2660 nemo
2833 2604 2986 2660 fuste
3003 2609 3105 2659 aut
3123 2603 3316 2677 gladio
3340 2609 3443 2661 aut
3465 2603 3575 2660 ali-

1913 2706 2026 2760 quo
2060 2707 2357 2746 armorum
2391 2707 2600 2763 genere
2649 2708 3004 2765 quemquam
3056 2692 3232 2764 ledat,
3284 2698 3342 2760 et
3389 2709 3562 2750 nemo

1912 2779 2178 2850 quamvis
2211 2779 2385 2852 culpa
2403 2781 2656 2837 faicosus
2673 2782 2744 2836 ab
2765 2782 3018 2838 adventu
3043 2782 3270 2838 Domini
3293 2799 3483 2855 usque
3501 2783 3568 2838 in

1911 2875 2140 2924 octavas
2164 2869 2500 2940 epiphanie,
2521 2875 2578 2924 et
2602 2886 2634 2925 a
2657 2872 3094 2943 septuagesima
3113 2888 3300 2944 usque
3321 2871 3380 2927 in
3403 2875 3562 2928 octa-

1907 2974 2008 3012 vas
2041 2962 2404 3028 pentecostes
2433 2957 2637 3014 tollere
2658 2976 2824 3015 arma
2845 2950 3166 3032 presumat,
3191 2965 3446 3032 scutum,
3469 2959 3559 3016 vel

1905 3045 2166 3118 gladium
2189 3045 2276 3101 vel
2295 3045 2668 3110 lanceam,vel
2687 3049 3091 3121 cujuscunque
3106 3065 3348 3120 prorsus
3365 3066 3558 3106 arma-

1905 3141 2048 3190 turae
2081 3135 2392 3190 sarcinam.
2425 3135 2709 3192 Similiter
2739 3136 2798 3193 in
2839 3136 3081 3209 reliquis
3123 3137 3350 3206 diebus,
3399 3138 3556 3194 idem

1906 3223 2216 3279 dominicis
2247 3224 2454 3296 quinta
2483 3229 2538 3279 et
2569 3228 2729 3280 sexta
2774 3225 2937 3291 feria,
2988 3226 3232 3282 sabbato
3279 3226 3559 3298 omnique

131 3319 280 3380 stes,
314 3318 372 3369 et
401 3331 506 3385 per
535 3314 894 3370 totamillam
917 3314 1165 3380 diem,et
1179 3331 1280 3386 per
1297 3331 1517 3369 annum
1531 3315 1795 3370 omnidie
1901 3312 2101 3385 vigilia
2129 3311 2526 3383 apostolorum
2558 3328 2694 3367 cum
2726 3312 2819 3368 die
2848 3313 3254 3385 subsequenti,
3301 3319 3360 3370 et
3396 3315 3557 3370 omni

130 3403 435 3460 dominica
457 3402 714 3474 ferisque
737 3407 920 3467 sexta,
943 3407 999 3458 et
1023 3403 1081 3457 in
1104 3403 1365 3470 sabbato,
1406 3404 1606 3458 addita
1645 3421 1793 3476 qua-

1905 3402 1996 3457 die
2029 3403 2099 3457 ad
2120 3401 2514 3472 jejunandum
2538 3401 2659 3456 sive
2683 3401 3012 3457 feriendum
3039 3402 3318 3458 canonice
3339 3406 3561 3459 statuta

130 3499 272 3546 tuor
291 3496 626 3564 temporum
647 3490 810 3557 feria,
834 3491 1218 3563 omniumque
1241 3491 1635 3563 apostolorum
1655 3491 1799 3565 vigi-
1830 3489 1873 3555 C
1909 3490 1997 3546 vel
2029 3490 2356 3557 statuenda,
2394 3507 2509 3545 non
2539 3489 2675 3545 licet
2695 3506 2860 3546 arma
2880 3491 3028 3546 ferre
3050 3491 3164 3547 nisi
3181 3490 3352 3565 longe
3372 3490 3560 3547 eunti-

137 3581 224 3636 lia
252 3597 390 3635 cum
424 3580 516 3635 die
549 3581 885 3647 subsecuta,
923 3580 1164 3652 insuper
1201 3580 1598 3636 indifferenter
1644 3581 1803 3636 omni

133 3671 235 3726 die
262 3669 545 3726 canonice
575 3670 644 3724 ad
670 3669 1066 3740 jejunandum
1097 3669 1185 3724 vel
1220 3669 1549 3724 feriundum
1582 3674 1804 3725 statuta

129 3758 225 3816 vel
257 3759 596 3824 statuenda,
629 3758 737 3813 hoc
769 3758 930 3831 pacis
961 3759 1260 3813 decretum
1292 3761 1582 3825 teneatur;
1610 3764 1672 3814 ut
1706 3759 1800 3813 iti-

132 3848 490 3904 nerantibus
516 3846 789 3919 domique
807 3846 1184 3903 manentibus
1196 3847 1488 3903 securitati
1507 3852 1565 3903 et
1587 3846 1801 3919 quietis

133 3937 444 3994 tutissima
475 3936 553 3991 sit
582 3936 839 4004 traditio,
867 3941 932 3990 ut
954 3936 1123 3992 cedes
1145 3939 1198 3991 et
1217 3936 1504 4003 incendia,
1523 3937 1730 4008 predas
1744 3940 1800 3991 et

129 4027 403 4082 assultus
421 4041 594 4080 nemo
615 4025 808 4092 faciat,
834 4042 1005 4080 nemo
1029 4025 1181 4080 fuste
1203 4028 1259 4079 et
1275 4023 1469 4096 gladio
1485 4029 1586 4079 aut
1601 4023 1797 4097 aliquo

132 4131 443 4171 armorum
498 4131 708 4187 genere
757 4131 1112 4186 quemquam
1159 4114 1334 4179 ledat,
1399 4119 1456 4168 et
1520 4119 1589 4170 ut
1631 4131 1798 4170 nemo

129 4203 548 4276 quavis'culpa
580 4203 831 4259 faicosus
863 4203 936 4258 ab
967 4203 1214 4258 adventu
1249 4201 1478 4257 Domini
1502 4219 1693 4277 usque
1737 4202 1794 4257 in

127 4299 374 4350 octavas
406 4291 752 4364 zepiphaniae
783 4297 838 4348 et
868 4290 1797 4363 aseptuagesimausqueinocta-

129 4400 232 4439 vas
282 4385 652 4454 pentecostes
699 4380 903 4436 tollere
951 4385 1267 4452 praesumat
1296 4396 1480 4446 arma,
1533 4383 1794 4446 scutum,

127 4469 923 4544 gladium,autlanceam,vel
939 4470 1108 4540 cujus
1123 4484 1618 4540 cumqueprorsus
1632 4484 1796 4522 arma

1911 3581 2042 3646 bus,
2075 3596 2144 3635 ea
2172 3585 2366 3634 tamen
2392 3578 2724 3636 conditione
2748 3583 2812 3634 ut
2829 3578 2974 3634 nulli
2997 3579 3260 3652 quolibet
3280 3580 3453 3638 modo
3475 3579 3555 3636 le-

1911 3668 2136 3724 sionem
2168 3669 2396 3724 inferat.
2431 3668 2488 3724 Si
2523 3685 2759 3724 necesse
2790 3668 2965 3725 fuerit
3001 3667 3177 3726 alicui
3223 3665 3376 3726 infra
3423 3687 3556 3743 spa-

1911 3757 2066 3812 cium
2098 3757 2374 3813 condictaa
2407 3758 2566 3830 pacis
2597 3757 2658 3812 in
2689 3756 2870 3813 alium
2902 3757 3096 3814 locum
3138 3775 3254 3830 quo
3292 3777 3405 3830 pax
3443 3759 3561 3816 ista

1911 3863 2022 3902 non
2058 3846 2396 3902 observetur
2428 3847 2531 3913 ire,
2567 3863 2730 3902 arma
2767 3847 2932 3914 ferat,
2955 3847 3037 3903 ita
3056 3851 3254 3904 tamen
3274 3865 3348 3904 ne
3387 3847 3560 3904 alicui

1906 3939 2129 4004 noceat,
2167 3935 2278 3991 nisi
2313 3936 2712 4008 impugnetur,
2748 3940 2812 3991 ut
2843 3952 2905 3991 se
2954 3936 3251 4005 defendat,
3293 3954 3560 3994 reversus

1908 4029 2103 4080 autem
2136 4024 2352 4080 iterum
2374 4041 2540 4080 arma
2565 4025 2842 4096 deponat.
2867 4025 2926 4080 Si
2945 4025 3256 4099 contigerit
3275 4031 3340 4081 ut
3359 4026 3562 4083 castel-

1907 4113 2029 4168 lum
2062 4114 2419 4180 obsideatur,
2454 4131 2558 4186 per
2589 4113 2712 4170 dies
2745 4113 2846 4186 qui
2877 4114 3032 4170 infra
3059 4131 3260 4186 pacem
3296 4132 3562 4188 compre-

1907 4201 2076 4257 hensi
2095 4208 2232 4258 sunt
2251 4203 2322 4257 ab
2339 4202 2783 4274 impugnatione
2802 4207 3050 4271 cessent,
3074 4203 3188 4259 nisi
3212 4204 3283 4259 ab
3303 4204 3561 4260 obsessis

1907 4291 2332 4364 impugnantur
2363 4293 2398 4325 “
2427 4295 2482 4345 et
2517 4306 2842 4362 repugnare
2873 4296 3172 4362 cogantur.

1979 4380 2050 4434 Et
2083 4397 2152 4434 ne
2183 4379 2304 4432 haic
2334 4377 2494 4449 pacis
2525 4382 2748 4433 statuta
2768 4377 3004 4434 traditio
3027 4395 3061 4432 a
3083 4378 3289 4449 quavis
3311 4394 3565 4450 persona

1906 4466 2125 4538 inpune
2155 4465 2425 4532 violetur,
2458 4467 2530 4520 ab
2562 4465 2840 4523 omnibus
2872 4465 3026 4521 dicta
3055 4470 3144 4520 est
3165 4466 3476 4524 sententia.
3502 4469 3565 4548 Si

1514 4564 1600 4618 VA
1610 4565 1752 4620 RIAE
1783 4563 2191 4621 LECTIONES.

208 4661 250 4694 ¹⁰
284 4658 453 4714 Feria
485 4658 605 4713 IIII.
640 4631 905 4729 quatuor.
939 4655 1125 4724 codex,
1161 4657 1198 4690 ιι
1249 4655 1628 4726 impugnetur
1674 4654 1787 4710 cod.

1739 4749 1972 4808 NOTAE.

213 4847 290 4914 (3)
325 4843 632 4916 Heinricus
664 4843 738 4899 Ill
787 4845 1125 4916 imperator,
1159 4841 1425 4916 testibus
1471 4839 1800 4916 Annalibus

135 4913 628 4988 Sangallenisibus
641 4913 1799 4988 etBabenbergensibus.Iier_mannoCon-

138 4983 329 5042 tracto
360 4992 417 5040 et
442 4987 751 5042 Lamberto
781 4983 1376 5055 Aschafﬁaburgensi,
1422 4983 1481 5037 in
1515 4989 1800 5038 conventu

136 5059 520 5124 Constantia,
556 5057 754 5112 habito
786 5075 938 5113 anno
975 5060 1130 5126 1043,
1155 5072 1357 5128 pacem
1389 5055 1679 5128 liactenus
1715 5056 1801 5128 in—_

137 5130 565 5208 auditam_tam
597 5128 654 5183 in
681 5134 806 5208 tota
836 5130 1041 5208 Suevia
1067 5125 1243 5200 quam
1267 5128 1325 5181 in
1350 5126 1482 5181 aliis
1523 5126 1682 5208 regni
1711 5125 1804 5208 sui

181 5201 468 5257 rovinciis
498 5217 600 5272 per
629 5201 885 5256 edictum
918 5198 1102 5273 regiae
1119 5216 1380 5254 censurae
1412 5198 1799 5252 confirmavit.

133 5221 327 5328 Euius
359 5277 530 5328 tenor
559 5288 691 5327 cum
725 5273 895 5328 hodie
926 5272 1122 5328 lateat.
1157 5288 1222 5326 eo
1263 5269 1452 5328 magis
1502 5269 1799 5328 gratulan-

134 5269 327 5344 Cujus
359 5269 530 5328 tenor
559 5288 691 5327 cum
725 5273 895 5329 hodie
926 5269 1122 5335 lateat,
1157 5288 1222 5326 eo
1263 5269 1452 5342 magis
1502 5269 1803 5340 gratulan-

134 5345 285 5399 dum
308 5349 410 5422 est
439 5344 511 5422 de
545 5339 1245 5422 constitutioueHeinrici
1276 5341 1372 5407 IV,
1397 5341 1604 5422 eadem
1627 5341 1803 5422 dere,

134 5416 453 5488 annalista
476 5414 939 5488 Babenbergensi
965 5412 1212 5488 teste,_in
1231 5412 1452 5484 synodo
1477 5411 1804 5488 Moguntin-

135 5488 330 5553 censi,
369 5486 582 5558 primis
614 5487 750 5540 anni
775 5483 914 5542 I085
943 5485 1246 5558 mensibus
1268 5483 1663 5558 promulgata.
1686 5483 1806 5558 Βε-

135 5503 330 5553 cenet,
369 5503 582 5558 plelS
614 5503 750 5540 anni
775 5501 914 5542 ιυδξ)
943 5501 1246 5541 mensmus
1270 5501 1663 5608 promulgata.
1698 5501 1806 5540 ne-

131 5559 409 5635 perimus
438 5574 572 5635 eam
588 5574 657 5635 _a.
693 5558 923 5635 1_8_3§3__in
956 5556 1150 5635 codice
1167 5554 1312 5635 bib...
1334 5554 1811 5635 reg._Babenber-

133 5624 342 5707 gensis
373 5630 434 5688 S.
469 5629 764 5685 Ambrosii
796 5628 977 5685 libros
1020 5629 1094 5685 De
1140 5625 1349 5683 officiis
1399 5624 1809 5686 ministrorum

469 5755 744 5822 PATROL.
791 5755 937 5822 GLI.

1912 4839 2244 4895 continente
2272 4836 2483 4909 saeculo
2515 4835 2858 4909 duodecimo
2881 4838 3209 4909 exaratam,
3232 4836 3481 4909 ejusque
3528 4855 3559 4895 e

1912 4911 2089 4967 latere
2119 4908 2592 4980 constitutionem
2625 4908 2794 4977 cujus
2821 4908 2892 4963 ad
2924 4924 3191 4980 normam
3215 4908 3415 4980 exacta
3448 4915 3557 4980 est,

1914 4982 2132 5055 scilicet
2160 4979 2363 5055 synodi
2396 4977 2763 5055 Coloniensis
2791 4981 2901 5055 sub
2931 4979 3228 5055 Sigevvino
3271 4977 3558 5055 archiepi¥

1914 5071 2088 5126 scopo
2120 5049 2350 5117 habita,
2385 5049 2688 5126 ex_c_od_ice
2710 5049 3045 5126 smjcu1i_x1j,_
3059 5051 3200 5108 olim
3220 5049 3558 5126 Abdinglio-

1915 5120 2083 5190 fenei,
2104 5126 2232 5198 jam
2258 5138 2391 5198 vero
2423 5123 2528 5198 viri
2552 5120 2864 5198 clarissimi
2893 5122 2964 5198 _D.
2992 5120 3557 5198 Meyercapitularis

1917 5194 2428 5261 Paderbornensis,
2484 5195 2674 5266 denuo
2717 5194 3071 5266 descriptam
3092 5194 3102 5196 ⁷
3122 5194 3555 5251 collocavimus.

1918 5268 2250 5325 Formulam
2267 5264 2611 5336 juramenti,
2642 5282 2768 5336 qua
2798 5266 2856 5320 in
2875 5264 3072 5322 codice
3092 5267 3558 5338 Babenbergensi

1917 5341 2302 5402 desideratur,
2336 5343 2532 5393 aestate
2605 5338 2851 5393 rieterita
2896 5338 2976 5392 Lu
3024 5337 3162 5392 duni
3213 5337 3559 5392 BatavOrum

1917 5429 1984 5462 ex
2014 5411 2209 5462 codice
2241 5407 2381 5462 olim
2399 5354 2798 5462 Wertllinensi
2821 5354 3020 5462 szeculgi
3035 5426 3093 5462 x1
3117 5409 3559 5462 exscripsimus.

1917 5429 1985 5467 ex
2014 5411 2209 5466 codice
2241 5407 2381 5464 olim
2399 5407 2798 5481 Werthinensi
2821 5407 3013 5465 szecuﬁ
3035 5426 3093 5464 x1
3117 5409 3560 5481 exscripsimus,

1918 5484 1977 5539 in
1995 5486 2207 5564 quoet
2237 5481 2448 5564 saeculo
2476 5498 2576 5564 xiii
2605 5480 3144 5564 iteruml‘descripot‘a
3183 5480 3454 5564 ξαρρψ.

1961 5550 2068 5684 1(25;)
2097 5553 2542 5610 Monasteriensi
2573 5552 2673 5628 qui
2704 5570 2757 5611 a.
2793 5553 2929 5610 1804
2979 5550 3142 5612 obiit.
3193 5551 3467 5613 Schaten.
3518 5550 3562 5623 Ι,

3170 5753 3252 5824 36
