3924 6210
407 369 560 434 1131
1761 374 1956 440 MONI

2292 370 2448 438 .OM.
3658 374 3841 439 1132

408 510 552 561 ture
582 505 896 564 sarcinam.
918 507 982 564 In
1005 508 1248 583 reliquis
1267 527 1400 567 vero
1421 510 1648 579 diebus,
1675 510 1731 565 id
1755 515 1844 566 est
1865 511 1924 564 in
1951 510 2051 564 dea
2079 509 2134 575 Α
2164 506 2310 563 liber
2329 509 2418 563 vel
2441 507 2655 564 nobilis
2676 525 2804 566 eam
2825 505 3144 576 violaverit,
3174 507 3330 565 idem
3355 505 3407 564 si
3427 507 3838 564 homicidium

412 594 645 651 minicis
669 597 1268 672 et6leriis,omnique
1289 598 1686 672 apostolorum
1709 597 1902 671 vigilia
1918 614 2052 653 cum
2161 597 2360 652 fecerit
2391 602 2492 652 aut
2523 597 2780 671 aliquem
2808 597 3221 666 vulneraverit,
3257 602 3360 653 aut
3394 596 3507 653 alio
3559 595 3844 669 quolibet

410 684 503 740 die
531 685 864 755 subsecuta,
885 689 1115 744 etomni
1135 689 1228 744 die
1247 690 1316 744 ad
1329 687 1824 760 jejunandumvel
1846 687 2055 743 ferian-
2162 687 2334 741 modo
2365 687 2761 756 delectaverit,
2801 687 3023 760 absque
3047 689 3090 722 ¹²
3132 687 3291 743 omni
3335 689 3684 758 sumptuum
3721 690 3843 741 aut

407 773 549 828 dum
581 777 801 830 statuta
818 775 906 832 vel
928 778 1258 833 statuenda.
1288 776 1580 832 armaillis
1597 775 2055 842 ferrelicebit,ea
2163 775 2486 830 amicorum
2515 775 2940 832 interventione
2972 776 3190 832 finibus
3221 775 3543 831 conﬁnium
3571 791 3836 832 suorum

402 866 602 919 tamen
628 863 960 920 conditione
993 870 1055 920 ut
1089 865 1234 921 nulli
1267 864 1527 938 quolibet
1567 866 1739 921 modo
1771 865 2051 920 lesionem
2162 864 2502 936 expellatur,
2537 868 2844 937 totumque
2874 865 3142 938 predium
3175 864 3303 936 ejus
3325 863 3570 920 heredes
3592 863 3684 920 sui
3709 865 3838 920 tol-

405 949 676 1008 inferant.
711 952 770 1008 Si
796 968 1030 1010 necesse
1056 954 1232 1009 fuerit
1257 953 1431 1010 alicui
1453 953 1608 1009 intra
1631 955 1895 1026 spacium
1917 971 2054 1009 con-
2165 952 2307 1018 lant,
2342 958 2398 1008 et
2428 952 2477 1008 si
2511 954 2858 1010 beneﬁcium
2892 953 3186 1023 habuerit,
3217 952 3493 1010 dominus
3525 953 3595 1008 ad
3640 969 3838 1025 quem

405 1039 539 1095 ditas
571 1040 750 1112 pacis,
778 1039 837 1096 id
859 1045 948 1097 est
978 1042 1050 1097 ab
1082 1042 1331 1098 adventu
1355 1041 1583 1097 Domini
1606 1059 1790 1114 usque
1812 1042 1883 1098 ad
1909 1046 2058 1097 octa-
2165 1042 2414 1113 pertinet
2447 1041 2590 1097 illud
2624 1042 2918 1114 accipiat..
2942 1042 3023 1112 Si,
3045 1059 3178 1098 vero
3202 1043 3444 1098 heredes
3466 1041 3559 1097 sui
3594 1040 3836 1113 aliquid

404 1145 506 1184 vas
536 1127 874 1202 aapiphaniaa
909 1134 967 1186 et
996 1148 1030 1186 a
1061 1131 1498 1204 septuagesima
1522 1148 1709 1203 usque
1733 1131 1790 1185 in
1824 1135 2056 1186 octavas
2163 1129 2590 1202 illi,pcstquam
2607 1130 2888 1203 expulsus
2905 1131 3842 1198 fuerit,subsidiumetsustenta-

405 1220 797 1289 pentecostes,
829 1218 984 1274 exire
1015 1219 1087 1275 de
1128 1224 1327 1276 nostro
1375 1219 1714 1292 episcopatu
1761 1220 1821 1274 in
1872 1219 2053 1275 alium
2166 1218 3834 1292 culumimpendisseinventifuerintetconvicti,predium

406 1322 522 1378 quo
552 1305 662 1362 ista
693 1323 807 1380 pax
838 1324 954 1363 non
985 1311 1237 1377 tenetur,
1263 1325 1427 1364 arma
1453 1309 1621 1373 ferat,
1645 1308 1727 1364 ita
1767 1311 1960 1363 tamen
1985 1325 2056 1362 ne
2164 1306 2281 1362 illis
2314 1310 2630 1376 auferatur,
2662 1313 2720 1364 et
2750 1309 2919 1382 regite
2952 1309 3222 1382 dignitati
3245 1308 3631 1380 mancipetur.
3655 1309 3832 1374 Quod

407 1393 580 1450 alicui
606 1401 829 1464 noceat,
872 1397 983 1452 nisi
1008 1397 1058 1453 si
1083 1397 1441 1471 inpugnetur
1463 1401 1526 1452 ut
1549 1414 1610 1452 se
1633 1397 1923 1452 defendat.
1950 1397 2056 1452 Re-
2168 1396 2215 1452 si
2251 1413 2311 1451 se
2341 1396 2412 1451 de
2434 1397 2679 1467 objectis
2708 1413 2956 1470 purgare
2977 1397 3249 1462 voluerit,
3274 1413 3407 1452 cum
3434 1398 3521 1463 12,
3545 1395 3647 1468 qui
3671 1413 3838 1468 eque

403 1499 610 1540 versus
633 1488 829 1540 autem
852 1484 912 1540 in
936 1485 1338 1558 episcopatum
1365 1490 1652 1552 nostrum,
1675 1485 1872 1540 statim
1895 1503 2059 1541 arma
2168 1484 2412 1550 nobiles,
2448 1502 2510 1539 ac
2544 1484 2734 1552 liberi,
2757 1485 2976 1540 fuerint
2987 1486 3198 1556 jure“.
3215 1485 3274 1540 Si
3317 1501 3522 1540 servus
3543 1484 3840 1540 occiderit

407 1573 680 1647 deponat.
714 1573 774 1628 Si
807 1575 1114 1646 contigerit
1142 1578 1204 1629 ut
1233 1575 1441 1630 debeat
1471 1574 1723 1630 obsideri
1755 1574 2057 1630 castellum
2169 1573 2487 1640 hominem,
2523 1572 2858 1642 decolletur;
2894 1574 2941 1630 si
2974 1572 3383 1641 vulneraverit,
3416 1589 3596 1628 manu
3620 1573 3839 1629 dextra

413 1661 671 1733 aliquod,
706 1679 807 1733 per
838 1663 963 1718 dies
994 1663 1094 1734 qui
1126 1663 1276 1719 infra
1291 1680 1493 1736 pacem
1519 1663 1901 1736 conprehensi
1922 1668 2062 1719 sunt
2169 1667 2510 1727 truncetur;
2547 1662 2593 1716 si
2629 1660 2740 1716 alio
2772 1661 2944 1716 modo
2973 1661 3060 1716 vel
3092 1677 3290 1734 pugno
3323 1660 3408 1718 vel
3459 1661 3655 1734 lapide
3706 1661 3836 1716 sive

412 1751 941 1824 abimpugnatione
957 1753 1339 1820 cessent,nisi
1358 1753 1429 1808 ab
1447 1752 2062 1825 obsessisimpugnen.
2172 1751 2321 1805 fuste
2351 1750 2436 1804 vel
2472 1750 2733 1822 quolibet
2772 1751 2944 1806 modo
2994 1751 3372 1822 percutiendo
3422 1749 3833 1817 delectaverit,

409 1843 526 1907 tur,
560 1844 619 1895 et
647 1856 973 1914 repugnare
993 1846 1295 1914 cogantur.
1333 1841 1397 1896 Et
1420 1859 1490 1897 ne
1513 1841 1630 1896 haec
1660 1843 1817 1914 pacis
1841 1845 2061 1897 statuta
2090 1879 2136 1914 η
2169 1840 2503 1894 verberetur
2533 1844 2588 1893 et
2623 1837 3023 1910 decapilletur.
3058 1840 3118 1894 Si
3151 1844 3346 1895 autem
3378 1839 3470 1895 cui
3494 1840 3841 1912 imputatur

409 1928 646 1984 traditio
668 1944 702 1984 a
718 1929 922 2001 quavis
943 1946 1192 2001 persona
1212 1934 1426 1986 temere
1450 1935 1504 1986 et
1528 1930 1764 2002 impune
1787 1930 2052 1998 violetur,
2090 1926 2138 1944 ⁵¹
2169 1944 2230 1982 se
2255 1927 2620 1982 innocentem
2647 1928 2890 1999 probare
2915 1927 3179 1992 voluerit,
3196 1927 3422 1999 judicio
3443 1943 3594 2000 aque
3614 1926 3839 2000 frigide

407 2015 749 2088 hujusmodi
767 2016 1145 2074 violatoribus
1161 2017 1221 2073 in
1243 2035 1555 2074 commune
1577 2020 1648 2074 ab
1671 2018 1946 2074 omnibus
1968 2023 2058 2074 est
2166 2034 2227 2072 se
2259 2021 2557 2088 expurget,
2596 2016 2675 2071 ita
2705 2021 2900 2072 tamen
2934 2021 2999 2072 ut
3028 2017 3152 2089 ipse
3182 2023 3240 2073 et
3261 2033 3431 2072 nemo
3452 2015 3606 2072 alius
3628 2013 3740 2089 pro
3761 2033 3836 2072 eo

408 2105 626 2161 dictata
653 2107 959 2162 sententia.
991 2107 1047 2161 Si
1071 2107 1219 2162 liber
1239 2107 1324 2162 vel
1353 2107 1566 2164 nobilis
1583 2125 1711 2163 eam
1735 2107 2052 2176 violaverit,
2164 2105 2222 2160 in
2258 2122 2470 2176 aquam
2499 2105 2788 2160 mittatur.
2814 2105 2872 2161 Si
2897 2110 3094 2162 autem
3117 2105 3643 2178 timensjudicium
3665 2106 3836 2177 quod

409 2193 466 2249 id
499 2197 588 2250 est
616 2194 998 2251 homicidium
1028 2195 1228 2251 fecerit
1247 2201 1347 2251 aut
1368 2195 1621 2268 aliquem
1645 2196 2052 2267 vulneraverit,
2165 2194 2222 2248 in
2250 2211 2381 2248 eum
2412 2194 2694 2248 dictatum
2726 2197 2816 2248 est
2845 2193 3153 2266 aufugerit,
3178 2198 3464 2266 perpetuae
3486 2209 3840 2250 excommu-

406 2281 496 2338 vel
528 2281 791 2354 quolibet
823 2283 935 2339 alio
967 2284 1138 2340 modo
1185 2284 1573 2350 delectaverit,
1626 2285 1847 2357 absque
1895 2285 2054 2340 omni
2171 2283 2449 2338 nicationi
2487 2283 2806 2354 subjaceat,
2837 2287 2893 2337 et
2924 2283 2984 2338 in
3017 2299 3371 2355 quocunque
3411 2283 3536 2340 loco
3586 2283 3838 2340 auditus

409 2375 756 2444 sumptuum
787 2376 888 2428 aut
917 2374 1242 2429 amicorum
1294 2373 1714 2430 interventione
1765 2391 1800 2430 a
1841 2374 2055 2430 finibus

409 2461 727 2517 confinium
759 2478 1002 2518 suorum
1036 2461 1378 2534 expellatur,
1419 2467 1723 2536 totumque
1772 2464 2055 2536 praedium

408 2551 537 2622 ejus
557 2549 800 2606 heredes
823 2551 914 2605 sui
937 2549 1165 2618 tollant,
1191 2555 1246 2606 et
1265 2551 1312 2606 si
1332 2551 1677 2606 beneficium
1703 2551 1928 2617 habuit,
1953 2553 2056 2608 do-

407 2638 606 2695 minus
628 2639 700 2694 ad
725 2655 898 2711 quem
926 2639 1176 2712 pertinet
1202 2638 1343 2694 illud
1368 2639 1626 2712 recipiat.
1653 2640 1710 2695 Si
1737 2658 1868 2696 vero
1895 2641 2056 2697 here-

407 2727 511 2784 des
525 2726 1200 2800 aliquodilli,postquam
1224 2727 1504 2800 expulsus
1536 2729 1728 2796 fuerit,
1757 2734 2056 2785 sustenta-

408 2814 607 2872 culum
627 2814 714 2871 vel
729 2815 1004 2871 solatium
1020 2816 1377 2889 impendisse
1391 2817 1606 2873 inventi
1621 2818 1903 2874 fuerintet
1915 2837 2054 2874 con-

405 2904 565 2970 victi,
597 2904 881 2976 praedium
915 2903 1030 2960 illis
1055 2906 1354 2961 auferatur
1383 2910 1440 2962 et
1469 2906 1638 2978 regis:
1659 2907 1861 2963 ditioni
1889 2925 2053 2963 man-

408 2993 654 3065 cipetur.
689 2993 850 3058 Quod
883 2993 931 3049 si
963 3011 1026 3050 se
1054 3011 1302 3066 purgare
1332 2995 1404 3050 de
1456 2996 1698 3067 objectis
1745 2996 2053 3064 voluerint,

408 3098 542 3137 cum
574 3082 882 3138 duodecim
914 3083 1013 3155 qui
1046 3100 1192 3155 eque
1224 3083 1448 3140 nobiles
1463 3084 1550 3140 vel
1573 3102 1719 3158 eque
1741 3085 1905 3141 liberi
1930 3087 2055 3141 fue-

406 3170 452 3225 ri
463 3176 524 3226 nt
531 3171 755 3243 jurent.
777 3171 834 3226 Si
852 3187 1055 3228 servus
1072 3173 1348 3228 occiderit
1368 3173 1687 3241 hominem,
1711 3175 2047 3232 decolletur.

2167 2372 2358 2437 fuerit,
2395 2372 2702 2427 mittantur
2735 2370 2871 2426 illuc
2915 2369 3102 2439 litere,
3159 2370 3375 2443 quibus
3433 2371 3831 2428 denuntietur

2167 2459 2336 2516 illum
2370 2460 2941 2516 excommunicatum
2973 2477 3100 2516 esse
3125 2465 3184 2516 et
3221 2459 3378 2532 quod
3408 2476 3544 2516 cum
3577 2477 3644 2516 eo
3676 2460 3831 2516 nulli

2166 2550 2605 2604 communicare
2637 2548 2824 2604 liceat.
2860 2549 2984 2604 Non
3017 2550 3189 2605 debet
3218 2549 3510 2605 truncatio
3533 2565 3830 2606 manuum

2166 2640 2225 2693 in
2257 2638 2456 2711 pueris
2484 2638 2604 2692 fieri
2639 2638 2740 2709 qui
2773 2639 3037 2693 nondum
3069 2641 3281 2694 etatem
3305 2638 3616 2694 duodecim
3641 2654 3830 2694 anno-

2166 2746 2298 2782 rum
2345 2727 2755 2800 impleverint;
2809 2726 2856 2783 si
2907 2728 3006 2799 qui
3056 2727 3208 2783 hanc
3255 2727 3612 2799 transgressi
3660 2733 3825 2796 sunt,

2165 2818 2351 2889 pueri,
2381 2822 2610 2872 tantum
2642 2817 2981 2873 verberibus
3002 2817 3379 2889 castigentur.
3406 2816 3533 2872 Non
3555 2817 3831 2890 infringit

2165 2922 2390 2977 pacem,
2416 2905 2462 2960 si
2487 2905 2620 2977 quis
2643 2905 3081 2978 deliuquentem
3104 2921 3336 2961 servum
3354 2903 3441 2960 vel
3459 2904 3821 2978 discipulum

2162 2994 2250 3050 vel
2275 2993 2534 3066 quolibet
2553 2995 2722 3049 modo
2746 2995 2856 3049 sibi
2881 2995 3210 3066 subjectum
3236 2994 3430 3066 scopis
3446 2992 3534 3049 vel
3559 2995 3815 3050 fustibus

2164 3083 2289 3140 cedi
2315 3082 2579 3154 jusserit.
2615 3082 2913 3155 Excipitur
2938 3082 3117 3139 etiam
3148 3083 3221 3138 ab
3249 3082 3357 3138 hac
3388 3082 3551 3155 pacis
3595 3084 3814 3138 consti-

2164 3172 2407 3238 tutione,
2432 3172 2480 3227 si
2503 3171 2778 3227 dominus
2799 3171 3119 3244 imperator
3137 3171 3366 3244 publice
3383 3171 3814 3244 expeditionem

397 3258 459 3316 Si
489 3259 900 3330 vulneraverit,
935 3277 1112 3316 manu
1145 3262 1443 3334 puniatur.
1477 3263 1535 3318 Si
1579 3262 1691 3319 alio
1739 3265 1910 3319 modo
1958 3264 2047 3320 vel
2081 3245 2123 3312 C
2162 3260 2283 3316 fieri
2307 3261 2554 3330 jusserit
2584 3265 2819 3332 propter
2838 3261 3196 3333 appetendos
3222 3259 3384 3333 regni
3408 3260 3705 3327 inimicos,
3725 3260 3816 3317 vel

395 3365 592 3422 pugno
613 3349 734 3406 sive
757 3350 908 3406 fuste
928 3349 1014 3406 vel
1037 3349 1231 3423 lapide
1253 3351 1630 3423 percutienda
1650 3351 2047 3422 delectaverit,

395 3437 784 3494 detondeatur
806 3443 862 3494 et
877 3439 1221 3494 excorietur.
1247 3439 1308 3493 Si
1333 3445 1525 3495 autem
1543 3440 1635 3495 cui
1661 3440 2049 3512 imputabitur

395 3542 457 3582 se
487 3527 855 3584 innocentem
870 3527 1115 3599 probare
1128 3526 1396 3595 voluerit,
1404 3529 1628 3599 judicio
1643 3546 1806 3601 aquae
1823 3529 2045 3602 frigidae

393 3632 456 3672 se
486 3620 786 3690 expurget,
820 3615 901 3670 ita
925 3619 1121 3672 tamen
1152 3621 1216 3672 ut
1244 3615 1373 3689 ipse
1394 3621 1448 3672 et
1472 3616 1674 3672 nullus
1688 3618 1839 3674 alius
1857 3635 1960 3691 pro
1979 3635 2044 3674 eo

393 3703 454 3759 in
484 3720 699 3778 aquam
733 3704 1021 3760 mittatur.
1041 3704 1310 3761 Siautem
1324 3705 1538 3762 timens
1563 3706 1880 3764 vindictam
1915 3724 2043 3779 quas

390 3794 451 3849 in
483 3811 617 3850 eum
640 3793 856 3850 dictata
875 3799 964 3850 est
986 3795 1295 3868 aufugerit,
1321 3799 1610 3867 perpetua:
1637 3798 2044 3852 excommuni-

391 3881 602 3938 cationi
637 3883 983 3955 subjacebit,
1015 3889 1073 3940 et
1111 3884 1170 3939 in
1219 3899 1589 3956 quocumque
1633 3883 1757 3940 loco
1806 3885 2042 3942 auditus

391 3971 587 4039 fuerit,
621 3971 1086 4030 mittanturilluc
1109 3972 1336 4040 litterae,
1361 3989 1464 4045 per
1484 3990 1632 4045 quas
1655 3974 2044 4031 denuncietur

390 4060 667 4116 omnibus
696 4063 847 4133 quod
871 4061 1412 4118 excommunicatus
1428 4067 1537 4131 est,
1561 4068 1618 4118 et
1643 4065 1797 4136 quod
1816 4081 1950 4120 cum
1973 4083 2039 4122 eo

389 4151 824 4208 communicare
853 4150 1001 4207 nulli
1027 4151 1252 4206 licitum
1276 4156 1384 4206 est.
1410 4151 1534 4207 Non
1557 4152 1728 4208 debet
1747 4154 2037 4210 truncatio

388 4255 680 4296 manuum
712 4240 772 4296 in
806 4241 1004 4313 pueris
1030 4239 1152 4295 fieri
1175 4239 1275 4312 qui
1297 4241 1556 4296 nondum
1597 4241 1903 4298 duodecim
1934 4261 2036 4300 an-

386 4345 596 4384 norum
617 4334 828 4386 etatem
860 4327 1250 4401 impleverint,
1269 4330 1368 4384 sed
1395 4330 1454 4384 in
1494 4328 1611 4386 illis
1651 4329 1753 4402 qui
1788 4332 1859 4386 ab
1884 4336 2036 4388 etate

384 4417 440 4473 id
475 4422 563 4473 est
591 4435 625 4474 a
653 4416 963 4474 duodecim
995 4415 1166 4472 annis
1198 4418 1269 4474 ad
1303 4419 1584 4490 majorem
1627 4425 2031 4491 pervenerunt.

381 4499 760 4564 Pueri'tamen
783 4507 831 4562 si
855 4505 1262 4578 pugnaverint,
1284 4507 1625 4564 verberibus
1647 4509 2029 4582 castigentur,

2157 3347 2469 3405 concilium
2502 3349 2614 3405 sibi
2646 3349 2860 3405 habere
2890 3348 3196 3420 placuerit,
3228 3351 3465 3420 propter
3493 3348 3818 3420 dijudican-

2156 3439 2262 3494 dos
2283 3438 2525 3510 justicie
2557 3438 2940 3494 adversarios.
2975 3438 3100 3494 Non
3135 3437 3382 3493 violatur
3412 3453 3549 3509 pax,
3578 3438 3626 3494 si
3659 3438 3816 3494 inte-

2156 3527 2266 3582 rim
2301 3528 2420 3583 dux
2449 3531 2551 3582 aut
2581 3525 2678 3581 alii
2710 3526 2953 3582 comites
2981 3525 3070 3582 vel
3099 3526 3360 3582 advocati
3390 3524 3478 3581 vel
3503 3525 3605 3598 qui
3624 3526 3812 3582 vicem

2154 3615 2388 3672 illorum
2422 3617 2750 3688 funguntur
2780 3615 2993 3688 placita
3018 3615 3352 3684 habuerint,
3393 3619 3451 3670 et
3481 3616 3811 3671 secundum

2153 3704 2306 3778 quod
2330 3705 2421 3760 lex
2443 3704 2619 3761 habet
2638 3705 2694 3758 in
2722 3705 2880 3760 fures
2905 3709 2960 3760 et
2979 3704 3265 3777 predones
3285 3708 3342 3759 et
3363 3702 3511 3759 alios
3534 3709 3808 3760 nocentes

2143 3794 2372 3866 judicia
2399 3794 2782 3849 exercuerint.
2805 3793 3147 3849 Securitatis
3167 3793 3355 3865 gratia
3375 3793 3657 3848 omnibus
3678 3809 3805 3866 pre-

2149 3883 2319 3955 cipue
2349 3882 2584 3938 faicosis
2615 3881 2796 3952 hujus
2827 3881 3120 3937 dominice
3150 3881 3310 3953 pacis
3334 3885 3563 3937 statuta
3583 3886 3674 3937 est
3694 3886 3808 3937 tra-

2150 3972 2323 4043 dicio,
2356 3972 2457 4026 sed
2491 3988 2606 4026 non
2639 3975 2703 4026 ut
2733 3975 2865 4043 post
2903 3970 3194 4043 expletam
3246 3987 3447 4042 pacem
3500 3987 3703 4043 rapere
3744 3975 3809 4026 et

2149 4060 2376 4132 predari
2409 4077 2512 4132 per
2530 4058 2698 4115 villas
2721 4064 2778 4115 et
2798 4076 2902 4132 per
2920 4061 3128 4116 domos
3149 4059 3424 4125 audeant,
3448 4060 3590 4131 quia
3610 4075 3720 4132 que
3741 4059 3807 4114 in

2147 4148 2277 4205 illos
2309 4153 2624 4222 antequam
2657 4149 2773 4206 ista
2802 4166 2913 4221 pax
2939 4152 3297 4204 statueretur
3327 4149 3416 4204 lex
3435 4152 3495 4204 et
3515 4147 3811 4205 sententia

2146 4239 2364 4295 dictata
2393 4243 2482 4294 est
2501 4237 2947 4311 diligentissime
2969 4237 3281 4302 tenebitur,
3305 4240 3372 4292 ut
3397 4236 3470 4292 ab
3490 4235 3808 4309 iniquitate

2146 4328 2542 4400 proibeantur,
2578 4327 2716 4399 quia
2742 4327 3080 4398 prcdatores
3110 4330 3168 4381 et
3196 4328 3566 4398 grassatores
3599 4325 3670 4380 ab
3694 4325 3805 4381 hac

2144 4416 2340 4472 divina
2369 4433 2510 4488 pace
2536 4420 2594 4471 et
2619 4417 2690 4471 ab
2713 4415 2873 4471 omni
2902 4431 3142 4488 prorsus
3168 4414 3563 4487 excipiuntur.
3586 4414 3802 4486 Siquis

2142 4505 2278 4561 huic
2310 4506 2401 4577 pie
2427 4505 2831 4561 constitutioni
2862 4504 3154 4560 contraire
3181 4503 3409 4572 nititur,
3444 4508 3512 4558 ut
3541 4520 3650 4560 nec
3692 4519 3800 4576 pa-

377 4595 819 4670 etapugnando
841 4595 1262 4650 deterreantur.
1287 4595 1409 4652 Non
1432 4594 1575 4651 ledit
1594 4613 1798 4668 pacem
1821 4599 1871 4653 si
1895 4600 2027 4671 quis
2059 4615 2109 4678 υ
2140 4612 2265 4650 cem
2296 4595 2411 4651 Deo
2440 4595 2781 4666 promittere
2809 4609 2913 4649 nec
2942 4593 3118 4649 etiam
3168 4593 3477 4648 observare
3525 4591 3796 4660 voluerit,

378 4685 816 4757 delinquentcm
832 4700 1065 4739 servum
1085 4700 1281 4752 suum,
1297 4683 1383 4740 vel
1406 4684 1762 4756 discipulum
1785 4686 1871 4742 vel
1887 4705 2030 4760 quo-

379 4773 523 4830 libet
550 4773 724 4829 modo
756 4773 869 4828 sibi
902 4771 1208 4828 subditum
1240 4772 1431 4844 scopis
1465 4773 1554 4828 vel
1603 4774 1860 4832 fustibus
1906 4777 2032 4833 cedi

372 4862 637 4934 jusserit.
653 4862 950 4934 Excipitur
974 4861 1150 4917 etiam
1183 4862 1252 4918 ab
1270 4862 1377 4916 hac
1401 4863 1561 4933 pacis
1591 4863 2027 4935 constitutione,

380 4949 429 5006 si
461 4949 715 5004 domnus
748 4966 846 5004 rex
875 4948 1108 5021 publice
1139 4949 1564 5022 eXpeditionem
1597 4951 1720 5006 ﬁeri
1758 4953 2027 5024 jusserit,

379 5042 616 5111 propter
639 5039 994 5111 appetendos
1027 5038 1188 5111 regni
1235 5037 1526 5107 inimicos,
1574 5039 1664 5095 vel
1713 5042 2028 5098 concilium

377 5127 490 5184 sibi
522 5127 736 5183 habere
766 5127 1051 5199 placuerit
1079 5131 1316 5200 propter
1345 5128 1752 5199 dijudicandos
1774 5133 2028 5201 justicie:

376 5214 759 5272 adversarios.
792 5215 916 5271 Non
946 5214 1195 5269 violatur
1226 5232 1356 5286 pax,
1401 5215 1451 5269 si
1500 5215 1733 5272 interim
1778 5219 1895 5274 dux
1939 5219 2028 5275 vel

373 5304 471 5360 alii
503 5303 770 5371 comites,
801 5303 889 5360 vel
921 5302 1206 5372 advocati,
1238 5303 1326 5358 vel
1359 5303 1459 5374 qui
1488 5303 1609 5357 vice
1640 5303 1874 5361 illorum
1900 5309 2029 5363 fun-

351 5398 616 5468 guntur,
648 5391 860 5464 placita
889 5390 1229 5460 habuerint,
1259 5396 1318 5446 et
1360 5391 1686 5448 secundum
1727 5396 1883 5466 quod
1936 5397 2028 5454 lex

2143 4684 2387 4740 missam
2412 4682 2494 4738 illi
2511 4682 2710 4739 nullus
2733 4683 3195 4755 presbiterorum
3219 4685 3458 4737 cantare
3470 4685 3795 4753 presumat,

2139 4778 2195 4828 et
2216 4771 2438 4828 nullam
2463 4771 2674 4827 salutis
2691 4788 2895 4827 curam
2919 4771 3219 4844 inpendat;
3245 4770 3294 4826 si
3321 4769 3796 4826 infirmeturnul-

2138 4861 2231 4918 lus
2253 4862 2719 4917 Christianorum
2748 4878 2883 4916 eum
2905 4860 3140 4917 visitare
3160 4863 3488 4932 presumat,
3511 4864 3570 4914 et
3590 4859 3794 4914 viatico

2139 4952 2314 5006 etiam
2349 4951 2407 5004 in
2442 4951 2576 5017 line,
2612 4949 2725 5005 nisi
2759 4948 3084 5022 resipiscat,
3121 4953 3334 5005 careat.
3357 4947 3418 5003 Si
3440 4947 3576 5020 quis
3599 4951 3789 5004 autem

2138 5040 2299 5095 illam
2332 5039 2450 5095 sive
2481 5039 2538 5094 in
2574 5039 2828 5111 presenti
2860 5044 3120 5111 tempore
3170 5038 3288 5094 sive
3337 5038 3393 5092 in
3443 5041 3791 5109 perpetuum

2138 5129 2291 5201 apud
2316 5134 2575 5201 posteros
2598 5133 2830 5184 nostros
2853 5127 3067 5183 violare
3092 5125 3542 5199 presumpserit,
3565 5143 3599 5180 a
3623 5125 3789 5182 nobis

2137 5215 2676 5288 inrecuperabiliter
2696 5217 3238 5272 excommunicatus
3269 5219 3378 5271 est.
3426 5214 3554 5270 Non
3602 5214 3788 5287 magis

2133 5306 2194 5361 iu
2216 5305 2500 5360 comitum
2523 5303 2609 5360 vel
2633 5304 3006 5360 tribunorum
3029 5303 3148 5360 sive
3170 5301 3572 5376 quorumlibet
3591 5307 3790 5375 poten-

2134 5399 2260 5450 tum
2291 5409 2469 5465 quam
2501 5394 2562 5449 in
2593 5394 2774 5450 totius
2810 5393 3013 5468 populi
3063 5391 3460 5450 communiter
3506 5395 3786 5465 potestate

1730 5541 1969 5602 VARLE
2001 5541 2417 5606 LECTIONES.

446 5656 489 5695 “
517 5653 774 5727 abusque
800 5669 847 5714 c.
881 5659 926 5696 ³³
946 5658 1156 5732 jurent
1181 5669 1230 5712 ε.
