3924 6210
158 302 347 369 ,1183

1534 302 1933 405 nENaICUs
1975 304 2056 373 1v
2096 304 2261 374 IMP.

3439 313 3599 375 H34

180 437 362 495 habet
393 437 453 493 in
482 438 664 508 fures,
687 442 744 496 et
764 439 1086 513 prmdones,
1111 444 1166 497 et
1186 439 1332 497 alios
1363 446 1637 499 nocentes
1668 443 1829 514 judi-
1859 446 1912 511 Α
1943 448 2209 502 constare
2240 445 2564 515 sanximus,
2598 450 2663 502 ut
2690 445 2977 503 vindictas
3008 462 3187 519 supra
3215 451 3592 515 memoratas,

178 524 334 583 dicia
362 527 744 585 exercuerlnt.
770 530 1113 586 Securitatis
1162 530 1349 603 gratia
1380 529 1654 587 omnibus
1688 549 1830 604 pra:-

175 616 349 688 cipue
381 616 617 674 faicosis
639 616 818 691 hujus
843 619 1148 675 dominicae
1168 620 1326 692 pacis
1350 624 1570 676 statuta
1594 620 1829 675 traditio
1870 632 1876 638 '

178 709 292 772 est,
326 705 429 762 sed
462 724 577 762 non
611 712 677 763 ut
709 712 841 781 post
857 707 1143 781 expletam
1169 725 1368 781 pacem
1392 725 1592 781 rapere
1614 714 1671 764 et
1692 727 1830 780 prce-

177 793 310 848 dari
344 811 447 867 per
473 793 643 852 villas
674 802 731 853 et
758 813 861 870 per
889 797 1096 852 domos
1128 798 1400 865 audeant,
1436 796 1573 870 quia
1598 815 1724 870 quae
1774 799 1831 853 in

173 880 313 939 illos
344 886 659 956 antequam
692 885 806 941 ista
828 903 940 959 pax
977 890 1338 942 statueretur
1363 886 1452 943 lex
1472 891 1528 942 et
1549 886 1835 942 sententia

173 970 400 1028 dictata
428 976 485 1028 et
508 971 767 1047 legitime
799 975 1117 1041 tenebitur,
1151 978 1215 1030 ut
1244 976 1317 1031 ab
1347 974 1655 1047 iniquitate
1697 992 1829 1046 pro-

175 1059 518 1129 hibeantur,
554 1063 695 1134 quia
723 1063 1074 1135 praedatores
1104 1065 1161 1119 et
1201 1068 1563 1135 grassatores
1608 1064 1680 1118 ab
1723 1063 1832 1119 hac

174 1149 380 1206 divina
407 1155 466 1206 et
496 1151 567 1207 ab
603 1151 762 1207 omni
795 1168 1035 1225 prorsus
1066 1168 1206 1224 pace
1221 1151 1832 1224 excipiuntur.Siquis

173 1237 316 1294 huic
347 1238 456 1312 pia:
487 1238 845 1297 institutioni
868 1240 1154 1296 contraire
1177 1238 1405 1306 nititur,
1429 1243 1493 1295 ut
1510 1257 1612 1295 nec
1629 1257 1830 1312 pacem

160 1344 315 1399 cum
345 1327 476 1385 aliis
509 1328 625 1385 Deo
656 1329 996 1402 promittere
1027 1346 1132 1385 nec
1161 1329 1337 1384 etiam
1378 1329 1684 1384 observare
1732 1346 1830 1384 vo-

171 1415 373 1483 luerit,
404 1417 650 1474 missam
674 1417 759 1473 illi
794 1417 993 1474 nullus
1025 1417 1479 1492 presbiterorum
1520 1417 1579 1473 in
1633 1423 1832 1473 nostro

169 1503 516 1580 episcopatu
550 1511 783 1563 cantare
814 1511 1159 1580 praesumat,
1179 1509 1236 1561 et
1257 1505 1478 1561 nullam
1501 1505 1709 1561 salutis
1731 1522 1830 1561 cu-

170 1611 303 1649 ram
337 1592 658 1668 impendat,
691 1599 747 1651 et
778 1595 827 1651 si
859 1594 1215 1661 infirmatur,
1248 1593 1449 1650 nullus
1476 1611 1611 1650 eum
1669 1594 1831 1649 Chri-

168 1683 503 1741 stianorum
533 1684 768 1740 visitare
794 1684 1027 1751 audeat,
1059 1689 1115 1740 et
1145 1683 1355 1739 viatico
1387 1683 1561 1739 etiam
1598 1684 1655 1738 in
1690 1686 1827 1752 fine,

168 1770 221 1827 si
256 1789 375 1828 non
409 1771 721 1845 resipiscit,
755 1777 967 1829 careat.
991 1774 1379 1829 Summavero
1393 1772 1508 1827 Deo
1524 1771 1827 1844 promissae
1862 1808 1909 1873 Β

160 1860 339 1937 pacis
367 1865 425 1918 et
454 1867 847 1918 communiter
876 1861 1234 1929 collaudata,
1284 1861 1401 1917 ista
1446 1862 1573 1929 erit,
1623 1864 1687 1916 ut
1740 1878 1833 1917 so-

156 1949 482 2025 lummodo
507 1968 621 2007 non
640 1952 857 2008 nostris
879 1951 1264 2024 temporibus,
1286 1951 1382 2006 sed
1408 1950 1465 2005 in
1487 1955 1832 2022 perpetuum

173 2040 335 2113 apud
368 2044 632 2113 posteros
652 2044 885 2096 nostros
918 2040 1278 2106 observetur,
1314 2039 1452 2111 quia
1478 2038 1528 2094 si
1549 2040 1682 2111 quis
1703 2057 1831 2095 eam

162 2124 427 2201 irritare,
458 2128 547 2185 vel
576 2130 895 2197 destruere,
948 2134 1050 2185 aut
1105 2128 1317 2185 violare
1368 2128 1831 2201 prmsumpserit,

152 2217 296 2292 sive
328 2217 439 2274 hoc
469 2222 728 2291 tempore
760 2234 863 2273 seu
894 2219 994 2290 qui
1027 2222 1158 2291 post
1189 2217 1409 2273 multos
1440 2235 1627 2274 annos
1679 2218 1831 2273 circa

169 2306 353 2364 ﬁnem
366 2306 548 2364 seculi
562 2308 895 2364 nasciturus
910 2307 1039 2374 erit,
1057 2306 1834 2379 anobisinrecuperabiliter

170 2396 719 2453 excommunicatus
753 2402 859 2452 est.
888 2396 1015 2453 Non
1046 2396 1235 2469 magis
1267 2396 1325 2450 in
1376 2395 1678 2465 comitum,
1729 2399 1831 2451 aut

172 2486 573 2555 tribunorum,
605 2484 693 2542 vel
724 2490 1053 2559 potentum,
1079 2502 1258 2557 quam
1281 2484 1340 2541 in
1363 2486 1544 2540 totius
1566 2502 1829 2541 commu-

174 2574 332 2632 niter
362 2574 562 2648 populi
594 2578 880 2646 potestate
909 2580 967 2631 et
996 2574 1238 2631 arbitrio
1270 2574 1582 2640 constabit,
1605 2578 1670 2628 ut
1709 2574 1831 2629 vin-

1940 532 2319 591 violatoribus
2351 536 2549 589 sancte
2580 535 2742 607 pacis
2771 534 3061 602 inferant;
3097 538 3153 590 et
3181 534 3291 590 hoc
3348 535 3595 608 diligen-

1941 622 2167 678 tissime
2180 627 2440 688 caveant,
2461 640 2530 679 ne
2546 623 2600 678 in
2616 624 2913 696 puniendo
2926 623 3251 679 amiciciam
3273 623 3357 678 vel
3372 624 3599 697 odium,

1941 710 2028 765 vel
2053 711 2209 766 aliud
2244 713 2400 783 quod
2420 713 2666 782 justitire
2690 713 3049 769 contrarium
3073 713 3151 768 sit
3170 717 3492 779 exerceant,
3520 730 3594 768 ne

1942 798 2151 855 delicta
2165 800 2496 872 aliquorum
2511 803 2878 858 abscondant
2897 802 2997 858 sed
3017 800 3281 873 potiusin
3297 800 3599 873 publicum

1942 888 2255 958 proferant.
2293 889 2501 946 Nullus
2533 908 2635 962 pro
2667 889 3023 946 redimendis
3055 890 3153 961 qui
3188 889 3246 944 in
3278 887 3452 961 culpa
3499 890 3597 944 de-

1944 976 2213 1045 prehensi
2248 978 2478 1034 fuerant
2500 980 2808 1051 pecuniam
2840 979 3106 1050 accipiat.
3142 979 3489 1033 Mercatores
3539 976 3598 1032 in

1941 1064 2145 1120 itinere
2168 1083 2279 1138 quo
2311 1068 2704 1139 negotiantur,
2738 1069 2938 1124 rustici
2969 1069 3110 1123 dum
3134 1066 3393 1122 rusticali
3413 1066 3595 1138 operi,

1940 1154 2179 1221 arando,
2217 1153 2505 1222 fodiendo,
2536 1157 2825 1222 metendo,
2861 1160 2917 1211 et
2937 1156 3070 1211 aliis
3089 1154 3432 1226 hujusmodi
3482 1171 3591 1228 ope

1942 1258 2066 1296 ram
2096 1246 2261 1309 dant,
2286 1244 2445 1297 omni
2466 1244 2560 1300 die
2583 1262 2784 1316 pacem
2810 1245 3081 1301 habeant.
3106 1244 3377 1300 Mulieres
3400 1247 3595 1300 autem

1943 1335 1998 1384 et
2023 1347 2226 1386 omnes
2258 1332 2439 1387 sacris
2486 1333 2790 1389 ordinibus
2822 1333 3111 1389 adtitulati
3136 1338 3414 1406 perpetua
3452 1350 3595 1406 pace

1942 1418 2241 1487 fruantur;
2274 1420 2333 1474 in
2364 1420 2625 1476 ecclesiis
2641 1439 2775 1477 vero
2798 1426 2852 1476 et
2874 1422 3254 1478 ecclesiarum
3279 1421 3585 1478 cimiteriis

1940 1506 2128 1563 honor
2158 1513 2215 1563 et
2236 1508 2489 1564 reventia
2526 1509 2641 1564 Deo
2673 1510 3001 1582 prebeatur,
3052 1513 3118 1564 ut
3162 1510 3210 1565 si
3266 1509 3406 1565 illuc
3454 1526 3592 1565 con-

1943 1596 2154 1667 fugerit
2183 1600 2380 1669 raptor
2407 1596 2492 1652 vel
2526 1597 2637 1663 fur,
2675 1595 2913 1652 minime
2930 1598 3213 1669 capiatur,
3236 1599 3336 1653 sed
3359 1597 3588 1653 tamdiu

1942 1684 2020 1739 ibi
2049 1685 2405 1751 obsideatur,
2437 1686 2621 1740 donec
2652 1687 2806 1741 fame
2837 1690 3077 1758 cogente
3118 1686 3189 1741 ad
3225 1685 3583 1741 deditionem

1941 1779 2201 1845 cogatur.
2236 1773 2293 1828 Si
2327 1773 2542 1851 aliquis
2572 1774 2971 1830 defensionem
3004 1790 3121 1841 reo,
3147 1774 3586 1844 arma,victum,

1942 1861 2029 1917 vel
2064 1862 2261 1935 fugam
2305 1862 2497 1917 moliri
2531 1863 2979 1936 presumpserit,
3010 1862 3203 1934 equali
3245 1879 3403 1935 pena:
3445 1861 3600 1918 sicut

1945 1968 2078 2007 reus
2109 1952 2453 2022 subjacebit.
2490 1953 2689 2007 Banno
2720 1952 2895 2007 etiam
2927 1956 3126 2008 nostro
3164 1950 3596 2019 interdicimus,

1944 2058 2016 2096 ne
2039 2040 2253 2113 aliquis
2272 2040 2420 2096 sacri
2436 2041 2658 2096 ordinis
2671 2039 2851 2112 hujus
2872 2045 3069 2096 sancte
3085 2038 3246 2112 pacis
3268 2044 3597 2111 transgres-

1944 2146 2041 2185 sor
2057 2129 2379 2193 convictus,
2399 2127 2590 2184 laicali
2613 2128 2872 2185 vindicta
2887 2129 3188 2201 puniatur,
3208 2129 3307 2184 sed
3325 2127 3596 2199 episcopo

1945 2221 2330 2290 presentetur.
2369 2217 2529 2272 Unde
2553 2216 2687 2273 laici
2719 2215 3101 2283 decollentur,
3131 2215 3469 2271 indeclerici
3492 2216 3592 2270 de-

1941 2307 2296 2379 gradentur;
2332 2306 2485 2361 unde
2518 2304 2646 2359 laici
2674 2305 3113 2372 detruncentur,
3148 2304 3282 2359 inde
3303 2302 3495 2358 clerici
3517 2301 3591 2356 ab

1942 2394 2151 2450 officiis
2173 2394 2612 2467 suspendantur
2638 2412 2650 2461 ;
2676 2396 2733 2449 et
2753 2409 3043 2449 consensu
3064 2391 3346 2447 laicorum
3369 2389 3590 2447 crebris

1933 2482 2177 2555 jejuniis
2208 2487 2264 2539 et
2292 2482 2626 2539 verberibus
2646 2498 2831 2554 usque
2856 2482 2927 2536 ad
2950 2480 3411 2537 satisfactionem
3438 2478 3588 2536 afﬂi-

1945 2577 2176 2646 gantur.
2208 2572 2410 2626 Amen.

175 2664 372 2721 dictas
411 2665 685 2738 superius
715 2665 964 2721 dictatas
999 2663 1379 2720 violatoribus
1409 2668 1624 2719 sancta:
1656 2663 1815 2735 pacis
1848 2662 2128 2729 inferant;
2163 2666 2219 2717 et
2249 2660 2357 2717 hoc
2391 2659 2838 2732 diligentissime
2869 2663 3128 2727 caveant,
3189 2676 3259 2715 ne
3317 2659 3377 2714 in

172 2753 495 2826 puniendis
515 2753 862 2822 amiciciam,
895 2752 983 2810 vel
1014 2752 1235 2819 odium,
1272 2752 1356 2808 vel
1389 2751 1550 2807 aliud
1582 2752 1734 2824 quod
1764 2751 2012 2823 justitize
2046 2749 2409 2805 contrarium
2442 2750 2519 2804 sit
2548 2752 2872 2818 exerceant,
2903 2765 2973 2804 ne
3004 2749 3052 2804 si
3085 2748 3365 2805 abscondi

177 2848 433 2916 possunt
452 2842 664 2900 delicta
684 2842 1014 2916 aliquorum
1038 2842 1420 2908 abscondant,
1448 2841 1548 2897 sed
1575 2841 1769 2913 potius
1786 2840 1844 2895 in
1870 2838 2172 2913 publicum
2204 2838 2487 2894 deferant.
2521 2837 2730 2893 Nullus
2762 2854 2865 2910 pro
2889 2837 3246 2892 redimendis
3268 2836 3370 2908 qui

180 2931 242 2987 in
279 2931 454 3004 culpa
482 2931 827 3004 deprehensi
863 2931 1078 2988 fuerint
1107 2931 1414 3004 pecuniam
1438 2930 1704 3002 accipiat,
1739 2946 1844 2985 nec
1876 2930 2067 2984 favore
2098 2927 2375 3000 quopiam
2401 2926 2723 3000 culpabiles
2739 2927 3014 2998 adjuvare
3031 2926 3365 2991 contendat,

183 3020 328 3093 quia
352 3020 455 3092 qui
483 3020 698 3087 fecerit,
722 3020 1088 3077 intolerabile
1111 3020 1318 3076 animae
1345 3037 1463 3075 suae
1476 3018 1766 3090 judicium
1787 3016 2053 3085 incurrit,
2088 3033 2155 3072 ac
2186 3034 2287 3089 per
2317 3033 2521 3072 omnes
2552 3015 2751 3072 fideles
2784 3015 3127 3071 meminisse
3157 3018 3409 3087 oportet

142 3168 147 3175 ,
183 3127 302 3166 non
322 3108 552 3165 homini
575 3110 676 3165 sed
709 3108 832 3166 solo
854 3110 969 3166 Deo
1002 3108 1153 3166 hanc
1177 3126 1377 3183 pacem
1402 3108 1754 3182 promissam
1780 3107 1984 3174 fuisse,
2013 3112 2071 3161 et
2099 3111 2260 3162 tanto
2288 3106 2551 3161 tenacius
2586 3104 2929 3177 firmiusque
2959 3103 3383 3159 observandam

181 3214 337 3255 esse.
363 3197 646 3262 Quocirca
674 3198 976 3256 universos
994 3199 1370 3255 obsecramus
1402 3198 1460 3253 in
1483 3197 1712 3254 Christo
1736 3201 1799 3253 ut
1820 3198 1934 3252 ista
1962 3196 2124 3269 pacis
2146 3195 2477 3250 necessaria
2506 3194 2722 3249 taxatio
2753 3190 3163 3248 inviolabiliter
3191 3196 3382 3247 custo-

182 3285 405 3356 diatur,
438 3289 503 3342 ut
531 3286 579 3342 si
611 3285 746 3358 quis
769 3302 897 3341 eam
931 3286 1205 3359 deinceps
1231 3285 1446 3342 violare
1481 3284 1941 3358 prwsumpserit,
1976 3283 2216 3339 omnino
2247 3299 2280 3337 a
2310 3287 2521 3337 sanctae
2555 3280 2847 3347 aecclesiaa,
2881 3278 3021 3334 filiis
3051 3282 3376 3350 sequestre-

182 3379 303 3442 tur,
339 3378 396 3430 et
421 3374 618 3431 hanno
647 3375 1270 3432 excommunicationis
1300 3373 1786 3447 inrecuperabilis
1815 3377 1872 3430 et
1903 3372 2273 3429 anathemate
2305 3386 2600 3426 mansurae
2623 3368 2971 3442 perditionis
2999 3368 3370 3439 dampnetur.

180 3463 249 3519 In
274 3461 552 3521 ecclesiis
582 3479 717 3520 vero
750 3469 807 3520 et
836 3463 1229 3521 aacclesiarum
1261 3462 1577 3519 cimeteriis
1608 3462 1795 3519 honor
1824 3466 1881 3519 et
1912 3460 2232 3518 reverentia
2290 3458 2403 3515 Deo
2462 3458 2808 3531 praebeatur,
2833 3462 2899 3512 ut
2931 3456 2980 3513 si
3011 3455 3147 3511 illuc
3179 3454 3377 3511 confu-

178 3551 333 3627 gerit
391 3557 609 3625 raptor,
640 3552 728 3610 vel
755 3552 870 3622 fur,
900 3552 1141 3609 minime
1172 3553 1564 3609 interficiatur
1592 3552 1679 3608 vel
1715 3552 1981 3626 capiatur
2010 3549 2110 3606 sed
2143 3553 2263 3605 tam
2324 3549 2424 3604 diu
2458 3547 2601 3603 inibi
2659 3546 2998 3603 obsideatur
3018 3546 3201 3601 donec
3228 3544 3381 3600 fame

185 3644 436 3715 urgente
466 3642 538 3698 ad
570 3641 922 3699 deditionem
954 3648 1215 3716 cogatur.
1250 3641 1309 3699 Si
1337 3641 1535 3714 aliqua
1564 3658 1817 3714 persona
1846 3658 1941 3698 reo
2011 3655 2194 3707 arma,
2263 3639 2505 3704 victum,
2573 3635 2661 3693 vel
2726 3652 2935 3709 sugam
2994 3633 3188 3690 moliri
3236 3650 3379 3705 pra:-

148 3732 153 3735 ’
184 3730 532 3802 sumpserit.
562 3730 845 3804 aequalem
878 3748 1110 3804 poenam
1142 3731 1296 3788 sicut
1327 3748 1461 3788 reus
1494 3730 1827 3788 sustinebit.
1861 3730 2113 3786 Clericos
2134 3746 2268 3784 vero
2298 3733 2355 3784 et
2381 3744 2590 3783 omnes
2648 3726 2757 3784 sub
2788 3724 2900 3781 hoc
2952 3724 3155 3790 ordine
3202 3722 3382 3778 vitam

182 3821 489 3893 degentes,
526 3818 722 3876 banno
756 3824 953 3876 nostro
983 3820 1390 3877 interdicimus
1416 3819 1611 3876 laicali
1640 3820 1901 3877 vindicta
1930 3819 2150 3893 puniri,
2186 3818 2289 3874 sed
2319 3817 2630 3873 manifesto
2699 3814 2946 3872 crimine
3013 3811 3387 3886 deprehensi,

181 3906 740 3980 episcopoipsorum
758 3909 1372 3981 praesententurﬂnde
1396 3909 1526 3966 laici
1549 3908 1741 3966 clerici
1756 3908 2138 3976 decollentur,
2164 3907 2299 3963 inde
2316 3906 2510 3962 clerici
2530 3906 2955 3978 degradentur;
2977 3904 3132 3959 unde
3152 3901 3283 3957 laici
3301 3900 3400 3956 de-

144 3986 147 3987 r
178 3999 563 4067 truncentur,
625 3996 761 4054 inde
792 3997 984 4055 clerici
1016 3997 1088 4054 ab
1110 3998 1319 4055 officiis
1341 4000 1876 4072 suspendantur;et
1905 4015 2037 4054 cum
2068 4013 2356 4053 consensu
2390 3994 2672 4052 laicorum
2702 3993 2924 4051 crebris
2948 3990 3193 4065 jejuniis

178 4089 245 4141 et
280 4085 626 4143 verberibus
652 4103 841 4159 usque
863 4087 933 4143 ad
969 4086 1427 4145 satisfactionem
1459 4087 1817 4161 affligantur.

684 4303 1065 4359 Juramentum
1092 4305 1243 4375 pacis
1262 4304 1377 4360 Dei.

256 4427 343 4483 Ab
360 4426 611 4483 adventu
630 4426 859 4484 Domini
885 4443 1071 4501 usque
1096 4428 1168 4484 ad
1187 4428 1509 4501 proximam
1525 4426 1679 4483 diem
1693 4427 1844 4483 lunae

181 4520 324 4590 post
353 4514 784 4589 mpyphaniam,
818 4516 957 4574 item
984 4535 1018 4574 a
1058 4517 1494 4590 septuagesima
1546 4533 1733 4588 usque
1772 4516 1843 4571 ad

182 4609 459 4662 octavam
490 4610 878 4676 pentecostes,
912 4606 1052 4662 item
1080 4606 1139 4661 in
1159 4605 1434 4663 omnibus
1464 4603 1659 4677 vigilis
1675 4608 1732 4659 et
1765 4605 1844 4660 fe-

183 4692 440 4749 rialibus
473 4692 656 4761 festis,
690 4698 747 4749 et
778 4694 963 4751 tribus
993 4695 1199 4751 diebus
1226 4694 1283 4749 in
1316 4692 1474 4749 omni
1494 4692 1843 4765 septimana,

185 4780 418 4837 scilicet
451 4798 485 4835 a
514 4797 755 4854 vespera
786 4782 1001 4855 quintae
1030 4783 1181 4839 feriae
1214 4798 1401 4854 usque
1425 4781 1497 4836 ad
1520 4781 1845 4838 diluculum

186 4870 467 4927 secundas
500 4870 676 4939 feriae,
711 4890 823 4945 pax
854 4872 932 4928 sit
963 4871 1201 4945 ubique,
1235 4872 1317 4927 ita
1359 4876 1424 4926 ut
1476 4888 1647 4927 nemo
1692 4871 1848 4927 ledat

182 4957 503 5014 inimicum
519 4975 690 5015 suum
703 5002 715 5014 .
732 4960 839 5027 Qui
854 4959 1148 5029 occiderit,
1165 4959 1472 5032 capitalem
1499 4960 1706 5016 subeat
1718 4978 1847 5017 sen-

182 5048 460 5103 tentiam.
481 5046 1008 5116 Quivulneraverit,
1024 5066 1266 5104 manum
1285 5049 1507 5121 perdat.
1528 5049 1632 5115 Qui
1653 5067 1845 5123 pugno

185 5135 572 5209 percusserit,
609 5137 659 5193 si
692 5138 904 5194 nobilis
934 5142 1043 5207 est,
1078 5137 1230 5193 libra
1258 5145 1587 5210 componat.
1620 5140 1678 5194 Si
1702 5138 1849 5196 liber

183 5231 290 5281 aut
322 5225 757 5296 ministerialis,
789 5228 989 5284 decem
1021 5224 1259 5296 solidis;
1293 5227 1343 5281 si
1367 5244 1589 5295 servus,
1623 5232 1753 5284 cute
1792 5233 1849 5284 et

182 5313 447 5387 capillis.
484 5314 690 5372 Omnis
738 5317 970 5384 domus,
1022 5316 1215 5372 omnis
1264 5332 1399 5372 area
1446 5334 1646 5390 pacem
1695 5317 1850 5375 infra

185 5408 357 5476 septa
388 5420 504 5460 sua
525 5403 739 5462 habeat
780 5406 1033 5461 firmam.
1083 5402 1292 5459 Nullus
1340 5404 1597 5474 invadat,
1649 5407 1848 5465 nullus

181 5491 456 5566 effingat,
490 5490 694 5549 nullus
724 5494 877 5550 infra
906 5492 1128 5567 positos
1156 5498 1373 5550 temere
1403 5495 1698 5568 inquirere
1750 5501 1852 5553 aut

178 5579 477 5644 violenter
505 5580 836 5656 opprimere
864 5584 1203 5662 praesumat.
1238 5581 1347 5651 Qui
1385 5585 1847 5660 praesumpserit,

2419 4303 2445 4364 ³(
2471 4302 2855 4354 Juramenlum
2879 4297 3033 4368 pacis
3058 4297 3172 4350 Dei.

2026 4426 2114 4480 Ab
2127 4423 2375 4478 adventu
2389 4422 2618 4477 Domini
2632 4437 2820 4493 usque
2832 4420 2903 4475 ad
2918 4417 3248 4491 proximum
3271 4416 3428 4472 diem
3448 4415 3602 4473 lunas

1956 4518 2088 4587 post
2118 4509 2513 4584 epiphaniam,
2545 4509 2684 4565 item
2729 4526 2761 4565 a
2807 4506 3242 4580 septuagesima
3294 4521 3484 4576 usque
3530 4506 3605 4563 ad

1957 4608 2216 4658 octavam
2244 4602 2631 4671 pentecostes,
2664 4601 2729 4653 ut
2748 4597 2808 4653 in
2838 4594 3115 4651 omnibus
3135 4590 3350 4665 vigiliis
3367 4593 3606 4649 etferia-

1955 4691 2113 4747 libus
2146 4686 2308 4744 festis
2339 4692 2395 4742 et
2424 4688 2614 4743 tribus
2641 4686 2849 4742 diebus
2872 4685 2930 4739 in
2948 4682 3481 4755 omniseptimana,
3500 4682 3610 4738 sci-

1955 4780 2088 4835 licet
2116 4796 2150 4833 a
2176 4793 2417 4848 vespera
2473 4776 2687 4848 quintae
2740 4774 2891 4829 feria:
2950 4787 3138 4843 usque
3168 4770 3240 4826 ad
3277 4766 3607 4825 diluculum

1957 4866 2223 4925 secundae
2256 4865 2428 4933 feriae,
2462 4882 2573 4937 pax
2603 4864 2681 4918 sit
2710 4863 2949 4935 ubique,
2984 4860 3063 4915 ita
3120 4864 3186 4916 ut
3231 4873 3400 4913 nemo
3448 4857 3607 4914 ledat

1957 4956 2261 5014 inimicum
2294 4972 2491 5010 suum.
2527 4953 2633 5017 Qui
2693 4952 2988 5018 occiderit,
3040 4948 3345 5023 capitalem
3399 4948 3610 5005 subeat

1958 5043 2325 5103 sententiam.
2359 5041 2466 5107 Qui
2523 5040 2931 5109 vulneraverit,
2965 5056 3207 5095 manum
3238 5037 3461 5111 perdat.
3498 5036 3609 5104 Qui

1958 5151 2153 5210 pugno
2185 5130 2559 5205 percusserit,
2582 5130 2631 5186 si
2664 5129 2876 5187 nobilis
2894 5135 3000 5197 est,
3026 5128 3177 5185 libra
3192 5131 3521 5198 componat.
3545 5126 3608 5186 Si

1958 5225 2126 5290 liber,
2160 5224 2261 5277 aut
2293 5219 2716 5289 ministerialis,
2761 5220 2961 5275 decem
2994 5218 3217 5275 solidis.
3269 5215 3329 5272 Si
3379 5232 3605 5282 servus,

1960 5317 2092 5369 cute
2121 5316 2177 5369 et
2208 5308 2452 5383 capillis.
2488 5308 2694 5365 Omnis
2724 5309 2956 5373 domus,
2985 5305 3179 5363 omnis
3211 5320 3346 5360 area
3400 5318 3607 5375 pacem

1964 5403 2118 5459 infra
2130 5404 2295 5473 septa
2311 5415 2419 5455 sua
2431 5398 2645 5455 habeat
2658 5398 2908 5453 firmam.
2927 5390 3607 5457 Nullusinvadat,nullus

1961 5490 2253 5565 efl'ringat,
2286 5487 2484 5544 nullus
2514 5487 2665 5543 infra
2684 5487 2907 5560 positos
2930 5492 3146 5545 temere
3170 5480 3483 5554 inquirere,
3507 5482 3612 5536 aut

1957 5579 2243 5639 violenter
2261 5578 2591 5655 opprimere
2620 5580 2955 5653 praesumat.
2990 5574 3097 5645 Qui
3142 5569 3607 5654 praesumpserit,
