3924 6210
153 398 303 485 μετ

1482 347 1884 461 ΗΕΝωουέ
1917 392 2001 459 Iv
2038 394 2201 460 IMP.

3401 394 3557 456 1138

152 534 324 595 Deum
371 537 429 592 et
469 548 694 608 pacem,
722 531 1115 592 Christianam
1146 530 1516 591 dilectionem
1556 547 1790 606 quoque
1819 531 1877 600 Α
1906 531 2232 607 paciantur.
2266 530 2614 591 Mercatores
2639 534 2697 589 et
2726 528 2988 606 agricolae
3032 548 3234 607 pacem
3264 530 3552 604 habeant;

154 629 211 693 et
236 624 483 699 gratiam
528 627 792 681 nostram
839 641 1032 694 curas,
1061 624 1132 679 ad
1182 623 1516 696 przedictam
1566 622 1790 678 curiam

147 713 332 770 venire
382 711 548 769 nulla
600 711 939 769 dissimules
989 712 1312 777 occasione,
1351 711 1513 768 nulla
1564 716 1795 785 praster-

146 803 347 859 mittas
378 802 776 875 occupatione.
811 802 918 859 Pro
948 806 1104 857 certo
1147 802 1394 869 noveris,
1450 802 1605 873 quod
1636 800 1793 856 hunc

142 893 393 949 laborem
417 891 563 947 nulli
586 891 922 964 principum
946 890 1333 957 remittemus,
1360 890 1578 946 nullius
1600 890 1660 945 in
1682 890 1791 946 hoc

145 981 556 1055 negligentiam
589 998 754 1054 aequo
785 980 980 1037 animo
1011 981 1382 1037 suﬂ‘eremus.

935 1069 1009 1125 VI

626 1175 802 1215 suam
839 1175 1175 1215 MOGUNTINA
1204 1158 1301 1229 (6).

672 1249 798 1321 (An.
831 1249 989 1316 1103,
1016 1248 1147 1304 Jan.
1180 1248 1257 1317 6.]

553 1339 878 1395 Constitutio
902 1340 1055 1410 pacis
1083 1338 1376 1408 generalis.

210 1429 372 1484 Anno
402 1428 475 1483 ab
506 1426 910 1483 Incarnatione
936 1425 1167 1481 Domini
1195 1427 1333 1481 1103
1355 1424 1659 1481 Heinricus
1680 1426 1791 1481 im-

139 1521 367 1590 perator
388 1516 697 1589 Mogontiaa
720 1532 922 1590 pacem
949 1533 1057 1572 sua
1075 1532 1255 1571 manu
1277 1515 1531 1571 ﬁrmavit
1551 1519 1607 1571 et
1626 1515 1791 1571 insti.

136 1606 266 1673 tuit,
298 1609 355 1664 et
384 1605 810 1678 archiepiscopi
851 1609 908 1661 et
936 1604 1193 1678 epiSGOpi
1234 1604 1485 1678 propriis
1517 1604 1792 1661 manibus

137 1696 534 1752 ﬁrmaverunt.
559 1693 740 1750 Filius
770 1693 924 1767 regis
955 1692 1179 1766 juravit
1206 1697 1265 1749 et
1293 1693 1578 1766 primates
1609 1694 1790 1750 totius

137 1784 319 1857 regni,
362 1785 562 1850 duces,
614 1783 1002 1850 marchiones,
1044 1782 1286 1839 comites
1349 1788 1407 1838 et
1461 1783 1557 1839 alii
1612 1800 1789 1856 quam

139 1872 326 1974 multi.
347 1873 475 1974 Duri
493 1872 684 1974 Welfo
704 1876 761 1930 et
786 1871 903 1928 dux
931 1871 1219 1929 Pertolfus
1240 1876 1299 1928 et
1319 1872 1446 1974 du}:
1458 1872 1789 1974 Fridericus
1819 1909 1867 1974 Β

1901 622 2101 680 nullus
2132 624 2370 679 omnino
2400 639 2504 695 pro
2537 621 2661 679 sola
2691 639 2870 678 causa
2898 623 3157 696 pecuniae
3189 624 3471 697 capiatur.
3492 624 3553 682 Si

1901 712 2034 784 quis
2065 712 2404 786 praedictam
2436 729 2636 784 pacem
2685 711 3006 786 infregerit,
3040 729 3284 768 manum
3315 714 3554 785 perdere

1899 801 2087 857 debet.
2113 802 2171 857 Si
2204 801 2339 873 quis
2367 800 2705 873 inculpatus
2754 801 2931 858 fuerit
2973 819 3079 874 pro
3128 801 3282 858 furto
3311 801 3401 858 vel
3442 788 3554 875 pro

1901 888 2099 962 aliqua
2127 890 2297 963 culpa
2334 890 2504 947 istius
2535 893 2816 963 corruptae
2847 891 3029 964 pacis,
3064 890 3162 947 ille
3193 890 3253 947 in
3299 908 3415 964 quo
3446 909 3557 966 pax

1901 984 2177 1052 corrupta
2204 984 2295 1036 est
2321 981 2495 1036 vadat
2525 980 2596 1036 ad
2626 980 2997 1053 parrochiam
3027 980 3287 1037 accusati
3319 986 3377 1036 et
3399 979 3558 1037 dicat

1901 1068 2113 1141 populo
2149 1087 2160 1125 :
2196 1070 2293 1125 Ille
2336 1070 2402 1125 Ν.
2438 1072 2499 1124 in
2545 1071 2646 1125 hac
2691 1087 2751 1125 re
2785 1072 3029 1143 corrupit
3072 1071 3418 1142 pacem...”
3443 1087 3550 1126 me.

1901 1158 1972 1213 Et
2003 1158 2099 1212 det
2128 1156 2241 1213 sibi
2272 1158 2538 1214 inducias
2571 1176 2673 1232 per
2710 1159 3153 1232 quatuordeoim
3179 1159 3322 1216 dies.
3346 1159 3405 1216 Si
3437 1176 3557 1217 non

1901 1245 2173 1302 habuerit
2193 1247 2495 1319 justioiam
2525 1247 2678 1304 infra
2705 1249 3148 1321 quatuordecim
3179 1247 3324 1316 dies,
3349 1264 3554 1305 secun-

1899 1322 1975 1391 do
2001 1336 2332 1392 inducietur
2361 1336 2469 1393 sibi
2515 1353 2618 1409 per
2646 1338 3087 1409 quatuordeoim
3120 1337 3265 1406 dies,
3288 1341 3347 1393 et
3377 1336 3553 1394 tercio

1901 1425 1997 1481 det
2028 1425 2139 1480 sibi
2172 1425 2443 1481 inducias
2476 1442 2577 1497 per
2615 1426 3056 1497 quatuordecim
3103 1426 3257 1497 dies;
3290 1432 3347 1484 et
3377 1427 3426 1484 si
3456 1428 3553 1483 in-

1902 1513 2170 1586 culpatus
2219 1514 2292 1569 ad
2341 1513 2802 1569 satisfactionem
2851 1530 2968 1570 non
3014 1514 3254 1583 venerit,
3295 1533 3429 1572 reus
3477 1516 3556 1573 sit

1902 1608 2185 1677 corrupta
2217 1604 2401 1675 pacis.
2434 1604 2566 1659 Haec
2610 1620 2723 1678 pax
2763 1604 2904 1659 hinc
2952 1620 3139 1676 usque
3188 1605 3409 1676 pascha
3435 1609 3493 1661 et
3521 1623 3556 1661 a

1902 1693 2165 1766 proximo
2196 1692 2417 1766 pascha
2459 1709 2647 1765 usque
2677 1693 2749 1749 ad
2779 1709 3034 1765 sequens
3077 1692 3295 1766 pascha
3324 1711 3555 1767 perma-

1902 1799 2038 1838 nere
2070 1783 2259 1839 debet.

1973 1871 2033 1929 Si
2064 1873 2198 1944 quis
2248 1871 2444 1928 minus
2475 1887 2654 1944 quam
2698 1871 3002 1945 sexaginta
3051 1872 3275 1929 denarii
3325 1873 3558 1931 valeant

129 1963 475 2035 juraverunt
516 1962 762 2018 eandem
811 1976 1014 2033 pacem
1045 1978 1235 2033 usque
1283 1961 1355 2017 ad
1406 1964 1785 2018 Pentecosten
1819 1960 1867 1974 ”
1896 1961 2143 2030 foretur,
2177 1961 2467 2034 depiletur
2514 1968 2571 2018 et
2599 1960 2779 2035 virgis
2820 1960 3165 2031 excorietur,
3198 1967 3255 2019 et
3302 1963 3364 2019 in
3394 1967 3553 2020 utra-

137 2055 196 2107 et
217 2050 352 2107 inde
381 2067 486 2123 per
508 2055 759 2123 quatuor
778 2067 983 2106 annos.
1009 2051 1386 2119 Juraverunt,
1410 2050 1562 2118 dico,
1585 2067 1787 2123 pacem

133 2139 432 2207 ecclesiis,
465 2138 712 2207 clericis,
749 2138 1073 2209 monachis,
1116 2138 1305 2206 laicis,
1339 2140 1784 2207 mercatoribus,

135 2228 480 2286 mulieribus
512 2246 582 2285 ne
610 2228 663 2304 vi
694 2227 1015 2301 rapiantur,
1047 2228 1287 2285 Judaeis.

198 2319 613 2375 Juramentum
645 2316 760 2373 tale
794 2320 884 2374 est
916 2334 929 2372 :

199 2408 392 2464 Nullus
439 2407 678 2479 alicujus
706 2407 929 2463 domum
956 2407 1230 2463 hostiliter
1276 2408 1518 2474 invadat,
1551 2423 1650 2463 nec
1692 2409 1787 2463 in-
1825 2482 1829 2488 ι

136 2497 325 2555 cendia
354 2496 611 2563 devastet,
642 2497 832 2552 nullus
862 2498 1103 2570 aliquem
1140 2498 1324 2569 capiat
1361 2501 1584 2570 prapler
1623 2513 1787 2569 pecu-

134 2589 311 2654 niam,
344 2602 444 2642 nec
490 2585 754 2654 vulneret,
785 2602 885 2641 nec
924 2589 1218 2658 percutiat,
1249 2603 1347 2642 nec
1376 2586 1691 2657 interﬁciat.
1724 2586 1790 2640 Et

130 2675 184 2730 si
211 2675 334 2744 quis
363 2674 463 2729 hoc
488 2673 697 2744 fecerit,
720 2673 902 2730 oculos
940 2674 1024 2730 vel
1051 2690 1280 2729 manum
1325 2676 1558 2730 amittat.
1581 2675 1643 2730 Si
1666 2676 1789 2747 quis

130 2779 258 2819 eum
305 2762 629 2834 defenderit,
661 2762 889 2818 eandem
923 2780 1144 2834 pcenam
1180 2765 1447 2834 patiatur.
1480 2764 1541 2818 Si
1590 2765 1651 2818 in
1698 2780 1787 2819 ca-

134 2856 312 2908 strum
338 2852 568 2923 fugerit,
591 2867 691 2923 per
716 2855 825 2907 tres
848 2851 964 2907 dies
989 2852 1260 2908 obsessum
1287 2870 1320 2907 a
1348 2853 1789 2925 conjuratoribus

132 2940 578 3013 disperdatur.Si
605 2942 726 3011 quis
757 2940 1007 3012 effugerit
1038 2939 1135 2996 hoc
1152 2940 1445 3013 judicium,
1468 2941 1791 3011 beneﬁcium

127 3031 180 3085 si
206 3030 387 3097 habet,
419 3029 671 3085 dominus
699 3046 832 3085 suus
867 3029 977 3085 sibi
1014 3031 1249 3101 auferat,
1272 3032 1671 3101 patrimonium
1696 3047 1788 3087 co-

126 3120 290 3189 gnati
317 3120 411 3174 sui
450 3119 541 3173 illi
586 3121 863 3191 auferant.
898 3118 957 3173 Si
984 3121 1105 3190 quis
1133 3122 1344 3190 furtum
1370 3121 1559 3191 fecerit
1603 3121 1788 3175 valens

128 3209 374 3281 quinque
398 3207 597 3264 solidos
639 3209 721 3264 vel
754 3208 901 3280 plus,
933 3208 1114 3264 oculos
1144 3208 1228 3262 vel
1274 3224 1503 3264 manum
1549 3211 1783 3265 amittat.

1898 2066 2011 2123 que
2043 2050 2285 2107 maxilla
2314 2050 2466 2108 ferro
2498 2067 2686 2124 usque
2730 2051 2804 2106 ad
2843 2051 3047 2108 dentes
3080 2056 3303 2109 uratur.
3329 2052 3387 2109 Si
3420 2054 3553 2127 quis

1897 2140 2199 2213 sexaginta
2227 2140 2499 2197 denarios
2522 2139 2608 2195 vel
2638 2139 2771 2212 plus
2794 2157 2975 2212 quam
3004 2142 3308 2214 sexaginta
3328 2142 3555 2199 denarii

1895 2229 2124 2286 valeant
2170 2230 2416 2296 foretur,
2450 2246 2663 2286 manus
2700 2230 2752 2285 ei
2783 2229 3109 2286 abcidatur.
3141 2234 3303 2288 Hanc
3342 2248 3551 2305 pacem

1898 2318 2309 2391 unusquisque
2340 2321 2472 2374 ante
2503 2318 2839 2391 paoximum
2870 2320 3085 2375 festum
3117 2323 3329 2376 sancta)
3356 2320 3551 2377 Marias

1896 2407 2068 2463 debet
2087 2406 2313 2479 jurare,
2336 2406 2424 2463 vel
2457 2424 2589 2463 cum
2629 2408 2967 2479 juramento
3000 2412 3222 2480 septem
3254 2408 3549 2465 veracium

1898 2513 2017 2553 suae
2047 2496 2407 2553 condicionis
2436 2497 2696 2552 virorum
2729 2496 2900 2553 debet
2930 2513 2991 2553 se
3020 2514 3364 2572 expurgare,
3391 2499 3548 2572 quod

1896 2585 2023 2659 ipse
2054 2603 2168 2641 non
2201 2586 2449 2641 audierit
2477 2586 2549 2641 ab
2580 2584 2778 2659 aliquo
2816 2585 2969 2642 hanc
2998 2603 3201 2659 pacem
3231 2604 3361 2644 esse
3383 2589 3548 2660 jura-

1896 2678 2049 2743 tam;
2083 2674 2182 2746 qui
2217 2674 2325 2730 hoc
2367 2690 2482 2755 non
2534 2674 2732 2730 fecerit
2778 2691 3019 2731 manum
3069 2676 3293 2749 perdat.
3324 2677 3384 2733 Si
3414 2676 3549 2750 quis

1898 2764 2221 2837 corruperit
2256 2764 2431 2820 istam
2474 2780 2703 2837 pacem,
2734 2768 2791 2820 et
2820 2764 3114 2837 aufugerit
3141 2768 3200 2822 et
3243 2765 3421 2823 latere
3449 2783 3547 2821 vo-

1898 2852 2072 2909 luerit
2105 2853 2285 2909 donec
2331 2851 2447 2909 ista
2490 2870 2600 2925 pax
2632 2852 2950 2919 transierit,
2984 2852 3035 2909 si
3079 2855 3431 2927 quandoque
3460 2871 3547 2909 re-

1896 2958 2101 2999 versus
2131 2942 2325 3011 fuerit,
2351 2942 2595 2999 eandem
2623 2959 2835 3015 penam
2861 2943 3148 3015 pacietur,
3166 2959 3343 3016 quam
3376 2943 3550 3000 modo

1897 3031 2018 3104 pati
2049 3032 2301 3088 deberet.
2327 3032 2386 3088 Si
2418 3031 2551 3105 quis
2583 3030 2835 3088 noluerit
2871 3033 3074 3102 jurare
3121 3032 3357 3090 dicens:
3390 3034 3549 3091 Nulli

1896 3138 2076 3187 noceo,
2102 3138 2201 3176 nec
2246 3123 2537 3193 quisquam
2576 3124 2729 3175 nocet
2756 3121 2934 3176 mihi!
2962 3124 3017 3176 et
3051 3120 3151 3192 qui
3182 3122 3376 3177 sciens
3420 3138 3547 3178 cor-

1896 3214 2194 3283 ruptorem
2244 3210 2404 3281 pacis
2454 3210 2674 3281 paverit
2727 3208 2817 3265 vel
2862 3208 3142 3282 receperit
3187 3209 3275 3265 vel
3321 3213 3549 3267 tutatus

124 3298 189 3355 Si
215 3300 435 3370 furtum
479 3298 808 3369 commiserit
832 3297 1019 3353 valens
1065 3299 1252 3352 minus
1290 3300 1532 3371 quinque
1560 3298 1783 3366 solidos,
1816 3273 1859 3340 Ο
1898 3273 2091 3367 fuerit,
2124 3299 2213 3355 vel
2268 3316 2372 3371 pro
2421 3298 2670 3371 pecunia
2691 3297 2780 3353 vel
2810 3296 3006 3371 aliquo
3048 3299 3222 3354 modo
3270 3299 3548 3373 aufugere

124 3387 361 3459 capillos
389 3388 610 3442 amittat
636 3390 689 3441 et
718 3387 889 3455 virgis
918 3386 1143 3442 cedatur
1165 3390 1221 3441 et
1247 3389 1462 3458 furtum
1488 3387 1707 3455 reddat;
1736 3396 1788 3443 et

121 3478 179 3533 si
206 3481 293 3533 ter
320 3476 430 3532 tale
458 3477 675 3547 furtum
690 3477 902 3548 fecerit,
924 3476 1009 3531 vel
1035 3477 1289 3548 rapinam
1316 3478 1487 3532 tercia
1515 3479 1647 3546 vice,
1666 3492 1785 3532 ocu-

123 3568 208 3623 los
239 3565 326 3621 vel
363 3581 588 3620 manum
632 3566 872 3622 amittat.
905 3564 966 3621 Si
992 3567 1054 3620 in
1083 3567 1175 3621 via
1202 3567 1497 3621 occurrerit
1542 3566 1644 3621 tibi
1674 3567 1786 3622 ini-

119 3656 304 3711 micus
333 3661 479 3719 tuus,
513 3654 564 3708 si
587 3656 762 3725 passis
790 3654 881 3709 illi
921 3670 1132 3719 nocere,
1164 3670 1385 3716 noceas;
1414 3656 1466 3709 si
1492 3656 1698 3726 fugerit
1726 3657 1787 3710 in

116 3743 352 3799 domum
381 3743 465 3799 vel
495 3744 557 3797 in
584 3744 791 3798 cariem
820 3744 1078 3814 alicujus,
1111 3743 1297 3799 illesus
1324 3747 1562 3800 maneat.

193 3832 319 3889 Hoc
340 3832 682 3904 juramento
717 3834 964 3887 utuntur
1011 3831 1186 3887 amici
1239 3831 1394 3905 regis
1441 3849 1547 3906 pro
1597 3837 1785 3901 scuto,

113 3921 390 3978 inimicis
418 3937 553 3976 vero
585 3937 956 3993 nequaquam
993 3921 1248 3993 prodest.

510 4008 831 4065 Constitutio
852 4012 1007 4082 pacis
1033 4011 1410 4081 provincialis.

189 4098 364 4155 Talis
393 4114 508 4171 pax
530 4099 734 4170 jurata
759 4102 846 4155 est
880 4115 914 4155 a
943 4099 1090 4154 duce
1111 4098 1402 4156 Friderico
1433 4105 1490 4156 et
1520 4117 1554 4156 a
1584 4100 1788 4158 multis

112 4187 479 4268 comitibus,
508 4186 780 4260 episcopo
829 4187 1187 4261 Augustensi
1219 4192 1276 4244 et
1314 4188 1620 4247 Eistetensi
1666 4191 1787 4264 epi-

112 4295 306 4352 seopo
338 4282 399 4334 et
428 4277 736 4349 utriusque
774 4277 1069 4350 prioribus
1100 4279 1622 4336 consentientibus.
1657 4280 1786 4336 Cle-

112 4368 229 4424 rici
262 4372 326 4424 et
356 4364 614 4422 ecclesia:
646 4371 703 4422 et
749 4364 1035 4423 cimiteria
1081 4371 1138 4423 et
1185 4367 1350 4424 dotes
1396 4367 1788 4424 ecclesiarum

111 4472 337 4530 pacem
390 4455 667 4523 habeant,
702 4455 972 4511 similiter
1017 4472 1222 4512 omnes
1266 4455 1536 4512 homines
1584 4474 1788 4530 pacem

111 4546 393 4602 habeant
424 4544 483 4599 in
534 4544 829 4613 domibus,
863 4548 920 4600 et
948 4544 1008 4601 in
1039 4544 1300 4617 quolibet
1347 4544 1611 4613 aediﬁcio,
1644 4551 1701 4601 et
1729 4547 1789 4602 in

1896 3405 2029 3446 eum
2054 3387 2403 3461 permiserit,
2419 3387 2662 3443 eandem
2685 3402 2894 3458 penam
2916 3403 3096 3459 quam
3116 3386 3362 3444 violator
3385 3388 3548 3461 pacis

1897 3477 2093 3534 subire
2119 3476 2382 3532 debet.Si
2414 3476 2546 3548 quis
2572 3478 2877 3548 corruptor
2906 3475 3068 3548 pacis
3099 3476 3411 3552 aufugerit,
3431 3477 3548 3533 dux

1896 3567 1983 3623 vel
2042 3583 2236 3623 comes
2268 3565 2355 3621 vel
2414 3565 2749 3633 advocatus,
2769 3563 2859 3620 vel
2889 3564 3138 3636 quilibet
3190 3570 3380 3622 rector
3436 3566 3547 3623 sub

1897 3657 2068 3727 cujus
2099 3655 2382 3728 regimine
2406 3655 2567 3727 prius
2596 3654 2805 3721 fuerat,
2830 3653 3049 3727 przedia
3063 3653 3361 3711 violatoris
3387 3655 3549 3729 pacis

1896 3746 2124 3801 auferat
2151 3749 2208 3800 et
2237 3743 2498 3801 obtineat
2544 3747 2665 3798 tam
2714 3742 2813 3799 diu
2864 3760 3042 3816 quam
3097 3743 3199 3799 diu
3245 3747 3552 3817 corruptor

1898 3834 2056 3908 pacis
2086 3834 2259 3902 vivat,
2283 3836 2341 3888 et
2370 3837 2501 3906 post
2530 3830 2890 3905 corruptoris
2920 3832 3082 3904 pacis
3114 3837 3363 3890 mortem
3393 3833 3553 3890 here-

1897 3923 2139 3979 ditatem
2169 3922 2409 3978 heredes
2441 3923 2570 3995 ejus
2600 3924 3011 3995 assequantur.
3038 3922 3326 3981 Dominus
3355 3927 3552 3981 autem

1898 4030 1932 4069 a
1962 4029 2077 4085 quo
2129 4010 2410 4067 beneficia
2444 4010 2689 4067 violator
2736 4010 2898 4083 pacis
2943 4010 3219 4081 obtinuit,
3270 4012 3555 4069 beneﬁcia

1897 4103 2140 4157 auferat.
2172 4101 2231 4155 Si
2261 4104 2565 4172 corruptor
2594 4100 2754 4172 pacis
2794 4116 2857 4157 se
2887 4100 2947 4156 in
2978 4099 3177 4174 aliqua
3218 4102 3554 4159 municione

1899 4188 2287 4255 absconderit,
2304 4188 2399 4244 ille
2418 4189 2475 4244 in
2496 4206 2610 4262 quo
2633 4205 2744 4260 pax
2763 4189 2872 4244 fuit
2892 4194 3185 4262 corrupta,
3202 4190 3376 4246 faciat
3395 4191 3550 4263 apud

1899 4279 2183 4353 populum
2241 4276 2781 4350 proclamationem,
2836 4282 2895 4334 et
2949 4281 3336 4350 persequatur
3385 4294 3551 4333 reum

1901 4385 2004 4442 per
2034 4384 2217 4423 unum
2245 4364 2400 4421 diem
2431 4370 2488 4421 et
2518 4381 2620 4437 per
2646 4369 2900 4436 noctem,
2925 4370 3141 4421 etcum
3171 4366 3388 4438 populo
3420 4383 3551 4422 mu-

1900 4456 2188 4512 nicionem
2221 4452 2485 4508 obsideat
2513 4469 2615 4525 per
2643 4456 2762 4508 tres
2792 4451 2917 4510 dies
2946 4458 3003 4510 et
3035 4469 3139 4526 per
3166 4456 3285 4509 tres
3317 4457 3550 4523 noctes;

1899 4551 1957 4602 et
1986 4545 2034 4600 si
2068 4539 2326 4599 municio
2357 4540 2676 4615 expugnari
2708 4557 2825 4597 non
2855 4544 3047 4614 potest
3074 4540 3227 4597 infra
3258 4544 3374 4598 tres
3402 4542 3549 4608 dies,

110 4634 310 4689 curiis
344 4632 523 4689 etiam
574 4633 728 4688 infra
755 4632 1047 4706 legitimas
1095 4651 1262 4690 areas
1309 4634 1591 4689 domuum
1642 4652 1791 4707 quas
1820 4642 1868 4706 Ι)
1899 4636 2019 4691 dux
2047 4633 2133 4689 vel
2164 4646 2360 4687 comes
2386 4647 2520 4685 cum
2553 4629 2876 4699 majoribus
2903 4630 2973 4686 ad
3005 4629 3427 4687 destruendum
3458 4648 3551 4686 ca-

108 4722 428 4779 hovestete
456 4719 631 4794 vulgo
660 4737 957 4789 vocamus,
989 4723 1109 4779 sive
1140 4722 1257 4778 sint
1287 4727 1462 4795 septas
1493 4739 1597 4779 seu
1628 4722 1792 4780 nulla
1902 4722 2137 4779 stcllum
2168 4718 2495 4775 advocetur.
2511 4718 2565 4773 Si
2598 4718 2733 4789 quis
2763 4735 2895 4774 cum
2924 4716 3149 4789 laqueis
3170 4718 3259 4774 vel
3289 4735 3423 4775 cum
3455 4736 3553 4792 pe-

107 4828 262 4885 sepe
295 4810 423 4867 sint
452 4808 845 4866 circumdatae.
878 4810 1150 4869 Mulieres
1200 4810 1423 4868 nullius
1452 4812 1794 4869 violentiam
1901 4812 2050 4880 dica,
2070 4824 2247 4882 quam
2271 4806 2441 4880 vulgo
2469 4806 2651 4863 drucb
2673 4806 2947 4878 dicimus,
2962 4804 3253 4865 silvestria
3275 4806 3557 4865 animalia

187 5009 239 5044 η
270 5012 346 5063 In
376 5009 399 5061 Ρ
1153 4946 1156 4950 ’
1503 4937 1745 4995 νΑΡιΙλΕ
1782 4934 2191 5033 LECTIONES.

1732 5098 1965 5156 NOTAE.

184 5194 282 5268 (6)_
309 5191 581 5268 Annales
602 5190 928 5265 Augustani
953 5192 1034 5268 _i_n_
1055 5194 1186 5268 cod.
1221 5192 1361 5268 bibl.
1393 5194 1562 5268 regiis
1595 5194 1793 5252 Mona-
1943 5195 2044 5251 lim
2076 5197 2435 5268 Augustam,
2460 5191 2857 5268 lsidorum_De
2877 5192 3005 5268 ortu
3037 5192 3288 5268 etobitu
3319 5192 3557 5249 Patrum

103 5261 359 5338 censis,
386 5261 910 5338 Heinric-uni‘anno
945 5265 1079 5319 1103
1109 5266 1413 5338 Mogontias
1435 5261 1832 5323 commoranu
1904 5268 2131 5324 Veteris
2162 5261 2218 5322 Et
2247 5265 2385 5321 Novi
2425 5264 2779 5338 'I‘estamenti
2822 5261 3155 5338 continente
3184 5283 3233 5338 s.
3266 5282 3343 5333 ιχ,
3377 5279 3557 5338 manu

100 5344 310 5410 tem,_
345 5336 406 5390 in
466 5333 1098 5410 Epiphaniauregnum
1170 5333 1295 5410 per
1342 5339 1794 5410 quadriennium
1905 5357 1953 5395 s.
2001 5357 2081 5395 x11
2129 5337 2405 5406 ineuntis,
2464 5334 2831 5410 marginibus
2886 5333 3156 5410 ascripta
3196 5334 3554 5393 invenimus.

97 5406 638 5483 cum_iuraménto
691 5406 984 5483 paciﬁcari
1024 5406 1421 5483 constituisse,
1453 5411 1797 5483 cunctisque
1904 5410 2192 5466 Exhibent
2224 5409 2460 5466 notitias
2506 5406 2632 5483 tum
2680 5409 2752 5465 de
2797 5423 2937 5483 pace
2967 5406 3026 5461 in
3048 5406 3329 5483 universo
3377 5423 3557 5483 regno

149 5479 328 5553 ratia
356 5494 468 5553 sua
498 5477 837 5553 carentibus
862 5478 1179 5553 commissa
1207 5480 1505 5537 dimisisse
1536 5477 1793 5538 tradu'nt.
1907 5487 2149 5546 statuta,
2168 5490 2295 5538 tum
2325 5483 2395 5538 de
2416 5498 2556 5553 pace
2585 5480 2738 5536 inter
2757 5477 3556 5553 principesnonnullos‘Sue-

149 5499 322 5535 raua
356 5499 468 5534 sua
498 5499 837 5533 carentibus
862 5499 1179 5534 commissa
1207 5499 1505 5537 dimisisse
1536 5499 1793 5538 tradunt.
1907 5499 2149 5546 sraiuta,
2168 5499 2295 5538 tum
2325 5499 2395 5538 ac
2416 5499 2556 5553 pace
2585 5499 2738 5536 inter
2757 5499 3048 5553 principes
3077 5499 3391 5536 nonnuuos
3413 5499 3556 5536 Sue-

96 5499 592 5621 Eonstitutionis
638 5549 768 5619 ejus
826 5552 1050 5626 textum
1102 5551 1241 5626 jam_
1282 5552 1648 5626 deperditum
1691 5571 1797 5626 ope
1904 5555 2007 5609 vice
2038 5560 2094 5608 et
2124 5554 2454 5626 li‘ranconiie
2479 5552 2643 5608 inita.
2671 5551 3023 5626 Appendicis
3053 5550 3180 5626 loco
3209 5550 3558 5626 subjicimus

99 5625 638 5698 documentorum
680 5636 842 5698 mox_
856 5621 1376 5698 subsequentium‘
1400 5625 1671 5698 supplere
1702 5621 1796 5698 (ξδ-
1907 5641 2108 5698 paccm
2165 5624 2224 5679 in
2279 5625 2619 5698 episcopatu
2668 5621 3099 5682 Cddstantiensi
3138 5643 3173 5683 a
3217 5621 3557 5683 Gebebardo

96 5711 377 5763 namur,
432 5707 565 5764 quas
623 5690 685 5747 in
742 5691 938 5747 codice
993 5690 1135 5746 bibl.
1186 5693 1357 5767 regite
1410 5690 1794 5764 Monacensis,
1907 5690 2179 5771 episcopo
2211 5690 2610 5754 constitutam.
