3924 6210
365 417 521 482 1139

1723 413 2034 481 MONUM.
2079 411 2402 480 DIPLOM.

3615 414 3774 480 mo

361 550 583 608 scilicet
612 567 831 617 cervos,
862 549 1120 618 hinulos,
1143 567 1401 625 capreas,
1427 547 1722 622 capreolos
1745 548 1812 614 ³⁸,
1839 546 2004 621 lepo-
2033 548 2089 616 Α
2117 547 2340 604 dictum
2390 565 2451 606 se
2498 547 2663 617 sciat,
2707 547 3046 622 nullamque
3093 548 3570 606 communionem
3619 545 3772 606 inter

358 658 452 698 res
485 643 543 697 et
571 644 760 698 cetera
789 641 1026 714 ceperit,
1050 641 1324 696 dominus
1357 657 1500 696 suus
1544 638 1741 695 omnia
1759 654 1886 710 quae
1909 637 2008 693 ha-

359 729 457 787 bet
477 730 528 786 ei
551 731 795 799 auferat,
818 747 1122 803 possessor
1141 747 1273 785 vero
1293 734 1458 785 terra:
1482 729 1540 783 in
1564 745 1682 800 qua
1701 728 1821 784 fera
1841 732 2011 800 capta

357 819 554 891 fuerit,
577 835 820 875 manum
844 819 1032 875 eidem
1052 818 1140 874 vel
1170 818 1476 874 dimidiam
1511 817 1720 873 libram
1745 816 2010 872 denario-

357 925 490 965 rum
521 925 626 982 pro
651 925 825 964 manu
855 909 1099 964 auferat.
1126 906 1514 979 Excipiuntur
1534 905 1856 962 advocatio.
1893 947 1905 960 .
1945 947 1957 960 .
1995 949 2008 962 .

550 998 872 1054 Constitutio
894 998 1049 1070 pacis
1081 998 1138 1052 in
1171 995 1374 1052 diocesi
1403 995 1820 1053 Constantiensi.

431 1085 693 1140 Domnus
721 1083 1185 1153 Constantiensis
1210 1084 1520 1156 episcopus
1551 1083 1607 1138 in
1643 1099 1854 1156 magno
1878 1100 2012 1140 con-

357 1178 531 1229 ventu
566 1173 867 1241 abbatum,
889 1172 1257 1240 clericorum,
1282 1172 1587 1240 laicorum,
1612 1172 1670 1228 in
1703 1171 2013 1245 przesentia

359 1261 661 1336 apostolici
691 1261 889 1336 legati,
913 1261 1012 1334 qui
1035 1261 1214 1318 etiam
1239 1261 1337 1317 illo
1369 1262 1426 1317 in
1449 1265 1732 1334 tempore,
1751 1265 1815 1316 ut
1836 1261 2022 1339 credi.

358 1355 476 1420 tur,
499 1351 598 1409 Dei
619 1351 982 1424 providentia
1003 1355 1436 1423 supervenerat,
1452 1351 1574 1406 haec
1597 1350 2018 1422 subsequentia

359 1441 638 1498 omnibus
687 1439 1145 1512 astipulantibus
1177 1444 1234 1495 et
1263 1439 1738 1495 collaudantibus
1787 1440 2012 1496 statuit.

359 1530 639 1586 Convenit
667 1529 846 1595 enim,
870 1534 935 1584 ut
964 1545 1167 1601 pacem
1199 1545 1387 1602 usque
1419 1529 1476 1584 in
1511 1533 1902 1602 pcutecostem
1931 1529 2016 1584 fa-

361 1623 535 1688 ceret,
561 1622 626 1674 ut
655 1618 926 1690 quisquis
957 1615 1094 1672 huic
1135 1617 1263 1690 paci
1293 1618 1670 1674 concordaret
1700 1622 1756 1673 et
1781 1619 2014 1674 firmam

361 1707 700 1774 custodiret,
720 1707 828 1762 hac
849 1706 1038 1780 gratia
1058 1707 1409 1764 donaretur:
1435 1709 1498 1762 In
1527 1723 1875 1779 quocunque
1898 1725 2016 1763 mo~

361 1797 616 1854 nasterio
649 1797 741 1852 sui
774 1797 1145 1869 episcopatus
1175 1795 1540 1862 clericorum,
1567 1795 2011 1861 monachorum,

362 1886 422 1943 in
454 1890 741 1942 conventu
773 1887 1171 1941 cantabuntur
1213 1889 1434 1958 septem
1467 1885 1681 1952 missae,
1705 1885 2011 1945 duodecim

361 1991 649 2050 pauperes
677 1979 766 2030 ter
792 1979 1127 2048 pascentur,
1151 1978 1412 2046 preterea
1441 1973 1656 2046 singuli
1691 1973 2012 2046 presbyteri

363 2063 628 2137 singulas
646 2064 879 2130 missas,
897 2063 1069 2120 ceteri
1089 2063 1325 2120 litterati
1349 2063 1565 2136 singuli
1585 2063 2016 2135 quinquaginta

361 2153 643 2226 psalmos,
696 2153 958 2208 conversi
1011 2151 1441 2224 quinquaginta
1487 2156 1872 2224 paternoster.
1906 2152 2014 2208 De-

362 2241 580 2298 functis
607 2257 740 2297 vero
771 2233 872 2296 fiet
907 2241 1195 2313 quidquid
1244 2240 1362 2298 illis
1394 2241 1490 2313 qui
1543 2240 2013 2296 communionem

361 2330 744 2388 fraternitatis
791 2347 995 2387 eorum
1047 2335 1414 2404 acceperunt.
1458 2330 1702 2402 Insuper
1757 2330 2012 2386 universi

363 2421 692 2478 sacerdotes
721 2420 902 2476 totius
951 2419 1321 2492 episcopatus
1367 2419 1582 2493 singuli
1631 2424 1750 2475 tres
1799 2419 2015 2476 missas

363 2509 703 2566 cantabunt.
737 2507 859 2563 Illis
901 2526 1035 2565 vero
1075 2509 1178 2581 qui
1227 2508 1460 2564 interim
1493 2507 1762 2576 obierint,
1795 2508 2012 2580 singuli

363 2597 625 2671 singulas
655 2596 892 2665 missas,
926 2602 1282 2669 pascentque
1326 2597 1540 2668 singuli
1573 2595 1838 2671 singulos
1869 2614 2010 2668 pau-

359 2703 548 2760 peres.
581 2687 848 2742 Preterea
876 2686 1294 2758 pmnitentibus
1324 2694 1544 2758 septem
1576 2703 1864 2742 annorum
1897 2687 2012 2742 duo

361 2775 499 2832 anni
532 2775 606 2830 ab
654 2773 924 2846 episcopo
958 2775 1462 2830 condonabuntur.
1496 2775 1627 2830 Haec
1662 2774 1731 2830 de
1778 2773 2015 2846 publica

361 2879 504 2936 pace
535 2866 753 2919 statuta
781 2867 920 2919 sunt
950 2865 1017 2918 12
1038 2863 1278 2920 Kalend.
1301 2863 1672 2932 Novembris;
1702 2881 1879 2936 quam
1911 2864 2013 2936 qui

363 2951 674 3010 servaverit
702 2951 854 3007 hanc
899 2953 1149 3024 gratiam
1201 2951 1458 3008 habebit.
1491 2954 1578 3009 Ab
1623 2953 1730 3008 hac
1758 2969 1891 3009 vero
1923 2952 2014 3008 die

361 3041 703 3113 quicunque
731 3039 1042 3113 deliquerit
1070 3041 1127 3096 in
1159 3041 1419 3097 ecclesiis
1447 3058 1766 3114 eorumque
1795 3059 2014 3115 appen-

363 3129 552 3198 diciis,
579 3130 637 3186 in
670 3130 1071 3188 sacerdotibus
1114 3130 1235 3186 sive
1275 3130 1334 3186 in
1366 3131 1701 3204 quibusque
1730 3130 2016 3187 ordinatis

363 3215 735 3293 personis,‘in
766 3219 1071 3275 monachis
1118 3223 1176 3275 et
1221 3220 1536 3288 conversis,
1557 3219 1644 3276 vel
1678 3220 1735 3275 in
1770 3220 2015 3292 quibus.

2118 640 2340 694 ceteros
2371 638 2576 694 fratres
2608 655 2795 712 usque
2825 639 2896 694 ad
2918 637 3158 712 dignam
3183 637 3647 696 satisfactionem
3677 637 3774 695 ha-

2122 727 2275 783 beat.

2885 817 3007 874 VII.

2488 923 2806 962 coxvnN'rus
2837 922 3285 963 RATISPONENSIS
3319 907 3418 978 (7).

2441 995 2580 1068 (An.
2633 996 2794 1068 1104,
2841 995 3000 1063 Jan.,
3052 995 3210 1062 Feb.,
3261 995 3458 1060 Mart.)

2123 1086 2207 1139 Ex
2241 1085 2472 1140 concilio
2520 1085 2918 1156 Ratisponensi,
2965 1086 3056 1140 cui
3103 1085 3363 1156 interfuit
3407 1085 3675 1142 Henricus
3705 1085 3778 1142 111

2408 1157 2708 1228 imperator
2742 1172 2867 1211 eum
2893 1157 3085 1211 multis
3114 1157 3489 1228 optimatibus.

2198 1263 2491 1318 Statutum
2513 1267 2620 1330 est,
2637 1266 2701 1318 ut
2719 1262 2792 1318 ad
2813 1259 3095 1334 placitum
3117 1260 3434 1333 cujuslibet
3453 1262 3718 1318 advocati
3733 1264 3778 1298 ⁸⁸

2126 1351 2482 1424 pertinentes
2513 1350 2693 1408 semel
2724 1351 2782 1406 in
2814 1367 2968 1407 anno
2998 1350 3235 1424 quando
3265 1355 3620 1424 praeceptum
3651 1351 3776 1407 fus-

2127 1439 2222 1504 rit,
2250 1455 2454 1494 omnes
2506 1439 2680 1495 certis
2728 1439 2788 1494 in
2834 1437 2980 1496 locis
3030 1438 3396 1507 conveniant,
3429 1438 3776 1512 ibiqueﬁin

2127 1527 2426 1585 servitium
2460 1545 2635 1584 suum
2669 1527 2802 1601 plus
2825 1545 2940 1584 non
2971 1527 3208 1601 exigant
3237 1527 3350 1584 nisi
3369 1528 3521 1584 duos
3551 1529 3779 1587 modios

2125 1616 2324 1683 tritici,
2343 1621 2401 1673 et
2430 1617 2578 1673 duos
2604 1635 2830 1690 porcos,
2853 1621 2973 1674 tres
2995 1617 3171 1674 cados
3195 1616 3312 1673 vini
3337 1621 3396 1674 et
3415 1617 3461 1653 "
3489 1618 3777 1686 medonis,

2126 1707 2326 1762 decem
2353 1707 2528 1762 cados
2563 1706 2840 1778 cervisiaa,
2861 1710 2918 1763 et
2947 1706 3209 1779 quinque
3240 1707 3468 1764 modios
3498 1723 3694 1776 avena
3714 1709 3777 1763 ³⁷.

2127 1795 2199 1850 Ut
2227 1799 2422 1851 autem
2454 1812 2522 1851 ea
2542 1812 2666 1868 qua:
2699 1795 2771 1850 ad
2803 1811 2949 1850 usus
2980 1795 3230 1851 fratrum
3260 1795 3555 1868 pertinent
3582 1795 3780 1854 minus

2125 1884 2552 1954 distrahantur,
2574 1884 2698 1941 haec
2735 1884 3072 1956 subscripta
3099 1882 3160 1940 in
3190 1901 3336 1941 usus
3365 1885 3776 1942 advocatorum

2125 1976 2263 2030 sunt
2292 1973 2569 2046 deputata
2601 1990 2614 2028 :
2647 1972 2914 2030 videlicet
2955 1973 3129 2030 tertia
3171 1988 3307 2046 pars
3338 1973 3692 2044 bannorum,
3725 1979 3782 2031 et

2124 2061 2445 2118 satisfactio
2469 2062 2888 2130 temeritatum,
2912 2061 2994 2118 ita
3014 2065 3234 2133 tamen,
3257 2066 3322 2118 ut
3341 2062 3390 2118 si
3415 2079 3532 2136 qua
3549 2063 3781 2136 dispen-

2124 2151 2222 2207 dia
2251 2167 2344 2207 res
2374 2152 2618 2207 fratrum
2652 2151 2978 2224 patiuntur,
2998 2149 3189 2224 primo
3219 2150 3304 2208 eis
3333 2168 3444 2208 sua
3471 2151 3782 2220 restituan-

2124 2245 2238 2296 tur.
2260 2239 2592 2313 Werigelda
2636 2241 2883 2296 fratrum
2915 2245 3054 2296 sunt
3075 2241 3140 2310 ³³,
3174 2245 3231 2296 et
3261 2239 3625 2314 mancipium
3675 2258 3780 2315 pro

2126 2329 2440 2403 mancipio.
2467 2331 2726 2386 Preterea
2757 2329 2807 2386 si
2854 2329 3080 2402 praelati
3128 2328 3401 2386 ecclesiis
3435 2329 3635 2402 aliqua
3679 2347 3780 2388 ne~

2124 2420 2395 2476 cessitate
2424 2423 2664 2492 cogente
2689 2419 2975 2474 damnum
3007 2419 3120 2475 sibi
3137 2417 3226 2474 vel
3257 2419 3435 2474 rebus
3460 2424 3589 2476 suis
3607 2421 3653 2456 ²⁹
3681 2419 3784 2476 illa

2123 2513 2250 2564 tum
2291 2507 2448 2564 salvo
2477 2507 2680 2564 ordine
2730 2524 2838 2564 suo
2897 2523 3242 2580 recuperare
3295 2523 3411 2563 non
3466 2506 3780 2576 valuerint,

2126 2597 2287 2670 ipsos
2331 2597 2640 2653 advocatos
2668 2597 2730 2652 in
2761 2599 3187 2668 competentem
3216 2594 3412 2652 locum
3461 2596 3779 2665 advocent;

2125 2687 2223 2743 ubi
2254 2703 2462 2743 causas
2483 2684 2861 2758 querimoniae
2884 2683 3196 2758 diligenter
3216 2684 3557 2754 discutiant,
3579 2684 3786 2741 nichil-

2124 2791 2236 2847 que
2268 2775 2348 2830 ibi
2378 2775 2452 2829 ab
2480 2773 2564 2830 eis
2593 2772 2681 2830 vel
2711 2775 2784 2829 ab
2813 2789 3017 2830 eorum
3049 2771 3272 2830 colonis
3303 2773 3474 2847 quasi
3524 2775 3637 2831 sub
3675 2775 3778 2846 ju-

2123 2863 2196 2920 sti
2206 2863 2286 2918 tia
2314 2863 2568 2937 exigant,
2591 2863 2691 2918 sed
2715 2879 2848 2918 cum
2869 2861 3111 2918 caritate
3132 2861 3242 2918 hoc
3263 2863 3417 2935 quod
3438 2861 3524 2919 eis
3554 2862 3780 2936 impen-

2125 2969 2258 3008 sum
2286 2952 2460 3008 fuerit
2488 2951 2794 3024 accipiant.

2196 3043 2327 3098 Haec
2367 3046 2562 3098 autem
2609 3045 2738 3096 acta
2769 3044 2908 3097 sunt
2935 3039 2997 3096 in
3026 3040 3260 3096 civitate
3303 3039 3643 3109 Ratisbona,
3674 3057 3779 3098 an-

2126 3147 2201 3186 no
2230 3129 2534 3186 dominicae
2565 3128 2984 3185 incarnationis
3029 3129 3188 3196 1104,
3219 3127 3421 3184 indict.
3455 3129 3544 3200 12,
3577 3129 3783 3202 praesi-

2127 3220 2296 3275 dente
2319 3235 2469 3292 papa
2489 3217 2754 3274 Paschali
2779 3219 2890 3284 11',
2915 3221 3199 3291 praesente
3225 3217 3272 3253 ³ο
3291 3220 3488 3274 autem
3511 3217 3785 3276 Heinrico

371 3291 603 3381 cunque
625 3308 1000 3381 adjudicium
1024 3307 1277 3381 episcOpi
1305 3308 1750 3380 pertinentibus,
1775 3291 1846 3364 de
1867 3291 2089 3364 com-C
2127 3291 2474 3381 imperatore
2529 3307 2628 3363 III“
2683 3305 2888 3362 multis
2946 3305 3056 3362 hoc
3110 3310 3230 3362 tam
3287 3303 3544 3362 ecclesia:
3601 3323 3784 3380 quam

371 3397 536 3454 muni
565 3413 854 3454 consensu
887 3398 1182 3454 decretum
1205 3402 1314 3463 est,
1349 3402 1414 3452 u-t
1434 3398 1598 3454 vivus
1629 3403 1685 3454 et
1707 3397 2018 3454 defunctus

373 3485 488 3543 nisi
519 3486 830 3560 resipuerit
869 3487 1282 3542 communione
1319 3492 1533 3543 careat.
1558 3487 1880 3560 Presbyter,
1915 3487 2015 3558 qui

368 3575 586 3633 talibus
617 3576 806 3632 sciens
838 3575 1372 3644 communicaverit,
1396 3576 1469 3630 ab
1489 3575 1680 3632 olficio
1703 3592 1810 3632 suo
1837 3575 2016 3631 inter-

2127 3397 2290 3471 regni
2330 3394 2694 3470 principibus
2732 3393 3226 3450 conlaudantibus
3275 3398 3334 3450 et
3380 3394 3786 3453 conﬁrmanti-

2126 3487 2258 3554 bus,
2291 3501 2542 3558 quorum
2573 3483 2814 3540 nomina
2839 3484 2882 3519 ³¹
2917 3483 3136 3556 scripta
3166 3486 3306 3540 sunt
3335 3483 3394 3539 in
3427 3483 3639 3556 majori
3671 3485 3790 3558 pri-

2124 3574 2354 3647 vilegio.

1719 3700 1962 3758 VARI!!!)
2001 3698 2416 3756 LECTIONES.

431 3799 478 3871 ξε
504 3800 620 3856 cod.
653 3798 863 3871 reolos.
939 3799 985 3832 ²⁴
1018 3814 1366 3870 magnarum
1410 3799 1789 3856 ecclesiarum
1820 3816 1874 3871 p.
1908 3798 2108 3871 Aitah.
2165 3798 2209 3871 τε
2238 3796 2277 3852 i.
2324 3795 2589 3871 advocati
2611 3811 2676 3871 ρ.
2711 3794 2919 3871 (ζιζαὴκ
2969 3793 3132 3871 3‘“ch
3162 3795 3344 3851 Altah.
3404 3796 3464 3871 ﬁ"
3495 3813 3562 3871 a._
3583 3797 3646 3853 in
3676 3813 3782 3871 pa-

358 3869 566 3952 bulum
597 3869 838 3952 triginta
877 3865 1163 3952 equorum
1213 3873 1428 3952 reliqua
1469 3872 1662 3928 desunt
1708 3873 1768 3927 in
1815 3865 1995 3927 Illtah.
2071 3870 2116 3905 ³⁸
2145 3869 2298 3925 sicut
2341 3867 2531 3926 Meieh.
2607 3865 2653 3903 ῖν
2681 3865 2794 3922 sibi
2821 3866 2938 3924 eod.
3013 3866 3060 3901 ³⁰
3088 3871 3368 3936 regnante
3397 3866 3464 3924 Μ.
3543 3869 3586 3904 ⁸³
3622 3865 3699 3925 ιιῖ
3721 3869 3782 3925 in

357 3939 508 3998 libro
537 3939 919 3997 traditionum
934 3939 1430 3998 'continentur'M.

1941 4039 2174 4094 NOTZE.

426 4135 504 4208 (7)
533 4139 827 4193 Statutum
867 4139 937 4194 de
981 4139 1274 4195 advocatis
1320 4136 1701 4194 ecclesiarum
1749 4137 1807 4192 in
1859 4155 2001 4193 con-

352 4212 528 4292 ventu
555 4209 963 4292 Batisponensi
995 4209 1203 4292 primis
1227 4209 1362 4292 anni
1393 4209 1866 4292 1104.mensibus
1887 4209 2002 4290 edi-

350 4284 498 4352 tum,
523 4279 789 4352 atquein
813 4279 1012 4338 codice
1039 4281 1405 4336 bibliothecae
1436 4279 1604 4352 regiae
1637 4280 2002 4336 Monacensis

353 4349 493 4406 olim
531 4349 899 4425 Augustano,
921 4353 1047 4478 iam
1097 4368 1230 4407 vero
1278 4351 1432 4406 inter
1483 4349 1715 4408 codices
1764 4351 2003 4407 Latinos

353 4439 410 4476 n.
442 4424 477 4476 2
507 4428 822 4478 asservato.
864 4423 920 4478 fo
950 4465 962 4478 .
986 4422 1100 4478 89‘.
1133 4439 1312 4478 manu
1345 4423 1542 4478 seaculi
1571 4441 1650 4478 xu
1699 4427 1999 4478 exaratum

350 4439 410 4476 n.
442 4424 477 4476 2
507 4422 822 4492 asse—rvato,
864 4422 962 4478 fol.
986 4422 1100 4486 89‘,
1133 4439 1312 4478 manu
1345 4423 1542 4479 seaculi
1571 4441 1650 4478 xu
1699 4427 1999 4480 exaratum

351 4509 500 4548 anne
533 4496 671 4550 1833
722 4494 936 4550 inveni.
971 4494 1308 4550 Przecedunt
1363 4495 1442 4550 ibi
1500 4494 1623 4551 haec
1669 4495 1888 4552 verba:
1920 4497 2003 4550 Ea:

347 4567 578 4638 concilio
608 4567 902 4638 A/fricano.
941 4567 1130 4622 Visum
1167 4575 1244 4622 est
1286 4569 1578 4634 universis,
1611 4569 1678 4622 ab
1709 4569 1999 4638 imperato-

347 4636 501 4692 ribus
515 4636 906 4710 postulandum
921 4644 1145 4710 propter
1159 4639 1518 4710 afﬂictionem
1531 4636 1860 4711 pauperum,
1873 4654 2002 4710 quo-

2109 4153 2237 4191 rum
2257 4135 2522 4191 molestiis
2560 4135 2682 4190 sine
2704 4205 2707 4206 ν
2729 4135 3137 4190 intermissione
3179 4135 3456 4206 fatigatur
3483 4135 3780 4206 Alectosia,

2111 4211 2172 4263 ut
2197 4207 2505 4279 defensores
2533 4207 2624 4281 eis
2643 4205 2902 4281 adversus
2927 4207 3204 4281 potentias
3232 4205 3470 4281 divitum
3494 4223 3625 4281 eum
3658 4205 3781 4281 cpi;

2108 4275 2391 4361 seopozrum
2417 4279 2728 4359 provisione
2755 4275 3144 4360 deligerentur.
3169 4275 3374 4332 Prima:
3404 4275 3784 4336 constitutio-

2112 4367 2203 4404 nis
2233 4349 2400 4404 lineae
2431 4366 2490 4404 in
2513 4348 2710 4404 codice
2728 4347 3028 4404 Altabensi
3051 4365 3146 4404 an.
3174 4349 3314 4404 1260
3337 4348 3410 4404 ab
3432 4349 3782 4404 Hermanno

2112 4367 2203 4406 nis
2235 4365 2400 4405 lineae
2431 4366 2490 4404 1n
2513 4365 2710 4405 οοαιοθ
2728 4365 3028 4405 Λιιεωθηει
3051 4365 3146 4404 an.
3174 4365 3314 4404 IZOU
3337 4365 3410 4404 80
3434 4365 3782 4408 uermanno

2111 4423 2320 4478 abbate
2346 4419 2691 4493 conscripto
2709 4423 3034 4493 servantur,
3057 4419 3504 4493 atquevulgntaa
3537 4428 3684 4478 sunt
3718 4423 3779 4478 in

2111 4493 2508 4548 Monumentis
2539 4489 2730 4563 Boicis
2759 4495 2802 4563 t.
2829 4491 2922 4560 XI,
2943 4507 2999 4563 p7.
3025 4489 3208 4563 26,}1.
3233 4489 3614 4563 10;4alteram
3645 4493 3782 4550 edi-

2109 4565 2330 4620 tionem
2361 4580 2430 4620 ex
2453 4563 2600 4619 libro
2629 4561 2991 4622 Frisingensi
3013 4561 3172 4618 dedit
3193 4561 3592 4620 Meichelbeck
3623 4564 3777 4622 Hist.

2111 4635 2360 4709 Frising.
2392 4639 2436 4690 t.
2473 4639 2517 4703 Ι,
2552 4651 2608 4706 p.
2645 4650 2708 4700 ιι,
2741 4650 2799 4688 ιι.
2834 4635 2994 4688 1272.

1136 4927 1660 5024 HENRICI
1729 4929 1858 5022 IV
1925 4925 2172 5020 IMP.
2244 4919 2971 5018 DIPLOMATA

1851 5129 2250 5142 μ..-

566 5339 928 5412 Privilegium
951 5360 1054 5414 pro
1083 5257 1320 5402 Eclelesia
1347 5345 1763 5416 Hamburgensi.

821 5433 1006 5498 (Anno
1038 5436 1196 5502 1057,
1228 5438 1364 5510 Apr.
1396 5435 1512 5505 25.)

523 5516 944 5588 [Larissam-mc,
977 5523 1271 5596 Hamburg.
1308 5523 1576 5589 Urkund.,
1607 5539 1663 5594 p.
1695 5523 1802 5594 79._

417 5598 478 5654 In
512 5605 746 5660 nomine
771 5613 981 5663 saucies
1003 5615 1060 5665 et
1081 5611 1390 5668 individua:
1412 5609 1734 5667 Trinitatis.
1761 5610 1982 5666 Hamm-

348 5696 474 5752 cus,
507 5688 700 5746 divina
730 5692 953 5750 favente
981 5697 1310 5770 clementia,
1343 5717 1460 5756 rex.

2175 5252 2234 5308 Si
2265 5251 2392 5306 loca
2421 5248 2634 5305 divinis
2655 5247 2909 5306 cultibus
2941 5247 3295 5321 mancipata,
3313 5264 3478 5306 more
3498 5253 3784 5310 anteces-

2101 5357 2300 5401 sorum
2322 5342 2678 5407 nostrorum,
2703 5353 2906 5412 regum
2927 5341 2986 5396 et
3012 5337 3460 5410 imperatorum,
3487 5339 3686 5398 ditare
3717 5347 3784 5398 et

2100 5429 2420 5486 sublimare
2461 5443 2762 5493 curamus,
2789 5431 3066 5484 aeternam
3109 5417 3778 5486 retributionem-nobis

2099 5519 2236 5576 inde
2267 5517 2526 5572 futuram
2570 5515 2795 5588 liquido
2825 5515 3141 5572 credimus.
3175 5515 3461 5582 Quocirca
3488 5517 3774 5576 omnium

2096 5605 2310 5666 Christi
2331 5609 2785 5678 nostrorumque
2799 5603 3062 5660 ﬁdelium
3085 5609 3206 5659 tam
3227 5603 3566 5662 futurorum
3580 5623 3776 5681 quam

2096 5693 2474 5773 praesentium
2492 5693 2717 5749 noverit
2733 5691 3025 5749 industria
3041 5690 3293 5765 qualiter
3307 5709 3439 5764 nos,
3454 5710 3563 5768 pro
3578 5711 3780 5752 reme-
