3924 6210
190 330 347 398 HM

1546 333 1938 402 HENRICUS
1979 332 2061 404 IV
2101 337 2264 404 IMP.

3447 336 3606 402 1142

185 469 287 529 dio
317 469 500 527 beata
531 468 826 528 memoria
855 469 1040 544 patris
1070 469 1255 530 nostri
1292 469 1543 528 Heinrici
1572 471 1727 528 tertii
1759 489 1847 529 re-
1876 472 1933 542 Α
1952 475 2136 549 judex
2156 472 2426 548 publicus
2444 472 2534 532 vel
2557 473 2807 549 quilibet
2824 471 3517 548 exjudieiariapotcstate
3543 470 3607 530 ln

183 560 300 634 gis,
325 560 570 616 secundi
593 560 992 618 Romanorum
1013 561 1383 635 imperatoris
1404 562 1673 634 Augusti,
1697 566 1754 618 et
1775 562 1848 618 ob

181 649 588 706 interventum
620 649 843 706 dilectae
892 651 1098 708 matris
1129 654 1340 709 nostrae
1372 651 1632 724 Agnetis,
1668 652 1852 724 impe-

178 739 420 796 ratricis
451 743 751 811 Auguste,
775 757 881 797 nec
903 758 1017 797 non
1039 742 1114 797 ob
1137 742 1476 814 petitionem
1498 745 1555 797 et
1578 742 1853 797 devotum

179 844 251 885 ac
282 828 452 884 ﬁdele
483 829 789 884 servitium
815 830 1136 898 Adalberti,
1157 830 1510 886 venerabilis
1536 831 1858 888 Hamabur-

178 917 388 991 gensis
419 916 691 974 Ecclesia;
743 919 1188 992 archiepiscopi,
1220 937 1348 992 qua:
1398 923 1487 975 est
1519 924 1857 975 constructa

181 1006 247 1062 in
279 1006 562 1062 honorem
608 1007 808 1064 Sancti
856 1008 1174 1067 Salvatoris
1203 1014 1261 1064 et
1291 1007 1677 1065 sanctissimae
1727 1009 1855 1080 eius

179 1094 488 1170 genitricis
515 1095 708 1152 Mariae
731 1097 998 1170 virginis,
1031 1098 1346 1170 quemdam
1370 1098 1558 1153 nostri
1580 1097 1736 1168 juris
1767 1114 1858 1154 co-

183 1185 490 1255 mitatum,
523 1184 744 1242 scilicet
776 1185 834 1241 in
867 1187 1034 1259 pagis
1061 1188 1336 1260 Hunesga
1365 1191 1422 1242 et
1454 1185 1694 1259 Fivilga,
1721 1202 1854 1243 cum

186 1275 397 1332 eodem
427 1275 564 1346 jure
594 1274 873 1348 omnique
925 1276 1198 1344 utilitate,
1230 1293 1410 1349 quam
1457 1279 1856 1332 antecessores

187 1363 380 1420 nostri
412 1362 747 1420 habuerunt
773 1365 863 1420 vel
905 1364 1024 1421 ullo
1070 1366 1245 1421 modo
1294 1366 1352 1420 in
1406 1365 1668 1421 futurum
1722 1365 1857 1421 inde

186 1452 406 1526 poterit
453 1451 774 1524 provenire,
807 1454 879 1508 ad
932 1470 1108 1510 usum
1162 1455 1430 1526 ejusdem
1482 1453 1748 1510 Ecclesiae
1797 1455 1856 1510 in

183 1541 496 1615 proprium
527 1540 884 1599 tradidimus
914 1546 970 1599 et
996 1543 1482 1599 condonavimus.

257 1635 510 1702 Insuper
535 1630 712 1685 etiam
761 1630 950 1688 eidem
983 1631 1422 1705 archiepiscopo
1477 1632 1769 1688 licentiam
1803 1635 1860 1688 et

180 1721 536 1791 potestatem
569 1719 967 1776 concessimus
1011 1719 1072 1775 in
1116 1721 1323 1776 eodem
1373 1721 1661 1776 comitatu
1712 1722 1860 1777 duos

183 1811 485 1864 mercatus
501 1808 1111 1876 constituendi,unum
1136 1809 1412 1865 videlicet
1428 1809 1490 1865 in
1502 1810 1856 1866 Wincheim.
1888 1845 1939 1912 Β

185 1901 249 1953 et
280 1895 533 1953 alterum
581 1897 639 1952 in
675 1897 1146 1968 Gerleviswerth,
1174 1915 1309 1954 cum
1351 1899 1605 1956 monetis
1629 1905 1687 1956 et
1717 1900 1859 1955 telo-

189 1987 346 2053 neis,
370 1990 489 2042 tam
523 1986 581 2041 in
613 2003 766 2059 aqua
795 2004 972 2059 quam
1006 1987 1065 2042 in
1109 1991 1267 2042 terra
1295 1991 1352 2044 et
1381 1988 1443 2043 in
1474 1989 1631 2044 omni
1663 1988 1859 2044 distri-

187 2075 383 2131 ctione
415 2090 542 2147 quaa
573 2075 646 2130 ad
666 2075 859 2132 forum
881 2080 939 2131 et
962 2075 1183 2148 regiam
1212 2077 1469 2148 pertinet
1490 2081 1856 2154 potestatem,

185 2162 274 2219 ita
305 2163 543 2236 quidem
578 2167 642 2218 ut
669 2163 866 2220 nullus
887 2164 1072 2236 judex
1093 2168 1194 2220 aut
1219 2169 1456 2221 exactor
1475 2165 1565 2222 vel
1598 2165 1716 2221 ulla
1748 2165 1862 2222 alia

189 2268 468 2325 persona,
496 2255 704 2325 praeter
732 2252 968 2308 libitum
1001 2253 1260 2326 praedicti
1294 2253 1736 2328 archiepiscopi,
1765 2272 1859 2310 re-

187 2341 353 2415 giam
404 2345 666 2397 nostram
719 2340 1094 2398 traditionem
1154 2343 1430 2398 invadere
1482 2347 1584 2398 aut
1629 2344 1856 2400 irritam

183 2429 381 2487 facere
409 2434 761 2502 praesumat.

260 2519 421 2575 Hanc
457 2524 652 2575 autem
690 2519 1065 2576 traditionem
1088 2520 1190 2576 tali
1220 2520 1446 2576 ratione
1467 2522 1856 2591 firmavimus,

184 2611 255 2664 ut
294 2608 572 2680 prmfatus
603 2608 1087 2682 archiepiscopus
1117 2614 1175 2665 et
1199 2626 1569 2666 successores
1599 2611 1756 2667 illius
1786 2612 1857 2668 de

193 2696 640 2770 praenominatis
671 2698 846 2753 rebus
887 2697 1134 2754 liberam
1183 2698 1461 2771 deinceps
1512 2703 1855 2772 potestatem

189 2785 454 2842 habeant
469 2786 829 2854 tenendi,vel
852 2787 1136 2859 quidquid
1160 2787 1278 2842 illis
1300 2788 1370 2843 ad
1395 2806 1569 2844 usum
1593 2788 1857 2844 Ecclesiae

189 2875 620 2948 prenominataa
646 2874 931 2947 placuerit
955 2876 1092 2931 inde
1116 2876 1383 2932 faciendi.
1409 2877 1479 2932 Et
1509 2881 1573 2934 ut
1602 2877 1723 2934 haec
1753 2895 1856 2934 no-

192 2969 318 3020 stra
353 2962 567 3036 regalis
590 2963 823 3020 traditio
845 2963 1072 3020 stabilis
1094 2969 1150 3021 et
1176 2965 1521 3022 inconvulsa
1545 2969 1706 3022 omni
1737 2984 1860 3040 per-

193 3056 436 3110 maneat
464 3069 602 3119 aevo,
625 3053 777 3109 hanc
809 3053 1073 3109 chartam
1103 3054 1238 3110 inde
1265 3056 1654 3127 conscriptam
1677 3073 1856 3112 manu

188 3140 451 3215 propria,
482 3145 548 3197 ut
576 3141 729 3197 infra
772 3141 1022 3212 videtur,
1049 3143 1410 3214 roborantes,
1443 3142 1623 3215 sigilli
1671 3145 1855 3200 nostri

187 3229 588 3303 impressione
608 3231 904 3302 jussimus
933 3231 1228 3305 insigniri.

263 3321 411 3376 Data
438 3337 518 3376 vu
552 3319 843 3376 Kalendas
871 3320 1029 3392 Maii,
1055 3338 1206 3376 anno
1238 3321 1551 3378 Dominica:
1585 3323 1853 3379 Incarna-

186 3408 373 3466 tionis
406 3411 566 3475 1057,
597 3408 916 3466 indictione
945 3428 1000 3476 x,
1033 3427 1187 3466 anno
1219 3414 1414 3467 autem
1448 3411 1647 3467 domni
1682 3413 1850 3468 Hein-

186 3498 296 3556 rici
332 3497 405 3553 IV
435 3497 588 3570 regis
619 3497 1001 3555 ordinationis
1032 3500 1223 3567 tertio,
1257 3498 1421 3572 regni
1453 3499 1661 3572 primo.

261 3588 476 3643 Actum
512 3587 775 3644 Werede.
801 3588 864 3643 In
895 3587 997 3644 Dei
1031 3589 1268 3644 nomine
1299 3588 1560 3644 feliciter.
1589 3591 1794 3646 Amen.

339 3765 704 3834 Privilegium
728 3780 830 3836 pro
858 3765 1084 3822 ecclesia
1111 3766 1166 3821 S.
1198 3767 1353 3821 Petri
1375 3767 1714 3824 Mindonensi

827 3854 1014 3925 (Anno
1048 3855 1231 3926 1059.)

390 3943 677 4014 [ΕΒΗΑΒΒ,
714 3941 838 3999 Cod.
871 3942 1095 4015 diplom.
1138 3944 1387 4015 Westph.,
1421 3961 1479 4017 p.
1514 3946 1656 4013 117.]

272 4032 337 4089 In
370 4032 608 4087 nomine
639 4035 854 4087 sancte
885 4037 942 4087 et
978 4031 1290 4087 individuis
1323 4033 1650 4102 Trinitatis,
1684 4034 1857 4090 Hem-

194 4138 394 4190 mcus,
428 4121 628 4177 divina
658 4121 886 4178 favente
914 4121 1241 4189 clementia,
1275 4138 1394 4178 rex.

271 4209 562 4268 Omnibus
590 4209 803 4266 Christi
845 4209 1148 4281 nostrique
1190 4209 1460 4266 ﬁdelibus
1490 4215 1610 4267 tam
1645 4213 1860 4270 futuris

197 4317 384 4372 quam
415 4299 805 4370 praesentibus
850 4303 1055 4354 notum
1105 4315 1237 4355 esse
1282 4298 1575 4365 volumus,
1611 4300 1862 4372 qualiter

197 4389 536 4464 Egilbertus
566 4388 878 4461 episcopus
909 4392 1122 4445 sancta:
1164 4388 1564 4444 Mindonensis
1595 4388 1860 4445 Ecclesia:

198 4478 260 4535 in
292 4478 515 4535 honore
545 4479 732 4534 sancti
784 4477 934 4534 Petri
982 4477 1381 4550 apostolorum
1416 4477 1696 4549 principis
1724 4495 1860 4534 con-

201 4567 511 4625 structaain
526 4570 788 4624 nostram
804 4566 1002 4622 attulit
1020 4565 1396 4638 praesentiam
1418 4565 1669 4637 piissimi
1684 4571 1869 4640 nostri
1898 4585 1950 4653 D

201 4655 486 4730 genitoris
517 4654 772 4712 Heinrici
802 4654 1176 4728 imperatoris
1215 4653 1465 4726 Augusti
1495 4657 1864 4712 ceterorum-

200 4760 316 4816 que
346 4748 789 4800 antecessorum
823 4747 1162 4800 nostrorum
1196 4760 1404 4816 regum
1432 4742 1520 4798 vel
1554 4742 1866 4815 imperato-

202 4849 337 4888 rum
365 4832 606 4904 scripta,
630 4832 689 4887 in
714 4832 932 4904 quibus
954 4832 1384 4899 continebatur,
1405 4830 1654 4903 qualiter
1681 4832 1870 4904 ipsius

204 4921 456 4994 praefata:
489 4919 758 4976 Ecclesiae
790 4937 884 4978 res
915 4937 1051 4976 cum
1082 4920 1359 4978 omnibus
1407 4920 1468 4976 in
1518 4919 1663 4993 ipsis
1692 4922 1869 4979 rebus

203 5009 672 5068 consistentibus
690 5010 748 5065 in
765 5009 1003 5066 illorum
1021 5013 1368 5082 receperunt
1381 5010 1867 5068 mundiburdium

203 5115 270 5154 ac
283 5097 1106 5170 defensionem,precatusque
1120 5102 1207 5155 est
1221 5099 1591 5156 serenitatem
1605 5104 1866 5157 nostram

203 5191 272 5242 ut
287 5186 399 5242 hoc
421 5186 619 5258 ipsum
639 5203 671 5242 a
689 5192 900 5242 nostra)
918 5186 1240 5259 impcrialis
1259 5188 1562 5260 potestatis
1579 5205 1868 5246 consensu

203 5275 330 5332 ﬁeri
365 5291 481 5330 non
513 5291 944 5332 recusaremus.
973 5276 1089 5331 Nos
1121 5281 1315 5332 autem
1363 5276 1436 5332 ob
1479 5294 1736 5334 amorem
1767 5278 1869 5335 Dei

202 5369 540 5436 nostraeque
572 5363 781 5419 animae
807 5364 1132 5420 remedium
1156 5381 1262 5420 nec
1286 5382 1400 5421 non
1428 5382 1532 5438 pro
1553 5383 1868 5440 regnorum

203 5456 550 5510 nostrorum
574 5451 910 5520 stabilitate,
930 5454 1425 5525 praedecessorum
1447 5439 1780 5512 nostrorum
1813 5462 1871 5512 et

200 5546 487 5616 paternos
511 5557 703 5597 mores
728 5545 1039 5614 sequentes
1060 5546 1116 5599 et
1143 5543 1272 5614 ejus
1293 5544 1644 5616 benignitati
1665 5562 1866 5602 assen-

200 5624 444 5702 tientes,
467 5629 552 5687 ita
581 5629 704 5686 fieri
736 5629 1120 5699 decrevimus,
1147 5632 1546 5705 praecipientes
1577 5637 1642 5690 ut
1670 5633 1868 5691 nullus

1961 565 2238 622 ecclesias
2254 567 2355 621 aut
2374 564 2499 621 loca
2511 564 2599 621 vel
2617 581 2790 638 agros
2811 582 2914 622 seu
2936 562 3609 638 reliquupossessiones

1955 656 2081 726 jam
2105 655 2270 710 dictae
2292 654 2580 722 Ecclesiae,
2601 672 2749 727 quas
2780 671 2937 711 nunc
2967 655 3122 710 infra
3141 653 3423 713 ditionem
3443 651 3608 720 regni

1962 743 2144 800 nostri
2161 743 2391 817 legibus
2412 744 2692 815 possidet,
2705 743 2795 799 vel
2814 759 2940 816 qua)
2957 743 3232 814 deinceps
3252 740 3315 806 in
3326 741 3464 812 jura
3478 740 3608 812 ejus

1963 832 2158 888 divina
2187 832 2371 904 pietas
2409 831 2660 888 voluerit
2687 833 2906 904 augeri,
2930 832 3004 887 ad
3037 847 3246 886 causas
3288 829 3611 891 audiendas

1961 920 2049 978 vel
2069 921 2230 978 freda
2244 921 2546 993 exigenda,
2560 920 2896 978 mansiones
2912 920 3002 978 vel
3024 920 3275 993 paradas
3292 917 3610 985 faciendas,

1965 1014 2066 1065 aut
2094 1012 2468 1081 fidejussores
2510 1009 2818 1078 tollendos,
2844 1015 2945 1066 aut
2991 1009 3261 1066 homines
3291 1006 3478 1081 ipsius
3507 1005 3612 1068 Ea-

1965 1099 2408 1166 clesiae,francos
2434 1098 2648 1156 liberos
2668 1104 2726 1156 et
2745 1098 3172 1156 ecclesiasticos
3196 1097 3406 1154 litones
3428 1095 3615 1153 maal‘

1965 1205 2122 1244 mam
2155 1187 2243 1244 vel
2274 1203 2470 1244 servos
2511 1188 2824 1260 cujuslibet
2852 1187 3206 1244 conditionis
3242 1203 3346 1244 seu
3377 1185 3615 1243 colonos

1966 1280 2166 1333 contra
2196 1276 2478 1332 rationem
2501 1277 2932 1350 distringendos
2962 1293 3068 1332 nec
3097 1275 3251 1333 ullas
3279 1274 3617 1332 redhibitio-

1967 1383 2070 1422 nes
2088 1365 2174 1420 vel
2199 1364 2430 1420 illicitas
2452 1365 2784 1421 occasiones
2806 1365 3188 1438 requirendas
3206 1363 3325 1421 ullo
3348 1379 3615 1436 unquam

1966 1458 2227 1526 tempore
2244 1453 2467 1526 ingredi
2482 1454 2693 1509 audeat
2703 1458 2802 1509 aut
2818 1454 3213 1510 bannumsive
3225 1453 3616 1509 heribannum

1969 1561 2072 1600 seu
2103 1559 2171 1599 ea
2201 1560 2329 1616 quae
2373 1559 2553 1614 supra
2598 1547 2921 1599 memorata
2967 1546 3109 1599 sunt
3134 1542 3208 1599 ab
3236 1541 3353 1598 illis
3382 1540 3618 1614 penitus

1967 1633 2194 1705 exigere
2215 1635 2554 1705 prasumat.
2583 1631 2931 1687 Hominibus
2956 1647 3190 1704 quoque
3211 1630 3399 1687 eidem
3421 1629 3618 1686 aeccle-

1971 1721 2070 1778 siae
2093 1719 2516 1778 famulantibus
2538 1721 2882 1792 praedictum
2904 1719 3389 1776 mundiburdium
3412 1717 3622 1776 consti-

1969 1811 2213 1879 tuimus,
2236 1815 2302 1866 ut
2342 1811 2520 1866 etiam
2552 1827 2746 1866 coram
2780 1809 2944 1864 nulla
2977 1808 3295 1880 judiciaria
3341 1811 3624 1880 potestate

1969 1901 2522 1968 examinentur,nisi
2548 1917 2742 1956 coram
2765 1899 3037 1972 episcopo
3061 1904 3118 1954 et
3152 1897 3449 1954 advocatis
3470 1898 3621 1969 ejus,

1970 2008 2116 2064 quos
2153 1991 2418 2062 ejusdem
2459 1989 2723 2046 Ecclesiae
2753 1989 3066 2063 episcopus
3096 1987 3355 2061 elegerit.
3378 1987 3625 2059 Insuper

1968 2081 2145 2136 etiam
2174 2081 2436 2135 bannum
2469 2084 2740 2134 nostrum
2778 2084 2837 2135 et
2880 2082 3178 2134 monetam
3209 2075 3624 2148 teloneumque

1967 2169 2087 2225 sive
2113 2167 2423 2224 macellum
2457 2167 2757 2240 publicum
2777 2167 2860 2222 ibi
2879 2166 3138 2224 construi
3161 2165 3356 2236 licere,
3375 2169 3433 2222 et
3451 2164 3623 2238 quid-

1968 2258 2109 2331 quid
2141 2258 2211 2312 ad
2262 2261 2524 2312 nostram
2566 2259 2912 2329 potestatem
2955 2255 3247 2328 pertinere
3292 2253 3619 2325 videbatur,

1966 2347 2156 2403 eidem
2212 2344 2480 2401 Ecclesiae
2530 2345 2897 2410 donavimus,
2932 2343 3217 2416 quidquid
3255 2358 3390 2400 vero
3436 2343 3620 2400 fiscus

1967 2436 2174 2491 exinde
2203 2451 2439 2507 sperare
2469 2435 2742 2507 potuerit,
2771 2450 2874 2506 pro
2905 2437 3122 2489 (eterna
3149 2431 3620 2488 remuneratione

1965 2524 2252 2596 praedictae
2275 2522 2545 2579 Ecclesia:
2571 2523 2642 2578 ad
2677 2522 2970 2595 stipendia
2999 2537 3324 2594 pauperum
3355 2524 3414 2577 et
3440 2519 3618 2576 lumi-

1967 2612 2131 2669 naria
2159 2613 2564 2668 concinnanda
2585 2614 3005 2683 concessimus,
3023 2614 3080 2667 et
3099 2627 3202 2683 per
3221 2627 3285 2667 se
3304 2609 3619 2684 episcopus

1967 2718 2102 2757 cum
2125 2701 2400 2757 omnibus
2428 2701 2601 2757 rebus
2633 2701 2756 2756 suis
2779 2703 2980 2757 nostro
3001 2699 3249 2756 ﬁdeliter
3276 2702 3478 2772 pareat
3506 2699 3617 2754 im-

1966 2791 2146 2863 perio,
2169 2794 2226 2846 et
2257 2789 2367 2845 sub
2399 2794 2603 2845 nostra
2635 2792 2861 2846 constet
2907 2787 3264 2856 defensione,
3288 2787 3375 2843 uti
3399 2790 3618 2844 cetera:

1967 2896 2280 2952 regnorum
2311 2882 2642 2935 nostrorum
2675 2878 2932 2935 ecclesia:
2954 2882 3012 2934 et
3035 2877 3312 2951 episcopi,
3327 2880 3618 2949 quatenus

1967 2970 2159 3042 ipsum
2192 2969 2514 3040 fratresque
2539 2967 2803 3039 ejusdem
2837 2967 2948 3024 loci
2980 2983 3082 3039 pro
3113 2965 3281 3022 nobis
3312 2964 3618 3021 dominum

1966 3057 2177 3114 melius
2204 3061 2260 3113 et
2280 3057 2503 3130 jugiter
2547 3073 2711 3113 orare
2740 3055 3428 3113 delectet.Concessimus
3474 3071 3620 3126 quo-

1965 3161 2080 3218 que
2127 3147 2348 3201 eisdem
2401 3145 2682 3200 fratribus
2722 3143 3020 3200 licentiam
3049 3142 3303 3216 eligendi
3351 3142 3504 3198 inter
3557 3159 3622 3199 se

1964 3238 2256 3307 pastorem
2289 3234 2536 3305 dignum
2589 3237 2647 3288 et
2691 3231 2988 3301 idoneum,
3013 3230 3173 3287 salvo
3222 3234 3420 3286 tamen
3468 3231 3619 3300 regis

1961 3323 2080 3380 sive
2109 3322 2479 3394 imperatoris
2511 3337 2825 3377 consensu.
2849 3321 2920 3376 Et
2947 3323 3014 3376 ut
3033 3319 3154 3376 haec
3176 3321 3377 3375 nostra
3404 3317 3619 3392 regalis

1962 3411 2326 3468 confirmatio
2357 3409 2590 3467 stabilis
2621 3414 2679 3466 et
2718 3407 3063 3465 inconvulsa
3088 3406 3250 3464 omni
3278 3410 3620 3479 permaneat

1961 3519 2097 3566 aevo,
2123 3501 2274 3557 hanc
2294 3501 2556 3556 chartam
2586 3499 2723 3554 inde
2743 3498 3036 3554 conscribi
3061 3512 3361 3569 manuque
3382 3496 3620 3569 propria

1961 3591 2403 3647 corroborantes
2443 3587 2620 3662 sigilli
2665 3587 2852 3644 nostri
2900 3584 3609 3659 impressionejuimussse

1961 3679 2252 3753 insigniri.

2033 3769 2272 3839 Signum
2299 3768 2489 3824 damni
2516 3768 2767 3824 Heinrici
2797 3767 2982 3840 quarti
3009 3765 3174 3837 regis.
3205 3763 3290 3836 (L.
3317 3763 3419 3830 Μ.)

2036 3857 2418 3915 Gebehardus
2449 3855 2839 3913 cancellarius
2857 3854 2980 3912 vice
3010 3851 3304 3926 Liutpaldi
3334 3849 3631 3908 archican-

1966 3945 2187 4004 cellarii
2220 3946 2548 4018 recognovi.

2039 4038 2182 4091 Data
2211 4038 2300 4091 est
2329 4051 2388 4091 νι
2432 4033 2558 4090 Kal.
2591 4037 2765 4106 Aug.,
2795 4049 2948 4089 anno
3000 4028 3313 4088 Dominica
3362 4029 3634 4086 Incarna—

1969 4124 2143 4180 tionis
2175 4123 2336 4191 1059,
2363 4123 2687 4180 indictione
2714 4137 2816 4192 xu,
2841 4139 2997 4178 anno
3022 4124 3220 4177 autem
3252 4115 3641 4175 ordinationis

1969 4213 2170 4270 domni
2199 4213 2270 4278 ll,
2301 4213 2498 4283 quarti
2529 4211 2682 4284 regis
2709 4229 2787 4279 v1,
2815 4211 2978 4284 regni
3002 4225 3134 4266 vero
3164 4225 3247 4262 xu.

2047 4303 2258 4356 Actum
2293 4299 2492 4356 Polide
2524 4300 2584 4355 in
2617 4300 2714 4356 Dei
2745 4299 2983 4355 nomine
3013 4295 3276 4353 feliciter.
3308 4295 3515 4349 Amen.

2754 4389 2845 4442 ΙΙΙ.

2188 4476 2554 4548 Privilegium
2582 4493 2683 4550 pro
2712 4476 2951 4532 Ecclesia
2978 4470 3433 4531 Padcrbomensi.

2612 4567 2798 4636 (Anno
2832 4564 3014 4635 1064.)

2177 4655 2462 4726 [ΕιιΗΑιω,
2499 4653 2624 4709 Cod.
2659 4653 2884 4724 diplom.
2926 4651 3177 4723 Westph.,
3207 4664 3264 4722 p.
3299 4645 3446 4716 118.]

2052 4743 2114 4798 In
2145 4741 2383 4799 nomine
2427 4747 2642 4798 sancta:
2674 4747 2731 4798 et
2760 4741 3073 4797 individuae
3103 4735 3430 4806 Trinitatis,
3463 4736 3644 4794 Ham-

1979 4848 2170 4899 mcus,
2203 4829 2402 4886 divina
2431 4831 2657 4888 favente
2685 4829 3013 4896 clementia,
3047 4844 3164 4886 rex.

2049 4922 2345 4987 Quantum
2380 4920 2550 4992 regiae
2584 4918 2958 4976 liberalitatis
2983 4923 3074 4976 est
3101 4918 3173 4976 ad
3205 4933 3351 4974 usus
3374 4916 3644 4976 Ecclesia

1980 5027 2073 5066 res
2100 5008 2188 5065 vel
2221 5007 2589 5064 hzereditates
2615 5009 2858 5079 donare,
2879 5012 3112 5066 tantum
3139 5007 3305 5082 regis:
3335 5006 3644 5083 dignitatis

1979 5105 2036 5156 et
2076 5095 2494 5154 benevolentiae
2528 5114 2656 5154 esse
2687 5097 2960 5155 consistit
2986 5099 3143 5156 dona
3171 5101 3453 5172 perpetua
3501 5113 3646 5171 pace

1981 5188 2296 5259 stabilique
2319 5188 2454 5257 jure
2497 5187 2866 5254 conﬁrmare,
2889 5205 2962 5244 ne
2998 5189 3218 5260 quibus
3247 5188 3466 5260 gaudet
3493 5187 3642 5244 bene

1979 5277 2463 5351 partis,unquam
2486 5275 2681 5333 doleat
2701 5276 2870 5348 pejus
2891 5277 3146 5334 amissis.
3172 5275 3335 5332 Unde
3360 5274 3638 5332 omnibus

1979 5366 2194 5423 Christi
2219 5365 2554 5439 nostrisque
2575 5365 2868 5437 fidelibus,
2896 5369 3016 5423 tam
3049 5365 3266 5422 futuris
3288 5381 3466 5437 quam
3488 5381 3634 5437 prte-

1979 5456 2266 5523 sentibus,
2292 5459 2495 5511 notum
2525 5472 2652 5513 esse
2678 5453 3238 5528 volumus,qualiter
3257 5470 3365 5511 nos
3395 5471 3430 5510 x
3460 5471 3634 5511 man-

1980 5562 2076 5602 sos
2106 5543 2167 5599 in
2198 5543 2335 5601 villa
2365 5545 2574 5601 Ersten
2607 5544 2782 5614 dicta,
2804 5544 2862 5602 in
2896 5563 3044 5620 pago
3069 5545 3349 5618 Engeren,
3375 5543 3434 5601 in
3457 5542 3634 5601 comi-

1976 5638 2104 5692 tatu
2134 5637 2330 5692 autem
2361 5634 2524 5693 Osolt
2565 5635 2798 5694 comitis
2854 5633 3019 5705 sitos,
3043 5633 3636 5710 quoszdilectissima
