3924 6210
209 354 371 418 1H5

1555 353 1950 420 HENRICUS
1993 355 2075 419 IV
2118 355 2281 420 IMP.

3462 357 3622 419 1146

204 505 418 562 porum
433 507 676 548 suorum
692 490 1018 566 frequentia
1046 491 1392 566 stipatus,ac
1410 495 1658 550 veterem
1683 511 1860 566 super
1885 492 1940 560 Α
1971 491 2257 563 injustum
2289 494 2563 566 putantes
2592 490 2926 565 mquitatem
2959 489 3252 567 negligere
3281 496 3339 550 et
3370 493 3616 565 justitiaa

206 579 473 636 Ecclesiae.
505 597 626 637 sua
657 582 902 637 decimis
933 581 1359 654 querimoniam
1401 581 1856 654 lacrymabiliter

205 670 267 726 in
302 687 471 726 aures
498 676 729 726 nostras
759 671 1149 728 etfudit.ldem
1180 689 1313 728 vero
1340 689 1472 727 cum
1500 689 1601 744 per
1623 689 1853 727 omnem

201 759 389 814 vitam
421 776 590 815 suam
622 777 655 815 a
684 761 854 816 nobis
902 761 1118 832 optime
1165 760 1494 827 meruisset,
1525 766 1650 816 tum
1691 778 1756 815 ea
1787 763 1857 815 de

203 863 389 903 causa
417 848 648 921 dignior
669 854 790 904 erat
812 850 998 904 audiri
1016 851 1168 920 quod
1186 851 1244 904 in
1259 850 1532 905 omnibus
1552 849 1858 905 necessita-

203 936 371 992 tibus
400 938 618 993 nostris
648 937 894 992 ﬁdeliter
923 939 1092 993 nobis
1122 943 1178 993 et
1209 939 1522 994 irremotus
1543 955 1736 995 comes
1757 939 1857 993 ad-

205 1024 566 1081 hmsit.Talis
583 1031 774 1081 autem
800 1027 1061 1097 ejusdem
1077 1027 1265 1082 fidelis
1280 1027 1461 1081 nostri
1486 1027 1861 1099 proclamatio

207 1113 324 1169 fuit
356 1115 509 1186 quod
543 1119 878 1169 antecessor
909 1120 1109 1170 noster
1137 1118 1225 1170 vir
1255 1117 1394 1170 divae
1437 1121 1494 1171 et
1541 1115 1862 1188 imperialis

210 1203 510 1258 memoriae
537 1204 775 1259 Carolus
805 1204 1111 1260 ecclesiam
1140 1205 1250 1260 sibi
1281 1205 1657 1261 commissam
1690 1223 1723 1260 a
1744 1205 1862 1276 prio

210 1293 330 1346 mis
361 1292 760 1347 fundamentis
791 1293 1129 1349 condiderat
1145 1298 1200 1348 et
1219 1295 1474 1349 decimas
1493 1295 1548 1348 in
1573 1294 1862 1366 episcopio

210 1381 680 1452 circumquaque
705 1382 1052 1438 terminatas
1073 1383 1260 1439 eidem
1288 1383 1540 1438 ecclesiae
1560 1383 1618 1438 in
1669 1384 1862 1438 dotem

211 1469 563 1536 contulerat,
589 1487 656 1526 eo
687 1472 842 1542 quod
872 1472 928 1525 in
964 1472 1193 1543 praediis
1227 1477 1327 1528 aut
1357 1473 1650 1545 regalibus
1673 1473 1862 1527 reddi-

207 1559 378 1614 tibus
407 1559 650 1614 donaria
679 1560 750 1614 ad
785 1577 996 1614 manus
1015 1561 1072 1614 in
1093 1561 1366 1632 primitiis
1398 1561 1529 1616 fidei
1552 1566 1608 1615 et
1630 1561 1862 1616 novellae

210 1646 596 1718 plantationis
616 1652 876 1719 tempore
894 1648 1011 1703 illis
1036 1649 1094 1703 in
1115 1649 1379 1721 partibus
1402 1649 1563 1705 nulla
1591 1650 1860 1705 habebat.

209 1738 372 1801 Quas
401 1737 744 1792 donationes
768 1739 928 1808 juste
951 1755 984 1793 a
1015 1739 1256 1810 praefato
1284 1739 1540 1810 principe
1568 1739 1756 1794 eidem
1780 1756 1865 1794 ec-

209 1825 404 1881 clesiae
435 1826 602 1881 datas
633 1830 689 1881 et
719 1828 1120 1899 manuscripto
1155 1829 1311 1900 regio
1343 1830 1452 1884 sub
1485 1830 1864 1900 impressione
1897 1866 1943 1929 Β

210 1914 420 1970 annuli
451 1932 520 1970 ex
549 1931 709 1970 more
739 1916 1215 1976 confirmatas.ad
1240 1917 1488 1972 multum
1509 1923 1740 1990 tempus
1754 1918 1865 1972 aie-

208 2005 317 2060 bat
346 2003 598 2059 ecclesiae
630 2005 1136 2076 mansissc,usque
1158 2007 1296 2061 dum
1323 2007 1541 2063 bellicis
1567 2009 1865 2080 perturba-

207 2093 475 2148 tionibus
505 2109 639 2165 pars
672 2095 1010 2149 earumdem
1042 2095 1402 2150 decimarum
1435 2098 1545 2152 sub
1579 2099 1864 2153 Ludovico

211 2183 472 2239 secundo
504 2198 608 2253 per
627 2199 840 2238 manus
861 2183 1151 2255 Copponis
1165 2185 1236 2238 ab
1255 2186 1456 2241 eadem
1481 2187 1860 2242 scinderetur.

212 2273 299 2328 Ea
328 2272 399 2326 de
429 2288 607 2327 causa
654 2289 789 2327 cum
835 2289 938 2343 per
983 2274 1283 2345 episcopos
1323 2276 1584 2345 ejusdem
1617 2277 1866 2332 civitatis

213 2361 370 2418 actio
393 2364 451 2416 et
479 2359 766 2416 discussio
799 2361 858 2416 in
891 2361 1187 2418 audientia
1207 2364 1539 2436 principum
1573 2372 1746 2437 atque
1769 2384 1866 2421 an-

211 2453 578 2506 tecessorum
593 2454 922 2505 nostrorum
939 2468 1139 2523 regum
1155 2457 1209 2507 et
1224 2452 1637 2524 imperatorum
1653 2457 1866 2526 saepius

213 2539 885 2610 haberetur,dijudicata
910 2545 997 2596 est
1019 2541 1238 2610 justior
1267 2559 1401 2613 pars
1433 2543 1861 2616 episcoporum,

213 2627 494 2699 injustior
521 2628 1006 2684 adversariorum.
1044 2630 1324 2702 Equidem
1370 2632 1641 2702 prmfatus
1672 2636 1864 2706 Coppo

213 2716 445 2789 primus
459 2720 1119 2790 usurpatorearumdem
1134 2720 1493 2776 decimarum
1519 2739 1650 2776 cum
1676 2727 1863 2778 totum

212 2807 516 2862 occasione
538 2806 820 2862 bellorum
844 2807 1066 2878 injusta
1084 2809 1478 2865 dominatione
1492 2827 1629 2867 suos
1649 2811 1705 2866 in
1724 2830 1866 2868 usus

212 2899 463 2967 raperet,
497 2901 720 2967 partem
753 2896 994 2951 Warino
1044 2897 1204 2952 fratri
1255 2915 1362 2954 suo
1409 2915 1688 2971 germano
1727 2902 1864 2957 Cor-

211 2985 448 3040 beiensi
493 2983 709 3050 abbati,
738 2989 961 3056 partem
997 2985 1307 3042 abbatissa
1358 2987 1547 3043 Adelaa
1596 2989 1864 3044 Herefur-

209 3073 382 3129 densi
412 3089 699 3145 germana:
733 3091 849 3130 sure
881 3075 1184 3131 concessit.
1221 3080 1420 3148 Itaque
1450 3077 1703 3150 episcopi
1728 3096 1862 3134 cau-

211 3179 341 3219 sam
373 3162 524 3218 hanc
554 3163 613 3217 in
642 3164 803 3218 curia
834 3168 1069 3236 agentes
1095 3165 1418 3221 manifestis
1444 3167 1863 3238 comprobatio-

1965 582 2184 637 diutius
2207 582 2680 654 obniti,petitioni
2703 582 2969 638 fidelium
2992 587 3323 638 nostrorum
3347 587 3402 638 et
3424 585 3615 641 consi-

1963 671 2058 725 liis
2073 672 2746 742 acquievimus.Proinde
2770 671 3115 727 auctoritate
3151 671 3327 742 hujus
3347 672 3615 744 praecepti

1966 759 2150 816 nostri
2182 765 2504 818 statuentes
2536 762 2874 825 statuimus,
2910 764 2976 815 ut
3004 761 3220 816 eaedem
3262 760 3496 815 decima)
3545 762 3617 816 ad

1965 848 2289 904 dominium
2322 850 2575 922 episcopi
2601 852 2846 921 ejusque
2867 849 3334 921 dispositionem,
3354 849 3434 903 uti
3455 849 3622 904 Caro-

1969 936 2061 992 lus
2079 937 2950 1010 instituit,revertantur.Neque
2973 938 3051 992 sit
3070 938 3390 993 advocatus
3407 937 3620 1010 aliquis

1969 1032 2070 1081 aut
2086 1026 2198 1081 alia
2219 1029 2406 1098 major
2427 1029 2513 1084 vel
2539 1029 2730 1084 minor
2747 1026 3120 1100 persona,qui
3143 1027 3447 1099 episcopos
3466 1029 3620 1098 ejus-

1970 1117 2103 1170 dem
2137 1117 2385 1172 civitatis
2417 1118 2606 1172 hacin
2641 1135 2699 1173 re
2733 1117 2988 1189 amplius
3019 1116 3342 1188 inquietare
3386 1117 3618 1184 audeat,

1972 1205 2069 1258 sed
2105 1206 2356 1275 episcopi
2394 1207 2626 1262 easdem
2659 1207 2919 1261 decimas
2948 1207 3143 1276 quieto
3175 1204 3376 1260 ordine
3403 1210 3461 1260 et
3482 1223 3622 1278 pace

1971 1299 2248 1363 perpetua
2273 1296 3305 1367 teneant,possideant,disponant,ea
3334 1313 3435 1368 spe
3466 1301 3521 1351 et
3564 1297 3620 1351 in

1972 1381 2177 1435 divinre
2211 1383 2440 1454 pietatis
2462 1383 2905 1453 conﬁdentia,ut
2929 1385 3047 1439 haec
3079 1385 3440 1439 decimarum
3460 1387 3621 1456 justa

1975 1470 2262 1525 restitutio
2287 1472 2595 1527 animabus
2619 1477 2924 1544 parentum
2950 1474 3372 1538 nostrorum,id
3400 1478 3486 1528 est
3508 1475 3629 1539 avi,

1973 1558 2132 1624 aviis,
2168 1560 2486 1632 matrisque
2514 1567 2726 1615 nostra:
2761 1561 3148 1632 imperatricis
3178 1563 3302 1616 A.ct
3335 1562 3492 1616 chari
3529 1578 3624 1632 pa-

1974 1649 2078 1705 tris
2109 1649 2294 1704 nostri
2327 1650 2391 1704 H.
2421 1649 2792 1720 imperatoris
2821 1649 3086 1720 Augusti,
3120 1651 3220 1702 fiat
3252 1655 3621 1720 peccatorum

1973 1739 2242 1794 remissio
2267 1745 2322 1793 et
2344 1738 2706 1810 negligentiae
2730 1755 2907 1809 quam
2931 1739 3056 1809 ipse
3073 1738 3129 1792 in
3147 1738 3253 1792 hac
3275 1755 3453 1794 causa
3473 1755 3628 1794 com-

1975 1827 2136 1882 misit
2168 1829 2318 1899 apud
2356 1835 2534 1883 Deum
2557 1827 3128 1896 tiatoblivio,etutin
3146 1826 3396 1899 singulis
3418 1827 3624 1883 diebus

1973 1923 2030 1972 et
2058 1917 2117 1971 in
2150 1918 2548 1973 anniversario
2579 1935 2782 1973 eorum
2815 1916 2915 1989 qui
2948 1917 3006 1971 in
3040 1915 3191 1972 bello
3223 1920 3426 1971 contra
3446 1917 3623 1972 Saxo-

1975 2023 2077 2062 nes
2109 2013 2454 2062 corruerunt
2487 2007 2702 2062 ibidem
2727 2005 3012 2060 memoria
3028 2004 3476 2076 ﬁatetspecialis
3498 2022 3626 2060 ora-

1975 2096 2052 2150 tio
2084 2097 2290 2150 animae
2324 2095 2582 2168 Sigfridi,
2616 2095 2672 2150 in
2707 2095 2912 2150 eodem
2947 2093 3096 2149 bello
3119 2093 3627 2160 occisi,ordinetur

1973 2191 2030 2239 et
2061 2187 2179 2251 fiat;
2215 2185 2294 2239 ita
2323 2190 2387 2240 ut
2417 2186 2527 2240 sibi
2561 2184 2820 2256 quotidie
2852 2183 3124 2255 specialis
3156 2182 3339 2237 missa
3359 2187 3416 2237 et
3461 2183 3622 2238 omni

1977 2275 2047 2329 lll
2082 2274 2220 2328 feria
2250 2273 2641 2328 communiter
2665 2291 2697 2326 a
2719 2272 2995 2326 fratribus
3018 2271 3074 2326 in
3099 2271 3274 2326 choro
3297 2287 3415 2326 una
3433 2271 3620 2326 missa

1975 2380 2077 2433 pro
2092 2362 2699 2418 omnibusinterfectis
2715 2361 2932 2417 nostris
2962 2365 3018 2415 et
3047 2359 3322 2416 omnibus
3351 2359 3622 2416 fidelibus

1973 2453 2331 2518 deoautetur,
2365 2455 2422 2506 et
2452 2451 2522 2505 ad
2558 2466 2766 2506 cursus
2811 2449 3086 2503 horarum
3130 2465 3215 2519 ps.
3252 2464 3288 2501 ῐ.
3325 2447 3622 2502 Prebenda

1975 2556 2207 2611 quoque
2233 2540 2403 2594 detur
2431 2539 2481 2594 ei
2514 2537 2745 2606 clerico,
2779 2538 2876 2608 qui
2909 2537 3028 2592 haec
3061 2554 3187 2608 quae
3219 2536 3470 2608 Sigfrido
3517 2535 3621 2590 de-

1975 2630 2110 2684 bent
2141 2628 2448 2699 diligenter
2505 2629 2787 2682 observet.
2822 2626 3212 2684 Convenimus
3257 2624 3434 2682 etiam
3479 2642 3616 2680 cum

1973 2717 2242 2789 episcopo
2257 2717 2677 2772 collaudatione
2692 2717 3035 2772 clericorum
3055 2732 3295 2770 suorum
3314 2731 3417 2785 pro
3435 2713 3621 2770 salute

1973 2807 2231 2878 corporis
2273 2812 2330 2861 et
2375 2807 2582 2861 animae
2632 2812 2841 2861 nostrae
2893 2804 3052 2860 omni
3099 2804 3468 2859 hebdomade
3512 2821 3621 2858 xxx

1975 2896 2165 2951 missis
2199 2913 2300 2967 pro
2331 2895 2474 2950 vivis
2505 2902 2562 2950 et
2611 2894 2903 2950 defunctis
2947 2894 3166 2949 ibidem
3217 2894 3618 2947 decantentur.

1974 2985 2108 3040 Post
2137 2985 2357 3039 obitum
2393 2990 2589 3039 autem
2619 2989 2882 3039 nostrum
2917 2981 3248 3055 specialiter
3279 2998 3382 3053 pro
3412 2980 3621 3036 anima:

1972 3078 2181 3130 1103le
2204 3080 2257 3129 et
2286 3079 2592 3145 parentum
2625 3077 2956 3128 nostrorum
2979 3071 3234 3126 remedio
3253 3071 3446 3126 missae
3467 3074 3523 3125 et
3545 3076 3626 3126 to-

1971 3165 2150 3220 tidem
2188 3164 2460 3236 psalteria
2489 3165 2704 3219 ibidem
2722 3165 3102 3219 decantentur
3121 3177 3274 3216 nunc
3295 3165 3352 3215 et
3368 3160 3425 3214 in
3449 3175 3626 3216 omne

212 3251 392 3307 nibus
424 3251 720 3307 evicerunt
749 3231 1004 3308 decimas
1026 3255 1094 3308 ad
1123 3271 1249 3310 sese
1272 3254 1532 3326 legitima
1551 3231 1860 3313 donatione
1892 3231 1934 3296 ί)
1973 3231 2205 3325 tempus
2225 3252 2842 3307 futurum.Taliaenim
2867 3255 3133 3322 optantes
3156 3249 3448 3304 credimus
3465 3249 3621 3319 apud

212 3339 407 3397 redire
437 3341 962 3397 debere.Ventilata
995 3347 1084 3397 est
1114 3358 1205 3398 res
1228 3344 1285 3398 in
1308 3344 1570 3400 conciliis
1591 3351 1862 3416 quatuor.

213 3430 408 3502 primo
441 3431 636 3485 Romae
661 3431 771 3486 sub
802 3448 954 3504 papa
982 3432 1558 3504 Stephano,secundo
1581 3435 1863 3491 Triburiae

210 3519 326 3574 sub
355 3518 596 3575 Arnolfo
624 3518 994 3591 imperatore,
1027 3522 1197 3578 tertio
1229 3523 1676 3594 Bunnae,quarto
1700 3525 1862 3596 Inge-

211 3607 564 3663 linbeim.Ut
594 3609 651 3662 in
687 3610 960 3664 omnibus
991 3611 1282 3682 possessio
1313 3611 1671 3667 decimarum
1705 3631 1860 3668 com-

211 3697 381 3752 muni
415 3697 706 3752 sententia
737 3698 1028 3770 episcopis
1059 3699 1514 3770 adjudicaretur.
1553 3701 1613 3756 In
1656 3702 1862 3758 ultimo

208 3785 390 3841 etiam
414 3785 799 3856 pmsentibus
823 3787 939 3842 fere
962 3787 1236 3843 omnibus
1260 3790 1711 3846 Teutonicarum
1731 3809 1859 3863 par-

204 3872 357 3929 tium
389 3873 704 3946 episcopis,
739 3875 1137 3931 mediantibus
1178 3876 1383 3948 legalis
1434 3880 1730 3947 Romanis,
1751 3883 1861 3937 sub

200 3962 430 4018 Joanne
453 3980 621 4035 papa,
657 3981 790 4019 cum
821 3983 929 4019 xxx
965 3964 1245 4020 librarum
1281 3969 1408 4021 auri
1439 3970 1862 4041 compositione

201 4052 852 4108 restitueretur.Verum
877 4060 937 4108 ut
961 4071 1191 4126 semper
1220 4057 1558 4113 dominatur
1579 4059 1859 4132 iniquitas

199 4139 467 4212 injustis,
493 4157 586 4196 res
633 4143 908 4214 superius
939 4145 1249 4200 emendata
1279 4151 1336 4201 et
1364 4151 1622 4202 correcta
1651 4166 1860 4204 rursus

199 4233 479 4301 corrupta
509 4233 1042 4303 est.Hujuscemodi
1073 4251 1206 4289 vero
1235 4251 1473 4290 causam
1501 4253 1636 4292 cum
1671 4239 1860 4295 fidelis

199 4322 405 4374 noster
434 4321 710 4392 praefatus
733 4322 1239 4395 Osnebruggensis
1262 4323 1526 4380 Ecclesiae
1549 4326 1858 4398 episcopus

200 4408 274 4462 ad
307 4424 479 4464 aures
511 4415 742 4466 nostras
771 4412 990 4483 sapius
1013 4412 1250 4468 referret
1282 4418 1456 4484 atque
1486 4414 1781 4469 emendari
1805 4421 1861 4470 et

200 4495 415 4568 corrigi
447 4498 787 4568 postularet,
822 4517 952 4566 nos,
985 4505 1039 4556 et
1088 4502 1274 4556 sitatis
1321 4501 1718 4558 imbecillitate
1758 4504 1857 4558 de-

1974 3343 2408 3397 misericordem
2442 3342 2624 3396 Deum
2641 3346 2697 3395 et
2716 3345 2974 3395 nostram
3003 3338 3179 3393 deleri
3206 3336 3620 3408 negligentiam

1972 3437 2028 3487 et
2059 3437 2484 3486 antecessorem
2526 3429 2737 3486 delicta
2766 3429 2992 3497 redimi,
3027 3427 3124 3499 qui
3179 3427 3286 3482 hac
3335 3426 3393 3481 in
3441 3441 3622 3481 causa

1973 3520 2332 3593 negligenter
2361 3525 2417 3574 et
2448 3519 2736 3574 malitiose
2766 3518 3100 3590 egerunt.Et
3127 3521 3188 3570 ut
3210 3515 3386 3586 hujus
3408 3530 3618 3586 prace-

1972 3610 2052 3681 pti
2089 3611 2271 3664 nostri
2303 3609 2615 3664 auctoritas
2645 3608 2804 3663 omni
2857 3623 2971 3661 aevo
3023 3611 3257 3660 maneat
3305 3603 3534 3658 stabilis
3565 3607 3622 3658 et

1972 3699 2600 3765 inconvulsa,chartam
2615 3697 2766 3752 hanc
2780 3695 2952 3752 scribi
2971 3693 3350 3767 praecepimus
3367 3697 3423 3746 et
3439 3708 3620 3747 manu

1971 3794 2190 3853 nostra,
2229 3795 2289 3842 ut
2319 3793 2406 3842 est
2436 3786 2797 3843 consuetudo
2846 3801 3047 3855 regum
3089 3788 3146 3837 et
3177 3783 3617 3854 imperatorum,

1969 3877 2472 3933 corroboravimus
2503 3881 2560 3930 et
2590 3873 2784 3947 sigillo
2816 3878 3014 3929 nostro
3047 3871 3266 3944 signari
3301 3870 3615 3939 jussimus.

2038 3969 2271 4034 Signum
2303 3967 2489 4021 domui
2533 3966 2776 4020 Heinrici
2825 3965 2965 4033 regis
3015 3963 3199 4033 quarti
3249 3960 3616 4015 invictissimi.

1969 4057 2050 4127 (L.
2087 4058 2186 4125 M.)

2039 4145 2418 4201 Gebehardus
2449 4142 2831 4199 cancellarius
2858 4141 2980 4195 vice
3026 4137 3296 4210 Sigetridi
3334 4135 3619 4208 archiepi-

1968 4234 2126 4306 scopi
2159 4233 2515 4301 recognovit.

2037 4325 2182 4380 Data
2210 4340 2266 4377 v1
2298 4321 2420 4376 Kal.
2455 4322 2642 4387 Febr.,
2679 4319 2882 4375 indict.
2919 4332 3148 4380 11,anno
3180 4312 3493 4368 Dominicze
3527 4313 3613 4365 In-

1965 4410 2320 4468 carnationis
2361 4410 2682 4475 l078;anno
2711 4411 2904 4463 autem
2942 4403 3099 4476 regni
3130 4399 3330 4456 domni
3360 4398 3615 4453 Heinrici

1969 4502 2122 4572 regis
2152 4500 2343 4570 quarti
2379 4515 2538 4552 χχιιι.

201 4584 349 4638 tenti
382 4588 440 4639 et
471 4587 933 4644 adversariorum
966 4591 1094 4660 ejus
1125 4590 1396 4662 precibus
1426 4590 1856 4656 exorati,multo
1894 4602 1938 4666 ι)
2036 4592 2248 4642 Actum
2282 4584 2595 4658 Moguntife
2633 4585 2888 4641 l'eliciter-
2927 4585 3133 4636 Amen-

200 4676 464 4744 tempore
479 4675 666 4731 facere
684 4676 1338 4750 negleximus.Tandem
1369 4679 1624 4734 assiduis
1649 4681 1776 4750 ejus
1799 4687 1856 4737 et

201 4762 681 4835 coepiscoporum
704 4783 945 4822 suorum
974 4769 1270 4838 jussuum
1290 4767 1729 4840 agnoscentium
1755 4771 1852 4825 ad-

205 4851 629 4909 monitionibus
661 4855 890 4922 devicti,
924 4856 1116 4912 locum
1149 4862 1204 4913 et
1235 4857 1387 4912 diem
1418 4857 1755 4925 statuimus,
1778 4860 1850 4914 ad

198 4955 376 5010 quem
410 4942 719 5016 episcopus
751 4949 808 5000 et
833 4946 1148 5002 adversarii
1181 4948 1308 5017 ejus
1354 4963 1486 5002 cum
1518 4948 1851 5003 manuscri-

195 5029 313 5099 ptis
343 5030 623 5103 utrinque
650 5035 936 5090 venirent.
969 5036 1228 5091 Aderant
1258 5054 1328 5090 xx
1361 5040 1460 5091 aut
1488 5035 1685 5108 plures
1723 5038 1849 5110 epi-

193 5116 376 5187 scopi,
412 5121 540 5174 tum
572 5119 862 5193 principes
894 5123 1055 5194 regni
1087 5128 1262 5195 atque
1295 5123 1543 5179 aliorum
1586 5125 1848 5180 ﬁdelium

197 5209 537 5262 nostrorum
570 5225 888 5265 numerosa
920 5211 1440 5266 multitudo.Lecta
1460 5219 1597 5267 sunt
1619 5213 1674 5268 in
1699 5215 1850 5268 auri-

195 5291 306 5348 bus
328 5296 599 5352 omnium
617 5299 927 5355 amborum
943 5299 1513 5372 chirographa,dicta
1525 5306 1700 5374 atque
1721 5309 1851 5358 acta

190 5386 328 5438 sunt
353 5383 698 5456 diligentius
721 5388 1345 5444 omnia.Acclamatum
1367 5395 1456 5446 est
1479 5392 1551 5446 ab
1572 5393 1850 5448 omnibus

179 5470 375 5540 justas
402 5490 533 5529 esse
566 5483 759 5546 partes
798 5475 1551 5548 episcopi,advcrsariorum
1575 5481 1848 5553 injustas,

191 5564 366 5632 atque
397 5565 464 5616 ut
490 5563 683 5619 eidem
707 5565 980 5637 cpiscolio
1001 5581 1235 5636 suzeque
1257 5566 1527 5625 Ecclesim
1554 5571 1848 5642 justitiam

191 5647 519 5706 faceremus
543 5650 865 5708 studiosius
883 5669 1084 5710 omnes
1100 5653 1612 5725 instabant.0uam
1635 5660 1706 5717 ob
1731 5677 1849 5716 rem

2741 4673 2836 4727 VI.

2182 4764 2548 4833 l’ririlrgium
2574 4779 2676 4834 pro
2706 4761 2944 4818 Ecclesia
2977 4753 3400 4822 Osnabrugemi.

2583 4853 2772 4921 (Anno
2805 4848 2986 4918 1079.)

1959 4943 2239 5014 [Eanum
2273 4940 2396 4996 Cod.
2431 4940 2656 5010 diplom.
2701 4937 2952 5010 Westph.,
2999 4953 3031 4990 e
3080 4947 3222 4988 mss.
3266 4927 3612 5002 Henseleri.]

1985 5071 1992 5074 -
2030 5032 2090 5087 In
2124 5030 2360 5085 nomine
2392 5032 2606 5085 sanctae
2638 5033 2695 5085 et
2725 5026 3038 5083 individua:
3069 5019 3395 5090 Trinitatis,
3443 5020 3614 5078 Hem-

1959 5139 2138 5187 ancus,
2173 5119 2366 5174 divina
2396 5119 2622 5174 favente
2653 5115 2981 5182 clementia,
3016 5131 3133 5170 rex.

2031 5211 2086 5264 Si
2122 5207 2520 5276 querimonias
2553 5208 3106 5276 saccrdotum,quas
3139 5198 3308 5255 nobis
3331 5201 3401 5255 de
3424 5214 3618 5254 neces-

1959 5300 2234 5355 sitatibus
2255 5297 2642 5353 Ecclesiarum
2659 5297 2770 5352 sibi
2786 5295 3236 5351 commissarum
3252 5288 3611 5355 obtulerunt,

1960 5388 2448 5456 attenterimus,et
2465 5386 2758 5458 justitiam
2783 5377 3370 5440 misericorditerillis
3391 5377 3616 5450 impen-

1957 5479 2148 5534 dendo
2179 5479 2248 5534 ad
2287 5478 2463 5533 tinem
2498 5467 3278 5549 perduxerimus,prmsentis
3310 5467 3533 5524 scilicet
3561 5471 3617 5525 et

1961 5573 2183 5623 (eterna)
2218 5567 2511 5623 felicitatis
2561 5566 2799 5638 prmmia
2848 5563 3054 5620 exinde
3103 5557 3351 5615 mercari
3390 5557 3614 5632 liquido

1961 5656 2332 5714 confidimus.
2361 5656 2574 5713 Idcirco
2609 5660 2808 5711 notum
2859 5670 2989 5711 esse
3034 5649 3305 5710 volumus
3337 5649 3621 5709 omnibus.
