3924 6210
324 345 477 413 1147

1686 349 2000 416 MONUM.
2047 348 2366 414 DlPLOM.

3577 346 3743 442 1148

318 491 531 545 sancte
562 485 663 544 Dei
692 483 961 545 Ecclesiae
990 484 1324 560 nostrisque
1353 485 1645 555 ﬁdelibus,
1663 485 1964 559 presenti—
1994 485 2050 553 Α
2077 485 2621 560 abbatissapropter
2640 483 2750 542 hoc
2773 481 2964 543 solum
2985 483 3140 558 quod
3162 483 3242 540 ibi
3264 483 3575 541 videbatur
3593 483 3746 540 ficti‘

314 579 427 634 bus
458 577 679 634 scilicet
727 582 783 633 et
830 578 1064 646 futuris,
1095 577 1346 650 qualiter
1393 576 1580 632 ﬁdelis
1631 578 1831 631 noster
1871 575 1975 631 Os-

315 667 784 742 nenbruggensis
805 667 1116 739 episcopus
1143 667 1440 722 secundus
1462 664 1745 731 Benno,in
1772 668 1972 719 nostro

315 757 548 814 servitio
607 757 779 829 longo
827 761 1089 828 tempore
1139 754 1578 819 devotissimus,
1641 753 1974 810 serenitatis

315 851 527 904 nostra:
559 846 930 902 clementiam
963 846 1131 912 adiit,
1163 843 1426 916 Apostoli
1480 847 1832 916 praeceptum
1884 860 1971 898 se-

315 953 522 1010 quens,
549 936 866 1006 arguendo,
897 934 1272 1005 increpando,
1304 933 1666 989 obsecrando
1689 937 1746 989 et
1768 933 1974 1003 juven-

313 1030 500 1080 tutem
534 1028 794 1080 nostram
829 1021 1614 1094 incusando,querimoniam
1649 1021 1889 1086 faciens,
1913 1039 1974 1077 se

315 1130 570 1185 suosque
601 1117 1002 1168 antecessores
1035 1116 1367 1166 nostrorum
1393 1111 1972 1179 antecessorum,sci-

313 1201 448 1259 licet
468 1202 556 1258 avi
579 1202 760 1257 nostri
793 1201 1090 1256 Khunradi
1115 1204 1169 1256 et
1199 1200 1361 1255 chari
1386 1199 1571 1272 patris
1603 1199 1784 1254 nostri
1810 1200 1972 1254 bonae

314 1291 606 1348 memoriae
621 1290 872 1346 Heinrici
889 1291 1307 1362 imperatorum
1319 1332 1332 1355 ,
1345 1289 1584 1344 forsitan
1601 1288 1658 1344 in
1674 1288 1780 1344 hac
1794 1305 1972 1344 causa

306 1393 427 1450 gno
445 1380 642 1433 ranter
663 1377 1140 1449 delinquentium
1163 1376 1548 1448 temporibus,
1577 1375 1793 1431 multas
1815 1376 1969 1446 inju-

310 1469 453 1530 irias
472 1471 530 1523 et
547 1467 740 1524 varias
766 1465 1173 1538 oppressiones
1183 1465 1254 1520 de
1266 1465 1601 1536 potentibus
1623 1464 1777 1520 illius
1793 1464 1971 1535 regio-

311 1558 426 1624 nis,
459 1556 710 1612 maxime
732 1560 927 1611 autem
952 1572 985 1610 a
1009 1555 1357 1610 Corbeiense
1405 1555 1613 1609 abbate
1633 1559 1689 1610 et
1711 1554 1968 1608 Herifur-

311 1647 492 1702 dense
504 1644 804 1701 abbatissa
819 1643 1590 1715 illorumquefautoribus,in
1606 1643 1967 1699 decimarum

311 1735 657 1805 direptione,
681 1734 752 1789 ad
776 1750 944 1788 suam
968 1732 1283 1788 Ecclesium
1308 1733 1498 1787 debite
1523 1733 1962 1804 pertinentium,

303 1824 430 1896 jam
444 1823 544 1878 diu
558 1820 970 1878 miserabiliter
982 1819 1544 1890 sustinuisse.Cujus
1562 1819 1964 1891 proclamatio-

310 1911 668 1984 ni,quamvis
699 1910 912 1982 saepius
933 1909 1404 1976 iteratae,diutius
1425 1925 1601 1980 quam
1627 1908 1852 1964 felicius
1873 1926 1960 1965 as-

311 2001 528 2057 sentire
576 2004 906 2064 renuentes,
937 1998 1123 2054 aztatis
1153 1997 1459 2053 teneritate
1479 2014 1544 2053 ac
1567 1999 1956 2069 quorumdam

310 2089 775 2147 consiliariorum
816 2092 1151 2144 nostrorum
1189 2091 1328 2142 tunc
1358 2086 1638 2160 temporis
1662 2087 1959 2158 juventuti

308 2183 519 2235 nostra:
537 2177 965 2250 providentium
1006 2175 1403 2232 dissuassione
1445 2177 1515 2231 ad
1544 2176 1663 2231 haec
1686 2176 1956 2231 determi-

307 2267 708 2324 mandavariis
721 2265 1125 2322 occasionibus
1139 2265 1390 2338 praefixis
1405 2281 1509 2320 nos
1527 2264 1954 2321 excusavimus.

306 2358 414 2413 Sed
437 2357 676 2412 tandem
698 2356 918 2411 crebris
941 2359 997 2412 et
1017 2353 1264 2410 infinitis
1285 2355 1460 2410 etiam
1483 2371 1586 2426 pro
1608 2353 1958 2410 Christiani-

305 2447 442 2502 tatis
465 2444 786 2502 miserabili
799 2444 1025 2500 del‘ectu
1043 2444 1430 2516 querimoniis
1442 2448 1499 2499 et
1512 2444 1831 2500 multorum
1849 2442 1959 2500 cle-

305 2535 560 2592 ricorum
584 2538 642 2590 et
663 2533 943 2590 laicorum
960 2533 1062 2603 jus
1085 2549 1258 2588 suum
1283 2532 1727 2604 agnoscentium
1752 2537 1956 2604 rogatu

304 2628 362 2681 et
382 2623 625 2681 consilio
641 2622 849 2679 devicti
871 2622 1269 2677 Wormaciam
1292 2621 1485 2677 eidem
1509 2621 1782 2693 episcOpo
1805 2622 1956 2678 suis-

305 2730 417 2786 que
430 2711 906 2779 adversariis,ubi
923 2710 1169 2782 principi
1180 2711 1286 2765 bus
1303 2711 1519 2766 nostris
1533 2710 1864 2782 procateris
1877 2727 1959 2766 re-

304 2802 405 2875 gni
421 2801 669 2873 negotiis
686 2800 992 2855 convenire
1014 2802 1300 2854 statutum
1315 2802 1494 2865 est,ut
1506 2799 1684 2870 etipsi
1699 2799 1961 2854 venirent

306 2889 708 2963 praecepimus.
729 2887 808 2944 lbi
833 2904 965 2943 vero
987 2905 1022 2942 x
1043 2887 1352 2959 episcopis,
1384 2905 1420 2942 x
1459 2887 1769 2943 abbatibus
1791 2892 1958 2944 cante-

304 2979 502 3051 risque
547 2976 1002 3050 quamplurimis
1043 2975 1270 3032 clericis
1292 2992 1356 3030 ac
1378 2976 1542 3031 laicis
1573 2976 1959 3048 prasentibus

304 3067 615 3140 utriusque
631 3067 812 3140 partis
831 3066 1050 3139 scripta
1068 3064 1380 3138 episcopus
1392 3069 1449 3120 et
1465 3065 1554 3121 sui
1570 3065 1885 3122 adversarii
1899 3066 1958 3122 in

2083 574 2232 630 tium
2267 575 2485 648 aliquid
2505 574 2802 648 quoinniti
2815 579 3054 648 possent
3082 591 3199 630 non
3229 573 3588 630 habentibus
3611 573 3737 646 epi-

2085 680 2296 736 scopus
2310 665 2700 736 plurimorum
2714 668 3152 721 antecessorum
3174 667 3512 720 nostrorum
3530 679 3742 736 regum

2082 758 2140 808 et
2168 754 2612 826 imperatorum,
2642 753 2865 810 scilicet
2892 752 3111 808 Arnolﬁ
3144 751 3364 826 filiique
3393 754 3524 823 ejus
3551 753 3743 808 Ludo-

2079 841 2211 910 vici,
2245 843 2498 899 Heinrici
2529 843 2724 916 primi,
2758 843 2936 898 trium
2969 843 3249 898 Ottonum
3297 841 3532 897 chartas
3573 841 3738 913 ipso-

2084 949 2214 987 rum
2247 933 2520 988 manibus
2550 933 2849 988 raboratas
2878 936 2935 988 et
2964 929 3174 1004 sigillis
3199 930 3744 1004 assignatas,eccle-

2083 1022 2181 1077 size
2212 1039 2329 1078 suae
2357 1022 2593 1078 easdem
2643 1020 2900 1076 decimas
2950 1019 3316 1076 stabilientes
3364 1018 3739 1090 prmsentavit

2081 1108 2380 1182 legendas.
2416 1110 2496 1166 Ibi
2528 1127 2661 1166 vero
2693 1114 3009 1182 utrumque
3056 1108 3364 1166 sententiis
3410 1109 3630 1164 auditis
3677 1113 3737 1165 et

2081 1199 2374 1254 subtiliter
2415 1199 2774 1271 dijudicatis,
2807 1197 3249 1270 archiepiscopi,
3285 1195 3543 1269 episcopi
3593 1213 3732 1253 cum

2080 1288 2239 1344 omni
2269 1289 2444 1359 clero,
2472 1289 2649 1344 duces
2679 1293 2738 1344 et
2763 1289 3026 1353 comites,
3057 1287 3237 1342 etiam
3268 1286 3416 1359 ipsis
3446 1286 3616 1358 prius
3643 1286 3731 1342 fa-

2077 1377 2682 1450 ventes,petitionibus
2705 1376 2961 1449 episcOpi
2983 1375 3311 1432 consentire
3333 1375 3542 1431 debere
3555 1375 3732 1446 justi-

2078 1467 2160 1522 tia
2189 1467 2453 1540 exigente
2483 1466 2746 1521 unamini
2768 1465 3078 1522 concordia
3097 1481 3302 1520 omnes
3325 1465 3728 1521 afﬁrmabant.

2078 1555 2354 1612 Promisit
2382 1555 2556 1611 etiam
2602 1554 2771 1611 nobis
2821 1553 3096 1627 praefatus
3141 1553 3474 1626 episcopus,
3508 1552 3733 1610 decano

2077 1645 2416 1715 ceterisque
2447 1644 2710 1715 ejusdem
2728 1641 2994 1698 Ecclesia:
3008 1641 3230 1698 clericis
3247 1640 3730 1714 astipulantibus,

2075 1733 2216 1788 dum
2248 1733 2410 1789 locus
2442 1736 2705 1789 maneret
2723 1732 2947 1804 integer
2974 1735 3031 1788 et
3060 1731 3594 1802 indestructus,pro
3615 1731 3736 1788 vita

2073 1826 2273 1878 nostra
2292 1826 2565 1894 statuque
2595 1821 2757 1893 regni
2789 1821 2930 1876 dum
2959 1820 3306 1887 viveremus,
3341 1824 3474 1892 post
3502 1818 3731 1876 obitum

2071 1915 2263 1966 autem
2279 1928 2380 1983 pro
2400 1910 2583 1967 nostri
2596 1915 2651 1966 et
2664 1910 2822 1966 chari
2838 1908 3022 1982 patris
3036 1909 3220 1965 nostri
3250 1908 3503 1964 Heinrici
3547 1908 3732 1981 impe-

2068 1999 2890 2073 ratorisAugusti,matrisque
2911 2002 3124 2054 nostris
3145 1996 3732 2070 Agnetisimperatri-

2068 2089 2288 2158 cis,avi,
2308 2090 2565 2162 aviaeque
2587 2089 2921 2145 animarum
2943 2087 3335 2153 remedio,xxx
3357 2085 3573 2144 missas
3595 2087 3729 2142 toti-

2067 2178 2321 2250 demque
2343 2177 2617 2249 psalteria
2629 2195 2732 2250 per
2743 2177 3008 2250 singulas
3025 2177 3386 2233 hebomadas
3399 2175 3622 2232 ibidem
3635 2177 3732 2232 de-

2066 2271 2192 2322 vote
2206 2267 2496 2322 decantari
2512 2271 2568 2322 et
2581 2268 2653 2322 ad
2677 2283 2881 2322 omnes
2895 2283 3104 2323 cursus
3122 2265 3403 2321 horarum
3427 2264 3618 2338 psalm
3630 2282 3727 2322 um

2069 2373 2273 2412 unum.
2299 2356 2543 2429 Insuper
2563 2361 2851 2412 statutum
2872 2360 2960 2412 est
2980 2360 3048 2412 ut
3067 2355 3126 2411 in
3150 2371 3337 2410 aevum
3359 2354 3523 2411 omni
3553 2355 3730 2411 tertia

2068 2446 2211 2502 feria
2233 2445 2658 2502 communitera
2684 2445 2962 2500 fratribus
2977 2445 3036 2500 in
3049 2445 3224 2500 choro
3241 2460 3346 2517 pro
3363 2443 3563 2500 anima
3574 2444 3732 2516 Sige-

2068 2534 2200 2590 fridi
2214 2535 2373 2590 chari
2389 2534 2694 2591 servientis
2713 2534 2896 2591 nostri
2912 2538 3371 2606 caaterorumque
3383 2533 3483 2606 qui
3503 2549 3612 2604 pro
3626 2548 3728 2590 no-

2067 2627 2189 2680 stro
2210 2624 2428 2682 honore
2451 2624 2816 2680 defendendo
2839 2624 2897 2678 in
2921 2623 3156 2696 publico
3180 2621 3330 2678 bello
3351 2626 3729 2689 corruerunt,

2071 2712 2342 2786 specialis
2359 2713 2541 2769 missa
2552 2714 3283 2785 decantetur.Quapropter
3293 2711 3526 2767 Domini
3540 2711 3728 2768 nostri

2066 2803 2208 2858 Jesu
2231 2801 2446 2858 Christi
2467 2805 2524 2858 et
2546 2801 2697 2858 beati
2739 2801 2889 2858 Petri
2933 2800 3213 2874 principis
3247 2800 3652 2873 apostolorum
3673 2806 3730 2858 et

2068 2891 2630 2964 pretiosissimorum
2659 2895 2981 2963 martyrum
3003 2888 3255 2961 Crispini
3268 2892 3324 2944 et
3343 2888 3725 2962 Crispiniani,

2069 2995 2173 3034 nec
2195 2995 2310 3034 non
2336 2995 2439 3051 pro
2460 2978 2828 3035 veneratione
2848 2977 3034 3035 Caroli
3073 2977 3443 3050 imperatoris
3473 2978 3728 3051 Augusti

2069 3068 2267 3141 magni
2298 3072 2356 3124 et
2394 3066 2622 3141 pacifici
2669 3071 2726 3122 et
2771 3067 3034 3139 ejusdem
3084 3066 3338 3123 ecclesias
3395 3066 3728 3124 fundatoris

309 3157 571 3214 medium
594 3154 983 3229 proferebant.
1018 3153 1288 3227 Episcopi
1338 3171 1492 3223 vero,
1526 3155 1762 3226 scripti
1793 3153 1959 3210 lectis
2069 3156 2428 3213 devotissimi
2461 3160 2519 3212 et
2547 3160 2886 3213 caterorum
2909 3161 3348 3212 antecessorum
3379 3160 3723 3212 nostrorum

306 3251 361 3302 et
390 3244 720 3314 intellectis,
753 3244 1300 3315 Osnebruggensem
1350 3242 1676 3311 ecclesiam,
1716 3242 1956 3299 Adriani
1989 3229 2032 3296 C
2070 3245 2655 3303 eamdemecclesiam
2669 3245 2790 3302 suis
2809 3245 3044 3318 scriptis
3057 3245 3430 3319 etpraaceptis
3452 3245 3729 3303 roboran-

306 3351 467 3408 papzs
496 3333 740 3390 consilio
791 3339 850 3388 et
880 3349 1166 3388 consensu
1200 3348 1232 3387 a
1264 3348 1476 3405 magno
1507 3337 1563 3388 et
1588 3331 1803 3388 illustri
1835 3333 1956 3388 viro

305 3422 508 3480 Carolo
539 3422 812 3495 primitus
831 3422 888 3476 in
921 3420 1218 3492 provincia
1247 3420 1526 3478 Westfala
1558 3421 1959 3491 fundatam,et

306 3531 341 3571 a
366 3511 680 3570 venerabili
704 3511 982 3584 Egill‘rido
1007 3510 1343 3566 Leodicensi
1365 3510 1636 3582 episcopo
1659 3527 1957 3567 consecra-

303 3609 506 3669 tam,el
523 3602 662 3674 quia
681 3600 792 3656 sibi
812 3603 955 3656 tunc
975 3599 1255 3671 temporis
1296 3599 1512 3671 praedia
1529 3599 1617 3654 vel
1639 3599 1754 3654 alia
1773 3599 1831 3654 in
1857 3599 1958 3656 illa

306 3693 540 3764 regione
561 3708 676 3747 non
695 3693 861 3746 erant
880 3687 1141 3756 donaria,
1175 3688 1329 3743 unde
1378 3687 1689 3761 episcopus
1725 3688 1814 3744 vel
1837 3688 1958 3744 cle-

307 3780 411 3837 rici
440 3779 520 3835 ibi
551 3780 666 3835 Deo
697 3778 1018 3834 militantes
1049 3777 1792 3845 sustentarentur,decimis
1823 3795 1957 3834 cun-

306 3873 536 3926 ctorum
560 3868 714 3922 infra
743 3866 1027 3923 terminos
1049 3866 1313 3937 ejusdem
1336 3865 1707 3938 episcOpatus
1743 3867 1957 3939 degen-

305 3960 455 4014 tium
473 3960 530 4013 et
547 3956 768 4012 noviter
784 3955 855 4010 ad
879 3955 1376 4011 Cliristianitatem
1395 3971 1805 4011 conversorum
1827 3973 1960 4012 con-

307 4045 651 4103 secrationis
681 4046 809 4116 ejus
839 4045 932 4101 die
962 4045 1244 4111 dotatam,
1263 4048 1322 4099 et
1351 4048 1552 4114 postea
1581 4060 1650 4098 nu
1680 4044 1955 4117 apostoli-

308 4153 510 4192 corum
540 4134 799 4190 virorum
831 4131 1402 4207 privilegiis,scilicet
1425 4133 1956 4201 Leonis,Paschalis

307 4223 549 4298 Eugenii
584 4228 642 4279 et
671 4223 951 4295 Gregorii,
975 4221 1296 4278 stabilitam
1345 4238 1494 4287 esse,
1521 4227 1579 4278 et
1597 4239 1830 4279 omnem
1852 4223 1957 4280 ho-

308 4313 526 4369 minem
557 4313 778 4368 eisdem
810 4310 1130 4384 privilegiis
1152 4313 1288 4366 ante
1304 4327 1410 4366 nos
1432 4310 1680 4379 relectis,
1703 4313 1802 4384 qui
1836 4313 1957 4370 haec

307 4401 532 4459 sancita
575 4400 770 4472 aliquo
820 4399 992 4455 modo
1039 4397 1367 4464 irritaverit,
1401 4399 1956 4457 anathematizatum

307 4491 821 4561 constare,absque
844 4487 964 4542 ulla
984 4487 1368 4559 ambiguitate
1389 4487 1725 4546 didicimus.
1749 4490 1829 4546 Ex
1856 4492 1956 4547 ab-

307 4580 459 4636 batis
486 4582 683 4635 autem
715 4576 932 4666 scripto
963 4576 1118 4666 quod
1150 4575 1346 4666 attulit
1382 4576 1561 4650 regali
1608 4579 1958 4634 auctoritate
1985 4599 2035 4666 D

306 4669 650 4726 confirmato
672 4665 970 4738 juniorem
1002 4664 1358 4721 Ludovicum
1382 4667 1701 4738 quamdam
1751 4666 1958 4724 cellam

307 4755 638 4815 Corbeiensi
667 4753 944 4825 ecclesiae,
969 4754 1206 4809 nomine
1237 4753 1955 4826 Meppiam,Herifurdensi

307 4852 503 4904 autem
531 4845 860 4911 ecclesiam,
894 4844 1132 4900 nomine
1161 4843 1556 4912 Bunede,cum
1578 4845 1822 4902 decimis
1844 4846 1954 4902 sibi

309 4933 736 5010 pertinentibus
766 4934 827 4989 in
850 4933 1188 5005 episcopatu
1221 4932 1447 4988 Osnebr
1477 4934 1836 4991 concessisse
1863 4935 1954 4991 in-

306 5023 746 5081 telleximus.Ad
771 5022 892 5077 haec
914 5022 1285 5094 infringenda
1312 5025 1369 5077 et
1398 5022 1774 5080 adnihilanda
1798 5026 1954 5096 ejus-

309 5115 441 5170 dem
464 5110 720 5185 junioris
755 5109 1504 5180 Ludovicichartamipsius
1521 5113 1755 5183 propria
1778 5130 1954 5168 manu

308 5203 643 5259 roboratam
673 5203 729 5254 et
760 5197 953 5271 sigillo
985 5200 1114 5270 ejus
1143 5198 1500 5271 assignatam
1551 5203 1858 5274 episcopus
1897 5203 1956 5257 in

309 5291 502 5365 palam
534 5287 947 5364 proferebat,in
979 5304 1095 5359 qua
1117 5287 1271 5344 idem
1295 5289 1619 5345 Ludovicus
1640 5291 1728 5345 avi
1752 5292 1958 5363 patris-

309 5398 421 5453 que
452 5379 544 5436 sui
575 5381 797 5434 statuta
815 5377 1222 5448 supereisdem
1235 5377 1477 5433 decimis
1499 5379 1751 5450 praafatae
1773 5380 1955 5436 Osua-

308 5466 628 5541 bruggensi
662 5464 916 5520 ecclesiae
941 5463 1223 5520 stabilivit
1270 5469 1327 5520 et
1354 5467 1414 5520 in
1440 5468 1780 5524 earumdem
1803 5470 1956 5527 deci-

309 5573 537 5611 marum
565 5553 977 5609 traditionibus
997 5552 1321 5624 quidquam
1355 5554 1757 5627 derogasse,ut
1787 5559 1958 5617 abba-

307 5644 385 5698 tis
434 5642 657 5712 scripta
704 5640 981 5708 referunt,
1031 5641 1356 5712 denegavit.
1394 5641 1618 5703 Abbate
1665 5650 1862 5706 autem
1901 5654 1960 5707 et

2065 3335 2346 3402 tium,nec
2377 3352 2490 3391 non
2515 3335 2604 3390 avi
2627 3335 2930 3407 patrisque
2961 3333 3147 3391 nostri
3179 3337 3356 3407 atque
3384 3338 3592 3391 nostra
3612 3350 3728 3391 cm-

2064 3429 2442 3497 terorumque
2471 3423 2737 3480 videlicet
2758 3439 2963 3497 regum
3011 3424 3113 3496 qui
3151 3423 3208 3478 in
3233 3423 3503 3479 eamdem
3529 3421 3722 3479 Eccle-

2065 3513 2215 3570 siam
2239 3513 2539 3585 justitiam
2571 3512 2681 3568 sibi
2714 3512 3054 3585 deneganda
3087 3516 3473 3585 peccaverunt
3491 3511 3727 3568 anima-

2067 3619 2198 3657 rum
2246 3601 2500 3658 remedio
2545 3605 2602 3657 et
2646 3601 3012 3668 liberatione,
3041 3605 3098 3657 et
3150 3601 3418 3672 ejusdem
3458 3600 3725 3673 episcopi

2067 3689 2272 3748 sedula
2290 3687 2647 3746 et'diuturna
2663 3689 3355 3762 proclamatione,nostrae
3373 3689 3725 3746 immunita-

2064 3781 2141 3835 tis
2159 3778 2511 3836 etlibertatis
2534 3783 2886 3852 praeceptum
2902 3795 3079 3852 super
3091 3778 3310 3836 eisdem
3333 3778 3584 3836 decimis
3600 3778 3723 3851 epi-

2066 3885 2239 3942 scopo
2254 3883 2490 3941 suaeque
2510 3867 2776 3924 Ecclesiae
2799 3867 3164 3924 stabiliendis
3185 3866 3309 3923 fieri
3330 3866 3720 3924 decrevimus.

2067 3958 2238 4013 Prisci
2246 3957 2470 4029 pientes
2481 3973 2616 4030 ergo
2635 3958 2917 4028 jubemus
2929 3961 2996 4013 ut
3007 3957 3159 4012 sicut
3178 3955 3438 4029 reliquie
3461 3956 3524 4013 in
3539 3973 3723 4031 regno

2065 4051 2265 4103 nostro
2295 4051 2508 4102 sancta:
2526 4046 2628 4103 Dei
2648 4045 2917 4102 Ecclesia
2939 4046 3012 4102 ab
3034 4050 3472 4103 antecessorum
3496 4050 3728 4103 nostro-

2066 4152 2198 4190 rum
2239 4151 2444 4208 regum
2491 4139 2549 4190 et
2595 4135 3014 4207 imperatorum
3041 4133 3348 4207 praeceptis
3396 4137 3455 4190 et
3482 4134 3726 4207 scriptis

2065 4224 2397 4280 stabilitatae
2427 4224 2780 4291 consistunt,
2814 4223 2895 4279 ita
2923 4228 2982 4280 et
3005 4223 3128 4279 haec
3169 4223 3414 4279 Osnebr.
3460 4222 3727 4281 Ecclesia

2067 4331 2169 4386 per
2213 4313 2322 4370 hoc
2367 4317 2636 4370 nostrum
2667 4317 3040 4385 praeceptum,
3076 4312 3320 4368 Domino
3369 4311 3724 4385 opitulante,

2065 4401 2325 4458 stabilita
2337 4401 3029 4459 consistat.Concedimus
3049 4401 3224 4457 etiam
3239 4400 3431 4456 eidem
3446 4400 3726 4473 episcopo

2065 4497 2122 4548 et
2169 4490 2464 4548 licentiam
2514 4491 2748 4561 damus,
2783 4491 2902 4546 imo
2951 4489 3349 4562 prmeipimus,
3389 4489 3724 4546 secundum

2066 4579 2250 4638 Caroli
2282 4578 2713 4636 institutionem
2765 4579 3026 4636 decimas
3059 4583 3406 4636 cunctorum
3441 4577 3599 4634 infra
3630 4579 3724 4634 sui

2068 4670 2440 4742 episcopatus
2469 4667 2752 4725 terminos
2784 4667 3200 4736 habitantium,
3225 4666 3444 4740 quibus
3469 4667 3597 4740 jam
3621 4666 3726 4724 diu

2066 4758 2287 4832 injuste
2311 4757 2585 4828 caruit,in
2603 4774 2772 4813 suam
2802 4757 3192 4830 episcopalem
3215 4758 3565 4829 potestatem
3587 4755 3728 4812 reci-

2067 4865 2222 4921 pere,
2257 4846 2488 4904 nemine
2518 4846 3082 4903 contradicente.Sed
3114 4845 3287 4902 liceat
3313 4844 3554 4918 praefato
3595 4845 3730 4918 epi-

2066 4954 2239 5010 scopo
2261 4936 2497 4993 easdem
2529 4936 2789 4992 decimas
2811 4939 3166 5009 craterasque
3187 4951 3280 4991 res
3303 4951 3423 4991 sua:
3445 4933 3727 4991 Ecclesia

2066 5043 2214 5099 quas
2245 5025 2417 5082 modo
2448 5024 2708 5097 possidet
2735 5023 2824 5080 vel
2854 5024 3129 5096 deinceps
3159 5021 3501 5096 acquisierit
3523 5023 3728 5095 quieto

2067 5114 2270 5170 ordine
2300 5112 2618 5186 possidere,
2652 5129 2907 5185 suasque
2943 5111 3252 5180 Ecclesias,
3285 5112 3461 5168 sicuti
3481 5114 3730 5168 caetero-

2066 5220 2198 5259 rum
2224 5203 2324 5274 jus
2345 5206 2435 5257 est
2463 5201 3187 5275 episcoporum,corrigere
3208 5204 3267 5257 et
3283 5216 3488 5257 earum
3511 5216 3728 5257 causas

2066 5294 2287 5364 absque
2318 5289 2442 5346 ulla
2469 5290 2925 5347 contradictione
2954 5290 3508 5364 disponere.Sicque
3531 5288 3728 5345 firmi-

2066 5382 2238 5438 miter
2266 5377 2593 5436 stabilitum
2625 5384 2715 5435 est
2745 5384 2810 5436 ut
2839 5379 3032 5436 cuncti
3054 5381 3182 5453 ejus
3205 5394 3581 5436 successores
3603 5377 3728 5434 hac

2065 5471 2270 5527 eadem
2299 5485 2334 5523 a
2362 5467 2531 5524 nobis
2555 5468 2780 5525 sancite
2809 5468 2935 5542 pari
2965 5470 3140 5526 modo
3169 5468 3516 5525 sortiantur.
3549 5468 3624 5524 Et
3662 5470 3728 5523 ut

2065 5560 2186 5616 haec
2215 5555 2530 5614 auctoritas
2559 5561 2759 5614 nostra
2783 5557 3103 5615 ﬁrmiorem
3124 5557 3185 5615 in
3207 5557 3308 5614 Dei
3331 5556 3574 5614 nomine
3621 5557 3726 5613 ha-

2064 5649 2199 5706 beat
2222 5645 2624 5719 stabilitatem,
2657 5663 2838 5706 manu
2869 5651 3071 5707 nostra
3116 5645 3353 5722 propria
3399 5650 3467 5704 ut
3509 5646 3725 5707 subtus
