3924 6210
202 322 350 388 H53

1536 313 1930 385 HENRICUS
1972 310 2053 382 IV
2092 311 2256 381 IMP.

3433 318 3589 384 1134

200 430 345 533 quis,
374 469 560 527 usque
589 451 660 510 ad
691 450 823 509 illos
842 451 1166 525 ﬂnes,quos
1185 450 1549 509 laudaverint
1568 453 1837 510 homines
1866 456 1920 523 Α
1950 451 2129 509 situm
2160 455 2334 521 est,et
2363 452 2421 508 in
2454 452 2733 510 comitatu
2764 450 3071 511 Sabinensi
3101 458 3501 514 constructum
3530 458 3590 523 in

198 547 266 602 ab
292 544 373 600 eis
403 540 571 598 electi
602 542 673 597 ad
706 541 816 597 hoc
850 540 1244 614 officium,qui
1269 541 1658 614 jurejurando
1689 542 1841 597 afﬁr-

196 636 351 689 ment
369 647 431 687 se
450 630 606 686 bona
628 631 741 686 fide
763 629 1160 687 estimaturos
1190 633 1248 686 et
1270 631 1688 687 terminaturos
1708 630 1841 687 illas

194 725 370 779 terras
401 735 528 791 quae
574 719 735 776 fuere
776 735 996 791 pascua
1036 717 1124 774 vel
1174 718 1440 791 paludes,
1472 723 1529 775 et
1575 718 1705 776 illas
1734 719 1841 774 de-

195 812 637 877 monstraturos,
663 808 817 880 quod
850 811 1016 864 erant
1042 824 1417 880 pascua,quaa
1449 809 1520 864 ad
1548 807 1839 864 culturam

195 898 436 955 debeant
454 898 854 954 remanere.Et
876 896 1037 953 nullo
1058 913 1254 953 amore
1274 896 1366 953 vel
1383 898 1514 954 odio
1538 900 1843 970 propterea

195 988 475 1044 missuros
507 987 659 1056 illos,
693 987 743 1043 si
774 985 1167 1053 noluerint,ad
1201 991 1572 1043 sacramenta
1602 986 1840 1044 distrin-

195 1093 414 1151 gemus.
439 1077 509 1132 Et
538 1077 694 1150 quod
718 1074 831 1149 ipsi
852 1076 1218 1132 laudaverint
1239 1092 1388 1145 esse,
1422 1076 1481 1131 in
1511 1076 1690 1132 alium
1723 1079 1840 1132 sta-

192 1172 316 1223 tum
355 1169 753 1223 transmutare
782 1182 886 1239 per
928 1166 1144 1222 bonam
1168 1166 1344 1222 {idem
1375 1165 1839 1238 prohibebimus.

198 1255 299 1323 Qui
327 1254 377 1311 si
404 1254 870 1312 diseordaverint
886 1253 946 1311 in
977 1254 1263 1327 eligendis
1280 1254 1573 1326 praedictis
1594 1252 1844 1309 homini-

197 1345 321 1415 bus,
353 1360 473 1399 non
495 1343 864 1416 eligemus,et
884 1344 1078 1413 iurare
1100 1341 1615 1416 distringemus.ln
1634 1343 1838 1410 Roma,

197 1439 250 1491 et
277 1434 347 1490 ab
376 1433 513 1506 ipsa
539 1433 727 1488 Roma
755 1448 945 1505 usque
973 1432 1216 1505 Papiam
1276 1430 1502 1489 nullum
1530 1431 1842 1505 ripaticum

196 1523 414 1579 dabunt
443 1522 505 1578 in
535 1522 621 1579 eis
654 1521 928 1578 merentis
958 1526 1017 1577 et
1040 1520 1206 1591 locis,
1237 1522 1338 1577 ubi
1366 1521 1480 1594 ipsi
1514 1521 1672 1578 soliti
1703 1525 1844 1578 sunt

194 1614 273 1668 ire
305 1628 402 1685 per
431 1628 597 1679 suos,
630 1616 733 1667 aut
755 1628 817 1667 se
839 1612 965 1684 jam
993 1611 1065 1666 ad
1097 1612 1474 1668 mercandum
1506 1610 1680 1667 ivisse
1707 1628 1842 1683 pos-

195 1705 325 1758 sunt
347 1699 578 1757 ratione
626 1701 892 1773 probare.
924 1700 997 1755 Et
1051 1698 1135 1754 illi
1192 1700 1611 1773 negociatores,
1639 1698 1738 1770 qui
1770 1699 1842 1754 ad

192 1791 376 1847 Pisam
410 1790 503 1847 ire
530 1789 841 1859 voluerint,
870 1806 987 1845 non
1015 1789 1506 1862 prohibebuntur.
1541 1790 1655 1845 Nec
1688 1805 1842 1843 mar-

194 1880 463 1937 chionem
496 1878 752 1951 aliquem
783 1878 843 1933 in
875 1878 1081 1935 Suscia
1124 1878 1427 1934 mittemus
1478 1878 1605 1934 sine
1634 1878 1841 1933 lauda-

194 1971 343 2026 tione
369 1968 684 2024 hominum
730 1967 1039 2023 duodecim
1091 1967 1406 2023 electorum
1466 1968 1521 2022 in
1554 1965 1841 2038 colloquio

196 2058 340 2114 facto
369 2056 724 2113 sonantibus
755 2057 1076 2129 campanis.
1109 2058 1156 2112 A
1189 2057 1352 2113 fauce
1381 2057 1519 2112 Arni
1550 2072 1738 2129 usque
1768 2055 1840 2110 ad

196 2145 479 2220 Ripaltam
501 2162 602 2203 eos
622 2150 832 2202 euntes
854 2150 912 2202 et
933 2151 1287 2202 revertentes
1326 2162 1430 2219 per
1464 2148 1685 2201 Arnum
1706 2162 1845 2217 pra-

197 2235 443 2306 dari,aut
476 2234 762 2292 assaltum
786 2235 972 2291 facere
1002 2251 1115 2290 non
1148 2236 1576 2307 permittemus,
1599 2234 1713 2290 nisi
1738 2235 1845 2289 for-

196 2329 346 2388 tasse
365 2340 470 2398 per
492 2323 1055 2392 meritum.Aldium,
1073 2324 1227 2396 quod
1247 2328 1336 2380 est
1357 2324 1416 2379 in
1448 2324 1577 2396 ripa
1604 2322 1743 2378 Arni
1774 2339 1843 2378 ex

196 2419 435 2487 utraque
450 2418 619 2487 parte
641 2430 849 2469 amare
864 2426 1052 2486 usque
1069 2413 1140 2469 ad
1156 2412 1518 2482 Orticariam,
1536 2430 1652 2468 non
1684 2413 1843 2468 sine-

196 2520 325 2559 mus
345 2503 645 2578 impediri.
679 2502 841 2558 Ultra
866 2519 1066 2558 muros
1098 2501 1370 2574 antiquos
1400 2501 1670 2570 civitatis,
1688 2501 1842 2573 quod

196 2596 280 2648 est
308 2592 378 2648 ab
410 2590 673 2664 antiquis
706 2591 894 2647 muris
912 2608 1100 2663 usque
1131 2592 1203 2646 ad
1234 2591 1559 2659 Arnum,ad
1587 2607 1846 2647 commu-

195 2698 323 2737 nem
340 2681 659 2737 utilitatem
684 2679 719 2734 li
732 2680 923 2736 berabi
935 2681 1208 2736 mus.Nee
1221 2680 1463 2735 domum
1478 2681 1537 2735 in
1553 2680 1844 2753 pradictis

191 2770 454 2827 terminis
476 2769 692 2826 elevari
716 2785 902 2841 usque
922 2770 992 2824 ad
1016 2768 1259 2842 triginta
1280 2785 1381 2827 sex
1400 2769 1641 2825 brachia
1660 2768 1844 2825 inter-

193 2859 300 2916 dici
322 2859 836 2933 permittemus.Et
855 2862 921 2913 ut
946 2858 1052 2914 hoc
1080 2859 1315 2913 ﬁrmum
1346 2861 1403 2914 et
1432 2857 1842 2914 ineonvulsum

194 2948 284 3018 sit,
314 2947 469 3005 hanc
532 2947 796 3003 chartam
847 2946 1025 3003 scribi
1069 2946 1386 3018 jussimus,
1419 2963 1597 3020 quam
1646 2951 1847 3003 nostra

194 3054 393 3109 manu,
424 3041 494 3092 ut
520 3035 670 3092 infra
689 3036 941 3102 videtur,
972 3036 1405 3091 corroboratam
1451 3034 1627 3107 sigilli
1659 3034 1844 3091 nostri

194 3126 581 3199 impressione
602 3124 1148 3197 fecimusinsigniri.
1166 3124 1767 3189 Junximusetiam,ut
1792 3124 1841 3179 si

1947 542 2073 598 loco
2105 542 2206 615 qui
2239 540 2453 598 dicitur
2478 543 3089 612 Acutianus,nostram
3119 546 3320 602 adiens
3337 563 3589 619 praeson-

1946 631 2111 697 tiam,
2146 631 2404 687 ostendit
2445 632 2614 688 nobis
2646 637 2980 690 nostrorum
3022 639 3478 704 antecessorum,
3502 653 3591 691 re-

1949 735 2111 791 gum,
2144 718 2233 775 vel
2262 720 2683 793 imperatorum
2703 726 2988 795 praecepta
3016 723 3206 780 eidem
3242 726 3591 781 monasterio

1950 808 2322 879 facta,aureis
2335 810 2545 883 sigillis
2558 809 2779 867 bullata
2791 812 3013 868 scilicet
3025 812 3212 868 Caroli
3226 814 3593 886 imperatoris

1953 898 2240 966 Ludovici,
2274 902 2331 954 et
2361 899 2637 969 Lotharii,
2662 917 2766 957 nec
2787 918 2901 956 non
2924 907 2980 957 et
3010 901 3307 969 Ludovici,
3330 900 3590 967 alterius,

1949 985 2008 1040 in
2041 987 2256 1058 quibus
2287 988 2712 1059 continebatur,
2744 991 3037 1063 quomodo
3075 990 3210 1063 ipsi,
3242 995 3299 1047 et
3327 995 3594 1047 anteces-

1951 1091 2110 1130 sores
2143 1092 2344 1131 eorum
2394 1078 2788 1150 Liutprandus
2837 1079 3055 1135 scilicet
3102 1097 3168 1136 ac
3226 1080 3591 1153 Rathgisius,

1951 1162 2355 1237 Haistulphus,
2409 1166 2764 1233 Desiderius,
2829 1169 3344 1241 Longobardorum
3403 1186 3590 1243 reges,

1950 1267 2055 1307 nec
2079 1268 2195 1306 non
2217 1256 2274 1307 et
2291 1251 2710 1325 imperatorum
2726 1262 3033 1328 parentum
3050 1262 3405 1325 nostrorum,
3430 1257 3593 1315 scili-

1951 1341 2389 1398 cetChuonradi
2414 1343 2501 1398 avi
2541 1345 2744 1413 nostri,
2779 1350 2836 1401 et
2864 1347 3026 1401 bonae
3083 1347 3378 1405 memoriae
3409 1346 3592 1421 patris

1952 1430 2136 1486 nostri
2158 1431 2410 1486 Heinriei
2433 1434 2774 1504 praedictum
2806 1434 3493 1512 monasterium,propter
3512 1437 3594 1492 di-

1949 1520 2151 1575 vinum
2176 1525 2519 1587 amorem,et
2530 1523 2910 1579 reverentiam
2928 1529 3139 1580 sanctae
3160 1526 3263 1582 Dei
3290 1526 3594 1600 genitricis

1952 1625 2075 1665 sem
2082 1608 2437 1682 pervirginis
2451 1611 2645 1666 Marias
2661 1612 2910 1667 dominae
2934 1616 3283 1685 nostrae,sub
3315 1631 3423 1673 sua
3440 1632 3590 1672 sem-

1952 1715 2054 1770 per
2070 1698 2315 1754 tuitione
2332 1699 2770 1756 tenuissent.0b
2792 1701 3132 1758 firmitatem
3154 1706 3353 1759 tamen
3372 1704 3453 1759 rei
3472 1721 3598 1776 pos:

1953 1786 2157 1842 tulavit
2187 1788 2691 1859 praedictusabbas
2706 1795 2768 1845 ut
2797 1793 3137 1848 eorunidem
3175 1792 3595 1866 imperatorum

1948 1882 2234 1951 praecepta
2246 1883 2444 1935 nostra
2456 1880 2800 1936 auctoritate
2812 1882 3599 1953 conﬁrmaremus,etimmu-

1952 1965 2155 2022 nitatis
2173 1972 2520 2040 praeceptum
2551 1985 2656 2023 suo
2690 1970 3045 2027 monasterio
3076 1972 3213 2028 dare
3235 1972 3595 2044 juberemus.

2022 2056 2136 2111 Nos
2167 2072 2299 2111 vero
2328 2057 2455 2127 ejus
2469 2057 2649 2127 justis
2672 2059 3164 2130 postulationibus
3187 2062 3596 2129 assentientes,

1952 2145 2372 2200 confirmamus
2403 2145 2591 2201 eidem
2638 2150 2990 2203 monasterio
3048 2150 3334 2221 quidquid
3384 2151 3598 2207 futuris

1952 2233 2315 2306 temporibus
2345 2251 2448 2307 per
2477 2235 2867 2291 instrumenta
2919 2238 3256 2294 chartarum
3304 2238 3599 2296 vindicem

1952 2323 2623 2395 contigerit,proutiuste
2644 2324 3599 2398 etlegaliterpossumus,videlicet

1953 2428 2315 2484 quaecunque
2337 2412 2549 2469 habere
2570 2414 2799 2469 videtur
2818 2414 2875 2469 in
2900 2415 3595 2483 territorioSabinensi,id

1953 2507 2042 2556 est
2070 2500 2373 2557 ecclesiam
2404 2503 2598 2558 Sancti
2642 2503 2933 2559 Benedicti
2985 2521 3119 2560 cum
3168 2505 3443 2561 omnibus
3472 2507 3597 2562 suis

1953 2590 2338 2662 pertinentiis,
2371 2595 2428 2646 et
2449 2590 2753 2647 castellum
2789 2593 2859 2647 de
2897 2592 3025 2647 Arci
3049 2608 3182 2648 cum
3205 2598 3326 2649 tota
3354 2594 3592 2668 integri-

1953 2684 2072 2735 tate
2103 2697 2229 2746 sua,
2263 2684 2321 2736 et
2345 2680 2674 2745 castellum,
2707 2680 2943 2737 nomine
2989 2681 3325 2750 Tribucum,
3359 2683 3418 2738 in
3448 2684 3596 2740 inte-

1953 2766 2749 2841 grum,etalveumearphac
2764 2773 2951 2825 totum
2992 2769 3382 2844 inintegrum,
3413 2770 3600 2829 eccle-

1954 2856 2099 2913 siam
2119 2857 2307 2913 Sancti
2351 2856 2552 2930 Angeli
2580 2858 2639 2912 in
2662 2857 2879 2913 Tancia
2900 2876 3033 2915 eum
3056 2860 3290 2933 gualdo,
3319 2866 3377 2918 et
3406 2861 3600 2918 omni-

1954 2947 2064 3002 bus
2096 2947 2220 3001 suis
2252 2946 2640 3018 pertinentiis,
2666 2946 2846 3002 sicuti
2886 2946 3315 3021 Hildebrandus
3354 2951 3472 3007 dux
3501 2967 3603 3024 per

1955 3052 2065 3090 sua
2093 3036 2461 3091 confirmavit
2484 3040 2787 3108 praecepta,
2812 3037 3117 3093 castellum
3148 3039 3219 3094 de
3248 3040 3602 3096 Bucciniano

1952 3128 2140 3179 totum
2190 3124 2250 3178 in
2308 3124 2622 3196 integrum,
2656 3130 2930 3180 castrum
2982 3126 3222 3199 Parphae
3270 3144 3404 3183 cum
3464 3130 3602 3184 totis

194 3198 389 3289 aliqua
409 3215 578 3271 navis
594 3214 769 3270 fuerit
799 3218 1022 3270 retenta
1052 3230 1086 3268 a
1115 3212 1317 3283 Gajeta
1346 3230 1532 3284 usque
1571 3215 1643 3269 ad
1675 3212 1841 3282 Luni,
1875 3198 1916 3265 C
1956 3210 2336 3284 subjacentiis
2356 3212 2468 3268 sibi
2490 3212 2917 3284 pertinentibus
2940 3215 3162 3270 castelli
3187 3216 3344 3287 quod
3364 3221 3604 3272 vocatur

194 3304 391 3360 nullus
415 3302 997 3374 audeatdepraedare,
1021 3318 1207 3373 neque
1230 3300 1502 3357 invadere
1523 3301 1676 3357 bona
1696 3301 1849 3375 ipso-

195 3410 322 3449 rum
338 3392 779 3449 Pisanorum.Si
803 3390 937 3462 quis
957 3394 1153 3446 autem
1175 3390 1354 3461 hujus
1370 3389 1641 3463 praecepti
1661 3391 1846 3447 nostri

192 3482 438 3539 violator
496 3480 802 3548 exstiterit,
836 3480 982 3535 sciat
1039 3496 1102 3535 se
1152 3480 1436 3535 ducentas
1490 3479 1671 3536 libras
1720 3480 1848 3537 auri

195 3572 399 3645 optimi
429 3569 1302 3643 compositurum,medietatem
1341 3574 1552 3625 nostra:
1584 3586 1847 3642 camerae,

194 3665 248 3716 et
278 3659 655 3716 medietatem
684 3656 767 3713 illi
800 3664 1001 3714 contra
1030 3674 1203 3730 quem
1239 3658 1413 3714 fuerit
1444 3658 1684 3730 injuria.

239 3749 468 3821 Signum
479 3748 672 3805 damni
680 3748 929 3817 Heinrici
949 3748 1310 3803 Romanorum
1324 3749 1467 3818 regis
1482 3750 1845 3805 invictissimi.

261 3832 641 3895 Burchardus
668 3835 1054 3893 cancellarius
1084 3836 1322 3892 vice.....
1354 3835 1849 3894 archicancellarii

195 3928 525 4001 recognovi.

261 4017 477 4073 Datum
512 4033 666 4072 anno
714 4015 1028 4072 Dominicis
1079 4014 1504 4072 Inearnationis
1537 4015 1850 4074 millesimo

195 4106 557 4180 oetagesimo
583 4104 795 4178 primo,
824 4103 1142 4161 indictione
1190 4122 1270 4175 Iv,
1302 4122 1454 4161 anno
1476 4109 1670 4163 autem
1695 4107 1850 4164 ordi-

194 4196 451 4252 nationis
483 4193 685 4251 domui
702 4193 955 4250 Heinriei
983 4193 1176 4266 quarti
1199 4195 1352 4268 regis
1372 4196 1695 4270 xx1v,regni
1718 4214 1849 4253 xxx.

263 4288 477 4342 Actum
508 4282 752 4341 feliciter
776 4283 839 4339 in
868 4282 1080 4339 Christi
1114 4284 1371 4340 nomine.

195 4447 417 4502 Henrici
447 4446 597 4527 inter
624 4460 776 4514 reges
806 4372 1474 4527 (ηιανεὶὶξᾶιέῐεῖζχΑιῳαες-ιοδΔ
1493 4446 1647 4526 tertii
1674 4444 1850 4527 diplo-

262 4517 673 4590 1na,qquojura
699 4518 889 4571 omnia
916 4533 980 4572 ac
1003 4516 1309 4589 privilegia
1335 4516 1585 4587 Far/ensi
1612 4517 1851 4572 cwnobio

264 4588 560 4646 conﬁrmat
588 4596 641 4644 et
667 4592 848 4659 auget.

826 4661 1009 4729 (Anno
1044 4659 1226 4730 1084.)

372 4731 736 4803 [Munaman
772 4732 893 4786 Rer.
927 4731 1051 4786 Ital.
1085 4730 1304 4803 ScripL,
1330 4729 1399 4797 II,
1431 4745 1493 4797 ιι,
1523 4730 1673 4801 605.]

261 4820 589 4888 HENRICUS,
622 4819 820 4875 divina
850 4820 1078 4875 favente
1109 4818 1439 4887 clementia,
1455 4818 1850 4875 Romanorum

195 4908 522 4981 imperator
549 4911 870 4982 Augustus.
1536 4906 1545 4917 “

261 5001 409 5054 Cum
428 4997 817 5071 petitionibus
829 5008 1131 5053 Servorum
1155 4997 1254 5054 Dei
1274 4997 1657 5054 rationalibus
1670 4996 1850 5051 divini

193 5085 388 5143 cultus
419 5102 625 5143 amore
654 5085 941 5152 favemus,
974 5090 1032 5142 et
1062 5085 1155 5142 his
1199 5090 1528 5159 opportuna
1574 5085 1855 5142 beneficia

192 5175 505 5250 largimur,
525 5176 834 5247 premium
861 5179 1088 5231 aeternae
1102 5175 1590 5232 remunerationis
1611 5175 1852 5249 rependi

192 5281 310 5321 non
340 5263 986 5329 difﬂdimus.Quocirea
1015 5264 1281 5320 omnium
1303 5267 1517 5320 sanctae
1542 5265 1642 5321 Dei
1668 5264 1854 5322 Eccle-

192 5355 316 5421 siae,
346 5358 813 5427 nostrorumque
862 5351 1145 5423 fidelium,
1179 5354 1556 5427 praesentium
1584 5353 1853 5411 videlicet

189 5460 259 5500 ac
290 5444 661 5508 futurorum,
683 5443 1003 5516 eomperiat
1016 5442 1254 5500 solertia
1282 5443 1537 5516 qualiter
1564 5445 1852 5501 Berardus

188 5532 553 5591 venerabilis
570 5531 752 5588 abbas
772 5531 1112 5588 monasterii
1141 5536 1361 5589 Sanctae
1382 5596 1390 5603 _
1411 5533 1514 5590 Dei
1553 5532 1852 5608 genitricis

189 5639 429 5702 semper
457 5619 711 5694 virginis
740 5620 955 5691 Mariae,
988 5623 1144 5695 quod
1173 5621 1234 5679 in
1291 5622 1509 5682 ducatu
1557 5622 1851 5701 Spoletino

1955 3301 2153 3373 Capud
2185 3300 2443 3373 Parpbae,
2475 3305 2533 3356 et
2551 3301 2743 3356 Sancti
2785 3300 2986 3374 Angeli
3011 3304 3358 3374 cognomine
3387 3308 3444 3361 et
3473 3322 3602 3361 cas-

1954 3389 2075 3446 telli
2097 3389 2485 3460 Cerretimali,
2504 3394 2560 3445 et
2588 3389 3012 3457 Scandrilias,et
3040 3392 3218 3447 Petrae
3232 3392 3598 3464 Daemonum,

1955 3485 2012 3535 et
2030 3480 2224 3534 Roecze
2238 3478 2412 3536 Salici
2438 3478 2715 3535 sistorum
2736 3481 3189 3550 quinquetotam
3204 3482 3599 3553 medietatem,

1956 3585 2090 3625 eum
2112 3567 2274 3624 Podii
2306 3567 2521 3641 Majani
2553 3569 2883 3636 medietate,
2916 3573 2973 3624 et
3025 3574 3144 3624 toto
3194 3570 3409 3643 gualdo
3448 3572 3598 3644 ejus,

1957 3657 2265 3714 castellum
2293 3656 2733 3730 Vulpinianum,
2766 3656 3070 3713 castellum
3129 3657 3201 3714 de
3240 3659 3599 3728 Marciliano,

1956 3747 2262 3803 castellum
2284 3748 2355 3803 de
2388 3746 2757 3815 Ferraniano,
2781 3745 3023 3820 podium
3048 3747 3121 3803 de
3141 3748 3363 3814 Catino,
3394 3748 3601 3805 castel-

1957 3836 2081 3893 lum
2113 3837 2183 3892 de
2215 3837 2358 3903 Cuﬁ,
2392 3840 2448 3892 et
2502 3835 2808 3892 castellum
2868 3836 2939 3891 de
2987 3836 3236 3903 Furano,
3265 3840 3491 3892 curtem
3534 3837 3605 3893 de

1960 3925 2109 3993 Lori,
2139 3925 2443 3981 ecclesiam
2490 3928 2711 3980 Sanctae
2758 3924 3007 3981 Helenae.
3035 3925 3099 3981 In
3131 3926 3360 3982 civitate
3389 3924 3608 3982 Ortana

1959 4013 2262 4070 ecclesiam
2295 4014 2492 4069 Sancti
2541 4013 2849 4081 Theodori,
2882 4015 2941 4069 in
2980 4014 3239 4070 Viterbio
3297 4014 3606 4072 ecclesiam

1957 4104 2182 4159 Sanctae
2212 4103 2740 4167 Mariamecclesiam
2758 4096 2950 4159 Saneti
2972 4102 3265 4159 Valentini
3284 4104 3344 4158 in
3367 4104 3559 4176 Burge
3590 4121 3604 4173 ;

1960 4193 2020 4248 in
2051 4190 2342 4248 territorio
2375 4193 2667 4257 Tuscano,
2700 4192 2907 4248 cellam
2928 4192 3155 4247 Sanctae
3186 4192 3380 4247 Mariae
3406 4191 3465 4247 in
3498 4191 3607 4247 Mi-

1961 4281 2133 4337 nione
2145 4296 2277 4336 eum
2297 4278 2533 4352 gualdo,
2549 4285 2608 4335 et
2622 4286 2819 4336 monte
2832 4279 3120 4346 Garberti,
3139 4284 3195 4335 et
3223 4279 3606 4353 ripaAlbella,

1960 4378 2014 4426 et
2044 4368 2271 4426 marino
2318 4371 2508 4441 portu.
2539 4368 2844 4425 ecclesiam
2894 4368 3091 4423 Sancti
3152 4368 3607 4426 Laurentii..;....

1960 4456 2200 4514 ﬂumine
2229 4455 2536 4512 ecclesiam
2559 4457 2783 4512 Sancta
2804 4461 3041 4522 Severae,
3076 4455 3445 4512 medietatem
3469 4458 3611 4513 civi-

1878 4571 1926 4635 D
1956 4547 2096 4603 tatis
2112 4544 2349 4613 Vetulze,
2384 4550 2441 4599 et
2453 4550 2676 4617 portus,
2710 4562 2883 4619 quem
2901 4544 3060 4600 dedit
3081 4541 3389 4600 Raincrius
3410 4563 3611 4604 eomes

1958 4635 2115 4691 lilius
2130 4633 2373 4690 Saxonis
2404 4633 2635 4690 comitis
2667 4652 2771 4707 pro
2812 4632 3290 4689 remedioanimae
3313 4650 3431 4689 suae
3463 4652 3610 4708 prae-

1963 4725 2116 4780 dicto
2130 4722 2628 4780 emnobioSanctae
2656 4722 2871 4791 Mariae,
2907 4726 2964 4777 et
2995 4722 3093 4794 qui
3127 4721 3284 4777 ﬁlius
3300 4723 3430 4794 ejus
3459 4724 3611 4781 Saxo

1962 4818 2095 4871 ante
2115 4812 2485 4886 praesentiam
2508 4816 2770 4867 nostram
2802 4812 3091 4879 refutavit,
3124 4815 3181 4868 et
3211 4828 3313 4883 per
3342 4810 3611 4872 chartam

1960 4903 2072 4976 ipsi
2133 4900 2486 4957 monasterio
2554 4900 2917 4956 confirmavit
2973 4901 3335 4957 irrevocabili
3393 4919 3502 4958 sua
3553 4909 3612 4960 et

1962 4992 2259 5048 hzeredum
2294 5006 2536 5046 suorum
2570 4990 2680 5045 sub
2713 4995 2945 5045 centum
2998 4990 3281 5047 librarum
3321 4991 3610 5049 denanio-

1962 5100 2093 5139 rum
2124 5097 2294 5154 poena
2315 5078 3032 5153 Papiensium,ecclesiam
3053 5082 3248 5137 Sancti
3265 5082 3416 5137 Petri
3447 5087 3611 5139 extra

1963 5188 2162 5228 muros
2193 5169 2444 5225 civitatis
2473 5169 2832 5235 Cornetanaa,
2854 5173 2912 5225 et
2937 5170 3223 5242 quidquid
3246 5171 3400 5227 intra
3416 5172 3606 5244 ipsam

1962 5261 2253 5319 civitatem
2273 5257 2362 5315 vel
2402 5258 2767 5315 forishabere
2797 5257 3045 5327 videtur,
3076 5257 3382 5315 ecclesiam
3411 5261 3606 5316 Sancti

1961 5349 2277 5424 Peregrini,
2300 5348 2605 5406 ecclesiam
2621 5347 2816 5404 Sancti
2829 5347 3156 5422 Angelisub
3177 5347 3304 5420 ripa
3334 5348 3392 5403 in
3424 5348 3606 5404 comi-

1960 5446 2085 5498 tatu
2117 5439 2379 5509 Senensi,
2412 5442 2635 5496 curtem
2674 5437 2984 5494 Leoninam
3025 5439 3084 5494 in
3132 5437 3411 5495 comitatu
3463 5439 3606 5495 Nar-

1960 5530 2173 5599 niensi,
2203 5528 2626 5588 monasterium
2647 5527 2842 5584 Sancti
2858 5527 3086 5603 Angeli,
3110 5531 3168 5585 et
3186 5526 3395 5584 collem
3408 5528 3607 5587 Sancti

1959 5619 2203 5694 Antimi,
2234 5623 2293 5677 et
2322 5619 2545 5680 Sancte:
2605 5617 2821 5692 Mariae,
2855 5621 2912 5681 et
2956 5618 3157 5680 Sancti
3185 5617 3428 5682 Joannis
3456 5618 3612 5686 infra
