3924 6210
233 345 395 406 H57

1582 339 1973 407 HENRICUS
2016 340 2100 406 IV
2139 339 2304 407 IMP.

3487 345 3646 410 1188

232 479 487 537 Reatino
519 478 837 552 Repastum
869 482 1163 546 castrum;
1191 477 1252 532 in
1284 477 1563 533 comitatu
1597 479 1884 545 Firmano,
1918 480 1973 546 Α
2005 478 2399 535 instrumenta
2427 478 2786 549 chartarum,
2812 479 3166 551 utdiximus,
3189 480 3274 537 illi
3298 481 3526 556 largita,
3544 487 3645 538 aut

230 571 463 624 curtem
496 568 694 624 Sancti
727 568 1043 625 Salvatoris
1075 568 1186 624 sub
1211 583 1378 623 muro
1399 566 1648 623 civitatis
1667 567 1885 622 Firma-

229 675 344 726 nae,
377 661 436 714 et
474 662 699 714 curtem
749 657 946 714 Sancti
991 656 1270 724 Gervasii,
1321 660 1378 712 et
1420 660 1643 711 curtem
1691 657 1887 711 Sancti

227 746 626 820 Sigismundi,
662 751 719 802 et
740 751 954 803 terram
989 746 1060 803 dc
1089 745 1399 813 Paratinis,
1433 749 1653 800 curtem
1691 745 1887 800 Sancti

225 834 438 907 Angeli
471 835 542 892 de
569 833 722 890 Villa
752 851 987 908 magna,
1021 838 1242 890 curtem
1278 834 1476 890 Sancti
1509 833 1890 902 Desiderii,et

227 927 460 979 curtem
495 924 566 978 de
595 923 966 996 Cupresseto,
997 926 1056 978 et
1085 927 1311 979 curtem
1344 923 1541 978 Sancti
1583 921 1788 993 Angeli
1829 923 1888 976 in

226 1011 502 1079 Niviano,
536 1016 593 1067 et
621 1016 846 1068 curtem
878 1011 1074 1066 Sancti
1105 1010 1397 1078 Venantii,
1440 1015 1499 1067 et
1546 1017 1770 1066 curtem
1820 1011 1890 1066 de

227 1099 560 1168 Columelli,
595 1105 655 1156 et
684 1104 911 1156 curtem
939 1103 1160 1155 Sanctae
1194 1099 1534 1166 Felicitatis,
1565 1103 1782 1154 terram
1821 1099 1892 1154 de

232 1187 562 1258 Raviliano,
597 1193 654 1245 et
682 1193 904 1245 curtem
936 1189 1126 1244 Sancti
1159 1188 1449 1257 Venantii,
1481 1193 1539 1243 et
1559 1189 1629 1244 de
1645 1187 1890 1254 Solario,

229 1283 294 1334 et
325 1282 550 1333 curtem
581 1278 804 1334 Sanctae
836 1278 1032 1334 Mariae
1061 1277 1118 1333 in
1153 1278 1427 1345 Motiano,
1463 1282 1522 1332 et
1551 1281 1773 1332 curtem
1819 1277 1891 1331 de

227 1367 557 1423 Caminatis
587 1367 648 1422 in
679 1365 806 1422 loco
837 1365 939 1438 qui
969 1371 1210 1422 vocatur
1236 1366 1523 1433 Murrum,
1557 1370 1780 1421 curtem
1821 1365 1892 1420 de

229 1455 524 1512 Brezzano
554 1454 750 1511 inloco
764 1454 865 1527 qui
885 1459 1125 1511 vocatur
1145 1454 1556 1521 Serran'ianus,
1584 1454 1891 1510 Castellum

230 1544 497 1601 ﬁliorum
530 1543 889 1612 Guinizonis,
926 1548 1151 1600 curtem
1203 1544 1425 1600 Sanctae
1459 1543 1654 1600 Mariae
1686 1544 1892 1600 matris

229 1633 496 1702 Domini,
531 1637 754 1689 curtem
786 1633 977 1688 Sancti
1010 1633 1238 1698 Maroti,
1273 1637 1329 1687 et
1359 1637 1581 1688 curtem
1614 1633 1684 1688 de
1707 1632 1890 1700 Valle,

232 1727 467 1780 curtem
499 1722 723 1779 Sancta
756 1722 948 1778 Mariae
983 1723 1041 1778 in
1072 1721 1390 1787 Ortatiano,
1425 1727 1719 1777 etcurtem
1750 1727 1892 1778 San-

234 1812 316 1866 cti
347 1811 664 1868 Salvatoris
695 1812 753 1866 in
796 1810 1114 1879 Memoriis,
1155 1816 1379 1867 curtem
1434 1811 1504 1866 de
1553 1809 1890 1879 Blotenano,

234 1905 467 1956 curtem
516 1900 711 1956 Sancti
738 1900 983 1965 Antimi,
1005 1904 1061 1955 et
1082 1905 1302 1955 curtem
1320 1900 1390 1954 de
1413 1903 1610 1954 monte
1631 1899 1894 1965 Falcone,

236 1993 300 2046 et
329 1992 554 2045 curtem
585 1989 806 2045 Sanctae
837 1987 1030 2044 Mariae
1063 1989 1118 2043 in
1156 1989 1371 2055 Murra,
1423 1992 1646 2044 curtem
1703 1989 1896 2044 Sancti

236 2077 448 2150 Angeli
480 2078 634 2134 inter
661 2079 810 2134 duas
842 2081 1052 2148 terras,
1093 2083 1149 2132 et
1188 2077 1361 2133 aliam
1421 2082 1649 2134 curtem
1701 2077 1898 2133 Sancti

239 2165 452 2238 Angeli
483 2167 542 2221 in
575 2167 902 2239 Murgiano,
936 2171 1162 2222 curtem
1187 2166 1385 2222 Sancti
1415 2167 1617 2238 Angeli
1664 2167 1722 2221 in
1780 2169 1896 2222 An-

244 2256 432 2324 tiano,
466 2256 604 2311 item
636 2261 859 2311 curtem
909 2256 980 2310 de
1030 2255 1382 2311 monasterio
1431 2256 1704 2312 Lumerto
1761 2274 1894 2312 cum

240 2343 510 2401 ecclesiis
538 2345 789 2412 duabus,
838 2345 897 2400 id
945 2348 1035 2400 est
1090 2344 1312 2400 Sanctae
1366 2343 1558 2399 Mariae
1598 2349 1654 2400 et
1701 2345 1897 2400 Sancti

239 2434 540 2490 Benedicti
573 2451 706 2490 cum
740 2433 1014 2489 omnibus
1047 2449 1249 2488 earum
1281 2432 1671 2505 pertinentiis.

318 2523 450 2579 Haec
480 2528 675 2580 autem
705 2521 1041 2596 supradicta
1072 2522 1287 2590 omnia,
1313 2539 1438 2594 quae
1462 2521 1532 2578 ad
1555 2523 1896 2594 praedictum

246 2611 675 2668 monasterium
709 2611 999 2684 pertinere
1031 2611 1320 2678 videntur,
1346 2629 1450 2666 seu
1473 2616 1529 2666 et
1549 2612 1607 2666 in
1631 2611 1896 2667 futurum

245 2701 324 2757 ab
357 2699 490 2757 aliis
517 2700 858 2756 hominibus
881 2701 1042 2772 juste
1074 2705 1131 2755 et
1159 2698 1422 2772 legaliter
1449 2700 1500 2756 ei
1557 2700 1893 2769 acciderint,

247 2807 357 2846 nec
386 2807 502 2846 non
535 2795 592 2845 et
619 2805 687 2845 ea
703 2807 831 2862 qua:
850 2789 1068 2860 injuste
1089 2789 1160 2844 ab
1174 2788 1472 2860 aliquibus
1497 2789 1895 2860 possidentur,

246 2882 354 2935 aut
382 2879 442 2934 in
473 2879 616 2934 urbe
647 2878 850 2946 Roma,
882 2879 968 2934 vel
995 2878 1050 2932 in
1075 2877 1297 2933 caeteris
1318 2879 1500 2934 totius
1522 2879 1683 2951 regni
1712 2881 1898 2934 nostri

249 2967 440 3023 Italici
461 2967 727 3040 partibus
747 2967 961 3023 habere
983 2967 1366 3039 dignoscitur,
1385 2984 1485 3039 per
1507 2967 1614 3023 hoc
1629 2972 1896 3024 nostrum

243 3061 606 3130 praeceptum
645 3057 834 3113 eidem
867 3060 1067 3113 sancto
1098 3055 1223 3112 loco
1255 3057 1693 3125 conﬁrmamus,
1713 3061 1769 3113 et
1799 3074 1901 3130 per

246 3145 538 3212 bannum,
571 3150 628 3202 et
657 3162 761 3218 per
781 3145 1112 3216 jussionem
1137 3150 1419 3213 nostram,
1444 3150 1898 3219 nostrorumque

1997 566 2298 639 largienda
2327 573 2468 624 sunt
2500 569 2874 632 monasterio,
2906 587 3040 626 cum
3072 571 3345 628 omnibus
3377 573 3501 628 suis
3523 589 3646 644 per-

1996 656 2282 713 tinentiis.
2316 657 2394 714 De
2425 658 2668 715 teloneis
2699 676 2832 715 vero
2864 665 3276 727 mercatorum,
3298 667 3356 716 et
3375 661 3642 733 pontium

1997 745 2254 802 decimas
2285 747 2354 802 ad
2391 752 2618 819 portam
2652 749 2991 804 monasterii
3020 749 3470 820 darcjubcmus.
3496 749 3644 804 Prae-

1998 833 2279 906 cipientes
2309 837 2746 908 ergojubemus
2787 841 2852 892 ut
2899 837 3098 892 nullus
3153 836 3644 909 archiepiscopus,

1996 923 2330 996 episcopus,
2362 925 2500 992 dux,
2555 925 2836 992 marchio,
2887 943 3104 994 comes,
3159 926 3500 993 vicecomes,
3559 927 3648 982 vel

1999 1011 2214 1082 aliquis
2238 1013 2456 1069 missus
2491 1019 2689 1070 noster
2702 1013 3424 1081 discurrens,sculdasius,
3448 1013 3652 1070 castal-

2000 1100 2155 1166 dius,
2191 1101 2467 1174 nullaque
2498 1103 2723 1174 imperii
2759 1103 2941 1158 nostri
2973 1120 3183 1176 magna
3209 1120 3500 1175 parvaque
3521 1120 3649 1175 per-

2003 1203 2148 1240 sona
2173 1188 2431 1258 praedicti
2458 1190 2793 1244 monasterii
2825 1191 3116 1256 abbatem,
3169 1190 3258 1246 vel
3307 1191 3648 1258 monachos,

2001 1292 2103 1330 seu
2118 1275 2371 1347 aliquem
2386 1277 2617 1333 ﬁdelem
2634 1279 2983 1350 inquietare,
2999 1280 3328 1349 molestare,
3348 1281 3545 1347 aut,de
3558 1279 3650 1336 his

2002 1381 2128 1435 quae
2156 1365 2550 1437 suprascripta
2579 1371 2735 1432 sunt,
2770 1368 2896 1422 sine
2926 1367 3096 1438 legali
3121 1368 3346 1438 judicio
3377 1368 3650 1425 divestire

2001 1459 2340 1525 praesumat,
2365 1459 2464 1508 aut
2486 1454 2742 1526 aliquam
2771 1455 3216 1512 minorationem
3239 1457 3425 1514 facere
3444 1462 3649 1515 tentet.

2075 1541 2234 1596 Unde
2268 1558 2576 1597 monemus
2609 1542 2941 1598 ﬁdelitatem
2978 1550 3251 1612 vestram,
3281 1551 3348 1601 ut
3376 1547 3651 1617 cumjam

2003 1631 2159 1685 fatus
2194 1631 2397 1700 abbas,
2430 1630 2517 1686 vel
2556 1632 2848 1696 monachi,
2881 1637 2982 1687 aut
3031 1634 3345 1690 advocatus
3389 1635 3652 1705 ejusdem

2005 1719 2346 1775 monasterii
2370 1721 2426 1774 in
2445 1725 2636 1776 vestra
2655 1721 3256 1791 ministeriajustitias
3271 1723 3538 1794 requiren
3549 1725 3654 1780 das

2006 1807 2241 1876 venerit,
2276 1808 2473 1875 duces,
2507 1826 2608 1864 seu
2631 1808 2893 1876 comites,
2929 1810 3028 1881 qui
3063 1826 3165 1882 pro
3219 1816 3475 1882 tempore
3532 1813 3655 1868 fue-

2009 1894 2144 1962 rint,
2181 1895 2237 1950 in
2271 1913 2523 1967 quorum
2555 1898 2772 1952 ducatu
2796 1897 2880 1952 vel
2904 1899 3186 1953 comitatu
3209 1899 3516 1970 praefatum
3544 1917 3654 1956 cm-

2009 1984 2248 2039 nobium
2280 1985 2498 2057 aliquid
2533 1986 2834 2057 possidere
2877 1987 3263 2058 dignoscitur,
3296 1988 3655 2056 defensores,

2007 2077 2183 2144 atque
2221 2073 2518 2145 adjutores
2547 2076 2800 2130 existant
2830 2077 2887 2129 in
2919 2075 3216 2140 omnibus,
3266 2080 3385 2132 tam
3422 2078 3658 2150 praefato

2007 2162 2202 2216 abbati
2217 2179 2394 2233 quam
2411 2165 2848 2219 successoribus
2867 2165 3016 2235 ejus,
3036 2169 3098 2219 ut
3116 2164 3336 2221 nullius
3349 2167 3658 2237 potestatis

2005 2267 2316 2322 personam
2349 2252 2464 2306 vim
2495 2258 2596 2306 aut
2629 2252 2981 2307 invasionem
3021 2253 3195 2308 aliam
3255 2254 3468 2310 inferre
3525 2272 3656 2326 per-

2009 2340 2245 2395 mittant
2273 2339 2333 2394 in
2366 2340 2478 2408 his,
2509 2357 2636 2412 qua:
2660 2342 2729 2396 ad
2756 2347 3135 2398 memoratam
3161 2341 3464 2398 ecclesiam
3485 2344 3659 2416 perti-

2008 2433 2168 2483 nent.
2203 2429 2271 2482 Et
2297 2428 2498 2484 nullus
2530 2446 2711 2486 ausus
2729 2429 2805 2485 sit
2835 2429 3088 2502 recipere
3119 2432 3228 2486 sub
3245 2432 3654 2503 suajussione,

2007 2521 2108 2571 aut
2137 2517 2385 2573 tuitione
2411 2517 2675 2588 ejusdem
2710 2519 3049 2575 monasterii
3076 2519 3370 2592 fugitivos,
3399 2520 3657 2578 velmalo

2007 2605 2202 2661 animo
2234 2606 2620 2663 discedentes.
2657 2607 2951 2664 Precarias
2981 2625 3136 2674 vero,
3169 2614 3224 2664 et
3253 2611 3661 2668 commutatio-

2008 2712 2110 2749 nes
2141 2694 2358 2766 injuste
2390 2696 2592 2766 factas,
2623 2695 2711 2751 vel
2759 2695 2977 2766 injuste
3011 2698 3354 2769 acquisitas,
3385 2698 3657 2756 volumus

2006 2783 2224 2850 irritas,
2243 2788 2301 2839 et
2317 2785 2542 2856 absque
2557 2802 2728 2857 pcena
2744 2785 3118 2858 obligationis
3131 2786 3375 2856 solutas,
3392 2788 3655 2845 otl‘ertos-

2009 2889 2122 2944 que
2154 2873 2412 2945 przedicti
2441 2875 2779 2930 monasterii
2815 2874 3091 2932 nolumus
3122 2875 3181 2930 in
3204 2876 3414 2932 saeculo
3433 2876 3654 2950 vagari,

2008 2963 2107 3017 sed
2142 2962 2479 3034 ubicunque
2503 2963 2721 3019 inventi
2757 2964 2992 3033 fuerint,
3015 2963 3184 3021 liceat
3201 2965 3654 3039 abbati,quipro

2006 3054 2267 3122 tempore
2285 3051 2477 3118 fuerit,
2501 3051 2587 3107 vel
2607 3053 2782 3108 etiam
2821 3053 3121 3109 monachis
3139 3055 3210 3109 ad
3231 3055 3655 3111 monasterium

2009 3145 2358 3205 revocare,et
2389 3141 2438 3195 si
2469 3157 2618 3212 Opus
2651 3142 2847 3208 fuerit,
2877 3142 3015 3208 dux,
3048 3146 3150 3196 aut
3169 3158 3363 3198 comes
3390 3144 3656 3213 ejusdem

238 3238 684 3292 antecessorum
717 3249 943 3305 regum,
977 3233 1063 3288 vel
1090 3233 1508 3305 imperatorum
1527 3218 1890 3302 auctoritate,
1926 3218 1968 3284 C
2004 3228 2282 3298 temporis
2329 3245 2428 3284 eos
2468 3229 2542 3284 ad
2592 3229 3018 3285 monasterium
3072 3230 3280 3286 reverti
3336 3231 3570 3286 faciant.
3597 3233 3657 3287 Si

236 3339 361 3378 una
389 3339 523 3378 cum
556 3323 749 3389 terris,
782 3321 987 3387 vineis,
1022 3322 1392 3377 monasteriis
1423 3323 1534 3378 sibi
1587 3323 1888 3394 subjectis,

235 3410 524 3478 ecclesiis,
556 3411 830 3477 castellis,
874 3428 940 3466 cu
952 3411 1160 3478 rtibus,
1180 3411 1476 3479 domibus,
1500 3411 1676 3482 villis,
1699 3413 1890 3484 capel-

235 3498 338 3565 lis,
371 3499 564 3572 aquis,
583 3515 896 3570 aquarum,
919 3499 1287 3567 decursibus,
1313 3499 1757 3571 piscationibus,
1776 3518 1894 3556 mo-

235 3587 517 3657 lendinis,
551 3587 1032 3654 mercatis,cultis
1047 3587 1133 3643 vel
1154 3588 1410 3655 incultis,
1431 3588 1674 3660 colonis,
1699 3590 1889 3660 aldiis,

240 3676 539 3746 aldiabus,
564 3676 958 3743 manentibus,
1007 3676 1400 3748 omnibusque
1449 3694 1627 3749 supra
1676 3683 1892 3734 terram

240 3765 436 3838 ipsius
468 3765 805 3822 monasterii
839 3765 1253 3832 residentibus,
1275 3765 1477 3834 servis,
1501 3767 1890 3834 ancillis,om-

240 3853 426 3925 nique
457 3853 683 3910 familia
708 3853 1014 3925 utriusque
1034 3869 1230 3922 sexus,
1255 3855 1599 3928 cunctisque
1625 3857 1892 3913 animali-

238 3943 377 3998 bus.
411 3944 598 4014 Atque
625 3959 729 4014 pro
757 3942 859 3998 Dei
881 3959 1080 3999 amore
1102 3948 1428 4016 nostrisque
1451 3944 1660 4002 animae
1682 3946 1891 4016 salute,

237 4032 433 4087 eidem
467 4030 822 4087 monasterio
853 4031 1327 4088 ministrantibus
1367 4033 1784 4104 perdonamus,
1829 4041 1896 4091 ut

234 4119 438 4176 nullus
469 4136 693 4188 eorum,
709 4124 810 4174 aut
831 4137 1074 4176 suorum
1097 4119 1384 4176 hominun
1406 4121 1680 4195 deinceps
1702 4123 1883 4192 freda,

219 4225 343 4270 seu
394 4207 614 4264 tributa
643 4209 1033 4282 undecunque
1061 4209 1359 4279 exigenda,
1401 4216 1504 4266 aut
1535 4211 1888 4281 mansiones,

232 4297 328 4354 vel
367 4301 602 4370 paratas
618 4297 939 4362 faciendas,
954 4297 1041 4354 vel
1064 4298 1437 4369 ﬁdejussores
1456 4298 1766 4368 tollendos,
1792 4306 1894 4357 aut

235 4384 512 4442 homines
535 4387 798 4449 eiusdem
833 4387 1190 4454 monasterii,
1224 4391 1343 4442 tam
1374 4387 1678 4460 ingenuos,
1712 4406 1892 4461 quam

237 4490 460 4542 servos,
493 4473 831 4542 libellarios,
866 4477 986 4531 sive
1030 4476 1290 4542 clericos,
1342 4476 1427 4531 vel
1480 4477 1889 4548 chartularios,

238 4566 345 4618 aut
373 4563 629 4633 oﬂ'ertos,
663 4581 983 4637 omnesque
1014 4566 1123 4621 sub
1155 4564 1373 4620 ditione
1406 4564 1583 4634 hujus
1602 4572 1893 4624 monaste-
1922 4587 1969 4650 ι)

239 4651 309 4706 rii
343 4658 803 4722 commanentes,
837 4654 1294 4726 distringendos,
1313 4653 1399 4708 vel
1429 4653 1498 4708 ad
1518 4655 1884 4726 publicasex-

237 4739 444 4795 cubias
477 4739 932 4812 compellendos,
965 4740 1236 4797 autullas
1285 4739 1727 4808 redhibitiones,
1789 4749 1890 4799 aut

235 4827 537 4899 quaslibet
560 4829 896 4886 occasiones
928 4830 1334 4902 requirendas,
1368 4829 1550 4885 nostri
1582 4830 1667 4885 vel
1707 4833 1888 4888 futuri

234 4917 522 4990 temporis
553 4917 777 4986 diebus,
813 4918 1038 4992 ingredi
1068 4919 1299 4984 audeat,
1324 4923 1424 4973 aut
1444 4918 1502 4973 in
1526 4918 1722 4992 aliquo
1768 4921 1890 4978 loco

235 5006 335 5062 det
359 5007 810 5078 portonaticum,
843 5012 945 5064 aut
973 5006 1306 5080 ripaticum,
1340 5013 1439 5062 aut
1468 5007 1888 5081 glandaticum,

231 5093 830 5163 velherbaticum,vel
858 5096 1322 5168 pontonaticum,
1357 5100 1477 5151 tam
1496 5098 1566 5153 de
1588 5099 1892 5157 monachis

235 5201 420 5256 quam
452 5185 526 5240 de
559 5185 976 5248 monacbabus,
1011 5201 1188 5256 quam
1207 5184 1451 5253 clericis,
1476 5203 1652 5259 quam
1676 5188 1747 5244 de
1772 5207 1895 5245 om-

235 5273 416 5329 nibus
434 5290 614 5345 supra
639 5278 822 5330 terras
835 5290 1037 5329 eorum
1052 5274 1465 5330 residentibus.
1483 5275 1892 5335 Conﬁrmanus

234 5362 429 5419 eidem
443 5362 800 5418 monasterio
818 5359 1120 5435 privilegia
1138 5362 1534 5421 Romanorum
1551 5366 1890 5438 pontiﬁcum

234 5450 487 5507 Adriani
510 5455 569 5506 et
598 5450 758 5506 Pauli
790 5455 848 5506 et
875 5466 1080 5506 eorum
1114 5454 1738 5534 successorum,s_imul
1756 5472 1892 5512 cum

231 5538 516 5595 omnibus
546 5539 722 5596 rebus
753 5539 863 5597 sibi
891 5536 1118 5594 collatis
1148 5555 1184 5595 a
1225 5539 1470 5598 diversis
1525 5542 1890 5616 hominibus,

229 5627 748 5698 commutationes,
781 5626 1255 5698 donationes,seu
1285 5632 1344 5686 et
1373 5631 1574 5693 omnia
1617 5649 1745 5710 quas
1790 5650 1895 5710 per

2002 3333 2136 3372 vero
2167 3316 2238 3372 de
2255 3316 2517 3388 qualibet
2532 3334 2710 3373 causa
2728 3335 2762 3372 a
2775 3322 2937 3388 parte
2957 3317 3143 3390 ipsius
3157 3318 3498 3376 monasterii
3531 3325 3659 3376 orta

2001 3405 2177 3460 fuerit
2209 3404 2476 3472 intentio,
2510 3423 2624 3461 non
2657 3423 2760 3478 per
2784 3405 2929 3461 viles
2960 3422 3266 3478 personas,
3292 3408 3392 3463 sed
3428 3424 3532 3480 per
3552 3426 3654 3465 no-

2001 3492 2234 3548 biliores
2267 3493 2534 3550 homines
2552 3499 2611 3550 et
2629 3496 3140 3563 veraciores,sicut
3172 3496 3243 3550 ad
3284 3497 3654 3568 praesentiam

2003 3586 2286 3650 nostram,
2317 3583 2401 3638 rei
2429 3583 2642 3639 veritas
2686 3584 3021 3656 inquiratur
3069 3587 3125 3639 et
3177 3584 3433 3640 ﬁniatur.
3481 3585 3655 3641 Nulla

2003 3670 2253 3742 denique
2276 3671 2587 3728 mallatura
2631 3672 2703 3728 ab
2743 3673 3019 3728 advocato
3063 3673 3251 3744 ipsius
3308 3674 3650 3729 monasterii

2003 3759 2236 3832 penitus
2258 3761 2609 3833 requiratur,
2646 3778 2752 3817 nec
2782 3761 2958 3817 etiam
3010 3762 3243 3817 bannus
3298 3767 3494 3819 noster
3551 3780 3655 3836 pro

2004 3848 2265 3921 qualibet
2320 3867 2497 3906 causa
2544 3868 2578 3906 a
2623 3855 2786 3922 parte
2840 3851 3144 3907 memorati
3190 3850 3527 3907 monasterii
3550 3851 3656 3907 ali-

2005 3939 2238 4011 quando
2269 3939 2553 4012 exigatur,
2587 3941 2688 3996 sed
2721 3939 2893 3998 liceat
2924 3940 3119 3996 abbati
3144 3945 3202 3995 et
3217 3940 3657 3998 successoribus

2003 4029 2131 4099 ejus
2162 4045 2252 4084 res
2285 4034 2342 4084 et
2373 4029 2778 4101 possessiones
2794 4031 2918 4101 jam
2961 4029 3098 4084 dicti
3152 4029 3492 4086 monasterii
3544 4031 3656 4086 sub

2002 4117 2396 4174 immanitatis
2425 4123 2600 4191 atque
2634 4119 2899 4175 tuitionis
2917 4119 3122 4174 ordine
3152 4120 3472 4192 possidere.
3498 4120 3565 4174 Et
3605 4119 3654 4176 si

2003 4208 2256 4274 fodrum,
2289 4208 2377 4262 vel
2409 4208 2632 4280 aliquid
2663 4209 2735 4264 de
2763 4209 3028 4278 ejusdem
3052 4208 3388 4264 monasterii
3422 4225 3655 4280 posses-

2002 4297 2266 4352 sionibus
2299 4297 2477 4352 ﬁscus
2511 4300 2708 4351 noster
2738 4313 2972 4369 sperare
3003 4297 3278 4368 potuerit,
3313 4301 3500 4352 totum
3551 4314 3654 4370 pro

2001 4389 2226 4439 aeterna:
2283 4385 2776 4440 remunerationis
2840 4384 3078 4456 praemio
3132 4385 3244 4456 ipsi
3300 4387 3653 4442 monasterio

2001 4472 2458 4528 concedimusin
2498 4473 2839 4528 alimoniam
2889 4489 3238 4544 pauperum,
3268 4478 3327 4528 et
3361 4475 3656 4547 stipendia

2005 4559 2425 4616 monachorum
2458 4561 2674 4616 ibidem
2705 4562 2820 4617 Deo
2849 4559 3256 4628 militantium,
3300 4565 3364 4616 ut
3407 4565 3649 4633 nostris,

2002 4649 2331 4720 futurisque
2349 4649 2711 4722 temporibus
2729 4648 3066 4722 proﬁciatin
3086 4650 3438 4720 augmentis,
3455 4659 3654 4722 quate-

2001 4755 2112 4794 nus
2143 4743 2495 4794 memoratos
2521 4739 2619 4794 Dei
2651 4756 2847 4794 servos
2895 4737 3138 4794 liberius
3196 4754 3300 4808 pro
3351 4738 3542 4807 nobis,
3593 4746 3651 4798 et

1999 4826 2314 4883 stabilitate
2345 4828 2524 4882 nostri
2559 4827 2810 4898 imperii,
2855 4826 3088 4882 Domini
3137 4826 3508 4883 clementiam
3552 4847 3650 4886 ex-

2001 4934 2165 4974 orare
2187 4916 2532 4972 delectet.Et
2549 4916 3018 4987 quandocunqne
3039 4916 3222 4972 abbas
3241 4917 3506 4988 ejusdem
3529 4935 3650 4974 mo-

2002 5005 2241 5062 nasterii
2273 5006 2343 5060 de
2374 5005 2480 5061 hac
2515 5004 2641 5060 luce
2673 5005 3026 5077 migraverit,
3061 5005 3203 5078 ipsis
3235 5005 3385 5062 inter
3415 5024 3477 5063 se
3524 5025 3648 5065 mo-

2002 5094 2572 5151 nachisunanimiter
2589 5095 3114 5165 consentientibus,
3131 5096 3458 5152 secundum
3472 5113 3648 5171 regu-

2000 5185 2116 5240 lam
2157 5183 2342 5239 sancti
2363 5182 2682 5250 Benedicti,
2716 5182 2872 5238 sicut
2901 5201 3102 5240 eorum
3127 5185 3329 5241 edocet
3377 5187 3539 5255 ordo,
3591 5191 3650 5243 et

2001 5278 2223 5329 rectum
2252 5276 2359 5339 est,
2393 5287 2566 5343 quem
2591 5270 2917 5343 digniorem
2947 5273 3061 5329 sibi
3092 5274 3422 5330 invenerint
3462 5274 3650 5331 licen-

2000 5362 2143 5417 tiam
2176 5359 2688 5433 babeanteligendi
2710 5361 3002 5418 abbatem.
3026 5363 3082 5418 Si
3107 5362 3240 5434 quis
3264 5362 3444 5435 igitur
3465 5362 3646 5435 hujus

2003 5456 2214 5506 nostrae
2253 5449 2716 5506 conﬁrmationis
2738 5451 3008 5524 precepti
3031 5443 3382 5524 quanquue
3402 5451 3648 5508 violator

2002 5539 2308 5609 exstiterit,
2337 5538 2424 5596 vel
2456 5538 2759 5612 quidpiam
2789 5557 3014 5609 eorum,
3033 5557 3162 5615 qua
3180 5539 3303 5596 ﬁeri
3338 5538 3649 5613 prohibui-

2002 5646 2158 5702 mus,
2193 5633 2397 5690 contra
2441 5629 2932 5706 pranominatum
2991 5630 3416 5692 monasterium
3459 5630 3646 5706 facere
