3924 6210
329 353 486 413 1159

1701 346 2010 412 MONUM.
2057 341 2377 410 DIPLOM.

3583 341 3761 410 “60

327 477 808 550 tentaverit,soiat
819 496 882 537 se
893 481 1218 538 secundum
1232 480 1708 538 constitutionem
1724 480 1976 547 Domini,
2007 484 2056 550 Α
2089 481 2454 552 Quapropter
2463 479 2745 550 jubemus
2758 481 2930 551 atque
2947 475 3324 536 decernimus
3335 481 3402 534 ut
3422 482 3759 551 quantum-

327 577 386 628 et
415 571 694 643 genitoris
711 570 894 626 nostri
913 570 1142 626 Henrici
1167 569 1821 644 imperatorisAugusti,
1841 569 1979 624 alio-

325 677 576 733 rumque
607 659 1154 732 imperatorum,qui
1190 660 1364 730 hujus
1395 657 1977 714 monasteriirobora-

323 752 530 805 verunt
563 752 872 821 praecepta,
889 752 944 803 et
962 765 1065 820 per
1085 748 1234 802 hanc
1250 753 1510 803 nostram
1529 745 1976 818 praeceptionem

326 837 487 894 mille
518 837 700 893 libras
733 838 858 893 auri
884 838 1186 910 purissimi
1217 853 1345 892 esse
1363 835 1976 908 compositurum,me-

325 929 604 984 dietatem
636 930 1104 982 cameraznostrze
1151 931 1209 981 et
1266 924 1643 981 medietatem
1701 923 1976 996 praedicto

326 1015 705 1082 monasterio,
738 1015 1054 1087 ipsumque
1085 1015 1444 1085 regentibus.

396 1105 606 1160 Datum
638 1120 791 1158 anno
824 1103 1142 1159 Dominicaa
1178 1101 1600 1158 lncarnationis
1635 1103 1791 1167 1084,
1821 1118 1973 1156 anno

325 1197 520 1247 autem
550 1190 782 1246 Domini
815 1189 1045 1246 Henrici
1080 1189 1150 1246 IV
1182 1189 1336 1262 regis
1382 1189 1534 1244 tertii
1576 1189 1973 1245 Romanorum

323 1279 694 1354 imperatoris
724 1280 976 1352 Augusti
1006 1278 1391 1336 ordinationis
1419 1295 1550 1344 xxx,
1579 1277 1741 1350 regni
1773 1295 1970 1333 xxvm.

326 1368 557 1440 imperii
589 1368 797 1440 primo.

1109 1465 1206 1522 XI.

326 1557 683 1628 Conﬁrmatio
703 1557 950 1611 omnium
973 1555 1234 1628 bonorum
1263 1557 1313 1628 et
1329 1556 1553 1628 jurium
1590 1557 1735 1625 facta
1789 1570 1976 1611 mona-

393 1626 557 1684 sterio
607 1629 662 1682 S.
714 1629 945 1681 Zenonis
1001 1627 1315 1682 Veronensis
1355 1626 1422 1681 ab
1488 1629 1716 1681 Henrico
1781 1633 1973 1698 quarto

403 1715 550 1768 rege,
576 1701 903 1769 imperatore
933 1700 1117 1754 tertio.

946 1788 1140 1858 (Anno
1167 1786 1354 1857 1084.)

635 1876 1000 1947 [Μυθικτοιιῃ
1033 1877 1212 1948 Antiq.
1247 1877 1398 1940 Ital.,
1421 1877 1461 1944 I,
1489 1876 1655 1946 739.]

397 1994 457 2048 In
491 1992 952 2047 nominesanctaa
996 1995 1052 2046 et
1077 1991 1389 2046 individuze
1447 1990 1771 2057 Trinitatis,
1798 1990 1967 2045 Hein-

323 2083 480 2138 ricus
508 2081 702 2136 divina
723 2081 947 2136 favente
977 2079 1285 2136 clementia
1315 2079 1970 2150 Romanorumimpera-

325 2175 742 2242 torAugustus.
757 2168 1124 2241 Imperialem
1140 2168 1565 2225 sublimitatem
1585 2169 1878 2234 condecet,
1907 2173 1970 2224 ut

325 2264 543 2331 quanto
573 2258 796 2314 castoris
826 2257 1214 2332 dignitatibus
1245 2257 1526 2314 excelsior
1560 2257 1970 2325 colitur,tanto

315 2347 498 2419 justis
528 2346 909 2420 petitionibus
942 2352 1051 2402 Deo
1075 2347 1453 2402 servientium
1495 2346 1806 2419 benignior
1862 2363 1965 2401 nec

323 2454 436 2492 non
458 2436 796 2492 clementior
821 2435 1166 2491 inveniatur.
1193 2438 1558 2508 Quapropter
1587 2440 1787 2490 notum
1838 2452 1965 2490 esse

318 2524 592 2580 volumus
609 2523 884 2580 omnibus
903 2529 1114 2580 sancta:
1131 2525 1228 2579 Dei
1248 2523 1533 2592 Ecclesiae,
1550 2524 1882 2596 nostrisque
1900 2526 1963 2578 ti-

319 2613 572 2682 delibus,
588 2617 708 2668 tam
737 2613 950 2668 futuris
963 2629 1257 2685 quamque
1283 2613 1692 2684 praesentibus,
1713 2612 1968 2686 qualiter

319 2704 573 2758 domnus
587 2702 931 2775 Sigebodus,
948 2706 1159 2756 sanctae
1175 2700 1528 2757 Veronensis
1548 2701 1811 2756 Ecclesiae
1849 2701 1966 2774 epi-

320 2808 554 2863 scapus,
606 2807 724 2845 una
771 2806 903 2845 cum
949 2789 1312 2844 Werinherio
1359 2791 1566 2846 abbate
1624 2789 1962 2846 monasterii

317 2879 513 2937 Sancti
553 2879 797 2934 Zenonis
848 2878 1220 2946 confessoris,
1281 2883 1544 2935 nostram
1591 2878 1960 2935 clementiam

319 2968 666 3043 suppliciter
692 2967 982 3023 exorando
1009 2967 1174 3034 adiit,
1193 2972 1256 3022 ut
1275 2967 1348 3024 ob
1364 2985 1626 3025 amorem
1653 2969 1748 3025 Dei
1771 2969 1959 3024 omni-

319 3055 872 3132 potentis,beatique
886 3056 1130 3112 Zenonis
1144 3057 1548 3126 reverentiam,
1576 3057 1828 3114 multum
1856 3075 1960 3115 nos

318 3149 658 3218 deprecans,
693 3151 759 3201 ut
787 3162 991 3202 omnes
1038 3146 1421 3219 proprietates
1461 3153 1514 3202 et
1558 3148 1956 3220 possessiones

2089 585 2319 640 cunque
2369 573 2692 625 memorata
2734 567 2980 625 ecclesia
3035 568 3235 625 Sancti
3284 567 3558 635 Zenonis,
3605 572 3752 638 etc.,

2078 657 2242 727 juste
2271 661 2328 713 et
2349 656 2609 730 legaliter
2637 657 2850 714 habere
2880 657 3266 731 dignoscitur,
3289 662 3430 725 etc.,
3457 657 3758 714 securitat-

2087 750 2298 814 teneat,
2331 751 2442 802 etc.
2476 746 2715 802 Nullum
2735 762 3004 815 censum,
3058 763 3250 820 neque
3285 745 3751 814 thelonaticum,

2085 835 2171 891 vel
2206 836 2276 892 de
2308 835 2470 891 silvis
2502 834 2778 908 capulum
2823 835 3154 908 persolvere
3211 841 3472 910 cogatur.
3528 836 3752 894 Nullus

2084 922 2236 980 infra
2267 939 2469 981 eorum
2499 924 2667 981 villas
2697 929 2798 980 aut
2815 923 3321 998 castellaingredi,
3353 926 3748 1000 placitumte—

2085 1027 2242 1076 nere,
2267 1016 2368 1068 aut
2397 1029 2598 1068 eorum
2628 1012 2864 1082 liberos,
2896 1013 3018 1070 sive
3071 1013 3325 1070 famulos
3383 1015 3750 1089 distringam

2081 1099 2169 1156 vel
2202 1100 2529 1173 pignorare,
2555 1119 2743 1174 neque
2787 1102 3094 1174 hospitari,
3141 1117 3244 1159 seu
3289 1103 3552 1176 aliquam
3605 1105 3746 1161 fun-

2082 1189 2332 1246 ctionem
2381 1194 2482 1246 aut
2527 1189 2886 1246 exactionem
2933 1191 3164 1264 exigere
3207 1191 3440 1248 audeat.
3489 1191 3552 1250 Si
3604 1193 3746 1266 quis

2081 1293 2233 1345 vero,
2251 1281 2361 1332 etc.

2155 1366 2386 1436 Signum
2413 1368 2608 1458 damni
2625 1370 2872 1424 Heinrici
2901 1371 3056 1424 tertii
3086 1371 3458 1426 Romanorum
3495 1372 3743 1443 impetus

2082 1456 2215 1509 toris
2246 1457 2496 1526 Augusti.

2153 1542 2526 1600 Burchardus
2558 1545 2946 1602 cancellarius
2973 1547 3096 1602 vice
3121 1545 3400 1620 Sigewini
3429 1547 3745 1604 archican-

2081 1630 2300 1688 cellarii
2333 1637 2658 1707 recognovi.

2153 1721 2298 1777 Data
2329 1740 2402 1778 xv
2430 1723 2721 1782 Kalendas
2750 1725 3082 1794 Julii,anno
3105 1725 3419 1782 Dominice
3460 1728 3743 1785 Incarn'a-

2081 1809 2258 1866 tionis
2287 1811 2449 1877 4084,
2484 1813 2801 1870 indictione
2822 1831 2897 1885 γι,
2930 1829 3083 1870 anno
3113 1819 3307 1871 autem
3330 1815 3534 1872 domni
3567 1815 3744 1872 Hein-

2079 1899 2180 1953 rici
2241 1900 2394 1954 tertii
2443 1901 2843 1958 Romanorum
2889 1903 3280 1975 imperatoris,
3342 1905 3506 1978 regni
3577 1921 3738 1970 xxxx,

2078 1986 2310 2058 imperii
2342 2005 2474 2045 vero
2497 2005 2534 2044 ι.

2147 2078 2354 2131 Actum
2389 2077 2624 2134 Veronae
2655 2080 2714 2134 in
2747 2080 2960 2136 Christi
2981 2081 3456 2136 nomine.Amen.

2317 2168 2484 2222 Locus
2511 2169 2693 2242 sigilli
2719 2171 2864 2225 cerei
2887 2177 2950 2241 ιι‹
2987 2173 3256 2226 astantis
3308 2185 3434 2224 cum
3493 2170 3736 2242 impera-

2381 2249 2492 2296 tore
2514 2240 2748 2312 sedente,
2771 2249 2822 2297 et
2852 2240 3064 2296 manun
3114 2242 3312 2298 dextra
3328 2240 3734 2312 globum,'sini-

2381 2319 2495 2367 stra
2521 2311 2735 2368 hastam
2756 2316 2988 2376 tenente,
3011 2330 3135 2369 cum
3177 2311 3473 2385 epigraphe
3530 2312 3735 2370 HEIN-

2378 2402 2510 2458 CUS
2543 2402 2615 2457 DI
2648 2400 2914 2456 GRATIA
2944 2401 3729 2456 TERCIUS..............

2376 2474 2521 2530 TOR
2551 2472 2716 2528 AUG.

2077 2637 2332 2704 Diploma
2359 2635 2582 2691 Ilenrici
2611 2633 2688 2689 III
2717 2631 3062 2704 imperatoris
3102 2631 3332 2703 Rodulfo
3365 2629 3562 2688 abbati
3607 2629 3727 2688 Sta-

2184 2655 2332 2692 toma
2359 2655 2580 2691 mmrzc:
2611 2655 2681 2689 lu
2717 2655 3062 2704 imperatoris
3102 2655 3332 2703 naauqo
3365 2655 3558 2688 αυυαη
3607 2655 3727 2688 om-

2144 2655 2358 2763 gulensi
2385 2721 2711 2761 concessum.
2748 2733 2814 2744 —
2854 2703 3152 2773 Conﬁrmat
3184 2717 3368 2758 omnes
3405 2705 3732 2759 monasterii

2139 2781 2516 2851 possessiones,
2541 2777 2940 2851 immunitates.
2961 2779 3020 2851 et
3043 2776 3520 2851 commutationes,
3559 2775 3726 2851 adeo.

2141 2846 2386 2906 ratorum
2423 2851 2569 2922 jura,
2601 2849 2824 2914 limitat,
2873 2855 2924 2902 et
2954 2846 3730 2903 Malmundarimiumauda-

2141 2925 2285 2977 ciam
2311 2921 2612 2993 compescit.

2681 2991 2876 3060 (Anno
2911 2989 3103 3060 1086.)

2371 3057 2700 3136 [MAMst
2723 3061 2902 3132 Ampt.
2927 3057 3168 3126 Collect.,
3193 3059 3261 3128 II,
3287 3060 3379 3115 75.
3416 3057 3436 3134 ]

2145 3154 2207 3210 In
2239 3153 2478 3210 nomine
2498 3154 2712 3207 sanctze
2746 3149 3128 3205 etindividua:
3141 3148 3468 3205 Trinitatis.
3510 3148 3722 3222 Respe-

319 3236 659 3294 monasterii
692 3235 1085 3307 praedicti,etc.
1105 3277 1118 3302 ,
1143 3235 1332 3292 eidem
1354 3237 1614 3292 coenobio
1632 3237 1965 3292 corrobora-

2146 3260 2169 3298 λ
2210 3241 2418 3297 divinae
2445 3239 2841 3296 miserationis
2869 3237 3090 3294 electus
3111 3237 3318 3294 tertius
3366 3237 3714 3303 ﬂammeus,

316 3341 532 3382 remus.
567 3326 683 3380 Nos
708 3324 1065 3394 verosjustis
1079 3341 1284 3380 eorum
1312 3327 1694 3398 petitionibus
1717 3343 1959 3381 consen-

316 3417 526 3472 tientes
555 3431 660 3487 pro
685 3415 943 3469 remedio
973 3413 1181 3469 animae
1213 3419 1518 3482 nostrae,et
1549 3415 1622 3469 ob
1669 3414 1962 3470 interven-

314 3511 442 3562 tum
475 3501 866 3560 dilectissimae
897 3503 1164 3575 conjugis
1187 3508 1400 3558 nostra;
1423 3504 1856 3576 Berthzr,atque
1887 3505 1960 3560 ob

314 3595 706 3650 interventum
739 3591 1068 3646 charissimi
1101 3591 1206 3648 ﬁlii
1237 3593 1423 3648 nostri
1439 3593 1958 3666 Chuonradi,prze-

316 3685 468 3740 dicto
487 3680 841 3738 monasterio
859 3679 1225 3736 concedendo
1241 3682 1682 3748 conﬁrmamus,
1731 3687 1862 3751 etc.,
1901 3683 1958 3738 id

315 3779 403 3831 est
432 3774 490 3828 in
513 3771 826 3844 judiciaria
854 3769 1148 3829 Gardense
1179 3771 1673 3843 castellum,quod
1698 3773 1961 3828 nomina-

315 3866 414 3918 tur
453 3863 820 3936 Pasturingo,
854 3864 1007 3936 quod
1054 3862 1413 3918 monasterio
1462 3860 1657 3916 Sancti
1713 3861 1960 3918 Zenonis

315 3952 480 4007 bonae
514 3953 808 4006 memoriae
838 3951 1137 4008 Arduinus
1167 3965 1362 4006 comes
1393 3953 1450 4004 et
1478 3948 1636 4004 ﬁlius
1657 3950 1785 4020 ejus
1833 3950 1958 4004 Eri-

313 4041 576 4114 prandus
598 4058 700 4113 pro
714 4041 966 4098 remedio
983 4042 1314 4097 animarum
1328 4055 1567 4094 suarum
1583 4037 1958 4110 perehartam

315 4129 643 4187 olfersionis
685 4131 1074 4199 contulerunt,
1107 4135 1214 4184 etc.
1242 4129 1355 4183 Nec
1382 4144 1496 4182 non
1529 4132 1588 4182 et
1631 4127 1956 4198 castellum,

314 4219 470 4292 quod
489 4223 727 4276 vocatur
748 4219 944 4276 Insula
963 4220 1250 4284 Nonense,
1277 4216 1430 4288 quod
1453 4216 1525 4270 ad
1549 4216 1743 4289 ipsum
1763 4233 1960 4274 mona-

313 4309 556 4367 sterium
589 4327 692 4383 per
719 4309 1110 4375 otfersionem,
1135 4305 1532 4372 donationem,
1571 4311 1744 4379 atque
1799 4322 1957 4363 com-

314 4399 674 4472 parationem
706 4397 958 4464 devenit,
985 4411 1117 4452 cum
1145 4392 1306 4449 omni
1324 4394 1552 4450 redditu
1568 4398 1626 4450 et
1666 4394 1958 4462 districtu,

311 4488 400 4544 vel
433 4489 687 4555 fodrum,
721 4487 877 4561 quod
921 4502 1076 4540 nunc
1117 4483 1330 4540 habere
1369 4483 1620 4539 videtur.
1657 4484 1957 4542 Donamus

2069 3330 2259 3404 gratia
2288 3329 2410 3395 Dei,
2438 3330 2832 3384 Romanorum
2859 3328 3178 3400 imperator
3195 3328 3579 3400 Augustuset
3619 3343 3723 3401 pa-

2069 3419 2292 3476 tricius.

2139 3508 2426 3574 Quoniam
2474 3504 2868 3578 comperimus
2913 3504 3258 3561 auctoritate
3307 3507 3524 3561 sanctas
3567 3503 3722 3562 Seri-

2068 3602 2250 3670 pturae
2265 3611 2499 3652 omnem
2515 3593 2813 3650 hominem
2833 3594 2904 3650 de
2917 3593 3086 3648 bonis
3104 3593 3442 3666 exemplum
3459 3594 3724 3666 accipere

2069 3687 2298 3751 debere,
2332 3685 2576 3758 dignum
2604 3684 2906 3753 etjustum
2929 3683 3202 3750 fatemur,
3235 3683 3294 3737 id
3327 3682 3520 3755 magis
3539 3682 3722 3756 impe-

2070 3775 2270 3831 rialem
2285 3773 2692 3830 celsitudinem
2713 3769 3021 3827 sollicitius
3047 3763 3248 3826 decere
3271 3783 3500 3828 servare
3521 3771 3724 3841 ;debet

2068 3865 2224 3920 enim
2256 3862 2572 3919 auctoritas
2602 3864 2776 3916 tanta;
2800 3859 3183 3916 sublimitatis
3198 3859 3516 3933 aliquando
3529 3860 3718 3916 revol-

2067 3970 2197 4009 vere
2226 3951 2480 4025 qualiter
2510 3963 2602 4005 res
2631 3948 3010 4006 ecclesiarum
3043 3949 3141 4005 Dei
3171 3949 3296 4004 sitae
3314 3949 3454 4016 sint,
3471 3951 3534 4004 et
3546 3965 3720 4021 quea

2067 4041 2528 4116 praecedentibus
2562 4037 2897 4112 regibusve]
2921 4037 3374 4110 imperatoribus
3397 4038 3456 4093 in
3484 4039 3574 4094 eis
3597 4055 3720 4095 ser-

2065 4131 2358 4188 vientibus
2387 4128 2603 4184 tradita
2631 4126 2770 4195 sint,
2785 4131 2844 4182 et
2866 4128 2938 4182 ab
2959 4128 3044 4183 eis
3065 4127 3283 4182 tradita
3303 4126 3390 4182 vel
3435 4143 3722 4184 concessa

2067 4218 2428 4278 auctoritatis
2460 4234 2578 4273 sua:
2610 4232 2887 4272 renovare
2917 4231 2982 4271 ac
3014 4215 3722 4272 roborarelitteris.Unde

2066 4309 2288 4366 noverit
2318 4307 2712 4364 numerositas
2743 4305 3006 4361 fidelium
3029 4310 3394 4374 nostrorum,
3415 4309 3540 4360 tam
3575 4321 3723 4378 pra:-

2065 4397 2319 4454 sentium
2353 4410 2531 4467 quam
2551 4394 2903 4462 futurorum,
2921 4392 3212 4450 illustrem
3229 4395 3424 4449 virum
3445 4394 3720 4452 abbatem

2065 4484 2442 4558 Rodulphum
2454 4484 2525 4539 de
2541 4481 2933 4550 monasteriis,
2949 4482 3270 4539 Stabulaus
3292 4483 3414 4540 sive
3430 4481 3724 4540 Malmun-

313 4579 551 4647 insuper
581 4582 756 4650 atque
777 4574 1152 4632 concedimus
1169 4573 1356 4629 eidem
1379 4574 1736 4630 monasterio
1760 4573 1954 4630 Sancti
1987 4595 2034 4661 Β
2065 4575 2295 4631 darium
2311 4571 2762 4646 cognominatis,
2781 4588 2910 4643 qua:
2928 4576 3176 4644 utraque
3188 4573 3490 4644 quondam
3507 4587 3719 4646 corpo-

311 4667 556 4725 Zenonis
607 4667 822 4722 liberos
870 4664 1159 4732 homines,
1201 4679 1351 4736 quos
1390 4661 1563 4736 vulgo
1604 4662 1956 4718 Arimannos

311 4761 536 4826 vocant,
569 4756 902 4812 habitantes
934 4753 994 4809 in
1025 4753 1264 4810 castello
1296 4753 1491 4808 Sancti
1524 4752 1724 4819 Viti‘,et
1744 4752 1804 4808 in
1826 4753 1955 4824 ejus

311 4845 622 4914 territorio,
643 4861 747 4901 nec
771 4861 883 4900 non
911 4847 968 4900 et
997 4843 1382 4898 Herimannos
1412 4841 1812 4898 habitantesin
1829 4842 1952 4899 vico

312 4935 510 4992 Sancti
537 4935 784 4990 Zenonis
801 4934 874 4989 ab
903 4931 1147 4988 ecclesia
1188 4930 1381 4986 Sancti
1406 4930 1635 4986 Martini
1669 4929 1728 4985 in
1773 4947 1954 5002 aqua-

315 5025 603 5096 riousque
659 5024 730 5077 ad
771 5021 1005 5089 clivum,
1054 5018 1362 5075 cumomni
1407 5018 1624 5086 debito,
1661 5019 1952 5087 districtu,

313 5113 561 5179 actione,
581 5115 754 5184 atque
778 5109 1015 5182 placitu.
1033 5111 1142 5165 Seu
1174 5107 1460 5181 quidquid
1493 5125 1528 5162 a
1553 5109 1716 5163 bona:
1736 5125 1956 5165 memo-

313 5202 410 5258 riae
431 5200 688 5268 Otberto,
709 5203 883 5271 atque
909 5197 1212 5254 Adalberio
1259 5195 1684 5252 Veronensium
1733 5198 1956 5270 episco-

313 5291 406 5364 pis
437 5304 779 5346 concessum
804 5287 1004 5356 fuit,id
1027 5289 1116 5342 est
1136 5286 1376 5353 furtum,
1401 5283 1959 5358 adulterium,atque

316 5379 628 5451 ripaticum
666 5396 700 5434 a
730 5377 970 5450 praefata
999 5373 1243 5432 ecclesia
1267 5389 1454 5446 usque
1485 5375 1555 5429 ad
1591 5373 1830 5444 clivum,
1853 5392 1960 5431 nec

319 5485 430 5522 non
453 5473 509 5524 et
537 5483 671 5524 cum
703 5463 981 5532 omnibus
1001 5464 1178 5519 rebus
1201 5463 1273 5517 ad
1310 5463 1615 5534 praefatum
1665 5467 1961 5521 monaste-

318 5555 469 5612 rium
501 5555 953 5629 pertinentibus,
977 5569 1112 5611 cum
1160 5551 1444 5620 ecclesiis,
1478 5551 1753 5620 castellis,
1793 5553 1958 5622 vicis,

319 5644 560 5715 colonis,
608 5641 941 5728 mancipiis,
991 5639 1505 5713 eommendatitiis,
1543 5643 1802 5716 factitiis,
1848 5649 1959 5704 etc.

2065 4663 2265 4720 raliter
2286 4663 2486 4719 vivens
2517 4665 2758 4717 sanctus
2789 4659 3100 4717 Remaclus
3123 4665 3364 4733 sumptu
3408 4665 3466 4716 et
3505 4661 3719 4717 auxilio

2064 4751 2342 4826 Sigiberti
2373 4751 2551 4823 regis,
2593 4750 2746 4805 infra
2775 4749 3048 4806 forestem
3082 4753 3344 4806 nostram
3357 4749 3419 4805 in
3435 4749 3593 4806 saltu
3617 4751 3718 4806 Ar-

2063 4843 2330 4908 duennae,
2352 4839 2657 4896 fabricavit
2687 4841 2744 4894 et
2767 4839 3150 4906 consecravit,
3185 4839 3242 4894 in
3262 4853 3518 4911 quorum
3543 4839 3718 4896 etiam

2066 4929 2394 5005 principali,
2417 4929 2470 4984 id
2495 4933 2583 4984 est
2602 4927 3184 5000 Stabulaus,corpore
3203 4932 3378 4984 tenus
3399 4927 3515 4984 sibi
3528 4928 3718 5000 quies-

2065 5037 2194 5078 cere
2225 5018 2598 5091 complacuit,
2615 5035 2721 5074 nos
2739 5034 2872 5072 cum
2895 5018 3199 5074 monachis
3231 5017 3358 5073 suis
3403 5017 3623 5083 adisse,
3666 5022 3722 5074 et

2066 5109 2285 5182 scripta
2312 5108 2440 5163 vitae
2471 5106 2660 5179 ipsius
2685 5105 2799 5180 agii
2829 5105 3182 5163 confessoris
3198 5106 3416 5163 Christi
3434 5105 3716 5174 Remacli,

2069 5214 2173 5255 nec
2222 5214 2337 5252 non
2383 5200 2442 5252 et
2483 5200 2768 5268 praecepta
2823 5211 3029 5269 regum
3097 5196 3392 5269 Sigiberti,
3455 5195 3718 5262 Hildriei,

2065 5284 2424 5354 Theoderici,
2465 5283 2564 5356 qui
2588 5284 2866 5358 petitione
2885 5286 3016 5357 ejus
3037 5289 3094 5341 et
3134 5283 3540 5342 admonitione
3580 5301 3718 5342 con-

2069 5380 2388 5433 structores
2419 5374 2656 5430 fuerunt
2685 5374 2950 5446 ipsorum
2975 5374 3258 5442 locorum,
3284 5378 3342 5430 et
3365 5375 3596 5430 sancita
3614 5375 3718 5430 im-

2069 5469 2404 5538 peratorum
2437 5461 2962 5529 Caroli,Ludovici,
2980 5463 3161 5518 trium
3180 5462 3489 5530 Ottonum,
3523 5463 3644 5519 sed
3669 5466 3723 5518 et

2071 5551 2460 5610 serenissima;
2480 5552 2775 5607 memoriae
2789 5551 3040 5609 Heinrici
3061 5553 3138 5607 im
3146 5551 3720 5624 peratorisgenit/oris

2070 5640 2564 5703 nostri’detulisse
2585 5645 2643 5699 et
2663 5640 2994 5717 postulasse
3008 5646 3274 5701 nostram
3311 5639 3717 5701 celsitudinem
