3924 6210
167 343 326 411 ΗΜ

1607 339 2002 408 HENRIGUS
2046 345 2146 407 IV.

3414 347 3578 418 HG!

164 485 228 534 ut
259 476 457 533 omnia
486 476 896 550 appendentia,
926 477 1015 533 vel
1047 478 1262 534 tradita
1291 479 1435 550 ipsis
1467 479 1746 547 ecclesiis,
1782 496 1814 535 a
1844 485 1897 546 Α
1930 479 2185 550 injuste;
2215 481 2466 536 fatemur
2495 498 2600 537 nos
2625 483 2784 555 juste
2815 484 2928 538 sibi
2950 484 3242 541 redditum
3265 492 3572 559 perpetua-

164 573 427 638 tempore
457 566 644 622 ancti
678 566 938 622 Remacli
972 584 1076 638 per
1123 568 1499 623 succedentia
1528 572 1810 639 tempora,

162 660 378 711 nostra:
399 654 722 726 imperialis
746 656 1155 727 prxceptionis
1175 657 1547 712 ﬁrmaremus
1570 655 1816 711 auctori-

159 747 300 798 tate.
335 745 433 799 Est
460 743 642 814 igitur
673 747 872 799 nostra
889 744 1228 816 dignatione
1248 745 1542 800 sancitum
1563 749 1625 799 ut
1650 744 1814 816 quid-

157 833 304 904 quid
319 832 813 904 praedecessorum
829 849 1072 889 suorum
1087 833 1451 904 temporibus
1465 833 1523 888 in
1539 833 1655 888 illis
1669 833 1811 888 locis

159 921 272 977 fuit
283 920 567 976 traditum
596 926 700 976 aut
712 923 1133 988 condonatum,
1153 937 1253 977 seu
1273 923 1427 994 quod
1451 921 1644 977 abbati
1668 922 1811 995 Pop-

157 1009 297 1082 poni
320 1010 643 1082 imperator
667 1010 998 1078 Heinricus,
1017 1011 1093 1066 ob
1112 1028 1229 1066 suae
1253 1011 1459 1066 animae
1483 1011 1807 1067 mercedem

156 1099 213 1155 in
248 1088 548 1154 Hasbanio
581 1099 835 1154 reddidit
864 1100 1238 1162 beneﬁcium,
1265 1099 1412 1155 sivet
1443 1099 1597 1171 quod
1616 1117 1649 1155 a
1669 1099 1810 1154 diva:

157 1187 458 1243 memoria
489 1204 594 1242 avo
621 1192 819 1242 nostro
847 1188 958 1259 ipsi
992 1187 1100 1242 fuit
1143 1188 1475 1243 restitutum
1526 1205 1560 1243 a
1601 1187 1811 1243 comite

156 1276 538 1340 Herimanno,
569 1292 639 1330 ex
663 1276 888 1331 hzerede
920 1281 1150 1332 mortuo
1181 1292 1284 1348 per
1316 1276 1618 1348 aliquanta
1657 1279 1810 1332 tem-

156 1382 298 1438 pora
313 1365 536 1436 injuste
551 1366 879 1432 detentum,
901 1364 1196 1421 Scalentin
1214 1365 1479 1421 videlicet
1497 1369 1552 1421 et
1573 1365 1808 1421 Palisiol

156 1469 293 1510 cum
324 1453 606 1509 omnibus
638 1453 1004 1526 appendiciis
1026 1453 1171 1522 suis,
1205 1471 1311 1510 nec
1337 1471 1452 1510 non
1476 1458 1531 1509 et
1551 1453 1807 1510 decimas

155 1542 562 1609 ecclesiarum,
581 1557 729 1613 quas
752 1543 1275 1614 praedecessoribus
1291 1543 1476 1614 ipsius
1499 1543 1810 1614 praedeces-

153 1647 315 1687 seres
353 1629 537 1685 nostri
569 1629 954 1701 imperatores
985 1631 1292 1696 dederunt,
1325 1635 1380 1686 et
1426 1632 1806 1686 confirmave-

157 1724 314 1784 runt,
329 1723 391 1774 et
413 1718 700 1790 quidquid
721 1719 792 1774 ad
813 1719 940 1790 ipsa
955 1719 1082 1774 loca
1103 1721 1266 1786 emit,
1291 1724 1512 1775 sextam
1542 1719 1808 1775 videlicet

1925 568 2058 624 liter
2080 569 2527 642 redintegrasse.
2551 572 2622 626 Et
2641 569 2768 627 ideo
2787 572 3100 628 statuimus
3113 573 3469 645 ﬁrmiSsime,
3489 592 3573 632 se-

1925 658 2184 713 cundum
2216 663 2484 714 nostrum
2519 659 2820 732 imperiale
2846 661 3227 728 edictum,’ut
3259 664 3368 719 sub
3392 663 3571 721 unius

1924 745 2151 802 abbatis
2182 747 2485 819 regimine,
2519 748 2672 803 sicut
2693 749 2919 821 jugiter
2948 751 3295 822 permansit,
3343 757 3572 807 utrum-

1922 850 2034 904 que
2066 836 2142 890 sit
2171 835 2445 908 deinceps
2476 837 2809 908 subjectum
2840 830 3195 894 cmnobium.
3227 839 3319 894 Et-
3345 843 3416 894 ut
3452 840 3574 895 haec

1923 928 2132 979 nostra;
2155 925 2550 982 concessionis
2571 941 2638 981 ac
2657 927 3051 984 renovationis
3076 933 3249 1001 atque
3270 929 3576 984 confirma-

1921 1009 2096 1066 tionis
2127 1014 2198 1067 de
2229 1014 2504 1071 omnibus
2534 1015 2629 1070 his
2659 1015 2887 1087 plenior
2915 1015 3203 1072 habeatur
3233 1017 3568 1086 auctoritas,

1923 1116 2098 1155 manu
2132 1100 2492 1174 propriahoc
2513 1109 2866 1176 praeceptum
2889 1107 3482 1174 subterﬁrmavimus,
3512 1110 3569 1163 et

1921 1187 2097 1259 sigilli
2131 1191 2312 1245 nostri
2345 1190 2730 1262 impressione
2763 1192 3034 1266 insigniri
3055 1195 3369 1267 jussimus.

1992 1277 2222 1348 Signum
2246 1279 2432 1334 damni
2462 1283 2708 1338 Heinrici
2735 1284 2886 1338 tertii
2916 1284 3284 1340 Romanorum
3325 1286 3564 1356 impera-

1920 1366 2051 1420 toris
2079 1367 2326 1438 Augusti.
3552 1419 3558 1423 .

1990 1454 2348 1511 Humbertus
2378 1457 2761 1514 cancellarius
2781 1459 2904 1515 vice
2927 1460 3248 1516 Ruothardi
3270 1461 3566 1518 archican-

1919 1541 2135 1598 cellarii
2169 1545 2492 1617 recognovi.

1990 1632 2136 1687 Data
2166 1636 2254 1688 est
2282 1651 2316 1687 x
2345 1633 2585 1689 Kalend.
2614 1634 2971 1699 Decembris,
3007 1654 3159 1691 anno
3190 1638 3262 1692 ab
3295 1638 3564 1693 lnearna-

1917 1721 2074 1776 tione
2087 1721 2315 1776 Domini
2331 1722 2490 1791 4089,
2507 1722 2822 1779 indictione
2844 1741 2919 1778 xu
2947 1742 2959 1792 ;
2985 1740 3138 1779 anno
3157 1727 3350 1780 autem
3365 1725 3567 1780 domni

157 1809 227 1864 de
256 1807 545 1863 Amblava
574 1812 630 1862 et
656 1808 900 1863 Tumbis
931 1825 965 1862 a
993 1809 1202 1863 comite
1233 1808 1544 1864 Godefrido
1576 1809 1647 1863 de
1692 1809 1804 1863 En-
1838 1846 1884 1910 Β
1921 1808 2170 1864 Heinrici
2223 1809 2375 1866 tertii
2424 1811 2824 1866 Romanorum
2878 1807 3248 1883 imperatoris
3295 1813 3567 1884 Augusti,

158 1897 299 1970 geis,
332 1895 424 1952 vel
455 1897 612 1968 quod
635 1897 706 1952 de
727 1897 878 1952 bono
905 1896 1160 1952 ecclesiae
1181 1897 1608 1953 concambiavit
1630 1897 1803 1952 Wen-

155 1986 401 2059 dengias
433 1990 491 2041 et
518 1986 792 2041 Corworo
821 2001 977 2040 mon.
1012 1985 1242 2041 abbatis
1275 1985 1470 2042 Sancti
1505 1986 1802 2041 Maximini

152 2076 286 2131 data
312 2074 476 2140 villa,
498 2074 884 2130 Asteleburna
906 2074 1032 2130 loco
1054 2075 1399 2140 concambii,
1428 2092 1528 2131 seu
1556 2075 1708 2147 quod
1731 2074 1803 2130 ab

153 2163 465 2219 Hathelino
484 2164 561 2233 (9)
585 2163 855 2235 episcopo
886 2163 1303 2236 Bantbergensi
1338 2168 1395 2219 et
1425 2165 1551 2234 ejus
1582 2179 1802 2236 praepo-

154 2252 262 2308 sito
278 2251 568 2324 Liupoldo
581 2251 1374 2323 concambiavit,prmdiolum
1389 2252 1610 2307 scilicet
1624 2253 1703 2307 Lu
1713 2253 1806 2306 ke-

162 2355 368 2413 senges
395 2357 502 2412 pro
531 2341 912 2412 Wendengus
929 2345 986 2395 et
1010 2342 1242 2396 duobus
1263 2340 1486 2396 mensis
1503 2342 1658 2413 apud
1685 2346 1804 2396 An-

158 2429 525 2496 dernaicum,
557 2433 614 2484 et
637 2445 740 2501 pro
773 2446 920 2485 nova
946 2430 1020 2484 de
1065 2429 1389 2496 Buobarde,
1439 2430 1565 2485 sine
1608 2429 1806 2502 aliqua

159 2519 484 2574 infractum
503 2521 738 2574 maneat
759 2517 1184 2574 inconvulsum.
1211 2517 1494 2583 Quoniam
1518 2535 1651 2573 vero
1669 2535 1806 2590 pra:-

163 2607 497 2663 decessores
516 2607 698 2662 nostri
723 2620 888 2679 reges
905 2606 990 2662 vel
1013 2606 1394 2678 imperatores
1417 2623 1536 2662 sua:
1560 2607 1805 2662 auctori-

155 2696 290 2751 tatis
324 2695 605 2750 ﬁrmitate
635 2695 779 2768 ipsis
808 2694 952 2750 locis
984 2694 1354 2750 sanciveruut
1380 2699 1443 2750 ut
1492 2696 1804 2751 advocatus

156 2783 423 2855 ipsorum
456 2784 946 2840 monasteriorum
981 2785 1039 2839 in
1071 2784 1351 2848 cortibus,
1398 2785 1470 2839 ad
1520 2784 1650 2856 ipsa
1681 2783 1806 2840 loca

157 2872 628 2946 respicientibus,
662 2890 774 2928 non
808 2877 1126 2944 prazsumat
1150 2889 1461 2928 mansuras
1493 2877 1596 2927 aut
1626 2889 1802 2945 para-

152 2967 309 3016 turas
341 2962 558 3026 facere,
592 2961 1013 3016 redhibitiones
1053 2960 1142 3016 vel
1195 2960 1356 3016 freda
1407 2961 1656 3034 exigere,
1702 2966 1805 3016 aut

153 3049 436 3121 placitum
467 3053 680 3119 tenere,
714 3053 814 3103 aut
860 3049 1193 3121 parefredos
1247 3065 1478 3104 sumere
1517 3050 1629 3104 sibi
1679 3050 1805 3105 sine

157 3139 451 3211 permissu
483 3137 710 3193 abbatis
740 3137 827 3192 vel
866 3137 1181 3207 voluntate,
1232 3139 1433 3194 eadem
1467 3143 1524 3193 et
1553 3155 1660 3194 nos
1690 3137 1803 3210 ipsi

1919 1898 2081 1968 regni
2114 1899 2354 1970 quidem
2387 1917 2577 1966 xxxvz,
2611 1899 2841 1972 imperii
2869 1916 3004 1956 vero
3024 1917 3102 1955 v1.

1983 1988 2193 2041 Actum
2242 1988 2546 2060 Magontiae
2606 1990 2662 2043 in
2723 1989 2940 2046 Christi
3005 1989 3241 2046 nomine
3297 1988 3557 2048 feliciter.

1913 2076 2120 2130 Amen.

2655 2176 2809 2231 XIII.

1914 2263 2162 2316 lleinrici
2185 2263 2333 2337 regis
2363 2265 2568 2337 quarti,
2595 2265 2942 2337 imperatoris
2971 2266 3138 2331 tertii,
3173 2265 3438 2337 diploma,
3457 2281 3562 2336 quo

1984 2334 2508 2458 gorgnullecastelta
2555 2335 2839 2404 conﬁrmat
2886 2334 3242 2392 monasteria
3275 2334 3563 2392 Verane—mi

2025 2447 2039 2459 .
2101 2420 2311 2459 enen-is.

2533 2495 2719 2566 (Anno
2754 2494 2939 2565 1090.)

2225 2581 2572 2654 [unauana
2604 2584 2788 2655 Antiq.
2820 2586 2968 2650 ltal.,
2996 2584 3064 2652 V,
3097 2585 3247 2656 623.]

1987 2698 2048 2752 In
2081 2698 2315 2756 nomine
2344 2703 2557 2754 sanctae
2588 2703 2647 2754 et
2676 2699 2989 2755 individua;
3043 2700 3367 2765 Trinitatis,
3399 2715 3561 2755 HEIN-
3595 2713 3598 2716 ‘

1917 2802 2104 2853 meus,
2138 2785 2336 2841 divina
2367 2787 2592 2842 favente
2614 2787 2944 2857 clementia,
2963 2787 3361 2866 Romanorum
3384 2788 3563 2864 impe-

1917 2877 2077 2930 rator
2103 2877 2424 2947 Augustus.

1988 2963 2350 3035 Imperialem
2380 2964 2803 3021 sublimitatem
2838 2965 3135 3032 condecet,
3159 2968 3267 3020 etc.
3290 2966 3404 3020 Hac
3421 2981 3558 3038 ergo

1908 3054 2077 3124 justa
2105 3058 2161 3108 et
2189 3069 2355 3124 azqua
2383 3054 2852 3109 consideratione
2881 3057 3118 3126 propter
3137 3053 3365 3109 Domini
3387 3053 3564 3110 timo-

1916 3158 2060 3207 rem,
2094 3145 2150 3196 et
2179 3142 2386 3196 animos
2418 3146 2649 3209 nostrae,
2671 3141 2756 3196 vel
2776 3146 3087 3213 parentum
3110 3144 3445 3196 nostrorum
3469 3131 3559 3196 re-

156 3227 346 3284 abbati
363 3226 566 3297 etejus
581 3226 1022 3282 successoribus
1040 3227 1326 3282 ﬁrmando
1338 3228 1807 3295 corroboramus,
1838 3212 1880 3278 C
1919 3230 2178 3284 medium
2197 3230 2553 3285 monasterio
2573 3229 2725 3284 beati
2743 3212 2989 3284 Zenonis
3013 3244 3115 3300 per
3131 3229 3280 3284 hanc
3304 3245 3558 3308 praesen-

154 3317 452 3388 bannique
482 3315 665 3370 nostri
701 3315 1070 3386 impositione
1103 3333 1173 3370 ne
1193 3315 1465 3388 deinceps
1483 3316 1800 3388 quisquam

155 3405 272 3460 haec
301 3404 520 3460 audeat
548 3402 865 3475 infringere
894 3402 1250 3473 vigoramus,
1275 3407 1332 3459 et
1349 3403 1639 3474 quidquid
1663 3420 1803 3458 sane

157 3493 517 3567 acquisitum
552 3491 765 3563 reperit
796 3492 854 3546 in
887 3491 1251 3562 quibuslibet
1291 3493 1466 3548 rebus
1513 3492 1801 3559 Ecclesiae,

159 3584 462 3638 roboratur
491 3585 703 3636 nostrae
737 3580 1142 3652 praeceptionis
1169 3581 1532 3646 auctoritate,
1579 3580 1804 3636 habens

156 3671 540 3726 emunitatem
573 3669 644 3724 ab
674 3669 834 3724 omni
865 3670 1277 3724 advocatorum
1310 3669 1701 3724 infestatione.
1736 3670 1806 3724 Et

157 3760 433 3831 quoniam
448 3757 755 3815 monachis
774 3757 1186 3813 Malmundarii
1204 3759 1556 3827 constitutis,
1578 3758 1806 3813 sancita

155 3848 533 3920 antiquorum
565 3861 771 3918 regum
810 3845 898 3901 vel
933 3846 1354 3917 imperatorum
1395 3863 1512 3902 non
1554 3847 1804 3902 sulfece-

152 3937 428 4002 runt,sed
463 3936 576 3990 sub
607 3935 837 3990 duobus
874 3934 1184 3990 abbatibus
1223 3935 1553 3991 rescindere
1599 3937 1804 3992 eadem

157 4025 514 4081 monasteria
533 4023 964 4093 laboraverunt,
990 4023 1143 4094 quod
1169 4023 1584 4096 atemporibus
1616 4025 1805 4080 sancti

153 4114 406 4170 Remacli
433 4113 626 4168 adhuc
646 4117 842 4167 manet
860 4111 1291 4179 inconvulsum,
1320 4117 1554 4186 propter
1571 4113 1702 4183 hoc,
1722 4114 1804 4168 in-

150 4219 443 4274 quam,ne
476 4200 678 4274 aliqua
724 4201 999 4273 deinceps
1049 4202 1200 4256 inter
1252 4217 1352 4256 eos
1409 4202 1807 4258 controversia

151 4293 266 4357 tiat,
299 4293 461 4364 quod
493 4291 756 4346 evenisse
787 4291 1152 4362 temporibus
1184 4291 1383 4346 domni
1433 4291 1805 4363 imperatoris

151 4378 374 4436 Ottonis
409 4379 652 4436 secundi
688 4383 936 4444 constat,
960 4380 1234 4451 quodque
1288 4379 1439 4434 infra
1463 4396 1648 4435 annos
1670 4396 1806 4450 pue-

151 4469 289 4524 ritiae
317 4474 532 4525 nostrae
567 4485 669 4540 per
701 4485 808 4523 nos
842 4469 1236 4540 quorumdam
1272 4485 1383 4522 non
1418 4484 1560 4522 sane
1595 4469 1803 4539 depra-

1913 3324 2031 3374 tem
2050 3323 2260 3373 nostrae
2280 3317 2692 3373 muniﬁcentiae
2711 3317 3118 3373 auctoritatem
3133 3321 3411 3389 perpetuo
3427 3332 3561 3372 eon-

1915 3409 2243 3472 ﬁrmamus,
2277 3406 2584 3478 modisque
2605 3407 2879 3462 omnibus
2899 3406 3366 3471 corroboramus,
3390 3405 3447 3460 id
3465 3410 3558 3484 est

1914 3498 1970 3551 in
1997 3495 2291 3566 judiciara
2313 3495 2608 3551 Gardense
2641 3493 2967 3562 castellum,
3015 3495 3170 3566 quod
3217 3493 3560 3549 nominatur

1915 3585 2276 3657 Pastoringo,
2310 3585 2464 3656 quod
2499 3583 2850 3640 monasterio
2876 3584 3070 3638 Sancti
3102 3583 3346 3638 Zenonis
3392 3583 3557 3660 bona

1915 3673 2210 3730 memoria:
2241 3673 2543 3728 Arduinus
2563 3689 2779 3740 comes,
2799 3675 2856 3728 et
2872 3672 3030 3728 ﬁlius
3049 3671 3177 3743 ejus
3199 3670 3565 3744 Eriprandus

1916 3780 2020 3835 pro
2053 3761 2309 3817 remedio
2342 3761 2674 3816 animarum
2707 3776 2950 3816 suarum
2982 3776 3086 3832 per
3113 3759 3375 3815 chartam
3394 3759 3564 3814 offer-

1915 3851 2102 3907 sionis
2135 3849 2515 3906 contulerunt
2544 3866 2678 3905 cum
2711 3849 2988 3905 omnibus
3019 3846 3387 3920 pertinentiis
3411 3847 3568 3921 suis,

1917 3945 2054 4008 etc.,
2086 3956 2190 3995 nec
2223 3955 2338 3994 non
2360 3943 2417 3994 et
2445 3938 2751 3995 castellum
2777 3938 2932 4009 quod
2960 3940 3202 3992 vocatur
3231 3936 3431 3992 Insula
3459 3935 3574 3992 No-

1920 4043 2120 4096 nense,
2136 4029 2291 4100 quod
2311 4029 2380 4083 ad
2397 4027 2593 4100 ipsum
2612 4027 3034 4084 monasterium
3059 4026 3568 4098 peroffersionem,

1917 4118 2315 4181 donationem,
2377 4121 2554 4189 atque
2598 4115 3094 4188 comparationem
3139 4114 3390 4183 devenit,
3435 4129 3574 4169 cum

1916 4205 2076 4261 omni
2091 4205 2341 4271 redditu,
2357 4209 2414 4259 et
2434 4205 2725 4271 districtu,
2742 4209 2801 4259 et
2817 4204 3006 4268 fodru,
3029 4206 3137 4257 etc.
3154 4200 3570 4258 Placuitetiam

1916 4298 2128 4349 nostrae
2160 4293 2458 4350 serenitati
2489 4293 2561 4348 ob
2595 4297 2870 4348 aeternam
2893 4290 3428 4346 remunerationem
3452 4293 3568 4346 sta-

1915 4383 2152 4438 tuendo.
2190 4424 2203 4436 .
2241 4425 2253 4435 .
2292 4424 2303 4434 .
2344 4423 2356 4435 .
2395 4425 2407 4436 .
2440 4419 2455 4437 .
2493 4423 2504 4434 .
2543 4423 2554 4435 .
2593 4423 2604 4434 .
2643 4421 2656 4434 .
2691 4385 2756 4436 ut
2803 4383 3085 4444 castrum,
3139 4378 3299 4448 quod
3347 4376 3566 4433 dicitur

1914 4471 2228 4541 Capavum,
2258 4469 2414 4540 quod
2446 4486 2481 4523 a
2507 4485 2686 4540 puero
2718 4468 2930 4523 Uberto
2949 4482 3052 4536 pro
3075 4466 3330 4520 remedio
3353 4464 3563 4519 animm

154 4561 311 4613 vates
327 4556 574 4613 consilio
595 4573 698 4629 per
719 4557 1190 4629 quinquennium
1214 4563 1353 4611 eteo
1380 4555 1636 4628 amplius
1659 4560 1804 4611 tem-
1832 4579 1879 4643 D
1914 4575 2053 4625 suis,
2088 4573 2448 4628 suorumque
2480 4559 2811 4628 parentum,
2846 4553 3202 4609 monasterio
3235 4551 3432 4609 Sancti
3455 4553 3564 4609 Ze-

155 4662 287 4716 pore
313 4645 566 4719 contigit
596 4645 877 4710 evenisse,
911 4647 1010 4701 sed
1063 4646 1216 4718 apud
1267 4645 1489 4700 curiam
1541 4648 1801 4700 nostram

151 4735 368 4808 Leggize
417 4735 768 4792 celebratam
815 4736 874 4791 in
926 4735 1147 4791 Pascha
1177 4751 1329 4790 anno
1360 4733 1628 4789 videlicet
1662 4735 1793 4789 1071

153 4824 573 4880 lnearnationis
605 4824 944 4890 Dominicaa,
969 4825 1080 4896 ipsi
1105 4828 1306 4880 sancto
1325 4823 1596 4879 Remaclo
1623 4822 1792 4879 nobis

156 4912 600 4983 przesentialiter
629 4913 741 4984 (10)
764 4913 956 4968 oblato
981 4929 1161 4969 causa
1179 4913 1509 4984 expetendae
1528 4912 1796 4982 justitiae,

154 5000 248 5071 qui
281 5007 671 5072 utrorumque
702 5002 1098 5059 emnobiorum
1126 5001 1398 5056 fundator
1427 4999 1547 5055 illic
1569 5017 1670 5071 per
1691 5001 1800 5055 mi-

157 5089 372 5158 racula,
407 5107 535 5162 qua:
570 5089 722 5146 Deus
755 5090 1128 5161 omnipotens
1158 5106 1262 5160 per
1291 5106 1424 5144 eum
1459 5089 1626 5144 nobis
1650 5094 1707 5144 et
1736 5091 1802 5144 fi-

152 5177 379 5234 delibus
409 5179 634 5234 nostris
655 5179 1043 5250 praesentibus
1066 5178 1343 5250 dignatus
1366 5182 1454 5233 est
1476 5178 1803 5249 ostendere,

150 5265 506 5322 elaruitesse
517 5267 889 5324 veracissime
903 5268 1060 5339 quod
1081 5266 1294 5322 anobis
1315 5271 1472 5322 errat
1489 5265 1804 5323 discissum

222 5404 307 5480 (9)7
333 5405 684 5480 Hathelinus
715 5407 1082 5480 desideratur
1113 5407 1170 5460 in
1204 5405 1366 5480 serie
1401 5407 1808 5480 episcoporum

153 5477 680 5550 Bambergensium
701 5480 853 5550 apud
875 5477 1238 5550 Bucelinum,
1258 5477 1637 5550 collocandus
1660 5480 1814 5536 inter

152 5548 929 5622 Hermannumganno'iO'I'S,
965 5567 1014 5622 a_
1045 5548 1330 5622 Gregorio
1353 5549 1605 5622 septimo
1637 5567 1813 5606 exau-

152 5624 448 5696 ctoratum
478 5625 534 5679 et
564 5620 888 5692 Rupertum
917 5619 1032 5696 qui.
1052 5636 1204 5689 anno
1235 5620 1380 5678 1089
1402 5619 1708 5695 praefuisse
1730 5640 1814 5682 re-

480 5745 752 5812 ΡΑτιιοι..
797 5747 938 5813 CLI.

1913 4648 2082 4703 nonis
2100 4645 2455 4718 judicatum,
2489 4649 2663 4716 atque
2693 4643 2977 4700 traditum
3007 4658 3138 4698 esse
3167 4640 3562 4714 cognoscitur,

1911 4753 2047 4791 cum
2079 4734 2358 4790 omnibus
2388 4734 2564 4789 rebus
2586 4735 2712 4804 jam
2745 4731 2883 4787 dicti
2911 4731 3084 4786 castri
3107 4729 3566 4803 pertinentibus,

1909 4841 2012 4881 seu
2040 4823 2295 4887 famulis,
2325 4822 2586 4888 facticiis,
2616 4837 2750 4876 cum
2774 4818 2932 4876 omni
2964 4819 3160 4876 debita
3181 4819 3566 4876 districtione.

1907 4913 2069 4977 Quod
2103 4911 2354 4982 denique
2378 4912 2802 4966 conﬁrmamus
2821 4908 2995 4964 etiam
3019 4907 3174 4965 dicto
3201 4908 3566 4966 monasterio

1910 5001 2105 5056 Sancti
2133 4999 2378 5054 Zenonis
2400 4999 2471 5054 ad
2504 5013 2747 5053 suorum
2783 4998 3096 5070 praebenda
3141 4997 3568 5056 monachorum

1913 5090 2340 5161 eleemosynam
2361 5086 2790 5160 proprietamus
2821 5103 2954 5142 cum
2985 5086 3264 5144 omnibus
3287 5088 3412 5143 suis
3433 5105 3571 5160 per-

1915 5177 2203 5242 tinentiis,
2237 5175 2538 5244 districtis,
2567 5178 2676 5230 etc.
2720 5175 2778 5229 Si
2825 5176 2959 5247 quis
3010 5175 3190 5248 igitur
3237 5178 3376 5244 dux,
3410 5193 3566 5232 mar-

1919 5267 2073 5332 chio,
2095 5270 2205 5322 etc.

1919 5413 2430 5549 peFiggrDucmodo
2460 5476 2515 5530 id
2551 5475 2974 5549 factumifuerit
2996 5476 3184 5532 fusius
3207 5476 3567 5549 descriptum

1922 5545 2105 5624 habes
2136 5551 2192 5605 in
2213 5549 2430 5624 libello.
2459 5554 2536 5624 I)_e
2551 5545 2850 5624 triumpho
2872 5553 2928 5607 S.
2951 5549 3230 5624 Bemacli,
3256 5545 3431 5624 quem
3453 5546 3571 5608 edi.

1925 5625 2010 5682 dit
2038 5620 2409 5696 Cbapeavilla
2440 5620 2513 5678 ad
2542 5617 2758 5678 calcem
2787 5625 2931 5682 tom.
2967 5622 3035 5680 II.

3169 5747 3247 5818 3'1
