3924 6210
285 359 438 421 Ηθ3

283 580 419 637 toris
448 579 704 651 Augusti.
739 578 906 634 Locus
937 581 965 644 τι
989 575 1165 646 sigilli
1196 576 1350 631 Cerei
1377 572 1665 645 deperditi.

352 667 469 741 Ego
500 664 748 739 Ogerius
778 665 880 721 Dei
912 664 1100 737 gratia
1129 662 1490 736 Hiporiensis
1522 661 1831 734 episcopus
1871 664 1930 716 et

279 754 668 814 cancellarius
695 754 820 810 vice
850 753 1188 810 Herimanni
1223 751 1551 808 cancellarii
1599 749 1924 821 recognovi.

358 885 372 900 .
408 885 424 901 .
460 886 476 901 .
507 886 521 900 .
559 885 572 900 .
609 883 623 899 .
657 841 974 900 Dominicze
1006 839 1432 898 Incarnationis
1472 838 1785 895 millesimo
1828 854 1930 892 no-

279 933 607 1007 nagesimo,
624 949 682 989 v1
696 931 1032 1001 indictione,
1051 933 1330 1002 regnante
1343 928 1611 984 Heinrico
1625 927 1934 999 imperato-

283 1039 345 1080 re
377 1021 452 1078 ΙΙΙ
482 1021 647 1094 regni
675 1022 805 1092 ejus
825 1037 978 1087 xxw,
996 1017 1227 1091 imperii
1243 1021 1440 1074 autem
1459 1032 1580 1074 vm.
1597 1020 1718 1071 Hoc
1733 1019 1931 1070 actum

285 1114 376 1167 est
406 1126 482 1166 xv.
513 1109 600 1166 Id.
633 1108 850 1182 Aprilis
879 1108 1139 1166 Veronae.
1174 1107 1238 1163 In
1269 1105 1371 1163 Dei
1404 1105 1640 1161 nomine
1662 1102 1928 1159 feliciter.

284 1200 492 1256 Amen.

1034 1322 1176 1377 XIV.

291 1411 521 1469 Donatio
547 1411 732 1470 Gastri
751 1412 904 1479 Novi,
940 1409 1270 1481 Campitelli,
1319 1416 1371 1464 et
1411 1405 1748 1481 Scorciaroti
1785 1406 1933 1481 facta

357 1483 566 1539 ϐοηθηὶ
633 1475 898 1555 episcopo
925 1475 1238 1548 Mantuano,
1273 1482 1504 1555 pejusque
1557 1475 1820 1543 ecclesiae,
1865 1475 1933 1530 ab

356 1555 612 1610 Heinrico
637 1553 759 1625 rege
789 1553 874 1620 ιν,
908 1555 1235 1624 imperatore
1265 1553 1362 1606 III.

905 1669 1094 1736 (Anno
1128 1665 1310 1736 1093.)

607 1780 975 1851 [Μυευιτοειῃ
1007 1783 1194 1854 Antig.
1215 1781 1365 1848 Ital.,
1395 1780 1460 1846 V,
1489 1781 1618 1845 645]

361 1913 425 1964 In
440 1906 674 1963 nomine
693 1910 906 1963 sancte
919 1905 1937 1973 etindividuzeTrinitatis,immmcus

292 1999 612 2069 imperator
639 2011 872 2067 semper
899 1997 1220 2068 Augustus.

362 2084 650 2149 Quoniam
677 2087 1074 2156 opportunum
1107 2083 1298 2149 nobis,
1330 2087 1387 2138 et
1405 2083 1547 2139 utile
1569 2081 1739 2138 valde
1763 2081 1940 2138 statui

294 2191 360 2230 ac
387 2173 580 2230 decori
611 2173 774 2245 regni
807 2176 863 2229 et
892 2171 1122 2244 imperii
1153 2171 1336 2228 nostri
1368 2171 1662 2227 evidenter
1689 2188 1816 2226 esse
1848 2187 1942 2225 co-

293 2261 636 2337 gnoscimus
653 2261 815 2333 sanis
833 2265 1168 2316 nostrorum
1193 2259 1453 2315 ﬁdelium
1477 2259 1759 2325 consiliis,
1779 2260 1835 2314 in
1850 2259 1943 2314 his

293 2349 547 2408 maxime
577 2365 705 2421 quae
737 2349 808 2404 ad
829 2366 1031 2404 curam
1054 2353 1111 2404 et
1131 2349 1413 2404 honorem
1436 2348 1618 2404 nostri
1639 2347 1944 2420 regiminis

294 2439 611 2513 pertinent,
645 2437 982 2509 dilligenter
1011 2438 1495 2504 condescendere,
1527 2438 1574 2492 si
1610 2437 1749 2508 quid
1799 2438 1944 2492 forte

291 2527 566 2592 occurrit,
587 2527 742 2599 quod
763 2526 1044 2582 honorem
1063 2530 1329 2583 nostrum
1342 2543 1455 2582 non
1475 2525 1722 2594 minuat,
1739 2529 1795 2581 et
1811 2542 1944 2581 sano

293 2620 446 2673 ctam
463 2614 1300 2682 sublimetEeclesiam,eorum
1314 2614 1574 2671 nullaten
1584 2632 1653 2670 us
1666 2615 1947 2670 debemus

295 2703 581 2762 salutaria
601 2703 844 2760 consilia
861 2708 1253 2759 contemnere.
1277 2703 1428 2758 Dicit
1442 2719 1694 2774 namque
1707 2703 1949 2774 Sapien-

296 2793 381 2848 tia
407 2809 421 2848 :
457 2791 670 2848 Omnia
699 2792 789 2846 fac
819 2807 956 2846 cum
985 2791 1253 2860 consilio,
1288 2796 1345 2846 et
1375 2794 1576 2862 postea
1606 2807 1722 2846 non
1761 2791 1948 2862 poeni-

298 2879 452 2936 tebis
480 2880 672 2951 (Eccli.
703 2895 881 2946 χχχιι,
911 2879 1024 2950 24).
1058 2879 1159 2934 Est
1188 2895 1442 2951 quoque,
1487 2879 1660 2950 juxta
1697 2878 1948 2935 Psalmi-

304 2971 480 3034 stam,
517 2966 669 3038 regis
700 2965 888 3022 honor
910 2967 1204 3038 judicium
1227 2971 1282 3022 et
1293 2966 1591 3038 justitiam
1607 2966 1868 3040 diligere,
1893 2969 1952 3022 et

297 3055 362 3111 in
391 3053 630 3111 veritate
660 3070 833 3127 posse
863 3055 1056 3110 dicere
1099 3071 1234 3111 cum
1283 3055 1636 3112 Psalmista:
1684 3055 1948 3122 Domine,

300 3142 616 3200 dileximus
648 3144 916 3200 decorem
967 3143 1180 3201 domus
1226 3147 1339 3200 tuae
1390 3146 1564 3216 (Psat.
1614 3145 1827 3215 xxv,8).
1881 3145 1952 3200 Ut

1642 347 1950 414 MONUM.
2001 343 2324 410 DI‘PLOM.

355 490 590 561 Signum
617 487 807 544 domui
835 487 1085 545 Heinrici
1111 487 1265 543 tertii
1293 485 1642 541 invictissimi
1690 486 1925 555 impera-
1959 483 2013 549 Α

3539 335 3738 399 tm.-

2802 474 2927 529 XV.

2039 570 2285 624 Ileinrici
2313 568 2459 635 regis
2492 568 2564 621 IV
2601 565 2946 636 imperatoris
2972 563 3052 636 ll!
3067 561 3340 636 rdiptoﬁmg.
3394 557 3712 636 pou/inna-

2106 641 2308 694 torium
2337 631 2699 709 quorumlibet
2719 636 2941 708 jurium
2965 631 3258 689 Ticineiisis
3285 631 3557 688 Ecclesiw.

2656 727 2841 796 (Anno
2888 722 3070 795 1093.)

2328 821 2676 881 [ΜυιιΑνι-οῐιι,
2703 815 2886 883 Antig.
2920 811 3068 868 Ital..
3105 809 3201 874 VI,
3249 810 3408 879 327.]

2117 946 2129 959 .
2168 947 2180 959 .
2217 946 2229 958 .
2267 946 2278 958 .
2318 947 2329 959 .
2367 945 2380 958 .
2422 946 2434 958 .
2472 945 2484 957 .
2518 945 2571 958 ..
2635 902 2964 957 interventu
3033 914 3266 972 quoque
3333 895 3711 953 marchionis

2040 992 2344 1061 Wilielmi,
2377 991 2700 1046 Arduinus.
2739 1033 2750 1045 .
2783 1031 2796 1044 .
2830 1031 2842 1045 .
2879 1030 2891 1042 .
2927 1027 2942 1045 .
2978 1029 2990 1042 .
3042 986 3258 1042 civium
3318 984 3712 1057 Papiensium

2041 1083 2332 1154 majorum
2349 1084 2406 1136 et
2443 1079 2760 1147 minorum,
2785 1076 3055 1150 Papiensi
3073 1073 3338 1130 Ecclesiae
3363 1071 3712 1129 beatissimi

2040 1171 2169 1243 Syri
2197 1169 2435 1242 gloriosi
2468 1167 2841 1235 confessoris,
2883 1167 3056 1238 cujus
3085 1164 3181 1238 pio
3217 1165 3548 1219 interventu
3585 1179 3711 1218 no-

2043 1265 2230 1315 strum
2261 1258 2416 1331 viget
2448 1256 2783 1330 imperium.
2815 1297 2828 1310 .
2867 1297 2880 1310 .
2915 1298 2928 1311 .
2965 1298 2978 1310 .
3016 1297 3029 1310 .
3066 1295 3080 1309 .
3114 1251 3394 1326 leguntur
3423 1251 3709 1323 perhanc

2042 1346 2445 1421 praceptalem
2478 1345 2754 1418 paginam
2765 1345 2900 1416 jure
2929 1341 3171 1415 perenni
3191 1341 3484 1397 donamus
3520 1343 3713 1411 atque

2041 1436 2436 1504 concedimus,
2490 1433 2841 1490 nominatim
2895 1430 3165 1488 videlicet
3209 1429 3708 1485 Brementenscm

2043 1525 2334 1581 abbatiam
2377 1541 2510 1579 cum
2559 1522 2834 1578 omnibus
2879 1537 3004 1592 quae
3056 1519 3128 1574 ad
3178 1517 3343 1573 illam
3375 1515 3710 1588 pertinent,

2046 1615 2270 1678 castris,
2301 1613 2588 1681 curtibus,
2620 1609 2797 1676 villis,
2825 1607 3086 1680 capellis,
3120 1605 3307 1674 silvis,
3337 1604 3532 1671 terris,
3573 1601 3707 1658 cul-

2045 1704 2120 1758 tis
2152 1709 2207 1758 et
2238 1701 2496 1763 incultis,
2525 1699 2779 1773 pascuis,
2805 1697 3142 1771 paludibus,
3167 1694 3356 1768 aquis,
3382 1709 3708 1766 aquarum-

2044 1810 2157 1864 que
2187 1790 2558 1853 decursibus,
2593 1786 3038 1860 piscationibus,
3073 1783 3446 1850 molendinis,
3481 1778 3702 1838 destri-

2047 1882 2178 1945 ctis,
2213 1880 2478 1942 teloneis,
2527 1876 2891 1949 albergariis,
2944 1874 3176 1947 placitis
3234 1872 3440 1928 invest.
3477 1911 3491 1925 .
3530 1911 3543 1923 .
3584 1911 3597 1923 .
3635 1911 3648 1922 .
3697 1910 3714 1922 .

2047 1969 2504 2032 conditionibus,
2539 1984 2603 2022 ac
2638 1963 3069 2029 familiis,cellis
3093 1977 3325 2034 quoque
3351 1957 3718 2016 nominatim

2049 2059 2143 2114 hic
2162 2058 2374 2113 notatis
2395 2075 2406 2112 :
2427 2060 2702 2111 Sanctum
2729 2055 2962 2109 Petrum
2985 2052 3042 2106 in
3065 2049 3388 2115 Novalesio,
3425 2063 3712 2121 campum

2049 2147 2290 2210 Merleti,
2325 2147 2604 2200 Sanctum
2636 2143 2928 2199 Andream
2960 2143 3019 2196 in
3042 2140 3322 2207 Taurino,
3346 2136 3708 2203 Babianum,

2052 2252 2275 2292 serram
2326 2234 2522 2289 Sancti
2576 2233 2750 2298 Petri,
2797 2230 3003 2287 cellam
3044 2227 3372 2290 Cavalariae,
3422 2229 3712 2281 Sanctum

2052 2325 2287 2380 Petrum
2319 2323 2375 2376 in
2409 2322 2624 2394 Pagno,
2660 2319 3005 2386 Polentiam,
3041 2319 3320 2374 Sanctum
3354 2315 3594 2370 Petrum
3629 2313 3712 2370 ad

2053 2413 2356 2479 Wascum,
2389 2411 2662 2466 Sanctam
2711 2407 2955 2463 Mariam
3002 2407 3060 2461 in
3110 2403 3324 2472 Polexi,
3375 2401 3586 2459 cellam
3632 2402 3711 2457 de

2054 2501 2377 2574 Supunigo,
2412 2498 2617 2555 cellam
2649 2499 2719 2552 de
2751 2495 3074 2560 Laumello,
3105 2497 3378 2549 Sanctam
3409 2489 3709 2564 Agatham

2057 2591 2115 2646 in
2147 2589 2403 2658 Balsula,
2429 2589 2754 2654 Rometam,
2787 2583 3026 2641 castella
3047 2583 3224 2639 etiam
3255 2582 3704 2652 Castagnetum,

2057 2680 2344 2744 Gunzove,
2422 2678 2703 2732 Sanctum
2776 2673 3154 2738 Salvatorem,
3231 2674 3383 2726 Cano
3417 2710 3431 2723 .
3469 2710 3483 2723 .
3530 2711 3543 2723 .
3583 2709 3597 2723 .
3631 2710 3644 2722 .
3686 2709 3700 2722 .

2057 2770 2364 2833 Tanetum,
2400 2764 2777 2832 Palaciolum,
2808 2761 3087 2829 Cisalum,
3121 2777 3225 2816 seu
3257 2763 3494 2816 caeteras
3525 2755 3710 2814 cellas

2061 2899 2073 2913 .
2113 2898 2125 2910 .
2163 2897 2176 2911 .
2214 2899 2226 2911 .
2265 2898 2277 2910 .
2317 2898 2328 2910 .
2366 2897 2378 2909 .
2413 2857 2606 2910 curtes
2632 2858 2690 2909 et
2733 2868 2936 2908 omnes
2967 2867 3060 2908 res
3101 2850 3172 2905 ad
3224 2847 3562 2921 pradictam
3603 2845 3711 2902 ab-

2058 2944 2275 3001 batiam
2311 2949 2368 3000 et
2388 2942 2564 2999 cellas
2593 2942 2973 3014 pertinentes.
3005 2978 3022 2995 .
3053 2982 3065 2995 .
3103 2980 3116 2992 .
3155 2981 3170 2995 .
3206 2980 3218 2993 .
3274 2937 3334 2992 in
3383 2936 3708 3008 integrum.

2058 3034 2116 3089 Si
2150 3033 2284 3105 quis
2317 3033 2498 3105 igitur
2523 3032 2659 3100 dux,
2690 3028 2974 3097 marchio,
2995 3044 3210 3097 comes,
3233 3027 3578 3092 vieecomes,
3604 3027 3713 3079 aut

2059 3121 2332 3194 quaelibet
2361 3121 2477 3176 alia
2507 3137 2755 3192 persona
2780 3119 2933 3174 hanc
2967 3114 3375 3188 praeceptalem
3424 3113 3710 3186 paginam

300 3232 480 3305 igitur
509 3247 614 3304 per
655 3231 936 3288 honorem
988 3236 1047 3287 et
1095 3231 1611 3304 amplificationem
1661 3201 1937 3289 donorum

2128 3209 2276 3266 olare
2305 3208 2768 3282 prazsumpserit,
2803 3205 2964 3262 mille
2984 3205 3166 3260 libras
3183 3201 3714 3275 aurioptimicom-

297 3319 420 3390 Dei,
453 3321 627 3391 cujus
658 3320 896 3376 servitio
928 3337 1132 3376 vacare
1161 3321 1446 3377 debemus
1477 3322 1840 3385 incessanter
1879 3339 1948 3378 ex

297 3407 700 3477 dilectione,si
731 3408 945 3465 salvari
977 3409 1252 3482 cupimus
1285 3414 1343 3465 et
1372 3414 1647 3466 aeternam
1670 3412 1948 3484 consequi

298 3497 571 3570 gloriam,
597 3501 934 3554 nostrorum
958 3515 1098 3554 sane
1117 3498 1382 3554 ﬁdelium
1404 3499 1647 3556 consilia
1667 3501 1779 3572 piis
1796 3501 1949 3555 auri-

297 3586 413 3643 bus
443 3586 844 3654 exaudientes,
875 3590 933 3642 et
963 3587 1036 3643 ad
1068 3587 1308 3659 dignam
1339 3592 1396 3643 et
1415 3588 1724 3657 humilem,
1745 3592 1803 3645 et
1823 3588 1946 3644 lau-

299 3674 557 3732 dabilem
616 3675 960 3748 petitionem
1013 3676 1266 3732 Cononis
1331 3677 1631 3733 Mantuani
1691 3677 1948 3750 episcopi

302 3762 620 3820 clementer
649 3762 1046 3835 respicientes,
1079 3765 1343 3820 Castrum
1365 3765 1609 3834 Novum,
1642 3769 1698 3821 et
1727 3765 1953 3838 Campi-

300 3850 532 3920 tellum,
583 3855 760 3923 atque
804 3851 1231 3909 Scorciarolum
1276 3871 1409 3910 eum
1443 3854 1717 3910 omnibus
1748 3871 1952 3911 eorum

305 3937 676 4012 pertinentiis
701 3939 863 3996 intus
893 3944 950 3996 et
981 3940 1140 4007 foris,
1174 3941 1336 3998 salva
1356 3947 1555 3998 nostra
1576 3942 1754 4015 regali
1768 3944 1949 4014 justi-

301 4026 405 4094 tia,
438 4043 542 4098 per
560 4025 714 4084 hanc
744 4034 1003 4098 nostram
1019 4029 1419 4102 praeceptalem
1443 4031 1717 4104 paginam
1733 4031 1951 4088 haben-

307 4114 385 4170 da
413 4115 748 4187 perenniter
777 4121 948 4190 atque
979 4119 1336 4190 possidenda
1365 4119 1490 4175 sine
1521 4119 1788 4177 molestia
1818 4122 1954 4192 jure

309 4203 1296 4277 proprietarioMantuanaeEcclesiae
1310 4207 1796 4265 concessimus.Si
1819 4211 1952 4282 quis

304 4290 492 4365 igitur
522 4294 661 4361 dux,
710 4295 994 4365 marcbio,
1045 4311 1261 4364 comes,
1288 4296 1633 4367 vicecomes,
1695 4303 1796 4353 aut
1839 4299 1955 4355 alia

303 4380 580 4452 quislibet
607 4398 878 4456 persona,
909 4385 1315 4456 cujuscunque
1357 4385 1708 4442 conditionis
1757 4379 1986 4457 fuerit,'

301 4468 454 4526 hanc
475 4475 736 4528 nostram
771 4472 1176 4545 praeceptalem
1225 4471 1503 4546 paginam
1551 4475 1764 4532 violare
1806 4493 1953 4549 prie-

304 4557 812 4632 sumpserit,mille
827 4559 1007 4616 libras
1021 4561 1148 4617 auri
1162 4560 1293 4633 puri
1309 4563 1744 4635 compositurus
1755 4563 1948 4620 banno

302 4650 501 4704 nostro
523 4647 1249 4719 subjacebit,medietatem
1269 4656 1478 4707 nostra:
1493 4669 1755 4722 camerae,
1770 4656 1827 4709 et
1837 4668 1952 4708 me-

303 4735 579 4793 dietatem
611 4736 900 4808 praedictae
923 4736 1213 4812 Ecclesiae.
1234 4739 1304 4795 Ut
1331 4743 1524 4796 autem
1543 4740 1954 4797 inviolabiliter

302 4823 373 4880 ab
403 4824 678 4880 omnibus
710 4826 1072 4896 observetur,
1104 4827 1362 4902 imagine
1392 4829 1575 4886 nostri
1599 4830 1776 4903 sigilli
1807 4829 1952 4886 insi-

301 4911 454 4983 gniri
484 4911 794 4986 diligenter
813 4915 1131 4986 jussimus.

371 5000 604 5073 Signum
633 5002 824 5060 damni
851 5006 1099 5062 Heinrici
1120 5007 1466 5079 imperatoris
1486 5007 1734 5076 Augusti.

374 5089 590 5147 Datum
623 5108 780 5148 anno
810 5092 1123 5150 Dominicae
1157 5096 1449 5151 lncarnat.
1491 5098 1643 5165 1093,
1674 5101 1952 5170 regnante

305 5178 523 5235 domno
555 5179 823 5237 Heinrico
848 5181 1244 5239 Romanorum
1294 5182 1645 5256 imperatore
1685 5188 1950 5258 Augusto

304 5283 494 5335 mlx,
529 5267 854 5341 imperante
882 5287 1015 5326 vero
1043 5288 1120 5337 1x,
1156 5271 1473 5330 indictione
1500 5290 1630 5330 vero
1651 5291 1705 5330 v.

373 5356 627 5418 Auotum
657 5357 908 5416 Mantuae
939 5358 1202 5419 feliciter.

2057 3299 2356 3371 positurus
2387 3299 2583 3354 hanno
2616 3301 2813 3352 nostro
2839 3293 3186 3366 subjacebit,
3210 3292 3586 3348 medietatem
3611 3306 3712 3346 no-

2057 3392 2189 3443 straa
2213 3404 2479 3453 camerae,
2504 3391 2563 3442 et
2593 3385 2965 3442 medietatem
2993 3382 3282 3455 praedictae
3305 3379 3576 3452 Papiensi
3600 3379 3708 3434 Ec-

2055 3475 2263 3532 clesiae.
2299 3476 2462 3541 Quod
2496 3479 2560 3531 ut
2587 3474 2782 3531 verius
2829 3474 3118 3539 credatur,
3178 3474 3236 3527 et
3291 3469 3364 3526 ab
3423 3468 3710 3525 omnibus

2056 3564 2471 3621 inviolabiliter
2500 3565 2858 3632 observetur,
2889 3560 3278 3633 impressione
3308 3557 3495 3624 nostri
3526 3555 3715 3630 sigilli

2051 3654 2346 3726 jussimus
2377 3652 2670 3725 insigniri.

2130 3744 2362 3812 Signum
2407 3743 2597 3798 damni
2649 3743 2897 3798 Heinrici
2934 3742 3303 3797 Romanorum
3359 3737 3716 3808 imperatoris

2058 3833 2412 3888 invictissimi
2441 3835 2600 3902 atque
2616 3831 2859 3902 piissimi
2888 3832 2946 3885 in
2975 3832 3177 3885 virtute
3195 3829 3313 3883 Dei.

2130 3922 2248 3994 Ego
2279 3920 2566 3993 Oglerius,
2584 3919 2684 3976 Dei
2702 3920 2914 3993 gratia,
2938 3915 3298 3991 Hiporiensis
3317 3914 3635 3987 episcopus
3652 3929 3682 3970 e
3695 3918 3722 3969 t

2060 4009 2465 4078 cancellarius,
2499 4010 2622 4065 vice
2655 4008 2992 4064 Herimanni
3022 4004 3384 4062 Coloniensis
3413 4000 3708 4075 archiepi-

2062 4097 2221 4170 scopi
2251 4096 2744 4154 archicancellarii
2767 4096 3095 4169 recognovi.

2132 4191 2301 4243 Anno
2334 4186 2646 4242 Dominicis
2669 4184 3094 4242 Incarnationis
3119 4181 3434 4240 millesimo
3460 4195 3714 4253 nonage-

2065 4277 2213 4333 simo
2244 4275 2436 4341 tertio,
2485 4274 2804 4332 indictione
2852 4275 3065 4348 prima,
3108 4275 3388 4346 regnante
3436 4268 3714 4326 Heinrico

2061 4383 2252 4432 xxxm,
2285 4365 2618 4437 imperante
2647 4369 2840 4420 autem
2873 4381 2952 4430 1x,
2984 4378 3187 4419 mense
3210 4359 3381 4416 Maio.

2132 4456 2342 4510 Actum
2373 4457 2463 4509 est
2485 4453 2675 4526 Papiae
2698 4452 2958 4508 feliciter.

2801 4540 2945 4596 XVI.

2059 4634 2339 4714 Decretum
2371 4631 2617 4714 ﬁeinriei
2645 4629 2993 4714 imperatoris
3011 4628 3176 4714 tertii
3200 4624 3617 4714 promulgatulm
3656 4624 3714 4678 in

2128 4704 2329 4775 placito
2358 4703 2581 4775 Patavii
2598 4695 2781 4775 habito
2806 4716 2907 4775 ρζο
2938 4699 3113 4755 tutela
3134 4695 3518 4775 gdorumdgmr
3541 4695 3705 4775 bono-

2133 4767 2278 4840 rum,
2345 4773 2414 4828 ad
2481 4772 2770 4829 monachos
2806 4767 3056 4827 'Sanctae
3120 4767 3352 4826 Iustinae
3417 4767 3709 4822 Patavini?

2131 4847 2512 4918 spectantium.

2680 4915 2873 4986 (Anno
2907 4913 3088 4985 1095.)

2345 5005 2695 5075 [ΜυιιΑτοῑιι.
2730 5005 2914 5074 Antig,
2963 5002 3111 5070 Ital.,
3160 5000 3232 5066 Il,
3273 4997 3427 5068 943.]

2131 5094 2281 5150 Dum
2317 5093 2375 5148 in
2407 5093 2509 5148 Dei
2540 5091 2773 5148 nomine
2803 5092 2863 5147 in
2894 5091 3125 5148 civitate
3156 5086 3354 5144 Patavi
3405 5086 3465 5140 in
3519 5084 3713 5142 Broilo

2051 5185 2221 5256 juxta
2241 5179 2630 5253 episcopalem
2655 5181 2897 5236 domum
2913 5178 3209 5250 injudicio
3231 5173 3527 5232 residebat
3547 5173 3712 5230 dom-

2060 5289 2172 5328 nus
2206 5270 2532 5337 Heinricus,
2556 5268 2653 5324 Dei
2687 5268 2895 5340 gratia,
2929 5267 3140 5324 tertius
3171 5266 3574 5322 Romanorum
3605 5261 3714 5316 im-

2059 5363 2292 5433 perator
2317 5360 2642 5430 Augustus,
2673 5358 2906 5414 adesset
2937 5372 3072 5413 cum
3102 5372 3168 5412 eo
3198 5351 3569 5408 Walbrunus
3601 5353 3713 5405 Ve-

2059 5447 2328 5506 ronensis
2357 5446 2665 5518 episcopus
2695 5463 2761 5503 ac
2791 5445 3198 5511 cancellarius,
3222 5439 3624 5510 Bruchardus,
3657 5442 3716 5495 et

2060 5535 2395 5594 Walnerius
2426 5534 2817 5603 marchiones,
2842 5533 3188 5593 Bonefacius
3209 5545 3430 5596 comes,
3456 5527 3715 5584 Manfre-

2061 5628 2173 5692 dus
2218 5638 2434 5700 comes,
2485 5623 2834 5699 Hisnardus,
2890 5622 3290 5712 aldeoberius,
3349 5616 3710 5698 Aichardus,
3796 5623 3798 5626 '
