3924 6210
164 303 321 368 ωδ

1307 300 1850 367 AETHELREDUS
1895 299 1945 364 II
1991 301 2149 364 REX
2196 299 2423 363 ANGL.

3408 290 3596 364 “66‘

161 438 295 512 Ugo,
328 435 685 494 Gumbertus
715 434 968 507 judices,
1027 435 1371 510 Peregrinus
1423 437 1495 491 de
1552 436 1797 505 Verona,
1827 437 1886 504 Α
1920 435 2241 493 nasterium
2270 437 2341 491 de
2372 431 2661 508 pradictis
2693 426 3218 507 rebus'inquietare
3248 439 3350 493 aut
3382 436 3562 495 mole-

162 529 405 585 Ubertus
434 527 507 582 de
541 524 951 593 Fontanaviva,
985 527 1160 593 Cono,
1193 525 1541 580 Cumbertus
1570 526 1643 581 de
1671 525 1800 582 Tal-

156 632 313 681 sano,
348 613 653 672 Odelricus
709 615 784 669 de
840 613 1180 682 Salvazano,
1240 613 1396 670 Ucbo
1453 614 1525 670 de
1578 613 1800 683 Casale,

157 704 509 773 Baronzello,
543 708 599 760 et
622 705 776 760 Cono
807 703 1082 772 Patuaro,
1117 703 1449 759 Bernardus
1493 703 1799 759 Almenar-

153 796 242 862 do,
275 794 399 851 Odo
427 794 503 849 de
529 792 804 849 Justinus
820 793 1022 865 judex,
1044 796 1101 848 et
1122 791 1332 864 reliqui
1353 791 1574 865 plures.
1601 792 1800 865 Ibique

150 884 205 939 in
237 899 442 939 eorum
470 881 710 938 veniens
740 881 1049 954 prasentia
1071 881 1329 938 Joannes
1389 882 1693 954 presbyter
1742 886 1799 937 et

146 971 492 1040 monachus,
527 971 687 1044 prior
716 970 1059 1027 monasterii
1087 974 1305 1026 Sancta:
1334 970 1604 1036 Justinm,
1659 987 1795 1026 cum

145 1061 366 1118 cmteris
396 1059 700 1117 monachis
720 1060 984 1131 ejusdem
1009 1059 1368 1125 monasterii,
1394 1058 1638 1115 insimul
1660 1075 1795 1115 cum

142 1149 403 1224 lngelero
432 1149 713 1205 advocato
746 1148 1131 1220 suprascripti
1165 1148 1531 1214 monasterii,
1584 1147 1795 1204 retule-

149 1241 279 1295 runt
307 1241 368 1295 et
396 1241 698 1310 coeperunt
727 1235 937 1305 dicere,
971 1253 1037 1293 ac
1091 1235 1387 1309 postulare
1443 1238 1791 1293 mercedem.

150 1349 178 1384 κ
209 1327 471 1383 Petimus
492 1327 564 1382 ad
589 1342 711 1395 vos,
736 1326 950 1382 domne
972 1326 1309 1398 imperator,
1333 1330 1398 1381 ut
1416 1342 1538 1395 vos,
1562 1331 1797 1399 propter

147 1417 324 1473 Deum
360 1424 429 1472 ac‘
449 1420 706 1471 vestram
761 1415 1117 1482 mercedem,
1145 1413 1393 1471 mittatis
1416 1415 1675 1471 bandum
1702 1432 1797 1471 su-

146 1522 246 1579 per
273 1521 407 1572 nos,
437 1508 497 1560 et
525 1520 702 1577 super
730 1502 861 1560 illas
914 1520 1007 1559 res
1064 1520 1212 1576 quas
1269 1520 1369 1559 rex
1417 1502 1666 1559 Litulfus
1723 1505 1796 1561 de

144 1594 382 1652 Cararia
407 1593 502 1649 hic
534 1594 592 1649 in
648 1597 845 1649 vestra
901 1592 1209 1664 praesentia
1259 1591 1428 1647 nobis
1486 1592 1791 1660 refudavit,

145 1683 367 1740 scilicet
397 1687 623 1739 curlem
651 1698 778 1753 quae
800 1685 1038 1737 vocatur
1057 1680 1435 1746 Montesilice,
1458 1697 1591 1735 cum
1615 1680 1798 1738 omni-

143 1774 251 1828 bus
284 1772 469 1828 rebus
498 1772 571 1827 ad
601 1771 792 1843 ipsam
810 1773 1032 1826 curtem
1056 1769 1504 1842 pertinentibus,
1530 1774 1588 1824 et
1618 1786 1796 1842 super

149 1860 278 1917 illas
310 1876 430 1927 res,
462 1876 609 1932 quas
642 1859 779 1915 Milo
809 1863 866 1914 et
894 1858 1200 1915 Heinricus
1229 1858 1495 1930 germani
1527 1857 1798 1914 similiter

143 1950 234 2005 hic
255 1950 315 2005 in
342 1952 546 2005 vestra
576 1947 885 2020 praesentia
915 1946 1084 2003 nobis
1111 1947 1546 2015 refudaverunt,
1572 1946 1797 2003 scilicet

142 2036 295 2105 villa,
328 2054 467 2110 quae
498 2037 716 2092 dicitur
757 2035 1050 2109 Lignaria,
1113 2039 1170 2091 et
1220 2034 1358 2090 villa
1403 2052 1530 2107 quae
1583 2036 1799 2091 dicitur

142 2125 393 2194 Roncbi,
424 2141 558 2180 cum
581 2124 857 2181 omnibus
906 2123 1270 2197 pertinentiis
1327 2124 1472 2190 suis,
1528 2126 1585 2179 et
1637 2122 1794 2191 villa,

141 2231 264 2287 que
296 2213 524 2269 dicitur
550 2213 827 2279 Tribano,
858 2218 916 2269 et
947 2214 1133 2285 Caput
1163 2213 1349 2268 Silvae.
1384 2236 1411 2262 ι)
1446 2214 1610 2269 Tunc
1659 2230 1793 2269 cum

139 2303 461 2376 praedictus
489 2302 743 2359 domnus
760 2301 1287 2376 imperatortaliter
1298 2303 1559 2358 audisset
1575 2319 1794 2359 merce-

138 2392 291 2460 dem,
325 2408 442 2466 per
462 2390 734 2463 judicum
753 2390 1088 2459 consilium,
1111 2390 1209 2463 qui
1232 2391 1313 2446 ibi
1333 2391 1599 2461 aderant,
1618 2396 1673 2448 et
1693 2409 1795 2464 per

136 2481 378 2549 fustem,
414 2496 593 2553 quem
625 2479 684 2536 in
717 2496 825 2536 sua
855 2481 1088 2536 tenebat
1112 2496 1316 2548 manu,
1349 2479 1511 2535 misit
1532 2480 1791 2536 bandum

137 2586 312 2643 super
340 2568 655 2643 praedictos
684 2568 1004 2626 monachos
1032 2573 1090 2625 et
1117 2585 1296 2642 super
1324 2585 1526 2625 eorum
1550 2569 1790 2625 advoca-

133 2663 282 2727 tum,
313 2663 374 2716 et
407 2674 592 2730 super
631 2657 973 2730 praedictum
1024 2658 1469 2726 monasterium,
1509 2660 1568 2713 et
1615 2675 1793 2730 super

134 2749 452 2819 praedictas
464 2746 817 2803 omnesillas
830 2763 943 2814 res,
968 2764 1096 2820 quae
1120 2747 1392 2819 superius
1417 2746 1695 2819 leguntur
1731 2747 1790 2801 in

133 2837 464 2910 integrum,
490 2841 556 2892 ut
584 2834 783 2891 nullus
804 2835 1084 2907 quislibet
1104 2834 1279 2891 homo
1307 2836 1649 2908 praedictum
1672 2853 1794 2891 mo-

1910 530 2087 595 stare,
2128 525 2216 580 vel
2251 523 2536 580 dcvestire
2568 522 2799 579 audeat.
2835 522 2942 586 Qui
2986 538 3121 579 vero
3174 523 3283 581 hoc
3340 526 3560 594 fecerit,

1909 614 2053 671 sciat
2084 630 2145 671 se
2177 613 2646 686 compositurum
2680 612 2806 668 auri
2837 612 3022 685 optini
3072 611 3251 669 libras
3302 618 3561 691 centum,

1907 704 2278 760 medietatem
2303 719 2543 758 camerae
2566 701 2766 758 domni
2789 701 3256 775 imperatoris,et
3281 694 3562 760 medietaé

1906 797 2022 849 tem
2049 793 2121 848 ad
2152 792 2499 865 praedictum
2532 792 2956 848 monasterium
3010 791 3235 848 Sancte
3290 790 3559 850 Justine.

1907 882 1975 937 Et
1997 881 2413 954 insupermisit
2463 882 2745 948 bandum,
2775 884 2842 936 ut
2860 879 3402 957 nullusepiscopus,
3436 880 3566 938 nul-

1906 968 2114 1042 lusque
2144 970 2326 1025 abbas
2358 971 2667 1042 przedictas
2688 986 2781 1025 res
2830 971 3042 1026 audeat
3099 969 3159 1025 in
3209 970 3559 1028 beneficium

1906 1057 2076 1113 alicui
2110 1059 2246 1114 dare
2277 1057 2367 1114 vel
2400 1075 2503 1131 per
2531 1058 2768 1115 titulum
2799 1058 3061 1133 pignoris
3081 1057 3255 1115 alicui
3276 1057 3556 1134 obligare,

1903 1147 1992 1202 vel
2021 1147 2727 1221 quodcunqueingenium
2746 1148 3067 1205 amanibus
3087 1148 3335 1205 fratrum
3366 1148 3559 1205 aufer-

1904 1253 1983 1292 re.
2018 1237 2127 1301 Qui
2157 1253 2293 1293 vero
2310 1236 2418 1292 hoc
2432 1236 2646 1304 fecerit,
2663 1237 2812 1293 sciat
2829 1253 2890 1293 se
2921 1238 3386 1310 compositurum
3403 1239 3557 1312 parti

1904 1326 2156 1398 publicae
2189 1325 2317 1381 auri
2350 1324 2555 1397 optimi
2588 1324 2771 1383 libras
2787 1330 3043 1383 centum.
3068 1326 3259 1383 Finita
3273 1331 3331 1383 et
3355 1344 3555 1398 causa,

1903 1418 1963 1469 et
1980 1413 2186 1469 notitia
2205 1430 2309 1487 pro
2324 1413 2633 1470 securitate
2645 1414 3110 1487 suprascriptum
3130 1416 3555 1473 monasterium

1904 1502 2130 1559 Sanctae
2152 1502 2403 1559 Justinze
2434 1502 2559 1558 fieri
2591 1503 3046 1560 admonuerunt.

1976 1591 2221 1658 Quidem
2252 1595 2309 1647 et
2338 1607 2443 1664 ego
2462 1592 2719 1648 Joannes
2737 1592 3003 1648 notarius
3024 1592 3371 1663 exjussione
3386 1594 3558 1650 dom-

1904 1680 1962 1735 ni
1980 1680 2711 1753 imperatoris,etjudicum
2755 1680 3154 1737 admonitione
3164 1680 3558 1754 scripsi,anno

1903 1770 1974 1824 ab
1990 1768 2394 1825 lncarnatione
2412 1769 2644 1825 Domini
2662 1768 2844 1825 nostri
2856 1769 2887 1825 J
2893 1785 2997 1825 esu
3009 1768 3223 1826 Christi
3239 1769 3557 1827 millesimo

1906 1857 2286 1930 nonagesimo
2317 1857 2543 1930 quinto,
2573 1858 2828 1914 secundo
2861 1858 3148 1916 Kalendas
3178 1857 3361 1927 Junii,
3399 1858 3558 1915 indi-

1906 1946 2093 2001 ctione
2115 1945 2305 2002 tertia.

1974 2042 2037 2107 ›ι‹
2066 2035 2182 2108 Ego
2213 2034 2524 2091 Heinricus
2556 2036 2652 2091 Dei
2684 2036 2876 2109 gratia
2904 2034 3114 2094 tertius
3155 2037 3556 2094 Romanorum

1906 2122 2223 2196 imperator
2239 2125 2540 2197 Augustus
2559 2125 2904 2197 subscripsi.

1972 2221 2036 2284 ›χ‹
2064 2214 2182 2286 Ego
2199 2212 2550 2270 Wilbrunus
2569 2213 2954 2271 cancellarius
2973 2215 3324 2286 exjussione
3346 2217 3552 2271 domui

1904 2301 2274 2374 imperatoris
2305 2319 2486 2358 manu
2517 2319 2649 2359 mea
2668 2304 3013 2376 subscripsi.

1972 2395 2036 2459 ’Β
2065 2392 2180 2464 Ego
2212 2390 2685 2464 Isnardusjudex
2706 2392 3050 2466 subscripsi.

1971 2477 2035 2542 ἰι
2064 2481 2178 2553 Ego
2208 2478 2549 2554 Aldegerius
2563 2482 2746 2553 judex
2774 2481 3033 2540 interfui.

1970 2575 2034 2639 ᾧ
2061 2569 2180 2642 Ego
2212 2569 2331 2641 Ugo
2356 2570 2540 2641 judex
2568 2569 2826 2626 interfui.
3150 2564 3153 2565 ⁷

1968 2658 2032 2720 is
2060 2659 2177 2731 Ego
2208 2658 2564 2715 Gumbertus
2581 2659 2765 2731 judex
2792 2660 3053 2717 interfui.

2064 2748 2182 2821 Ego
2213 2747 3045 2820 Agichardusjudexinterfui.

2060 2838 2180 2910 Ego
2211 2836 2561 2910 Peregrinus
2582 2838 2766 2909 judex
2794 2837 3037 2895 interfui

131 2962 3556 2992 Μ

665 3080 2028 3255 ANGLORUM
2153 3085 3012 3257 REGUM

1336 3337 1458 3403 QUI
1496 3336 1791 3394 SZECULO
1828 3336 1900 3394 XI
1941 3336 2340 3393 FLORUERE.

487 3491 894 3608 LEGES
1004 3494 2062 3610 ECGLESIASTICE
2166 3495 2323 3607 ET
2430 3494 3204 3613 DlPLOMATA

1641 3701 2051 3714 ψ

1006 3819 2413 3951 ETHELBEDUS
2518 3822 2667 3948 ΙΙ

1561 4034 1764 4119 (Anno
1792 4035 2140 4116 979-1016.)

689 4295 1093 4392 LEGES
1161 4295 2176 4390 ECCLESIASTICZE
2243 4295 3003 4393 IETHELREDI

1272 4466 1505 4537 (MANSI,
1540 4464 1745 4523 Concil.
1778 4468 1921 4523 tom.
1955 4465 2101 4532 XIX,
2137 4462 2245 4520 col.
2272 4463 2428 4547 I319.)

104 4699 374 4779 Quatuof
403 4710 609 4780 partes
652 4704 926 4762 habentur
953 4707 1014 4761 in
1058 4707 1373 4764 Jornatensi
1414 4706 1981 4833 manuscriptp.h;res
2025 4708 2234 4834 plriqzes
2281 4704 2365 4759 uit
2419 4704 2710 4774 conferunt
2756 4705 2820 4759 in
2868 4719 2989 4760 rem
3029 4702 3302 4770 Ecclesiae,
3362 4704 3561 4773 quarte

1497 4792 1621 4834 vero
1644 4793 1747 4833 sun
1886 4794 1916 4833 ε
1942 4794 2127 4834 camu
2191 4818 2202 4830 .

1497 4792 1621 4834 vero
1644 4792 1771 4833 sum
1801 4792 1916 4833 naso
1942 4792 2202 4851 capitum.

559 4936 799 4994 TlTULI
844 4938 1377 4996 CAPITULORUM.

95 5031 139 5086 Ι.
171 5032 253 5087 De
281 5029 546 5085 denario
577 5034 786 5085 sanctae
816 5029 1063 5084 Ecclesiae
1105 5029 1302 5097 dando,
1352 5032 1406 5084 et
1450 5028 1515 5084 de
1559 5028 1802 5084 decima-

169 5122 331 5177 tione
366 5119 746 5190 Magnorum.

91 5211 168 5266 II.
202 5211 285 5266 De
304 5207 575 5282 jejunio,
606 5208 658 5260 et
679 5206 975 5276 feriatione
1002 5207 1176 5263 trium
1202 5206 1415 5263 dierum
1444 5209 1573 5263 ante
1598 5212 1800 5280 festum

164 5299 367 5357 sancti
413 5293 717 5356 Michatis.

91 5391 189 5460 (II.
227 5387 388 5459 Quid
419 5385 564 5455 regi
591 5391 645 5439 et
660 5384 865 5455 popqu
893 5386 1045 5440 omni
1070 5383 1159 5441 die
1178 5387 1249 5441 sit
1267 5385 1620 5442 cantandum.

92 5481 184 5537 IV.
238 5479 326 5543 De
384 5471 906 5545 consuetudinibus
959 5480 1168 5531 sancta;-
1220 5475 1320 5531 Dei
1370 5475 1625 5533 Ecclesiae
1681 5473 1804 5533 red-

95 5568 326 5663 dandis.

1828 4941 1875 5007 D
1912 4940 1967 4997 V.
2000 4941 2078 4997 Ne
2107 4939 2230 5010 quis
2256 4935 2525 4993 vendatur
2538 4939 2697 4993 extra
2712 4939 2976 5011 patriam.

1918 5031 1996 5087 VI.
2020 5031 2095 5085 De
2123 5028 2361 5084 roboria.

1914 5120 2018 5177 VII.
2052 5119 2126 5174 De
2154 5117 2526 5187 eleemosynis,
2559 5119 2611 5171 et
2640 5117 3061 5175 rectitudinibus
3090 5119 3349 5178 ecclesiae.

1981 5224 2105 5264 HEC
2143 5220 2564 5264 INSTITUEBUNT
2603 5222 2714 5262 REX
2750 5222 3133 5263 MHELREDUS
3170 5223 3239 5265 ET

2124 5313 2423 5355 SAPIENTES
2460 5311 2597 5352 EJUS
2634 5312 2788 5352 APUD
2819 5312 3016 5351 ΗΔΒΔΜ

2554 5384 2932 5443 CAPITULA.

1983 5475 2027 5532 Ι.
2062 5476 2124 5531 In
2150 5476 2363 5550 primis
2394 5480 2460 5533 ut
2484 5493 2640 5533 unus
2696 5480 2849 5533 Deus
2880 5492 3059 5550 super
3072 5473 3562 5549 omniadiligatur

1922 5569 1980 5627 et
2006 5564 2344 5638 honoratur,
2376 5569 2433 5626 et
2463 5570 2530 5628 ut
2558 5583 2763 5632 omnes
2789 5565 2911 5647 regi
2946 5582 3055 5628 suo
3110 5570 3355 5649 pareant
3408 5562 3561 5631 sicut
3600 5632 3607 5637 ,
