3924 6210
421 344 577 408 1167
1788 355 2034 419 MONUl

2235 355 2458 422 PLOM.
3676 365 3842 434 “88

414 483 811 540 antecessores
841 483 933 542 sui
965 484 1176 544 melius
1202 486 1486 554 fecerunt,
1509 491 1718 544 etcum
1745 505 1810 544 eo
1841 489 2058 561 pariter
2087 490 2144 558 Α
2243 491 2334 546 Vl.
2358 493 2424 548 Et
2436 493 2817 566 prohibemus
2831 511 3065 554 omnem
3081 497 3376 555 roboriam
3391 500 3836 560 omnihomini.

411 567 726 630 defendant
747 587 993 645 regnum
1012 577 1744 633 suum.Etconstituerunt
1769 577 1828 633 in
1853 577 2057 650 primis
2168 580 2236 633 Et
2264 580 2339 634 sit
2370 582 2562 637 omnis
2594 583 2768 640 homo
2791 585 2928 655 jure
2961 586 3191 658 publico
3223 587 3460 661 dignus,
3496 605 3728 662 pauper
3779 595 3839 647 et

404 656 507 714 Dei
539 659 1005 719 misericordiam
1044 669 1102 720 et
1160 665 1445 722 auxilium
1479 666 1745 722 invocare
1785 666 2054 738 jejuniis,

409 744 815 822 eleemosynis,
845 752 1206 810 confessione
1235 758 1294 810 et
1323 754 1704 823 abstinentia,
1737 761 1794 810 et
1826 754 2058 810 malefa-

408 835 542 905 ctis,
573 841 632 894 et
659 837 953 911 iniustitia
982 841 1293 898 abstinere.
1323 844 1392 898 Et
1436 848 1500 898 ut
1551 844 1724 899 detur.
1773 845 1843 899 de
1895 844 2052 899 omni

407 928 1067 986 carruca-denariusvel
1119 931 1429 987 denarium
1485 931 1707 999 valens,
1758 936 1815 987 et
1863 932 2056 988 omnis

407 1013 511 1086 qui
538 1014 825 1072 familiam
855 1016 1049 1085 habet,
1081 1019 1297 1076 efﬁciat
1348 1024 1413 1074 ut
1464 1021 1657 1076 omnis
1702 1021 2054 1076 hirmannus

410 1119 556 1159 suus
585 1105 684 1162 det
707 1120 892 1163 unum
924 1107 1254 1164 denarium.
1288 1110 1451 1175 Quod
1483 1109 1532 1165 si
1565 1127 1681 1165 non
1704 1110 1936 1176 habeat,
1961 1111 2056 1165 det

408 1191 684 1250 dominus
720 1195 852 1266 ejus
899 1213 1002 1269 pro
1052 1213 1140 1253 eo.
1175 1198 1244 1254 Et
1281 1197 1475 1254 omnis
1523 1198 1777 1270 thaynus
1826 1200 2057 1254 detenet

409 1280 472 1351 [Γ.
507 1281 778 1357 decimet]
809 1287 998 1342 totum
1029 1287 1186 1358 quod
1217 1286 1414 1342 habet.

477 1369 548 1426 ll.
581 1371 648 1427 Et
679 1371 1048 1432 instituimus
1079 1380 1144 1432 ut
1164 1377 1356 1433 omnis
1384 1375 1754 1432 Christianus
1786 1377 1884 1448 qui
1917 1381 2053 1432 aita-

405 1460 526 1514 tem
560 1458 737 1518 habet
753 1462 982 1534 jejunet
1012 1464 1203 1520 tribus
1233 1464 1464 1530 diebus,
1487 1465 1717 1536 jejunet
1750 1466 1807 1521 in
1830 1483 1978 1537 pane
1999 1472 2056 1521 et

410 1563 582 1618 aqua,
615 1554 672 1604 et
703 1549 792 1605 bis
824 1550 964 1624 [lege
983 1551 1202 1622 herbis]
1224 1553 1598 1621 crudis,ante
1619 1555 1833 1609 festum
1868 1554 2053 1610 sancti

415 1634 735 1693 Michaelis.
770 1639 838 1694 Et
869 1639 1060 1696 omnis
1089 1641 1265 1696 homo
1297 1642 1367 1696 ad
1401 1643 1826 1698 confessionem
1861 1644 2051 1712 vadat,

413 1723 675 1795 etznudis
706 1728 955 1798 pedibus
987 1729 1058 1786 ad
1082 1729 1410 1795 ecclesiam,
1431 1736 1486 1786 et
1505 1732 1756 1803 peccatis
1779 1733 2053 1788 omnibus

414 1813 792 1873 abrenuntiet
819 1818 1184 1875 emendando
1214 1823 1272 1874 et
1301 1820 1602 1876 cessando.
1630 1821 1697 1875 Et
1725 1825 1818 1876 eat
1861 1821 2054 1876 omnis

2165 668 2344 731 dives.
2378 675 2434 725 et
2464 672 2743 728 reddatur
2773 675 2965 730 omnis
2998 675 3270 738 roboria;
3302 677 3352 732 si
3387 678 3522 750 quis
3563 679 3836 752 aliquam

2165 758 2382 826 fecerit,
2419 761 2691 816 emendet
2720 762 2874 818 sicut
2905 765 3068 835 prius
3099 768 3156 819 et
3209 769 3413 836 postea
3469 766 3626 823 fecit.
3681 768 3750 823 Et
3784 768 3836 824 si

2165 848 2296 918 quis
2347 850 2696 921 praepositus
2748 868 2876 907 eam
2928 853 3148 921 fecerit,
3189 854 3505 926 dupliciter
3551 857 3837 914 emendet

2166 937 2318 1007 quod
2353 937 2451 992 alii
2475 938 2862 1009 judicaretur.

2235 1025 2348 1079 Vll.
2382 1027 2449 1080 Et
2482 1027 2761 1083 reddatur
2792 1031 3041 1101 pecunia
3070 1029 3450 1106 eleemosynai
3482 1032 3578 1089 hic
3608 1035 3684 1090 ad
3741 1035 3832 1091 fe-

2165 1117 2322 1169 stum
2353 1117 2536 1171 sancti
2573 1117 2891 1185 Michaelis,
2926 1119 2974 1174 si
3009 1119 3228 1178 alicubi
3259 1125 3412 1177 retro
3439 1122 3517 1178 sit
3546 1140 3650 1195 per
3702 1123 3828 1195 ple-

2165 1219 2301 1256 nam
2330 1203 2529 1271 vitam,
2563 1209 2620 1259 et
2647 1206 2923 1262 omnibus
2971 1207 3144 1263 annis
3189 1208 3465 1282 deinceps
3498 1210 3831 1267 reddantur

2164 1291 2262 1346 Dei
2295 1293 2670 1350 rectitudines
2703 1295 2761 1349 in
2793 1296 3075 1352 omnibus
3107 1297 3282 1353 rebus
3304 1314 3433 1370 quas
3450 1315 3633 1371 supra
3650 1300 3826 1356 dictae

2163 1384 2323 1447 sunt,
2354 1397 2456 1452 per
2484 1383 2801 1439 amicitiam
2828 1385 2926 1439 Dei
2960 1389 3017 1440 et
3048 1391 3388 1441 sanctorum
3420 1388 3713 1458 omnium,
3751 1394 3821 1444 ut

2164 1467 2316 1523 Deus
2347 1472 2717 1542 omnipotens
2749 1472 3212 1530 misericordiam
3245 1475 3417 1531 nobis
3447 1477 3644 1544 faciat,
3673 1483 3733 1533 et
3753 1479 3828 1534 de

2165 1557 2434 1612 hostibus
2458 1560 2822 1632 triumphum
2841 1562 3009 1617 nobis
3037 1567 3093 1618 et
3117 1579 3318 1634 pacem
3341 1563 3667 1638 indulgeat,
3695 1582 3828 1638 qua

2165 1639 2364 1692 scdulo
2397 1641 2800 1710 deprecentur,
2837 1647 2898 1696 ut
2930 1642 3393 1700 misericordiam
3425 1645 3556 1716 ejus
3612 1662 3822 1702 conse-

2164 1741 2414 1795 quamur
2442 1726 2556 1792 hic,
2590 1734 2645 1783 et
2673 1729 2732 1784 in
2767 1731 2959 1784 futuro
2991 1731 3254 1802 requiem
3286 1731 3411 1788 sine
3445 1734 3582 1789 fine.
3632 1737 3820 1791 Amen

2732 1820 2805 1874 De
2833 1821 3013 1889 ofﬁcio
3029 1819 3258 1888 judicia.

418 1863 791 1873 --πη----ηπ
819 1863 1183 1875 -..πη-...ων
1215 1863 1272 1874 ν-
1302 1863 1602 1876 νυνυωηυ.
1630 1863 1697 1875 μ.
1726 1863 1818 1876 νυ..
1862 1863 2054 1876 cum...
2732 1863 2801 1874 νν
2833 1863 3009 1889 ν,,.ν.ν
3029 1863 3258 1888 rm"...

413 1902 716 1974 presbyter
741 1921 877 1961 cum
909 1905 1124 1980 populo
1157 1924 1263 1963 suo
1295 1908 1366 1963 ad
1398 1909 1825 1979 processionem
1868 1909 2054 1966 tribus
2087 1863 2133 1927 Β
2233 1905 2635 1975 Omnisjudex
2657 1907 2860 1976 justus
2906 1908 3370 1967 misericordiam
3419 1916 3478 1968 et
3517 1913 3820 1984 judicium

413 1989 622 2047 diebus
653 1992 827 2049 nudis
857 1995 1125 2067 pedibus,
1158 1999 1215 2051 et
1248 2013 1424 2067 super
1472 1996 1580 2052 hoc
1623 2001 1814 2053 cantet
1862 1998 2056 2053 omnis

411 2079 731 2152 presbyter,
779 2083 1023 2156 triginta
1049 2085 1284 2154 missas,
1318 2090 1374 2140 et
1404 2085 1596 2141 omnis
1645 2086 1948 2155 diaconus,
1997 2091 2056 2143 et

411 2166 655 2226 clericus
667 2170 920 2243 trigenta
932 2171 1213 2244 psalmos,
1231 2178 1289 2229 et
1304 2179 1621 2246 apparetur
1641 2176 1829 2230 tribus
1847 2175 2052 2230 diebus

407 2258 740 2316 corrodium
754 2259 1220 2334 uniuscujusque
1235 2261 1360 2318 sine
1377 2279 1550 2318 carne
1576 2263 1634 2318 in
1653 2263 1782 2319 cibo
1804 2271 1861 2319 et
1887 2269 2049 2335 potu,

409 2345 562 2402 sicut
587 2347 741 2404 idem
764 2351 1065 2406 comedere
1078 2351 1331 2419 deberet,
1352 2355 1410 2406 et
1425 2351 1838 2409 dividaturhoc
1863 2358 2049 2409 totum

408 2438 786 2508 pauperibus.
820 2439 890 2494 Et
918 2440 996 2496 sit
1024 2440 1218 2496 omnis
1250 2457 1453 2496 servus
1476 2440 1622 2497 liber
1647 2443 1719 2497 ab
1741 2458 1912 2514 opere
1934 2442 2050 2497 illis

406 2523 597 2582 tribus
628 2527 836 2585 diebus
868 2545 982 2601 quo
1016 2529 1511 2600 meliusjejunare
1537 2531 1758 2602 possit;
1783 2536 2053 2604 operetur

409 2613 650 2671 sibimet
679 2617 834 2688 quod
851 2617 991 2674 vult.
1014 2618 1078 2672 lli
1107 2623 1246 2678 sunt
1267 2619 1351 2673 illi
1381 2624 1500 2675 tres
1525 2620 1678 2675 dies:
1707 2620 1832 2676 dies
1853 2622 2046 2688 Lunai,
2075 2643 2083 2649 ·

407 2701 534 2759 dies
565 2705 788 2774 Martis,
822 2709 880 2761 et
909 2707 1034 2763 dies
1065 2707 1335 2764 Mercurii
1365 2708 1611 2780 proximi
1654 2713 1787 2765 ante
1834 2710 2048 2765 festum

408 2792 595 2847 sancti
627 2792 944 2856 Michaelis.
975 2795 1031 2850 Si
1065 2796 1196 2867 quis
1214 2796 1508 2867 jejunium
1542 2814 1716 2853 suum
1749 2798 2048 2870 infringat,

406 2895 610 2938 servus
638 2882 792 2938 corio
822 2899 929 2939 suo
985 2888 1317 2957 componat,
1378 2885 1584 2942 reddat
1634 2885 1782 2942 liber
1829 2904 2052 2960 pauper

407 2967 652 3041 triginta
689 2970 981 3040 denarios,
1013 2977 1070 3029 et
1098 2973 1251 3046 regis
1282 2974 1534 3046 thaynus
1569 2979 1804 3030 centum
1846 2976 2048 3049 viginti

408 3057 654 3128 solidos,
683 3063 742 3115 et
770 3060 1069 3118 dividatur
1097 3061 1216 3116 haec
1265 3063 1514 3135 pecunia
1561 3064 1937 3136 pauperibus.
1983 3066 2050 3120 Et

407 3147 554 3204 sciat
583 3149 774 3206 omnis
807 3151 1126 3225 presbyter,
1158 3155 1215 3208 et
1245 3151 1608 3224 tungravius,
1641 3159 1699 3207 et
1738 3153 2049 3212 decimales

2158 1991 2364 2048 liberet
2392 1992 2449 2047 in
2482 1995 2778 2063 omnibus,
2811 1998 2952 2052 utin
2986 1997 3192 2070 primis
3226 2015 3325 2072 per
3354 2005 3578 2057 rectam
3615 2002 3817 2058 scien-

2160 2081 2303 2136 tiam
2335 2082 2528 2137 dicant
2561 2085 3028 2142 emendationem
3070 2089 3396 2144 secundum
3449 2089 3712 2162 culpam,
3764 2097 3823 2146 et

2161 2188 2289 2226 eam
2324 2177 2445 2227 tum
2478 2173 2856 2228 admensuret
2881 2179 3118 2246 prepter
3150 2175 3602 2250 indulgentiam.
3649 2178 3815 2243 Qua:-

2160 2261 2293 2315 dam
2328 2260 2510 2332 culpae
2535 2267 2885 2334 reputantur
2913 2282 2946 2318 a
2973 2264 3461 2335 nobisjudicibus
3485 2268 3816 2324 secundum

2161 2353 2381 2404 rectum
2406 2350 2810 2419 emendandae;
2833 2352 3098 2422 quaedam
3113 2369 3216 2424 per
3233 2353 3332 2409 Dei
3348 2353 3815 2412 misericordiam

2159 2437 2574 2492 condonandas.
2605 2437 2837 2494 Judicia
2867 2439 3080 2495 debent
3108 2457 3237 2496 esse
3268 2440 3396 2498 sine
3424 2443 3588 2499 omni
3634 2444 3814 2501 Hade-

2159 2542 2346 2598 runga
2376 2527 2528 2596 quod
2563 2543 2676 2582 non
2711 2532 2984 2598 parcatur
3012 2528 3227 2585 dimitti
3260 2529 3566 2598 alicui,vel
3607 2549 3808 2605 egeno,

2159 2615 2366 2682 amico,
2399 2613 2486 2668 vel
2518 2614 2776 2682 inimico,
2807 2615 2909 2686 jus
2975 2617 3279 2688 publicum
3311 2620 3543 2688 rectori,
3578 2626 3637 2676 et
3669 2621 3810 2677 nihil

2160 2703 2440 2774 injustius
2469 2708 2559 2758 est
2589 2721 2762 2775 quam
2798 2705 3090 2777 susceptio
3122 2723 3434 2764 munerum
3466 2711 3808 2782 projudicio

2159 2793 2568 2860 subvertendo,
2603 2793 2741 2865 quia
2770 2811 3018 2850 munera
3059 2797 3312 2852 excitant
3360 2799 3538 2854 corda
3586 2801 3808 2873 sapien-

2157 2886 2308 2949 tum,
2341 2887 2398 2938 et
2455 2882 2800 2938 subvertant
2855 2884 3032 2940 verba
3072 2885 3372 2956 justorum
3433 2888 3614 2958 (Deut.
3669 2894 3803 2957 xvr).

2159 2969 2442 3027 Dominus
2467 2971 2640 3027 Jesus
2671 2971 2842 3027 dixit:
2883 2973 2947 3027 In
2994 2988 3098 3046 quo
3137 2974 3350 3044 judicio
3399 2977 3802 3047 judicaverilis,

2148 3059 2544 3130 judicabimini
2576 3061 2775 3131 (Matth.
2811 3061 2931 3133 vn).
2965 3061 3191 3118 Timeat
3249 3065 3444 3120 omnis
3485 3066 3695 3136 judex,
3742 3083 3801 3123 ac

2157 3147 2365 3220 diligat
2386 3149 2648 3219 judicem
2681 3166 2877 3217 suum,
2916 3167 2985 3206 ne
3016 3150 3074 3206 in
3107 3149 3199 3206 die
3221 3152 3432 3222 judicii
3454 3159 3664 3210 mutus
3687 3156 3797 3222 fiat,

403 3235 694 3307 homines,
727 3243 793 3294 ut
814 3238 1335 3313 haceleemosyna,
1351 3246 1406 3297 et
1409 3241 1705 3313 jejunium
1722 3243 2041 3314 proveniat,
2077 3231 2118 3299 C
2157 3241 2213 3292 et
2242 3236 2590 3292 humiliatus
2622 3242 2758 3294 ante
2788 3237 2987 3294 oculos
3015 3237 3244 3296 Judicis
3275 3246 3485 3296 cuncta
3529 3243 3795 3299 videntis.

400 3325 554 3383 sicut
584 3327 643 3382 in
673 3328 894 3386 sanctis
914 3328 1117 3400 jurare
1147 3334 1439 3401 poterunt.

471 3417 568 3472 ΙΙΙ.
603 3416 669 3472 Et
698 3417 1094 3490 praecipimus,
1148 3422 1214 3474 ut
1266 3418 1325 3474 in
1384 3420 1544 3474 omni
1593 3421 2045 3494 congregatione

397 3510 668 3563 cantetur
696 3507 955 3580 quotidie
1003 3509 1396 3564 communiter
1442 3525 1545 3580 pro
1597 3525 1729 3582 rege
1782 3515 1837 3566 et
1882 3511 2042 3566 omni

396 3595 612 3668 populo
644 3613 750 3653 suo
783 3596 1179 3655 unamissaad
1195 3597 1603 3656 matutinalem
1618 3597 1888 3668 missam,
1911 3616 2038 3671 quae

397 3683 680 3757 inscripta
703 3689 824 3742 est:
858 3686 1056 3742 Contra
1079 3701 1341 3757 paganos,
1375 3690 1432 3742 et
1463 3687 1534 3741 ad
1569 3687 1832 3759 singulas
1864 3688 2040 3744 horas

396 3774 668 3830 decantet
695 3778 852 3831 totus
883 3778 1200 3831 conventus
1228 3774 1481 3831 extensis
1505 3776 1785 3831 membris
1805 3776 1864 3831 in
1885 3781 2039 3833 terra

393 3862 724 3935 psalmum:
753 3864 987 3920 Domine
1015 3863 1145 3936 quid
1171 3865 1529 3937 multiplicati
1552 3874 1679 3920 sunt
1698 3866 1867 3937 (Psal.
1927 3867 2034 3939 In),

391 3956 450 4007 et
477 3949 782 4008 collectam
812 3958 1014 4010 contra
1042 3970 1323 4027 paganos,
1362 3957 1419 4008 et
1465 3953 1575 4009 hoc
1623 3955 1724 4009 fiat
1772 3956 2034 4026 quandiu

394 4041 715 4098 necessitas
772 4042 885 4099 ista
915 4043 1085 4100 nobis
1113 4047 1203 4100 est
1234 4042 1292 4096 in
1326 4041 1623 4098 manibus.
1652 4043 1722 4098 Et
1756 4043 1814 4098 in
1872 4045 2032 4100 omni

389 4129 650 4188 coenobio
679 4131 766 4188 vel
797 4136 1084 4189 conventu
1115 4131 1532 4188 monachorum
1553 4130 1802 4188 celebret
1839 4133 2033 4190 omnis

391 4219 696 4294 presbyter
723 4221 1024 4296 sigillatim
1081 4221 1324 4294 triginta
1378 4219 1591 4276 missas
1648 4239 1751 4293 pro
1795 4239 1926 4295 rege
1974 4228 2034 4280 et

383 4309 566 4370 ,omni
599 4310 836 4383 populo,
877 4314 935 4367 et
978 4309 1172 4366 omnis
1221 4308 1545 4364 monachus
1593 4309 1746 4366 dicat
1793 4311 2034 4384 triginta

387 4396 688 4455 Psalteria.

454 4487 549 4542 IV.
581 4487 651 4543 Et
681 4486 1054 4560 praecipimus
1075 4489 1140 4543 ut
1156 4487 1348 4543 omnis
1369 4487 1543 4543 homo
1567 4504 1744 4560 super
1763 4488 2025 4544 dilectio-

2154 3326 2259 3389 Qui
2294 3326 2662 3382 innocentem
2695 3325 2998 3398 opprimit,
3030 3331 3087 3381 et
3117 3326 3364 3382 dimittit
3393 3329 3663 3399 noxium,
3699 3348 3793 3404 pro

2155 3415 2423 3486 pecunia,
2455 3415 2543 3470 vel
2576 3414 2856 3480 amicitia,
2879 3414 2966 3469 vel
2999 3415 3152 3483 odio,
3185 3415 3272 3471 vel
3316 3434 3670 3491 quacunque
3720 3421 3793 3476 fa-

2153 3507 2366 3574 ctione,
2388 3504 2838 3577 opprimeturab
2859 3504 3244 3576 omnipotenti
3267 3505 3492 3562 Judice.
3514 3508 3587 3562 Et
3600 3508 3792 3565 nullus

2150 3595 2426 3650 dominus
2456 3593 2668 3650 stultos
2697 3597 2800 3648 aut
2829 3592 3128 3664 improbos
3155 3593 3388 3664 judices
3449 3598 3785 3664 constituat,

2151 3683 2290 3754 quia
2320 3681 2537 3738 stultus
2557 3698 2659 3753 per
2680 3681 3096 3753 ignorantiam,
3122 3682 3426 3755 improbus
3447 3700 3555 3756 per
3576 3685 3790 3758 cupidi-

2146 3776 2349 3836 tatem,
2381 3771 2524 3826 vitat
2557 3786 2734 3841 quam
2767 3770 2973 3825 didicit
3000 3771 3324 3827 veritatem.
3359 3772 3609 3830 Gravius
3645 3775 3787 3831 enim

2145 3861 2474 3917 lacerantur
2519 3874 2806 3931 pauperes
2855 3876 2888 3914 a
2934 3859 3129 3930 pravis
3163 3860 3469 3932 judicibus
3518 3878 3702 3934 quam
3761 3881 3791 3919 a

2145 3949 2401 4006 cruentis
2432 3947 2722 4005 hostibus.
2756 3946 2965 4004 Nullus
2994 3947 3180 4005 hostis
3201 3949 3483 4019 acerbior,
3509 3951 3677 4008 nulla
3698 3969 3788 4025 pe-

2144 4039 2250 4098 stis
2282 4037 2576 4094 efﬁcacior
2604 4053 2782 4109 quam
2815 4035 3121 4092 familiaris
3152 4036 3446 4094 inimicus.
3480 4037 3791 4096 Potestali—

2144 4127 2371 4200 quoties
2400 4127 2576 4182 homo
2615 4125 2751 4197 fuga
2809 4124 2898 4180 vel
2957 4125 3292 4181 defensione
3347 4126 3533 4183 vitare
3591 4145 3789 4200 pravos

2131 4217 2383 4288 judices.
2415 4215 2538 4271 Non
2571 4215 2653 4270 ita
2675 4218 2923 4285 possunt
2945 4213 3198 4285 judices,
3237 4213 3468 4285 quoties
3512 4215 3790 4273 adversus

2139 4306 2406 4362 subditos
2420 4303 2590 4360 malis
2610 4302 2920 4358 desideriis
2943 4301 3408 4358 inﬂammantur.
3431 4303 3597 4376 Saepe
3618 4305 3788 4360 etiam

2137 4395 2272 4450 boni
2297 4395 2530 4467 judices
2561 4391 2781 4447 habent
2833 4391 3022 4448 malos
3066 4391 3336 4460 vicarios,
3379 4396 3437 4448 et
3486 4391 3788 4450 ministros

2136 4485 2437 4552 nefandos,
2471 4497 2722 4555 quorum
2753 4479 2869 4553 ipsi
2901 4480 3128 4536 domini
3175 4480 3688 4554 constringuntur,
3739 4483 3782 4539 si

381 4591 516 4632 nem
546 4575 648 4632 Dei
677 4579 736 4631 et
763 4574 1028 4632 omnium
1044 4579 1378 4631 sanctorum
1395 4576 1492 4631 det
1507 4575 1944 4648 cyrisceattum,
1966 4582 2024 4634 et
2055 4599 2103 4663 D
2136 4594 2250 4632 non
2281 4591 2380 4630 eos
2406 4575 2726 4663 coerceant,
2757 4575 2814 4626 et
2843 4587 2878 4625 a
2907 4569 3226 4663 rapacitate
3257 4569 3592 4663 cohibeant,
3656 4571 3785 4663 quia

380 4670 597 4722 rectam
627 4664 915 4721 decimam
945 4681 1136 4731 suam,
1169 4663 1322 4720 sicut
1353 4664 1411 4718 in
1443 4663 1651 4721 diebus
1700 4669 2027 4722 antecesso-

376 4773 510 4813 rum
541 4759 875 4813 nostrorum
905 4753 1058 4822 fecit,
1090 4753 1325 4826 quando
1357 4752 1568 4810 melius
1598 4753 1759 4825 fecit;
1793 4753 1902 4812 hoc
1929 4760 2018 4812 est

375 4845 531 4901 sicut
560 4848 822 4901 aratrum
849 4842 1201 4916 peragrabit,
1228 4843 1516 4898 decimam
1548 4859 1777 4899 acram:
1812 4849 1870 4899 et
1890 4861 2015 4900 om-

376 4934 468 4989 nis
500 4934 857 4990 consuetudo
905 4932 1185 4989 reddatur
1228 4947 1405 5004 super
1427 4931 1748 4988 amicitiam
1798 4933 1894 4988 Dei
1945 4933 2017 4989 ad

374 5026 620 5079 matrem
651 5021 954 5078 ecclesiam
985 5021 1079 5078 cui
1109 5021 1353 5094 adjacet,
1378 5024 1434 5077 et
1464 5037 1633 5077 nemo
1656 5023 1879 5078 auferat
1902 5025 2016 5078 Deo

375 5110 530 5184 quod
563 5111 634 5166 ad
666 5111 851 5167 Deum
900 5111 1174 5183 pertinet,
1221 5115 1278 5166 et
1326 5113 1780 5183 praedecessores
1833 5111 2015 5166 nostri

372 5204 804 5258 concesserunt.

441 5291 585 5346 V.Et
608 5290 1014 5364 prohibemus,
1047 5307 1120 5346 ne
1159 5289 1293 5362 quis
1322 5293 1484 5345 extra
1517 5289 1768 5360 patriam
1809 5289 2016 5345 venda-

369 5385 500 5449 tur;
532 5379 582 5438 si
617 5379 751 5452 quis
783 5379 892 5435 hoc
923 5383 1260 5452 praesumat,
1293 5378 1370 5433 sit
1409 5381 1618 5450 preter
1659 5378 2014 5434 benedictio-

370 5485 502 5526 nem
534 5469 630 5526 Dei
661 5473 719 5524 et
747 5469 1012 5525 omnium
1040 5471 1398 5532 sanctorum,
1433 5470 1491 5522 et
1531 5468 1736 5537 praeter
1778 5482 2011 5522 omnem

366 5556 886 5627 Christianitatem,
919 5557 1032 5614 nisi
1081 5557 1358 5631 poeniteat
1411 5559 1467 5613 et
1520 5553 1807 5624 emendet,
1862 5555 2015 5612 sicut

368 5632 676 5728 episcopus
705 5649 853 5704 suus
873 5645 1155 5708 edocebit.

2136 4665 2421 4724 Dominus
2449 4665 2506 4717 et
2536 4659 2805 4716 minister
2861 4657 3209 4715 saeculorum
3269 4657 3379 4713 ait:
3439 4657 3558 4714 Non
3613 4659 3782 4714 solum

2125 4756 2270 4812 male
2299 4759 2523 4822 agentes
2582 4749 2674 4805 sed
2723 4764 2906 4804 omnes
2960 4749 3374 4815 consentientes,
3434 4747 3604 4816 digni
3661 4750 3780 4804 sunt

2123 4853 2334 4904 (aeterna
2364 4844 2536 4898 morte
2568 4840 2745 4911 (Rom.
2789 4840 2851 4906 1).
2901 4837 3065 4909 Saepe
3115 4835 3291 4893 etiam
3343 4835 3505 4908 pravi
3555 4837 3780 4908 judices

2118 4931 2411 5006 judicium
2445 4930 2805 5002 pervertunt,
2834 4923 2923 4980 vel
2957 4927 3305 4998 respectant,
3338 4926 3396 4979 et
3425 4939 3543 4979 non
3568 4923 3774 4981 ﬁniunt

2125 5037 2386 5087 causam,
2416 5019 2597 5074 donec
2611 5014 2880 5071 voluntas
2892 5029 3094 5070 eorum
3111 5011 3448 5085 impleatur.
3465 5011 3774 5084 thuando

2117 5111 2407 5183 judicent,
2441 5124 2557 5162 non
2591 5121 2788 5177 Opera,
2820 5104 2922 5159 sed
2948 5119 3194 5158 munera
3211 5101 3591 5157 considerant
3612 5101 3768 5175 impii

2123 5200 2379 5272 judices,
2422 5198 2596 5268 juxta
2635 5193 2882 5248 verbum
2929 5193 3302 5264 Sapientum:
3358 5189 3513 5245 Sicut
3561 5204 3771 5263 rapaces

2126 5291 2246 5361 lupi
2275 5300 2490 5357 vespere
2520 5283 2605 5338 nil
2636 5281 2917 5338 residuant
2945 5296 3116 5352 usque
3145 5295 3310 5336 mane
3348 5278 3496 5351 (Sap.
3563 5280 3669 5356 nl),
3717 5277 3768 5334 id

2122 5381 2212 5434 est
2242 5377 2313 5432 de
2342 5371 2611 5446 praisenti
2645 5370 2836 5426 solum
2871 5370 2989 5426 vita
3011 5369 3290 5442 cogitant,
3311 5369 3384 5424 de
3403 5368 3604 5424 futura
3631 5365 3762 5423 nihil

2123 5464 2514 5522 considerant.
2575 5458 2859 5515 Malorum
2892 5457 3339 5531 praepositorum
3390 5473 3520 5513 mos
3569 5460 3656 5512 est
3707 5459 3764 5510 ut

2122 5552 2408 5628 quidquid
2443 5552 2688 5624 possunt
2723 5549 3014 5612 auferant,
3049 5550 3106 5603 et
3131 5546 3221 5602 vix
3237 5545 3639 5603 necessarium
3661 5560 3753 5624 pu-

2121 5659 2254 5705 rum
2289 5639 2429 5720 quid
2479 5637 2818 5712 relinquant
2866 5634 3389 5696 sustentationum.
3444 5633 3749 5694 Iracundus
