3924 6210
141 359 284 465 nec

1259 397 1804 463 ETHELREDUS
1847 397 1900 462 ΙΙ
1943 397 2102 462 REX
2145 397 2378 464 ANGL.

3356 353 3524 460 Hi6

134 537 300 612 judex
329 549 436 588 non
458 531 933 604 potestaccedere
945 536 1161 590 rectam
1176 533 1384 607 judicii
1409 535 1756 592 satisfactio-
1785 539 1841 607 Α
1869 534 2056 591 lendas
2099 549 2392 606 personam
2437 535 2675 592 hominis
2717 535 2778 590 in
2820 534 3051 607 judicio,
3078 517 3177 593 nec
3203 550 3300 609 pro
3325 537 3513 611 aliqua

140 641 290 689 nem;
322 638 452 678 nam
484 639 588 694 per
617 622 832 679 furoris
856 623 1295 680 excaecationem
1331 641 1446 680 non
1487 624 1763 697 perspicit
1867 626 2036 696 facies
2065 633 2125 679 ut
2153 642 2188 680 a
2214 641 2338 681 vero
2369 625 2624 692 declines,
2650 629 2698 681 et
2730 627 2938 698 injuste
2956 624 3186 696 judices.
3211 625 3514 700 Susceptio

139 710 483 771 rectitudinis
523 709 870 768 claritatem.
901 716 1136 769 Justum
1181 714 1473 785 judicium
1519 719 1626 781 est,
1661 714 1761 769 ubi

139 820 241 860 non
276 816 516 873 persona
564 799 988 857 consideratur.
1043 803 1339 876 Scriptum
1371 806 1460 860 est
1492 821 1504 859 :
1538 805 1655 860 Non
1681 808 1762 858 at-

1872 713 2132 770 muneris
2162 717 2252 770 est
2282 713 2548 770 dimissio
2578 713 2860 771 veritatis.

862 1090 1628 1179 PRIVILEGIUM
1688 1091 2024 1180 REGIS
2095 1092 2767 1181 fETHELREDI

1285 1269 1424 1326 PRO
1464 1269 1799 1327 ECCLESIA
1837 1271 2353 1328 CANTUARIENSI

141 1421 249 1498 Quo
277 1420 614 1500 ojectz'onem
644 1420 994 1512 clericatum
1023 1419 1094 1512 de
1123 1422 1474 1512 monasterio
1506 1421 1736 1512 Cariste'
1759 1421 2176 1512 Cantuarz'ensz‘
2200 1430 2253 1512 ct
2284 1421 2678 1512 z'nductgbnem
2703 1427 3124 1512 monac/lorum
3165 1431 3518 1512 gratulatur

662 1511 717 1561 et
746 1499 1059 1581 conﬁrmat
1087 1502 1262 1563 villas
1291 1501 1474 1564 eidem
1501 1502 1822 1584 plurimas,
1855 1511 1912 1563 et
1939 1503 2306 1584 amplissima
2331 1505 2650 1586 privilegia
2680 1507 2964 1570 concedit.

681 1660 913 1732 (MANSI,
948 1662 1150 1719 Concil.
1180 1665 1324 1718 tom.
1358 1663 1501 1731 XIX,
1536 1662 1644 1719 col.
1677 1661 1801 1733 321,
1829 1678 1899 1718 ex
1929 1679 2040 1719 ms.
2074 1663 2435 1731 Cottoniano,
2471 1664 2734 1721 Claudius
2761 1665 2827 1722 A.
2859 1666 2938 1737 3.)

195 1943 250 1998 In
277 1941 508 1998 nomine
539 1939 770 1996 Domini
801 1939 900 1995 Dei
929 1939 1506 2014 omnipotentis.Ego
1529 1945 1760 1997 ETHEL-
1792 1945 1840 2010 B
1875 1941 2078 1998 Cantio
2109 1942 2439 2015 Meapham,
2475 1943 2766 2016 Culingas.
2804 1947 2870 2000 In
2901 1944 3140 2002 Suthria
3169 1961 3348 2020 prope
3380 1950 3526 2008 Lon-

134 2035 322 2097 πῦσε,
342 2030 441 2086 Dei
472 2028 661 2102 gratia
689 2029 881 2101 gentis
910 2028 1164 2102 Anglicm
1215 2046 1330 2099 rex,
1357 2034 1413 2085 et
1443 2031 1762 2086 monarcha

133 2121 293 2177 etiam
322 2118 570 2175 aliarum
603 2116 932 2173 insularum
964 2117 1527 2190 circumjaccntium.

195 2210 394 2265 Notum
413 2207 565 2264 facio
579 2206 838 2280 Anglicis
859 2205 1206 2263 Christianis
1222 2207 1377 2278 quod
1395 2209 1762 2264 venerandus

133 2297 589 2370 archiepiscopus
600 2295 964 2364 zElfricus,ex
986 2295 1301 2369 episcopali
1322 2314 1430 2353 sua
1449 2297 1759 2370 sapientia,

132 2405 257 2444 cura
283 2403 372 2442 me
397 2386 554 2442 circa
583 2388 870 2458 praecepta
892 2384 991 2440 Dei
1024 2385 1237 2457 saepius
1259 2390 1605 2458 occupatum
1631 2387 1759 2442 red-

133 2476 296 2544 didit;
343 2491 446 2549 ego
509 2475 685 2530 etiam
736 2473 832 2529 Dei
885 2473 1186 2542 instinctu,
1223 2475 1508 2547 quidquid
1555 2475 1760 2531 divina:

130 2562 274 2620 illius
302 2563 577 2620 doctrina:
610 2568 667 2619 et
696 2562 1121 2636 praedicationis
1170 2563 1314 2619 mihi
1363 2565 1759 2620 necessarium

128 2652 288 2709 fuerit
313 2652 520 2710 sedulo
569 2652 871 2709 addiscere
895 2651 1041 2708 volo.
1077 2653 1146 2708 Et
1192 2653 1342 2709 hanc
1390 2653 1760 2726 disciplinam

129 2741 370 2814 intelligo
400 2759 511 2815 per
538 2741 846 2798 hominum
879 2741 1161 2797 malitiam
1195 2747 1252 2797 et
1281 2742 1629 2814 injustitiam
1673 2743 1760 2798 ni-

131 2829 230 2887 mis
257 2830 366 2887 late
397 2830 689 2904 perditam
722 2833 780 2884 et
811 2829 1086 2885 abolitam
1110 2847 1258 2886 esse.

73 2943 78 2946 ·
191 2921 251 2974 In
280 2919 580 2976 intellectu
612 2935 741 2974 meo
773 2918 948 2975 etiam
979 2919 1146 2976 video
1175 2925 1232 2976 et
1274 2920 1444 2992 plane
1475 2920 1761 2993 perspicio

127 3009 266 3065 hanc
286 3008 665 3083 disciplinam
681 3024 783 3081 per
798 3009 1572 3081 presbyterorumincuriam
1592 3009 1761 3083 longe

126 3098 341 3171 lateque
390 3097 759 3171 negligenter
801 3102 1157 3170 corruptam,
1193 3115 1258 3154 ac
1306 3099 1408 3154 Dei
1459 3098 1760 3154 servitium

126 3187 396 3244 omissum
426 3190 492 3243 et
519 3187 838 3259 frigescens
869 3203 996 3242 esse
1025 3187 1396 3244 vehementer
1427 3187 1612 3244 doleo.
1634 3188 1760 3244 Dixi

125 3277 287 3332 etiam
316 3275 674 3334 consiliariis
698 3276 864 3346 meis,
901 3276 1000 3348 qui
1029 3275 1174 3331 mihi
1217 3277 1287 3332 de
1335 3278 1511 3332 rebus
1550 3277 1761 3334 divinis

125 3370 176 3420 et
201 3367 518 3423 mundanis
549 3364 860 3422 consilium
891 3365 1051 3432 dant,
1075 3367 1230 3437 quod
1261 3366 1413 3422 Deus
1443 3365 1559 3422 illis
1592 3367 1760 3422 intel-

124 3453 327 3511 lectum
383 3455 611 3511 dederit
639 3453 699 3508 in
731 3453 912 3510 animi
960 3455 1073 3510 mei
1121 3455 1551 3512 exaltationem.
1599 3457 1762 3511 Tunc

123 3542 197 3598 illi
227 3543 597 3616 inquiebant,
632 3542 749 3600 Deo
779 3543 1122 3617 opitulante,
1159 3542 1370 3601 melius
1388 3545 1527 3613 fore,
1555 3543 1604 3599 si
1635 3562 1761 3618 pre-

123 3632 374 3705 sbyteros
406 3633 478 3688 ab
512 3631 774 3688 ecclesiis
805 3631 1020 3688 Christi
1050 3637 1284 3704 propter
1313 3633 1623 3690 manifesta
1645 3632 1768 3689 illo-

123 3737 244 3778 tum
275 3720 496 3778 scelera
529 3725 586 3777 et
615 3721 864 3776 crimina
893 3721 1261 3793 expellerem,
1294 3726 1351 3778 et
1398 3722 1456 3777 in
1506 3722 1764 3778 ecclesiis

122 3808 325 3867 Christi
359 3810 673 3867 monastici
697 3810 920 3866 ordinis
939 3810 1765 3884 hominesconstituerem,qui

122 3914 218 3969 pro
247 3915 339 3954 me
369 3904 428 3955 et
459 3903 631 3972 gente
663 3915 793 3954 mea
823 3899 1040 3955 ibidem
1074 3900 1180 3955 rite
1204 3901 1318 3956 Deo
1342 3917 1540 3973 preces
1559 3905 1616 3957 et
1634 3917 1764 3974 gra-

121 3984 224 4042 tias
273 3986 610 4044 tunderent.
647 3988 763 4043 Hoc
796 3988 950 4043 idem
1001 4005 1106 4061 ego
1153 3988 1344 4056 effeci;
1401 3990 1461 4045 in
1505 3989 1766 4046 ecclesiis

124 4075 328 4132 Christi
369 4077 693 4133 monachos
737 4076 1011 4132 constitui
1060 4079 1131 4133 ad
1179 4094 1381 4134 eorum
1435 4079 1766 4153 exemplum

125 4179 264 4236 quos
295 4165 354 4222 S.
378 4166 750 4239 Augustinus
781 4165 895 4222 huc
925 4166 1120 4222 attulit
1150 4168 1305 4239 quod
1335 4167 1432 4224 ille
1463 4169 1685 4225 scilicet
1707 4171 1767 4225 in

122 4252 376 4311 ccclesiis
405 4254 624 4312 Christi
654 4255 810 4311 ex-S.
842 4256 1098 4328 Gregorii
1132 4261 1434 4329 praecepto,
1467 4262 1525 4313 et
1571 4258 1768 4330 magni

124 4337 270 4415 regis
322 4343 669 4400 Ethelberti
711 4343 954 4401 consilio
1002 4350 1058 4401 et
1105 4345 1340 4413 auxilio,
1383 4363 1481 4402 eos
1537 4350 1770 4402 sanctos

123 4431 438 4489 monachos
465 4433 684 4490 ibidem
715 4432 1044 4501 collocaret,
1076 4451 1223 4506 quos
1251 4452 1448 4490 secum
1469 4435 1528 4489 in
1551 4440 1770 4491 terram

121 4516 267 4575 hanc
309 4521 614 4578 attulerat.
656 4523 726 4577 Et
770 4538 904 4578 cum
949 4523 1220 4580 monachi
1270 4526 1647 4595 postmodum
1697 4524 1769 4579 ob

122 4614 382 4666 sanctam
413 4627 620 4666 eorum
653 4611 1153 4669 conversationem
1179 4611 1436 4684 episcOpi
1453 4611 1588 4668 facti
1611 4617 1768 4681 sunt,

1871 2031 2076 2086 dinum
2105 2031 2541 2105 Wealawyroth
2565 2033 2766 2089 itidem
2792 2032 2944 2090 ultra
2964 2035 3525 2097 Thamissin.Hrise-

1871 2121 2093 2192 byrgan
2127 2122 2200 2176 ad
2232 2122 2557 2194 marginem
2587 2121 2873 2192 Cilternae,
2906 2124 2978 2179 ad
3032 2125 3237 2182 urbem
3267 2127 3521 2185 ecclesias

1869 2209 2082 2265 Christi
2132 2227 2310 2282 prope
2362 2211 2657 2282 adjacens.
2708 2215 2773 2267 In
2835 2212 3074 2269 Essexia
3123 2214 3403 2289 Laelling.
3451 2222 3520 2274 In

1871 2298 2135 2355 orientali
2165 2299 2372 2371 Anglia
2401 2299 2720 2365 Haedleh,et
2747 2300 2958 2357 vicinia
2977 2299 3275 2360 lllalehln
3295 2306 3521 2363 Tancta

1871 2389 2105 2461 regione
2135 2387 2343 2462 aliqua”:
2369 2391 2554 2444 terrze.

1942 2477 2029 2533 Sit
2053 2478 2437 2550 imposterum
2463 2477 2573 2532 hoc
2601 2478 2962 2536 antedictum
2987 2480 3409 2543 monasterium
3445 2484 3519 2540 ab

1872 2567 2029 2623 omni
2065 2571 2290 2623 terreno
2322 2566 2553 2623 servitio
2599 2566 2852 2623 liberum
2900 2585 3035 2625 cum
3083 2569 3358 2627 omnibus
3386 2571 3520 2634 vilis

1871 2657 1943 2711 ad
1975 2656 2031 2711 id
2067 2656 2515 2728 pertinentibus,
2547 2656 2657 2712 hoc
2704 2661 2794 2712 est
2829 2655 2890 2713 in
2938 2659 3184 2732 campis,
3217 2663 3274 2716 et
3314 2659 3375 2715 in
3422 2676 3520 2734 pa-

1871 2745 2048 2812 scuis,
2083 2749 2139 2800 et
2164 2745 2221 2800 in
2254 2745 2456 2817 pratis,
2481 2750 2536 2800 et
2565 2745 2624 2800 in
2655 2744 2902 2815 silvis,et
2929 2747 2989 2803 in
3020 2747 3290 2805 mariscis
3321 2748 3518 2819 salsis,

1871 2837 1926 2889 et
1951 2835 2008 2889 in
2041 2833 2484 2906 piscationibus,
2517 2839 2575 2890 et
2600 2834 2661 2889 in
2701 2835 3132 2906 venationibus,
3163 2841 3220 2894 et
3242 2837 3304 2894 in
3331 2854 3517 2900 aucu-

1870 2921 2226 2994 pationib‘us,
2250 2922 2504 2994 exceptis
2535 2921 2628 2977 his
2655 2922 3104 2989 tribus,scilicet
3131 2924 3516 2998 expeditione,

1870 3009 2136 3083 pontium
2164 3009 2495 3078 refectione,
2522 3015 2581 3066 et
2609 3011 2834 3067 arcium
2873 3013 3257 3084 reparatione.
3283 3014 3351 3070 Si
3384 3015 3518 3085 quis

1871 3100 2017 3155 bene
2030 3103 2294 3154 moratus
2306 3098 2477 3154 homo
2489 3099 2599 3154 hoc
2609 3097 2976 3172 privilegium
3001 3116 3198 3156 meum
3221 3101 3520 3160 beneﬁciis

1870 3188 2263 3262 augeat,Deus
2291 3187 2660 3260 omnipotens
2685 3187 3103 3244 habitationem
3125 3191 3252 3261 ejus
3269 3188 3332 3246 in
3355 3189 3518 3248 caele-

1872 3277 2062 3334 stibus
2092 3276 2661 3345 mansionibus,cum
2686 3275 2962 3332 omnibus
2991 3277 3210 3334 sanctis
3234 3278 3520 3337 cumulet.

1874 3367 1932 3422 Si
1966 3369 2161 3421 autem
2180 3363 2391 3437 aliquis
2409 3365 2600 3421 malus
2616 3365 2792 3421 homo
2809 3381 2844 3421 a
2863 3363 3093 3422 diabolo
3117 3363 3520 3424 inﬂammatus

1875 3455 1970 3521 sit,
2004 3458 2070 3509 ut
2099 3453 2208 3509 hoc
2239 3470 2435 3508 meum
2467 3453 2833 3527 privilegium
2864 3454 3174 3524 diminuat,
3222 3455 3312 3512 vel
3358 3456 3522 3528 parvi

1875 3543 2070 3614 faciat,
2104 3542 2182 3599 sit
2210 3542 2404 3598 socius
2431 3541 2598 3598 Judae
2628 3542 2942 3616 proditoris
2987 3542 3204 3600 Christi
3236 3543 3522 3601 laceretur

1874 3649 2087 3688 canum
2105 3631 3223 3689 infernaliumdentibusinterterribilia
3245 3633 3521 3707 gehenna

1875 3721 2163 3794 supplicia
2193 3738 2328 3776 cum
2359 3721 2635 3777 omnibus
2664 3719 2914 3778 diabolis
2953 3721 3178 3794 absque
3224 3720 3344 3778 ullo
3383 3721 3520 3790 ﬂne,

1876 3811 1989 3866 nisi
2021 3809 2165 3865 illud
2194 3817 2325 3866 ante
2355 3810 2579 3865 obitum
2612 3827 2788 3866 suum
2818 3809 2926 3866 rite
2950 3809 3348 3867 emendaverit
3368 3811 3524 3883 quod

1877 3903 2076 3954 contra
2103 3899 2420 3954 Dominum
2452 3915 2628 3955 suum
2659 3898 2837 3972 impie
2866 3898 3526 3974 deliquerat.Siqnidem

1877 3989 2064 4044 satius
2084 3992 2174 4044 est
2203 3988 2503 4044 hominem
2530 4005 2564 4043 a
2580 3989 2833 4060 peccatis
2855 4004 3056 4046 cavere
3078 4005 3258 4062 quam
3279 4004 3348 4046 ea
3367 3988 3528 4045 labo-

1879 4077 2029 4132 riose
2059 4078 2389 4134 emendare.
2423 4078 2676 4134 Obsecro
2705 4081 2762 4134 et
2789 4078 2997 4150 adjuro
3043 4093 3380 4147 vos,omn‘es
3413 4077 3529 4136 mei

1878 4164 2124 4238 legitimi
2154 4182 2716 4239 successores,reges
2747 4170 2806 4222 et
2835 4165 3094 4240 episcopi
3119 4172 3178 4223 et
3205 4170 3526 4235 senatores,

1877 4255 2187 4327 gentisque
2237 4255 2651 4322 dominatores,
2686 4271 2758 4311 ne
2816 4254 2948 4311 sitis
3003 4254 3258 4311 ecclesias
3315 4253 3529 4311 Christi

1878 4343 2205 4414 praedones,
2236 4344 2336 4398 sed
2370 4347 2436 4397 ut
2467 4343 2596 4397 sitis
2626 4341 2817 4398 seduli
2864 4341 3140 4399 custodes
3188 4341 3528 4414 patrimonii

1879 4431 2112 4498 Christi,
2146 4434 2203 4486 et
2235 4430 2658 4486 monachorum
2688 4429 2947 4497 illorum,
2980 4429 3082 4502 qui
3121 4429 3202 4485 ibi
3241 4429 3358 4486 Deo
3407 4445 3530 4485 ser-

1878 4519 2068 4587 viunt,
2100 4523 2165 4574 ut
2193 4519 2252 4574 in
2284 4522 2631 4591 perpetuum
2672 4519 2890 4592 requie,
2922 4518 3042 4574 vita
3069 4520 3282 4574 aeterna
3311 4519 3368 4573 et
3385 4532 3531 4590 gau-

1882 4609 1977 4664 dio
2008 4608 2283 4664 fruamini
2316 4625 2448 4663 cum
2479 4607 2759 4663 omnibus
2789 4609 2917 4680 ejus
2947 4605 3168 4663 sanctis
3207 4619 3439 4677 semper
3467 4604 3530 4660 in

121 4698 278 4752 terrae
352 4715 562 4755 eorum
638 4699 1042 4757 ecclesiastica
1096 4701 1398 4757 ﬂorebant.
1460 4693 1851 4759 MonachosD
1883 4702 2181 4754 aeternum.
2218 4698 2424 4752 Amen.

121 4783 292 4841 etiam
341 4787 453 4844 hos
502 4787 721 4844 ibidem
753 4789 1107 4858 habitantes,
1141 4794 1522 4863 congregatos
1553 4806 1680 4845 esse
1712 4789 1770 4844 in

121 4877 399 4931 aternum
445 4877 560 4932 hoc
607 4877 906 4951 privilegio
960 4880 1261 4946 conﬁrmo,
1312 4883 1370 4933 et
1424 4877 1772 4934 nominatim

119 4959 382 5020 describo
425 4964 666 5022 illorum
717 4967 914 5032 urbes,
949 4983 1080 5040 quae
1128 4966 1456 5039 antiquitus
1500 4971 1557 5022 et
1603 4984 1637 5023 a
1681 4984 1774 5024 me

117 5049 440 5122 Anglorum
486 5069 718 5126 rege,ac
747 5055 818 5110 ab
846 5055 978 5112 aliis
1001 5055 1275 5111 fidelibus
1299 5053 1638 5112 hominibus
1668 5055 1770 5112 ha-

117 5140 320 5203 ctenus
347 5141 423 5196 ad
457 5139 696 5198 illorum
729 5160 956 5199 sacram
989 5143 1188 5200 sedem
1217 5160 1503 5200 concessas
1533 5149 1690 5199 sunt.

185 5226 384 5284 Prima
413 5233 511 5285 est
540 5229 822 5303 Eastrige,
852 5249 1030 5304 quam
1061 5231 1356 5304 regionem
1387 5233 1456 5287 ad
1499 5231 1774 5288 ecclesias

115 5312 330 5372 Christi
362 5333 473 5389 pro
493 5312 704 5374 ianima
725 5323 1001 5386 mea,tam
1027 5319 1086 5374 in
1107 5319 1279 5376 terris
1302 5337 1479 5392 quam
1501 5321 1560 5376 in
1582 5319 1775 5378 littore

114 5404 618 5478 maris,perpetuo
639 5409 1072 5464 concedo.Tum
1091 5407 1391 5478 Joccham,
1405 5408 1746 5484 Bosingtum
1759 5452 1772 5478 ,

112 5490 409 5550 Edesham
442 5499 505 5550 et
536 5495 804 5567 Apeldra,
866 5495 1086 5552 Berwic
1142 5496 1403 5568 parvula,
1463 5503 1521 5554 et
1577 5499 1772 5572 Swyr-

112 5579 383 5638 dhlincas
443 5583 854 5653 Pracstatum,
915 5585 1231 5653 Gravanea,
1307 5585 1534 5659 Wylan,
1597 5587 1771 5654 Ciart,

111 5667 420 5730 Fernleah.
487 5670 554 5727 In
620 5666 872 5729 Suifexia
928 5671 1257 5746 Peccingas.
1320 5674 1383 5732 In
1431 5675 1775 5735 occidentali

1954 4787 2067 4859 Ego
2099 4784 2461 4841 Ethelredus
2493 4783 2848 4855 Angliw,hoc
2879 4781 3134 4838 ecclesiae
3165 4779 3381 4838 Christi
3412 4779 3532 4854 pri-

1878 4875 2151 4949 vilegium
2184 4891 2252 4930 ex
2283 4871 2623 4929 auctoritate
2653 4871 2865 4929 Christi
2896 4871 3199 4928 conﬁrmo.

1953 4966 2070 5037 Ego
2115 4962 2406 5030 xElfricus,
2457 4959 2726 5019 Ecclesiae
2773 4961 2984 5020 Christi
3031 4959 3530 5034 archiepiscopus,

1881 5053 2018 5110 boni
2051 5052 2204 5126 regis
2233 5048 2696 5107 muniﬁcentiam
2725 5051 2892 5125 signo
2934 5049 3126 5108 crucis
3153 5050 3215 5106 in
3248 5050 3532 5106 internum

1882 5144 2210 5200 corroboro.

1953 5233 2068 5305 Ego
2091 5228 2950 5298 Wulfstanus,Londinensium
2967 5223 3530 5302 cpiscopus,domini

1883 5321 1997 5377 mei
2028 5319 2208 5377 nobili
2235 5320 2386 5375 dono
2416 5334 2648 5390 semper
2675 5318 2995 5376 consentio.

1953 5411 2071 5483 Ego
2101 5407 2386 5475 Elfheah,
2417 5407 2919 5465 Wintoniensium
2945 5401 3394 5481 episcopus,hoc
3426 5420 3530 5459 an-

1882 5497 2080 5555 tedicti
2111 5497 2266 5570 regis
2297 5498 2583 5570 scriptum
2613 5498 2760 5554 meis
2792 5498 3015 5554 viribus
3047 5493 3348 5552 conﬁrmo.

1951 5588 2069 5661 Ego
2100 5587 2509 5660 Ordhbyrhtus
2537 5587 2847 5661 episcopus
2897 5587 3052 5644 idem
3071 5581 3238 5662 {hoc}
3257 5597 3393 5640 cum
3430 5580 3530 5639 Dei

1883 5676 2286 5735 benedictione
2313 5676 2446 5734 feci.
