3924 6210
345 378 498 444 4171

412 516 532 589 Ego
563 516 910 574 Ethelricus
942 519 1250 591 episcopus
1282 519 1389 574 hoc
1419 520 1570 574 idem
1603 520 1726 574 feci.

416 605 534 677 Ego
562 605 838 663 Athulfus
869 608 1181 680 episcopus
1211 608 1318 664 hoc
1354 610 1508 664 idem
1541 609 1668 662 feci.

415 694 535 767 Ego
567 694 893 752 Godwinus
923 699 1232 769 episcopus
1263 714 1434 752 omne
1465 697 1571 751 hoc
1605 697 1758 752 idem
1793 697 1919 751 feci.

418 783 534 856 Ego
567 785 768 857 Lyling
797 785 1105 858 episcopus
1137 786 1354 841 domini
1391 787 1500 840 mei
1535 785 1892 841 voluntatem
1939 790 1995 840 et

347 871 670 928 bonitatem
704 874 763 930 in
790 878 1071 931 aeternum
1105 875 1406 929 confirmo.

1716 383 2026 451 MONUM.
2075 385 2393 449 DIPLOM.

3613 353 3773 446 ui:

2018 522 2073 588 Α
2175 522 2289 593 Ego
2323 519 2643 577 Wulfricus
2666 521 2846 578 abbas
2875 537 3047 578 verus
3077 520 3267 577 testis.
3337 527 3340 532 “

2173 609 2289 681 Ego
2324 608 2682 665 Elswardus
2715 611 2895 666 abbas
2918 609 3206 666 similiter.

2175 698 2292 770 Ego
2324 697 2626 752 \Vull‘osar
2657 699 2861 752 abbas.

2177 788 2294 858 Ego
2327 786 2547 860 /Elllige
2581 788 2784 842 abbas.

1343 1127 2276 1282 CANUTUS
2375 1154 2786 1277 REX

706 1379 929 1436 HUJUS
969 1380 1268 1436 NOMINIS
1307 1379 1523 1436 INTER
1565 1380 1791 1436 REGES
1833 1379 2068 1435 DANIIE
2106 1379 2500 1447 SECUNDUS,
2545 1381 2766 1438 INTER
2804 1383 3081 1439 ANGLOS
3121 1383 3393 1440 PRIMUS

1807 1524 1913 1592 (An
1947 1522 2304 1593 10144036.)

828 1776 1228 1868 LECES
1298 1774 2313 1868 ECCLESIASTICfE
2385 1776 2841 1870 CANUTI
2913 1779 3285 1873 REGIS

341 1943 573 2041 (MANSI,
607 1973 811 2028 Concil.
843 1975 984 2027 tom.
1019 1971 1156 2038 XIX,
1189 1971 1296 2027 col.
1329 1974 1457 2040 555,
1491 1975 1570 2027 Ex
1598 1989 1697 2026 ms.
1730 1971 2047 2026 Cottoniano
2093 1972 2229 2026 Nero
2251 1973 2311 2039 A,
2348 1973 2403 2039 1,
2434 1970 2641 2028 collato
2691 1989 2825 2028 cum
2879 1972 3030 2048 legg.
3083 1978 3237 2031 nost.
3287 1975 3760 2050 Anglo-Saxon.)

340 2225 473 2286 Hoc
501 2229 596 2285 est
624 2225 952 2306 consilium
984 2225 1162 2306 quod,
1186 2227 1447 2306 Cautus,
1485 2222 1948 2306 totiusuAngliae
1981 2225 2390 2306 etDanorum
2442 2226 2504 2282 et
2550 2224 2996 2306 Norwegorum
3052 2241 3183 2306 rex,
3217 2242 3358 2306 cum
3405 2225 3770 2306 sapientum

418 2322 675 2387 suorum
705 2303 1281 2387 consilioSancivit,
1313 2305 1376 2364 in
1409 2304 1655 2387 laudem
1688 2304 1818 2374 Dei,
1853 2311 1916 2387 et
1947 2304 2058 2387 sibi
2093 2303 2155 2362 in
2175 2308 2629 2387 ornamentum
2662 2303 2928 2382 regium,
2959 2309 3020 2363 et
3049 2304 3129 2364 ad
3153 2303 3769 2387 utilitatem—populi;

423 2390 486 2446 et
516 2384 635 2446 hoc
666 2391 802 2447 erat
833 2386 1026 2446 sacris
1060 2385 1376 2446 natalibus
1405 2385 1658 2444 Domini
1682 2385 1880 2444 nostri
1909 2383 2271 2474 Wintonize.

499 2545 541 2601 Ι.
575 2547 646 2601 De
674 2547 803 2610 Deo,
835 2547 1109 2614 religione
1139 2549 1191 2600 et
1221 2561 1348 2614 rege
1375 2545 1548 2600 debite
1577 2544 1832 2599 colendis.

412 2636 527 2691 Hoc
561 2639 650 2690 est
681 2635 936 2706 primum
968 2634 1147 2706 igitur
1166 2639 1229 2689 ut
1251 2651 1428 2704 super
1448 2633 1646 2689 omnia
1667 2633 1781 2687 alia
1809 2650 1992 2687 unum

338 2723 526 2781 Deum
571 2739 804 2795 semper
854 2723 1112 2794 diligere,
1144 2727 1202 2778 et
1250 2738 1434 2777 unum
1477 2721 1991 2777 Christianismum

340 2811 701 2869 unanimiter
732 2828 1093 2880 conservare,
1127 2816 1183 2866 et
1213 2828 1410 2884 regem
1442 2812 1699 2866 Cautum
1750 2816 1803 2865 et
1827 2811 1994 2881 justa

340 2899 620 2957 ﬁdelitate
649 2901 908 2957 venerari
938 2899 1137 2955 velint.
1179 2925 1183 2930 υ

609 2989 676 3044 ll.
709 2991 784 3045 De
807 3005 940 3061 pace
970 2991 1086 3056 Dei,
1121 2992 1264 3058 regis
1293 2997 1345 3045 et
1371 2991 1738 3045 ecclesiarum.

413 3078 481 3134 Et
511 3077 609 3138 Dei
642 3077 915 3134 ecclesias
945 3077 1202 3133 salutent
1232 3095 1296 3133 ac
1343 3082 1666 3150 protegant,
1703 3084 1757 3133 ct
1788 3078 1988 3132 crebro

342 3167 713 3240 frequentent
763 3166 823 3222 in
873 3167 1123 3222 salutem
1173 3165 1404 3236 animm,
1441 3171 1496 3222 et
1547 3167 1863 3238 nobisipsis
1917 3167 1987 3221 ad

339 3256 672 3312 utilitatem.
716 3255 995 3323 Quaelibet
1043 3256 1287 3312 ecclesia
1323 3257 1457 3326 jure
1509 3261 1598 3311 est
1648 3256 1706 3313 in
1756 3256 1991 3328 propria

337 3344 550 3402 Christi
565 3351 789 3416 pace,et
809 3345 1053 3417 quilibet
1069 3345 1439 3401 Christianus
1452 3345 1702 3400 multum
1726 3344 1989 3400 laborare

340 3435 512 3491 debet
533 3439 605 3494 ut
636 3451 777 3506 pace
806 3434 969 3490 illam
1001 3451 1215 3507 magna
1245 3433 1305 3489 in
1336 3434 1707 3489 veneratione
1755 3434 1984 3490 habeat.

337 3512 455 3584 Pax
486 3524 642 3580 enim
673 3523 890 3594 divina,
913 3527 970 3579 et
1001 3540 1180 3596 quam
1215 3523 1474 3595 proxime
1497 3524 1648 3596 regis
1681 3540 1798 3595 prae
1829 3523 1987 3577 omni

338 3612 452 3668 alia
469 3629 607 3685 pace
626 3612 1028 3676 obtinenda,et
1056 3612 1259 3667 sedulo
1291 3613 1689 3667 conservanda
1713 3613 1988 3667 est.Tunc

335 3701 502 3758 valde
524 3703 756 3774 justum
787 3705 876 3756 est
906 3704 970 3755 ut
998 3700 1094 3755 Dei
1129 3700 1526 3757 ecclesiastica
1557 3719 1665 3772 pax
1697 3701 1850 3756 intra
1889 3718 1987 3773 pc-

335 3779 528 3857 rietes,
562 3793 619 3845 et
648 3806 761 3860 pax
789 3788 1106 3843 Christiani
1142 3788 1294 3862 regis
1348 3807 1526 3844 manu
1579 3790 1714 3844 data
1759 3806 1990 3861 semper

2027 2547 2068 2610 B
2102 2542 2238 2610 lata,
2274 2542 2475 2598 sedulo
2535 2547 2948 2615 compensatur
2992 2561 3095 2616 pro
3145 2545 3367 2601 ratione
3415 2547 3546 2617 ejus
3603 2549 3764 2620 quod

2106 2633 2321 2687 factum
2350 2636 2460 2698 est,
2493 2633 2610 2687 sive
2643 2632 2720 2687 sit
2749 2649 2851 2704 per
2883 2633 3298 2705 pugnam,sive
3331 2651 3434 2706 per
3465 2635 3763 2708 rapinam,

2103 2721 2220 2776 sive
2251 2739 2353 2793 per
2383 2721 2540 2775 aliud
2575 2722 2714 2792 quid
2745 2722 3181 2793 compensanda
3199 2727 3290 2777 est
3309 2723 3572 2780 ecclesiae
3595 2726 3760 2797 prius

2102 2810 2262 2881 pacis
2291 2809 2524 2864 violatio
2558 2826 2660 2880 pro
2694 2810 2915 2866 ratione
2945 2811 3073 2881 ejus
3105 2812 3260 2883 quod
3294 2812 3517 2867 factum
3558 2817 3668 2878 est,
3704 2819 3762 2869 et

2102 2915 2204 2969 pro
2239 2899 2460 2953 ratione
2491 2897 2803 2970 dignitatis
2834 2898 3242 2955 ecclesiaa.Non
3269 2905 3411 2956 sunt
3439 2918 3648 2958 omnes
3666 2919 3759 2958 ec-

2101 2986 2289 3043 clesia)
2337 2986 2545 3058 aequali
2595 2987 2766 3042 modo
2815 2991 3042 3042 terreno
3091 2987 3310 3044 honore
3362 2989 3576 3061 dignae,
3624 2989 3758 3045 licet

2099 3076 2364 3130 eamdem
2419 3076 2672 3130 habeant
2725 3075 3177 3131 ecclesiasticam
3223 3078 3752 3135 consecrationem.

2098 3163 2344 3220 Violatio
2377 3164 2535 3237 pacis
2561 3164 2850 3236 primariae
2881 3165 3137 3221 ecclesia:
3159 3170 3248 3220 est
3277 3167 3480 3222 eadem
3506 3183 3575 3222 ac
3597 3185 3764 3224 com-

2098 3254 2361 3324 pensatio
2407 3271 2601 3308 rerum
2650 3270 2754 3325 pro
2806 3254 2957 3325 regis
3007 3271 3168 3325 pace,
3200 3253 3309 3310 hoc
3352 3260 3442 3310 est
3491 3256 3758 3329 quinque

2097 3341 2284 3408 libris,
2318 3343 2644 3397 secundum
2679 3341 2998 3415 Anglorum
3021 3342 3261 3416 leges,et
3292 3343 3349 3398 in
3382 3348 3540 3400 terra
3561 3345 3756 3402 Cantii

2098 3447 2201 3502 pro
2232 3431 2542 3486 violatione
2568 3433 2728 3504 pacis
2746 3431 2963 3486 librisv
2993 3433 3199 3504 regi,et
3217 3449 3276 3488 ιιι
3295 3432 3766 3506 archiepiscopo,

2098 3524 2154 3574 et
2184 3519 2494 3575 mediocris
2528 3519 2784 3576 ecclesiae
2815 3537 2918 3574 cxx
2955 3519 3179 3588 solidis,
3213 3524 3271 3576 et
3309 3520 3464 3576 idem
3511 3527 3604 3578 est
3652 3541 3760 3596 pro

2099 3608 2252 3680 regis
2286 3609 2499 3674 multa;
2534 3614 2589 3664 et
2636 3614 2777 3664 tunc
2825 3609 3017 3664 adhuc
3068 3608 3332 3677 minoris,
3363 3610 3463 3665 ubi
3504 3628 3755 3682 parvum

2097 3702 2188 3752 est
2215 3697 2629 3763 ministerium,
2663 3702 2718 3752 et
2747 3698 3142 3753 cmmeterium
3177 3704 3371 3753 tamen
3418 3715 3488 3753 Lx
3523 3699 3782 3774 solid-ist

2097 3791 2154 3841 et
2187 3785 2384 3858 templi
2417 3787 2781 3858 campestris,
2814 3786 2913 3842 ubi
2947 3787 3343 3843 coemeterium
3376 3804 3493 3844 non
3527 3794 3758 3855 est,xxx

336 3877 974 3936 consistatimmobilis.
1009 3879 1074 3932 Et
1119 3877 1169 3934 si
1223 3879 1357 3950 quis
1405 3879 1743 3934 alterutram
1796 3879 1986 3950 violet,
2021 3915 2063 3978 ρ
2104 3875 2326 3978 solidis.

337 3967 544 4041 perdat
571 3965 821 4039 patriam
851 3969 909 4021 et
936 3966 1136 4034 vitam,
1169 3967 1278 4022 nisi
1313 3985 1411 4023 rex
1440 3967 1490 4022 ei
1522 3968 1848 4024 condonare
1894 3986 1983 4024 ve-

335 4057 427 4113 lit.
460 4056 529 4110 Et
559 4054 607 4110 si
635 4071 898 4127 unquam
932 4054 1146 4127 aliquis
1178 4055 1352 4110 homo
1382 4055 1638 4127 posthaec
1670 4056 1767 4112 Dei
1803 4057 1980 4112 eccle-

340 4143 637 4201 siasticam
666 4159 867 4216 pacem
898 4144 1040 4199 adeo
1070 4143 1372 4198 violaverit
1418 4149 1481 4198 ut
1535 4145 1687 4199 intra
1727 4145 1983 4200 ecclesiae

337 4220 590 4307 parietes
618 4232 913 4288 homicida
944 4233 1280 4298 ﬁeret,tunc
1312 4231 1469 4287 istud
1500 4238 1588 4287 est
1611 4232 1982 4305 inexpiabile,

336 4327 394 4379 et
423 4325 849 4395 persequantur
877 4321 1058 4394 (eum)
1089 4336 1292 4376 omnes
1342 4321 1440 4392 qui
1474 4321 1574 4376 Dei
1620 4321 1789 4376 amici
1822 4327 1981 4388 sunt,

339 4411 452 4479 nisi
483 4412 662 4479 fieret,
697 4415 763 4467 ut
790 4410 926 4466 inde
956 4413 1305 4480 erumperet,
1339 4414 1395 4464 et
1423 4411 1496 4466 ad
1528 4411 1670 4466 adeo
1702 4427 1981 4483 magnum

337 4487 567 4575 asYlum
598 4500 924 4573 confugerit
954 4503 1018 4552 ut
1049 4514 1146 4553 rex
1177 4498 1288 4570 ipsi
1321 4503 1625 4572 eapropter
1646 4500 1822 4555 vitam
1855 4518 1986 4557 con-

329 4592 582 4650 .donaret
610 4593 744 4662 post
775 4587 1097 4660 plenariam
1121 4589 1804 4660 compensationem,tam
1828 4591 1983 4662 apud

335 4681 519 4737 Deum
551 4695 727 4750 quam
763 4677 918 4750 apud
949 4675 1236 4732 homines.
1272 4679 1338 4732 Et
1367 4677 1476 4732 hoc
1511 4684 1600 4733 est
1630 4677 1886 4749 primum
1920 4684 1986 4734 ut

335 4768 631 4840 propriam
662 4765 1110 4822 abstimationem
1139 4765 1347 4837 capitis
1376 4765 1604 4821 Christo
1635 4771 1693 4821 et
1724 4767 1842 4839 regi
1865 4768 1984 4835 det,

334 4861 392 4912 et
420 4857 530 4912 hoc
561 4855 734 4911 modo
766 4853 1028 4926 seipsum
1047 4852 1308 4926 exlegem
1330 4853 1599 4909 restituat
1620 4855 1691 4909 ad
1715 4871 1984 4926 compen-

335 4946 642 5002 sationem.
667 4946 732 5000 Et
760 4943 811 4999 si
839 4948 981 4999 tunc
1011 4944 1082 4998 ad
1116 4944 1649 5014 compensationem
1675 4961 1765 4999 res
1792 4945 1982 5011 rediit,

335 5039 393 5090 et
421 5050 553 5089 eam
584 5051 683 5089 rex
712 5032 933 5100 toleret,
967 5037 1107 5088 tunc
1138 5031 1395 5088 solvatur
1444 5032 1836 5088 ecclesiastica
1875 5051 1985 5105 pax

332 5123 418 5179 illi
449 5121 707 5180 ecclesiae
729 5139 831 5195 per
860 5122 1012 5194 regis
1043 5120 1366 5193 plenariam
1391 5122 1549 5193 pacis
1584 5121 1981 5184 violationem,

334 5217 391 5269 et
446 5211 705 5269 ecclesiae
753 5209 1292 5266 reconciliationem
1335 5216 1748 5282 consequatur,
1813 5212 1981 5266 sicuti

2270 3963 2360 4019 IV.
2395 3969 2478 4020 De
2511 3967 2817 4020 reverentia
2846 3965 3215 4021 sacerdotibus
3242 3966 3588 4037 praestanda.

2164 4053 2380 4108 Omnes
2408 4052 2767 4108 Christianos
2799 4070 2975 4125 quam
3009 4055 3260 4109 maxime
3280 4055 3447 4110 decet
3469 4061 3753 4112 sanctua-

2094 4140 2246 4196 rium
2279 4145 2336 4195 et
2363 4141 2596 4197 ordines
2618 4147 2674 4197 et
2703 4146 3102 4198 consecratam
3127 4142 3224 4199 Dei
3253 4143 3500 4198 domum
3525 4162 3765 4217 semper

2091 4229 2543 4303 diligentissime
2565 4231 2930 4304 frequentare
2957 4236 3014 4287 et
3035 4235 3413 4304 protegere,et
3434 4233 3768 4305 quemlibet

2093 4320 2355 4375 ordinem
2383 4320 2644 4375 venerari
2669 4321 2840 4391 juxta
2872 4321 3240 4393 dignitatem.
3271 4320 3571 4394 Intelligat
3601 4323 3763 4379 enim

2093 4409 2449 4481 quicunque,
2482 4409 2618 4464 velit
2646 4409 2733 4464 vel
2767 4410 2974 4481 possit,
3000 4426 3283 4482 magnum
3313 4416 3371 4467 et
3402 4410 3760 4482 praeclarum

2095 4515 2222 4554 esse
2253 4499 2407 4570 quod
2441 4498 2713 4554 sacerdos
2743 4499 3038 4572 agendum
3072 4499 3250 4554 habet
3281 4515 3383 4571 pro
3415 4499 3611 4556 salute
3652 4518 3757 4573 po-

2093 4587 2239 4660 puli,
2273 4588 2318 4642 si
2355 4587 2594 4643 Domino
2625 4605 2731 4642 suo
2763 4587 2953 4643 debite
2981 4586 3225 4659 placeat.
3256 4589 3538 4661 Magnum
3561 4590 3756 4662 (quid)

2093 4681 2181 4732 est
2211 4677 2592 4743 exorcismus,
2625 4681 2682 4731 et
2713 4675 3054 4750 praeclarum
3087 4682 3177 4732 est
3206 4679 3591 4744 consecratio,
3624 4696 3756 4751 qua:

2095 4765 2394 4822 diabolum
2454 4764 2728 4838 dispellit,
2785 4769 2843 4820 et
2890 4766 3206 4838 profugum
3257 4766 3466 4831 reddit,
3519 4769 3756 4838 quoties

2095 4857 2425 4928 baptismus
2440 4855 2754 4928 peragitur,
2778 4853 2866 4909 vel
2888 4859 2943 4908 S.
2972 4854 3327 4909 eucharistia
3348 4862 3752 4914 consecratur.

2096 4945 2162 5000 Et
2189 4945 2376 4999 sancti
2409 4944 2600 5016 angeli
2632 4943 2711 4998 ibi
2743 4943 3318 5010 circumfunduntur,
3365 4948 3423 4999 et
3471 4960 3568 5001 res
3619 4946 3756 5004 illas

2095 5032 2450 5099 custodiunt,
2483 5037 2540 5087 et
2570 5049 2671 5103 per
2700 5031 2801 5087 Dei
2828 5031 3148 5104 potentiam
3183 5033 3546 5088 sacerdotem
3587 5035 3756 5106 adju-

2094 5126 2249 5189 vant,
2281 5121 2508 5192 quoties
2539 5121 2764 5175 Christo
2796 5120 2986 5176 debite
3018 5120 3296 5176 serviunt.
3331 5121 3402 5176 Et
3434 5121 3546 5178 hoc
3576 5125 3755 5182 toties

2098 5209 2575 5279 laciunt,quoties
2608 5208 2809 5263 sedulo
2844 5208 3050 5263 intimo
3082 5215 3311 5281 pectore
3342 5209 3576 5266 invocat
3593 5211 3756 5268 Chri-

335 5302 520 5371 decet,
553 5306 611 5357 et
633 5299 843 5356 deinde
873 5305 993 5354 tam
1023 5298 1258 5370 cognati
1285 5315 1464 5369 quam
1495 5299 1598 5352 viri
1631 5298 1803 5354 occisi
1826 5316 1983 5354 com-
2017 5285 2062 5347 Ι)
2093 5302 2337 5363 stum,et
2363 5313 2464 5368 pro
2497 5297 2697 5369 populi
2720 5297 3064 5353 necessitate
3083 5297 3392 5368 diligenter
3413 5298 3752 5370 intercedit,

335 5391 737 5462 pensationem
765 5387 933 5460 plene
963 5387 1232 5454 solvat,et
1261 5387 1415 5458 apud
1448 5387 1632 5442 Deum
1664 5387 1871 5442 saltem
1894 5389 1983 5443 in-

335 5480 526 5536 terced
535 5484 613 5535 at.

433 5572 530 5620 III.
564 5569 638 5622 De
663 5566 839 5621 multa
854 5581 954 5636 pro
983 5565 1249 5636 dignitate
1271 5565 1516 5621 ecclesia:
1543 5565 1889 5634 conferenda.

410 5653 475 5708 Et
499 5655 548 5708 si
580 5653 702 5708 ulla
733 5652 989 5709 ecclesia:
1017 5670 1128 5723 pax
1159 5653 1282 5707 sine
1309 5651 1707 5708 inlerfectione
1755 5654 1832 5709 sit
1860 5654 1979 5710 vio-

2091 5385 2262 5442 etilli
2296 5389 2530 5456 propter
2577 5385 2672 5441 Dei
2713 5386 2983 5442 timorem
3037 5403 3139 5457 pro
3193 5386 3419 5443 ordinis
3459 5388 3752 5462 dignitate

2091 5492 2226 5530 cum
2259 5473 2480 5528 ratione
2513 5478 2652 5529 sunt
2682 5473 3090 5547 cognoscendi.

2445 5563 2512 5616 V.
2533 5563 2606 5618 De
2633 5571 2957 5635 purgatione
2987 5563 3383 5619 erili-natorum.

2162 5652 2232 5706 Et
2262 5651 2310 5708 si
2343 5650 2641 5724 contingat
2670 5656 2735 5709 ut
2765 5652 2897 5726 quis
2927 5651 3400 5710 accusationibus
3423 5659 3482 5712 et
3508 5654 3746 5730 imperi-
