3924 6210
188 331 352 402 H73

1448 334 1808 402 CANUTUS
1852 333 1876 397 Ῑ
1919 332 2077 398 REX
2121 331 2354 397 ANGL.

3433 325 3595 400 H71

189 467 290 527 tiis
319 465 705 538 sacerdotem,
743 466 841 543 qui
869 465 1214 544 regulariter
1241 466 1402 538 vivit,
1436 475 1633 528 oneret
1663 475 1836 544 atque
1865 471 1920 540 Α
1949 468 2245 544 gnationis
2274 465 2522 542 gradum
2548 462 2608 524 in
2626 462 2860 545 propria
2880 463 3160 528 affinitate
3175 485 3438 546 unquam
3459 489 3596 531 uxo-

190 558 290 616 ille
318 560 445 632 ipse
473 559 744 616 conscius
777 560 852 616 sit
899 561 1263 629 innocentiae,
1295 559 1545 616 celebret
1575 560 1838 628 missam,

191 648 242 707 si
272 649 532 715 audet,et
558 653 768 722 purget
798 649 960 706 solus
992 650 1252 723 seipsum
1285 667 1388 721 per
1420 649 1603 705 solam
1637 649 1843 705 eucha-

186 738 419 796 ristiam
452 755 486 792 a
516 737 770 810 simplici
811 739 1216 806 accusatione;
1249 745 1305 794 et
1350 738 1638 810 triplicem
1679 754 1844 793 accu-

188 827 480 883 sationem
513 831 741 899 purget,
775 826 824 882 si
853 827 1064 883 audeat
1093 828 1268 882 etiam
1301 828 1358 881 in
1399 827 1454 882 S.
1489 826 1845 882 eucharistia

189 932 328 972 cum
349 915 580 972 duobus
601 916 867 986 ejusdem
890 932 1024 972 cum
1037 932 1104 972 eo
1127 917 1370 972 ordinis.
1394 915 1453 971 Si
1485 914 1615 984 quis
1646 915 1845 971 diacon

186 1021 335 1061 num
366 1005 729 1076 accuset,qui
763 1005 1106 1077 regulariter
1133 1004 1290 1072 vivit,
1311 1003 1563 1076 simplici
1598 1019 1843 1059 accusa-

194 1093 376 1163 tione,
399 1096 598 1148 sumat
628 1093 776 1149 duos
821 1094 1089 1165 ejusdem
1141 1094 1466 1149 secundum
1513 1092 1756 1159 ordinis,
1789 1097 1845 1148 et

189 1185 403 1256 purget
434 1198 496 1237 se
521 1197 655 1237 cum
686 1181 824 1238 illis.
843 1183 914 1238 Et
944 1182 993 1237 si
1027 1187 1331 1238 accusetur
1359 1181 1573 1253 triplici
1607 1197 1841 1236 accusa-

187 1271 574 1338 tione,sumat
605 1287 706 1327 sex
735 1271 1000 1341 ejusdem
1033 1272 1259 1326 ordinis
1292 1272 1370 1342 (et
1400 1271 1523 1342 ipse
1555 1271 1632 1326 sit
1663 1270 1840 1342 septi-

187 1360 348 1431 mus)
370 1364 430 1415 et
454 1363 664 1432 purget
680 1377 742 1416 se
767 1359 972 1416 illis.Si
1004 1359 1266 1432 plebeius
1299 1359 1570 1415 sacerdos
1601 1375 1842 1414 accusa-

188 1448 452 1505 tionibus
481 1451 751 1504 oneretur
779 1449 934 1521 quod
958 1448 1282 1522 regularem
1303 1449 1482 1504 vitam
1505 1465 1620 1503 non
1650 1449 1841 1520 degat,

188 1542 404 1611 purget
449 1554 511 1594 se
569 1537 724 1594 sicut
782 1538 1065 1594 diaconus
1124 1538 1223 1610 qui
1278 1538 1604 1610 regularem
1661 1537 1842 1592 vitam

189 1625 406 1699 agit.Et
436 1626 484 1683 si
514 1627 649 1699 quis
679 1627 886 1683 amicis
906 1627 1256 1683 destitutum
1281 1626 1482 1682 altaris
1504 1625 1841 1681 ministrum

190 1715 664 1772 accusationibus
686 1720 907 1781 oneret,
924 1716 1022 1788 qui
1042 1733 1157 1772 non
1179 1716 1354 1772 habet
1365 1713 1839 1780 sacramentales,

188 1807 285 1903 eat
312 1803 593 1902 ad'oﬁ‘am
647 1807 1038 1903 exsecratum,
1061 1803 1251 1903 et.ib.i
1310 1803 1430 1872 ﬁat,
1466 1801 1638 1858 sicuti
1687 1806 1840 1903 Deus
1871 1838 1920 1903 B

186 1891 453 1960 voluerit,
473 1891 588 1948 nisi
615 1909 678 1948 se
709 1909 811 1965 per
833 1893 889 1949 S.
915 1892 1333 1948 eucharistiam
1357 1907 1608 1965 purgare
1635 1889 1840 1962 possit.

188 1981 263 2037 Et
287 1980 335 2036 si
368 1979 502 2053 quis
533 1981 716 2037 sacris
770 1981 1070 2037 initiatum
1131 1980 1449 2036 inimicitias
1509 1983 1760 2048 accuset,
1791 1983 1848 2034 et

189 2069 348 2125 dicat
377 2069 533 2141 quod
566 2069 866 2126 homicidii
916 2074 1118 2126 auctor
1175 2070 1270 2137 sit,
1304 2069 1394 2125 vel
1450 2067 1842 2139 consiliarius,

189 2161 401 2232 purget
435 2175 497 2214 se
523 2175 626 2231 per
655 2163 934 2232 cognatos
965 2158 1233 2230 suos,qui
1252 2157 1621 2213 inimicitiam
1642 2155 1846 2212 tolera-

187 2263 250 2304 re
274 2246 360 2304 vel
384 2248 697 2303 emendare
717 2248 1027 2303 debent.Et
1057 2247 1105 2303 si
1135 2247 1212 2303 sit
1231 2247 1496 2320 cognatis
1525 2244 1842 2302 destitutus

181 2339 391 2410 purget
419 2352 482 2391 se
513 2352 618 2408 per
646 2336 858 2404 socios,
881 2335 969 2392 vel
995 2336 1291 2406 jejunium
1320 2334 1621 2408 suscipiat,
1654 2333 1703 2389 si
1736 2350 1840 2389 au-

183 2426 398 2490 deat,ct
429 2441 498 2480 ea
529 2425 600 2480 ad
633 2425 806 2480 oﬁ‘am
855 2429 1235 2490 exsecratam,
1268 2428 1325 2480 et
1382 2423 1462 2478 ibi
1520 2424 1642 2490 ﬁat,
1667 2422 1840 2478 sicuti

182 2513 792 2586 Deusjudicaverit.Et
806 2512 1220 2586 nullustempli
1239 2512 1561 2568 monachus
1575 2527 1838 2582 unquam

176 2604 312 2676 jure
338 2602 656 2658 inimicitia:
684 2603 1222 2675 compensationem
1253 2607 1469 2675 petere,
1504 2617 1608 2657 nec
1639 2600 1836 2654 inimi-

187 2690 332 2748 citia:
354 2692 892 2763 compensationem
927 2691 1146 2747 solvere
1184 2696 1434 2760 tenetur,
1468 2691 1720 2762 deponat
1741 2705 1836 2744 co-

188 2779 481 2853 gnationis
512 2778 692 2853 leges,
712 2797 845 2836 cum
870 2781 1079 2836 transit
1101 2781 1173 2836 ad
1204 2780 1364 2853 leges
1393 2777 1708 2852 regulares.
1743 2778 1832 2845 Et,

187 2868 238 2940 si
267 2869 568 2941 presbyter
596 2886 858 2941 unquam
887 2870 1063 2925 fuerit
1090 2869 1275 2925 falsus
1307 2869 1493 2933 testis,
1524 2866 1611 2922 vel
1643 2867 1764 2938 perj
1777 2883 1836 2921 u-

1951 576 2073 616 rem
2106 560 2302 626 ducat,
2337 574 2526 630 neque
2554 558 2785 630 cognati
2841 558 2934 614 sui
2982 558 3241 632 viduam,
3269 561 3362 618 cui
3393 563 3597 620 eadem

1949 648 2163 704 vicinia
2191 651 2477 720 cognatus
2506 651 2652 714 erat,
2677 663 2866 720 neque
2895 650 3198 722 cognatam
3230 650 3427 706 uxoris
3458 669 3598 722 suis,

1952 754 2130 809 quam
2180 741 2352 793 antea
2400 737 2687 793 habuerat
2733 737 2882 810 ipse,
2943 754 3133 810 neque
3182 740 3601 812 susceptricem

1954 842 2340 898 suam,neque
2371 829 2769 882 consecratam
2799 825 3304 900 vestalem,neque
3333 829 3604 902 repudia-

1954 917 2075 970 tam
2107 914 2322 986 aliquis
2354 914 2722 972 Christianus
2743 931 3005 988 unquam
3037 933 3275 974 uxorem
3308 917 3607 987 ducat,ne-

1953 1020 2066 1075 que
2089 1003 2348 1075 aliquam
2389 1004 2751 1060 meretricem
2796 1020 3061 1077 unquam
3105 1009 3378 1075 sectetur,
3410 1023 3600 1081 neque

1953 1091 2150 1164 plures
2176 1109 2293 1146 una
2324 1109 2499 1149 uxore
2529 1093 2761 1159 habeat,
2794 1097 2852 1149 et
2907 1110 2974 1150 ea
3003 1095 3081 1150 sit
3127 1094 3387 1168 legitime
3417 1100 3602 1170 nupta

1952 1197 2116 1246 uxor,
2151 1181 2251 1236 sed
2279 1179 2501 1243 habitet
2522 1197 2654 1237 cum
2699 1181 2802 1238 illa
2830 1183 2973 1252 sola,
3007 1183 3269 1255 quandiu
3298 1183 3429 1258 ipsa
3453 1185 3604 1243 vixe-

1953 1269 2047 1323 rit.
2082 1269 2170 1324 lta
2199 1285 2430 1340 semper
2460 1269 2692 1339 (facere)
2719 1270 2891 1326 debet
2944 1271 3044 1344 qui
3100 1273 3202 1328 Dei
3249 1273 3406 1346 leges
3436 1275 3600 1346 juste

1952 1373 2176 1422 curare,
2209 1361 2268 1413 et
2297 1358 2369 1413 ab
2403 1358 2615 1414 inferni
2647 1359 2915 1415 incendio
2955 1359 3215 1418 animam
3263 1379 3432 1420 suam
3464 1380 3598 1422 cus-

1952 1446 2141 1502 todire
2169 1445 2326 1501 velit.

2349 1535 2494 1592 VIII.
2530 1537 2605 1590 De
2633 1535 2857 1592 decimis
2887 1536 3192 1594 reddendis.

2022 1624 2093 1679 Et
2123 1623 2530 1696 persolvantur
2561 1624 2661 1680 Dei
2685 1625 2825 1695 jura
2877 1625 3082 1696 quovis
3107 1643 3259 1682 anno
3284 1628 3442 1699 juste
3471 1629 3604 1685 dili-

1952 1716 2155 1784 genter
2174 1712 2284 1768 hoc
2314 1717 2405 1769 est
2436 1711 2715 1769 arationis
2744 1713 3114 1787 eleemosyna
3142 1716 3368 1772 decimo
3399 1717 3603 1790 quinto

1951 1800 2045 1856 die
2074 1818 2108 1856 a
2133 1801 2432 1872 Paschate,
2464 1806 2521 1858 et
2549 1802 2776 1858 fetuum
2809 1802 3046 1858 decimae
3087 1803 3158 1858 ad
3207 1803 3601 1875 Pentecosten,

1960 1893 2016 1944 et
2044 1891 2209 1944 terra
2237 1889 2507 1962 primitiae
2531 1891 2602 1946 ad
2627 1891 2842 1947 festum
2860 1891 3139 1947 Omnium
3169 1892 3606 1962 Sanctorum;et

1957 1976 2005 2033 si
2033 1978 2167 2050 quis
2197 1982 2340 2034 tunc
2383 1979 2641 2036 decimas
2673 1979 3002 2052 persolvere
3033 1979 3198 2049 nolit,
3232 1981 3427 2054 prouti
3457 1982 3603 2039 dixi-

1956 2082 2109 2132 mus,
2141 2066 2250 2122 hoc
2279 2071 2370 2123 est
2399 2066 2658 2124 decimas
2679 2068 2824 2140 agri,
2858 2069 3063 2125 eodem
3077 2069 3251 2126 modo
3263 2087 3330 2128 ac
3343 2074 3604 2128 aratrum

1954 2171 2330 2227 progressum
2348 2156 2486 2212 fecit
2509 2175 2523 2226 ;
2543 2160 2682 2213 tunc
2715 2157 3062 2214 conveniant
3084 2157 3240 2232 regis
3257 2160 3604 2232 praepositus

1951 2247 2008 2298 et
2036 2243 2314 2317 episcopi,
2347 2249 2404 2300 et
2443 2245 2607 2302 fundi
2631 2245 2906 2302 dominus
2927 2249 2984 2301 et
3004 2246 3258 2303 ecclesiae
3280 2248 3604 2321 presbyter,

1951 2335 2008 2387 et
2037 2340 2277 2388 sumant
2298 2333 2476 2388 invito
2502 2333 2600 2388 illo
2651 2334 2940 2390 decimam
2980 2338 3206 2407 partem
3229 2352 3334 2408 pro
3360 2335 3607 2394 ecclesia

1949 2421 2021 2476 ad
2057 2437 2235 2492 quam
2259 2421 2594 2495 pertinet,et
2618 2422 2920 2495 assignent
2943 2423 2994 2478 ei
3017 2441 3234 2480 nonam
3258 2428 3482 2498 partem
3508 2443 3522 2494 ;
3547 2431 3606 2483 et

1948 2508 2246 2565 dividatur
2265 2514 2466 2566 octava
2489 2527 2626 2582 pars
2656 2510 2716 2566 in
2738 2512 2875 2580 duo,
2911 2515 2967 2567 et
3009 2512 3200 2584 capiat
3225 2516 3393 2570 terrae
3420 2515 3604 2572 domi-

1946 2614 2059 2654 nus
2086 2597 2486 2666 dimidium,et
2505 2598 2823 2655 dimidium
2844 2599 3304 2674 episcopus,sive
3325 2602 3404 2659 sit
3423 2601 3598 2676 regis,

1947 2686 2066 2743 sive
2095 2687 2259 2743 thani
2293 2687 2580 2743 minister.

2397 2785 2491 2840 IX.
2524 2786 2596 2841 Dc
2624 2801 2850 2842 num-mo
2880 2787 3140 2844 Romano.

2011 2873 2082 2927 Et
2112 2873 2391 2930 denarius
2420 2873 2575 2929 Petri
2606 2875 2678 2930 ad
2710 2875 2929 2931 festum
2959 2875 3112 2932 Petri
3143 2876 3446 2947 (solvatur)
3475 2881 3533 2934 et
3548 2878 3598 2934 si

187 2957 404 3028 rus,vel
437 2958 574 3013 furti
607 2959 897 3026 conscius,
920 2963 1022 3014 aut
1050 2959 1423 3015 consiliarius
1463 2956 1659 3023 fuerit,
1693 2959 1832 3010 tunc
1940 2961 2073 3033 quis
2104 2977 2238 3016 eum
2275 2979 2462 3034 usque
2491 2962 2802 3034 postillum
2832 2963 2988 3020 diem
3018 2965 3447 3034 retinuerit,det
3461 2967 3584 3040 epi-

188 3045 266 3101 sit
295 3045 659 3102 sanctiﬁcata
687 3046 932 3102 ecclesia
978 3046 1268 3116 exclusus,
1291 3050 1349 3103 et
1378 3047 1582 3118 perdat
1612 3045 1831 3115 ubique
1937 3067 2112 3122 scopo
2135 3049 2301 3106 illum
2327 3052 2657 3119 denarium,
2691 3057 2748 3107 et
2779 3053 2955 3108 addat
2981 3069 3093 3108 xxx
3123 3057 3180 3110 et
3209 3054 3328 3127 regi
3350 3058 3584 3112 centum

187 3138 308 3190 tam
340 3134 676 3191 societatem
707 3151 886 3207 quam
907 3135 1311 3204 amicitiam,et
1330 3135 1649 3207 cujuslibet
1667 3149 1831 3188 vene-

190 3222 500 3291 rationem,
521 3223 634 3279 nisi
667 3206 821 3296 apud
852 3223 1036 3279 Deum
1054 3227 1110 3280 et
1139 3225 1293 3296 apud
1325 3206 1595 3280 homines
1627 3222 1832 3295 majori
1865 3206 1908 3272 C

187 3312 362 3370 modo
392 3313 948 3385 compenset,prouti
977 3313 1286 3385 episcopus
1307 3329 1440 3368 eum
1468 3312 1830 3378 instruxerit,

1934 3137 2138 3212 viginti
2171 3138 2410 3195 solidos.

2380 3237 2440 3293 X.
2473 3239 2546 3295 De
2571 3239 2840 3310 primitiis
2859 3241 3148 3296 seminum.

2016 3326 2083 3380 Et
2111 3326 2406 3381 seminum
2430 3327 2698 3398 primitiae
2721 3328 2793 3382 ad
2821 3327 3055 3384 Martini
3075 3327 3437 3395 festum,etsi
3456 3329 3592 3401 quis

190 3403 246 3457 et
273 3399 728 3491 inveniamﬁiki
778 3402 1206 3491 θάφᾶυβεοτθῐην
1243 3401 1398 3473 (ἰυοά
1449 3401 1834 3491 impostgrum
1945 3430 2237 3486 casusque
2285 3419 2418 3486 post
2443 3413 2610 3470 illum
2641 3415 2800 3470 diem
2858 3415 3188 3487 retinuerit,
3217 3416 3314 3474 det
3341 3432 3443 3474 eas
3467 3399 3596 3491 epi-

190 3504 422 3560 semper
474 3505 508 3544 a
552 3488 732 3544 simili
789 3488 1076 3562 (crimine)
1133 3493 1470 3546 cessaturus
1527 3490 1626 3545 sit.
1660 3489 1744 3558 Et,
1787 3489 1836 3544 si

191 3593 328 3634 eum
356 3592 609 3650 purgare
638 3577 796 3645 velit,
825 3582 1034 3651 purget
1063 3594 1165 3650 pro
1197 3577 1331 3634 iacti
1363 3579 1557 3645 modo,
1591 3577 1710 3633 sive
1731 3578 1840 3632 tri-

193 3663 331 3739 plici
363 3665 482 3722 sive
511 3665 764 3737 simplici
795 3666 1139 3739 purgatione
1170 3683 1273 3738 pro
1305 3667 1442 3722 facti
1475 3667 1668 3723 modo.

247 3780 341 3835 VI.
370 3781 690 3837 Exhortatio
719 3782 787 3836 ad
831 3783 1232 3849 ecclesiasticos,
1267 3786 1326 3837 ut
1355 3790 1542 3838 sancte
1570 3783 1777 3838 viva-nt.

267 3895 340 3951 Et
367 3894 640 3951 volumus
672 3901 735 3952 ut
756 3896 1070 3967 cujuslibet
1091 3897 1311 3953 ordinis
1332 3897 1440 3951 viri
1462 3897 1770 3971 diligenter
1785 3913 1846 3953 se

198 3983 917 4058 submittantsingulijuri
957 3986 1111 4057 quod
1125 3985 1198 4041 ad
1229 4002 1328 4041 eos
1344 3985 1677 4057 pertinet,et
1702 4004 1846 4058 pra:-

199 4072 405 4130 sertim
420 4071 814 4141 Deiministri,
839 4073 1165 4145 episcopiet
1195 4075 1456 4140 abbates,
1491 4075 1761 4131 monachi
1793 4079 1850 4131 et

200 4159 509 4226 moniales,
543 4160 805 4216 canonici
827 4165 883 4217 et
910 4162 1158 4218 vestales
1187 4164 1260 4218 ad
1292 4167 1515 4219 rectum
1547 4163 1848 4239 inclinent,

199 4253 260 4304 et
286 4247 632 4321 regulariter
660 4249 876 4317 vivant,
901 4254 957 4306 et
976 4250 1067 4306 die
1090 4267 1155 4306 ac
1169 4254 1353 4318 nocte,
1388 4267 1539 4324 saepe
1571 4257 1628 4307 et
1653 4253 1853 4308 crebro

198 4337 506 4393 Christum
539 4338 828 4408 invocent,
859 4342 916 4394 et
943 4355 1046 4410 pro
1077 4340 1238 4394 omni
1282 4341 1495 4412 populo
1526 4339 1854 4396 Christiano

199 4425 519 4499 diligenter
547 4427 928 4483 intercedant.
966 4429 1032 4483 Et
1061 4445 1265 4484 omnes
1299 4429 1395 4484 Dei
1427 4427 1729 4484 ministros
1758 4446 1858 4485 ro-

201 4530 420 4588 gamus
451 4517 508 4570 et
540 4515 903 4582 docemus,et
931 4516 1254 4589 praesertim
1279 4517 1628 4583 sacerdotes,
1654 4523 1718 4573 ut
1743 4518 1860 4574 Deo

203 4602 506 4671 obediant,
543 4607 600 4660 et
629 4605 959 4661 castitatem
983 4609 1198 4672 ament,
1221 4609 1278 4661 et
1307 4609 1545 4661 caveant
1574 4605 1684 4661 sibi
1716 4605 1862 4679 ipsis

204 4691 281 4746 ab
314 4689 404 4746 ira
433 4691 556 4758 Dei,
591 4696 648 4748 et
677 4694 749 4748 ab
807 4697 1091 4750 aastuante
1146 4693 1412 4750 incendio
1443 4695 1600 4766 quod
1633 4695 1773 4750 furit
1801 4695 1862 4749 in

204 4778 460 4835 inferno.
493 4779 954 4854 Diligentissima
979 4781 1166 4839 sciant
1186 4783 1341 4855 quod
1364 4782 1602 4839 omnino
1623 4800 1739 4838 non
1765 4784 1862 4839 de-

207 4868 393 4925 beant
409 4868 599 4925 coitus
618 4886 796 4926 causa
812 4889 947 4927 cum
1000 4871 1217 4928 femina
1236 4872 1690 4928 communicare.
1718 4873 1788 4927 Et
1817 4872 1867 4926 si

209 4956 350 5028 quis
383 4957 456 5012 ab
487 4974 554 5014 eo
585 4959 880 5016 abstinere
909 4964 966 5016 et
985 4960 1315 5017 castitatem
1339 4977 1568 5017 servare
1588 4959 1744 5029 velit,
1761 4961 1869 5016 ha-

209 5044 351 5100 beat
380 5045 482 5102 Dei
506 5046 1064 5117 misericordiam,et
1094 5050 1286 5121 quoad
1311 5055 1600 5106 terrenam
1633 5065 1871 5105 venera-

211 5133 437 5190 tionem
471 5134 550 5190 sit
572 5137 706 5206 jure
737 5137 899 5192 thani
928 5131 1162 5212 dignus.
1197 5139 1268 5194 Et
1319 5138 1565 5210 quilibet
1594 5139 1870 5194 Christia-

210 5238 332 5278 nus
360 5239 428 5279 ex
458 5222 669 5280 timore
700 5223 931 5281 Domini
963 5227 1054 5282 sui
1106 5227 1392 5298 injustum
1420 5227 1636 5282 coitum
1671 5226 1874 5283 scdulo

209 5307 414 5383 evitet,
443 5315 502 5367 et
532 5311 690 5384 leges
723 5313 1146 5371 ecclesiasticas
1168 5316 1331 5386 juste
1363 5315 1645 5372 observet.

619 5418 738 5475 VII.
776 5422 850 5476 De
868 5422 1140 5493 conjugiis
1165 5421 1484 5492 prohibitis.

283 5523 591 5580 Docemus
621 5523 798 5580 etiam
846 5530 904 5582 et
935 5541 1232 5598 rogamus,
1266 5530 1324 5580 et
1374 5526 1432 5581 in
1489 5527 1588 5582 Dei
1645 5527 1880 5583 nomine

231 5627 597 5679 mperamus
628 5628 701 5668 ne
724 5612 936 5686 aliquis
957 5613 1324 5670 Christianus
1367 5615 1760 5672 infrasextum
1793 5633 1886 5672 co-

1949 3519 2141 3574 scopo,
2176 3507 2232 3558 et
2262 3508 2602 3576 compenset
2645 3505 2921 3560 undecies
2978 3509 3036 3560 et
3063 3505 3185 3580 regi
3215 3523 3322 3562 cxx
3351 3506 3592 3564 solidos.

2020 3592 2108 3647 XI.
2143 3593 2217 3647 De
2240 3591 2462 3648 decimis
2490 3593 2560 3648 ad
2587 3593 2872 3649 ecclesiam
2909 3594 3069 3650 thani
3098 3595 3520 3667 pertinentibus.

2023 3680 2081 3735 Si
2115 3681 2247 3752 quis
2271 3685 2410 3736 tunc
2439 3681 2656 3738 thanus
2688 3682 2785 3751 sit,
2818 3682 2918 3755 qui
2975 3683 3037 3739 in
3088 3683 3460 3756 possessione
3489 3701 3602 3742 sua

1953 3768 2260 3825 ecclesiam
2295 3770 2527 3838 habeat,
2561 3771 2620 3826 in
2661 3788 2778 3844 qua
2826 3773 2903 3828 sit
2958 3772 3377 3841 cmmeterium,
3409 3774 3605 3830 tradat

1953 3861 2095 3914 tunc
2116 3858 2348 3914 tertiam
2363 3862 2588 3931 partem
2626 3860 2996 3932 propriarum
3027 3861 3389 3918 decimarum
3421 3861 3604 3919 eccle-

1957 3947 2055 4003 siae
2088 3949 2303 4003 suae.Et
2333 3947 2382 4003 si
2414 3949 2550 4020 quis
2581 3948 2887 4006 ecclesiam
2917 3950 3131 4006 habeat
3161 3951 3220 4007 in
3243 3967 3358 4024 qua
3386 3968 3502 4008 non
3518 3955 3610 4008 est

1959 4037 2378 4104 ccemeterium,
2414 4038 2512 4092 det
2541 4054 2610 4093 ex
2641 4056 2696 4093 1x
2737 4039 3004 4111 partibus
3038 4040 3376 4113 presbytero
3408 4057 3516 4096 suo
3546 4039 3607 4096 id

1961 4124 2116 4198 quod
2147 4124 2302 4192 velit,
2345 4129 2404 4180 et
2451 4125 2699 4198 quilibet
2751 4127 3010 4184 ecclesia:
3066 4145 3276 4185 census
3327 4128 3609 4200 primario

1961 4213 2228 4269 tradatur
2260 4213 2478 4285 templo
2511 4231 2579 4270 ex
2607 4214 2882 4271 omnibus
2913 4215 3304 4288 ingenuorum
3335 4215 3500 4272 focis.

2346 4301 2447 4356 XII
2455 4345 2466 4357 .
2499 4305 2574 4358 De
2593 4305 2829 4375 pecunia
2850 4320 2953 4374 pro
2979 4305 3235 4361 lucernis.

2037 4393 2106 4445 Et
2137 4406 2420 4446 nummus
2451 4391 2778 4448 candelaris
2826 4396 2915 4448 ter
2955 4391 3273 4464 quotannis
3305 4390 3614 4466 (solvatur)

1969 4478 2158 4551 primo
2187 4477 2384 4550 vigilia
2415 4479 2737 4548 Paschatis,
2771 4497 2903 4538 cera
2937 4479 3152 4538 valoris
3199 4478 3427 4535 dimidii
3460 4481 3620 4538 oboli

1894 4568 1940 4634 D
1972 4583 2075 4639 pro
2106 4565 2367 4638 qualibet
2391 4566 2565 4639 hyda,
2599 4574 2656 4624 et
2685 4570 2894 4625 deinde
2935 4570 3008 4625 ad
3067 4568 3334 4624 omnium
3379 4572 3626 4625 sancto-

1969 4672 2102 4711 rum
2135 4655 2348 4710 festum
2379 4659 2464 4710 tot
2492 4656 2688 4725 etiam,
2722 4662 2779 4714 et
2808 4662 3012 4731 postea
3040 4659 3114 4715 ad
3146 4656 3622 4716 Puriﬁcationem

1972 4745 2152 4800 beatae
2177 4741 2366 4797 Mariae
2398 4743 2685 4799 similiter.

1974 4833 2118 4888 XIII.
2156 4834 2224 4887 De
2249 4833 2483 4902 pecunia
2507 4848 2625 4903 quae
2652 4833 2858 4960 dicit}?
2883 4835 3194 4906 symbolum
3222 4836 3450 4906 anima,
3477 4838 3531 4893 et
3559 4836 3629 4896 de

2648 4921 2780 4960 senu
2827 4922 2952 4960 um.

2648 4921 2952 4976 sepultura.

2049 4994 2118 5048 Et
2145 4991 2550 5062 aequissimum
2579 4997 2747 5048 estut
2770 4993 3018 5065 pecunia
3039 4995 3382 5064 sepulcralis
3395 5012 3633 5070 semper

1981 5081 2239 5138 solvatur
2269 5080 2338 5135 ad
2372 5084 2638 5152 apertum
2680 5079 3038 5153 sepulcrum.
3072 5084 3203 5138 etsi
3236 5085 3368 5158 quis
3388 5085 3632 5158 aliquod

1983 5187 2193 5242 corpus
2223 5186 2290 5225 ex
2322 5185 2430 5223 sua
2477 5169 2751 5240 parochia
2793 5169 2932 5224 alibi
2988 5170 3340 5244 humaverit,
3371 5172 3635 5229 solvatur

1986 5259 2371 5316 nihilominus
2427 5257 2671 5330 pecunia
2722 5257 3070 5332 sepulcralls
3130 5258 3215 5316 illi
3271 5259 3524 5319 ecclesias
3557 5264 3632 5320 ad

1987 5365 2165 5421 quam
2197 5346 2345 5404 illud
2377 5345 2646 5420 pertinet.

1987 5439 2132 5495 XIV.
2157 5439 2231 5495 De
2251 5438 2347 5493 Dei
2367 5437 2610 5509 juribus,
2660 5438 2831 5510 festis,
2865 5445 2917 5494 et
2939 5439 3174 5512 jejuniis
3231 5439 3635 5495 conservandis.

2061 5528 2131 5582 Et
2162 5526 2359 5581 omnia
2381 5525 2477 5582 Dei
2491 5529 2630 5599 jura
2651 5531 3076 5602 praeserventur
3095 5526 3410 5601 diligenter
3443 5529 3638 5602 prouti

1997 5616 2399 5673 necessarium
2421 5622 2538 5684 est;
2564 5617 2710 5676 festa
2740 5622 2797 5676 et
2818 5619 3047 5693 jejunia
3069 5616 3263 5677 debito
3295 5617 3467 5677 modo
3496 5617 3641 5677 cele-
