3924 6210
323 379 477 444 M75

1687 373 1997 439 MONUM.
2044 371 2363 436 DIPLOM.

3577 364 3753 430 ηπ

316 513 560 581 brentur
581 530 594 581 ;
619 516 676 569 et
705 510 807 569 ﬂat
837 509 1208 584 quolibet-die
1229 509 1453 566 Domini
1465 525 1526 564 co
1545 509 1674 564 festi
1706 507 1956 564 celebra-
1983 509 2039 576 Α
2067 505 2176 562 hoc
2205 509 2294 562 est
2322 504 2556 578 propria
2584 503 2701 562 vita
2729 520 2906 578 quam
2938 519 3042 576 pro
3091 499 3258 561 nobis
3297 502 3584 560 omnibus
3610 506 3741 560 tra-

318 600 398 658 tio
429 598 574 655 adie
604 597 837 655 Saturni
870 597 1015 654 hora
1054 597 1476 669 pomeridiana,
1513 612 1700 667 usque
1749 595 1819 651 ad
1847 594 1964 651 diei

321 689 496 746 Lunae
527 704 819 754 auroram,
853 691 910 742 et
939 685 1182 758 quilibet
1212 685 1361 740 alius
1393 686 1517 740 dies
1549 685 1752 753 festus,
1775 684 1966 757 prouti

322 775 579 834 indictus
610 777 807 832 fuerit.

809 882 921 937 XV.
955 883 1030 937 De
1052 882 1138 937 die
1165 882 1465 936 Dominico.

395 982 466 1036 Et
494 979 585 1035 die
616 977 766 1034 Solis
797 982 1187 1032 mercaturam
1232 976 1407 1032 etiam
1439 977 1806 1034 severissime
1838 995 1968 1050 pro-

327 1070 618 1132 hibemus,
651 1072 708 1122 et
763 1082 997 1121 omnem
1056 1070 1400 1120 conventum
1450 1066 1670 1138 populi,
1704 1066 1816 1122 nisi
1867 1085 1970 1139 pro

327 1157 582 1216 maxima
609 1154 952 1212 necessitate
975 1154 1071 1222 sit,
1101 1159 1157 1210 et
1187 1156 1646 1226 venationem,et
1677 1157 1748 1211 ab
1781 1157 1971 1211 omni-

328 1247 440 1302 bus
470 1245 788 1301 mundanis
817 1244 1092 1316 operibus
1119 1243 1176 1298 in
1219 1243 1330 1298 hoc
1387 1248 1588 1299 sancto
1648 1244 1739 1300 die
1769 1244 1970 1300 sedulo

329 1335 682 1392 cessandum
706 1338 814 1389 est.

898 1422 1036 1477 XVI.
1067 1423 1146 1477 De
1164 1423 1415 1493 jejum'is.

399 1525 470 1579 Et
499 1526 564 1577 ut
593 1521 894 1594 quodlibet
931 1521 1262 1590 injunctum
1305 1519 1598 1590 jejunium
1648 1536 1782 1574 cum
1814 1519 1974 1575 omni

330 1611 632 1685 diligentia
678 1611 1034 1676 observetur,
1068 1608 1186 1664 sive
1246 1607 1322 1662 sit
1372 1608 1666 1679 jejunium
1716 1609 1974 1672 Quatuor

327 1703 702 1772 Temporum,
736 1699 855 1753 sive
879 1691 956 1752 sit
975 1695 1271 1767 jejunium
1302 1696 1832 1768 Quadragesimale,
1854 1698 1972 1753 sive

331 1791 408 1846 sit
435 1788 596 1843 aliud
628 1787 1021 1859 quodcunque
1044 1785 1425 1856 jejunium,et
1453 1785 1715 1856 quolibet
1739 1786 1884 1841 festo
1908 1787 1968 1842 B.

2077 593 2246 659 didit,
2283 594 2546 650 redemit.

2337 693 2472 748 XIX.
2506 693 2583 747 Ad
2612 694 3006 748 eucharistiam
3036 698 3089 747 et
3117 693 3457 763 probitatem.

2150 784 2219 837 Et
2238 782 2483 853 quilibet
2497 782 2866 838 Christianus
2887 781 3062 836 faciat
3082 781 3237 852 quod
3258 781 3456 853 ipsum
3480 786 3748 854 Oportet;

2080 858 2382 926 incumbat
2406 869 2912 926 Christianissimo
2934 870 3041 926 suo
3073 869 3399 942 diligenter,
3418 875 3477 926 et
3506 888 3749 944 prepa-

2081 965 2166 1016 ret
2189 976 2249 1016 se
2274 959 2448 1016 etiam
2472 960 2542 1015 ad
2561 959 3036 1015 communionem
3049 964 3105 1015 S.
3121 959 3502 1016 Eucharistim
3521 960 3744 1016 saltem

2081 1054 2170 1104 ter
2197 1049 2255 1104 in
2290 1065 2442 1104 anno
2471 1048 2710 1104 cuilibet
2742 1048 2842 1120 qui
2869 1049 3164 1121 propriam
3198 1049 3608 1105 necessitatem
3645 1051 3746 1105 in-

2082 1137 2336 1209 lelligere
2358 1137 2496 1192 velit
2512 1154 2749 1193 necesse
2765 1141 2871 1204 est,
2895 1141 2952 1192 et
2967 1138 3209 1194 verbum
3242 1152 3308 1194 ac
3340 1139 3561 1194 factum
3593 1155 3746 1211 erga

2083 1226 2404 1298 quemlibet
2433 1226 2689 1282 amicum
2720 1227 2950 1282 ordinet
2999 1243 3132 1282 cum
3158 1227 3411 1298 justitia,
3443 1231 3503 1283 et
3525 1228 3746 1300 jusju-

2084 1317 2334 1370 randum
2355 1332 2421 1370 ac
2444 1316 2632 1372 fcedus
2663 1319 2828 1372 caute
2874 1321 3063 1372 servet
3089 1334 3102 1383 ;
3128 1320 3185 1371 et
3214 1315 3518 1388 quodlibet
3551 1317 3747 1388 injus-

2083 1409 2209 1460 tum
2231 1404 2542 1476 diligenter
2567 1421 2636 1460 ex
2661 1404 2768 1460 hac
2791 1409 2943 1460 terra
2962 1403 3251 1475 ejiciatur,
3285 1409 3574 1478 quantum
3608 1406 3746 1462 ﬁeri

2085 1497 2294 1565 potest,
2326 1497 2382 1549 et
2407 1492 2685 1565 diligatur
2710 1494 2808 1549 Dei
2833 1493 3070 1563 justitia
3111 1493 3326 1549 abhinc
3372 1494 3578 1550 sedulo
3607 1511 3744 1550 ver-

2085 1583 2176 1638 bis
2209 1586 2264 1638 et
2295 1583 2480 1637 factis.
2511 1583 2675 1638 Tunc
2721 1583 2890 1639 nobis
2938 1582 3215 1637 omnibus
3273 1583 3374 1638 Dei
3407 1583 3752 1640 misericor—

2085 1670 2182 1726 dia
2214 1670 2593 1742 propinquior
2623 1671 2749 1727 erit.

2402 1769 2511 1822 XX.
2547 1769 2625 1823 Ad
2653 1769 2967 1838 ﬁdelitatem
2987 1785 3118 1838 erga
3145 1769 3410 1824 dominos.

331 1878 546 1944 Mariae,
578 1857 812 1932 etfesto
843 1877 1250 1945 cujuscunque
1277 1875 1522 1945 apostoli
1544 1875 1965 1946 jejunetur,ex-

2154 1858 2460 1930 Agendum
2493 1857 2776 1914 faciamus
2806 1857 2983 1914 etiam
3016 1857 3401 1926 sedulo,sicut
3429 1858 3740 1930 docemus,

329 1970 494 2039 cepto
513 1964 996 2036 festoPhilippiet
1016 1959 1424 2034 Jacobi,(quia)
1456 1981 1572 2018 non
1604 1965 1972 2037 injungimus

328 2054 566 2127 aliquod
591 2053 885 2125 jejunium
911 2056 1044 2107 ante
1068 2051 1279 2107 festum
1304 2051 1691 2120 Paschatis,et
1712 2053 1975 2124 quolibet

328 2146 422 2201 die
448 2144 690 2200 Veneris
721 2141 844 2214 (sit)
867 2140 1182 2212 jejunium,
1215 2140 1329 2195 nisi
1379 2140 1453 2195 sit
1497 2140 1732 2208 festum,
1769 2147 1826 2197 et
1857 2160 1970 2198 non

328 2248 565 2290 necesse
594 2235 680 2288 est
703 2232 972 2303 jejunare
998 2247 1031 2284 a
1059 2229 1340 2285 Paschate
1375 2245 1562 2301 usque
1593 2229 1666 2284 ad
1699 2231 1971 2287 Penteco-

327 2321 607 2389 sten,nisi
634 2321 966 2392 injunctum
995 2319 1090 2383 sit,
1124 2318 1206 2373 vel
1235 2318 1360 2390 ipse
1391 2319 1628 2374 omnino
1658 2320 1794 2376 velit
1815 2322 1971 2392 jeju-

329 2427 488 2480 nare,
520 2410 605 2466 uti
634 2410 811 2466 etiam
843 2425 877 2464 a
902 2407 1090 2462 Natali
1121 2406 1354 2464 Domini
1389 2425 1576 2479 usque
1608 2410 1678 2464 ad
1712 2414 1971 2466 octavam

327 2499 682 2573 Epiphanius,
715 2498 810 2553 hic
839 2500 927 2553 est
955 2499 1176 2568 septem
1207 2495 1332 2551 dies
1381 2500 1512 2567 post
1557 2497 1970 2555 duodecimum

326 2590 483 2647 diem
510 2589 744 2645 festum.

697 2692 866 2748 XVII.
900 2693 972 2746 De
997 2692 1327 2763 temporibus
1339 2693 1595 2761 justitize.

393 2804 462 2858 Et
493 2800 872 2874 prohibemus
903 2796 1191 2852 ordalium
1224 2798 1643 2867 acjuramenta
1672 2798 1836 2854 festis
1857 2801 1969 2855 die-

322 2892 454 2957 bus,
480 2894 536 2944 et
565 2888 774 2943 diebus
806 2888 1064 2952 Quatuor
1089 2885 1464 2956 Temporum,
1495 2889 1548 2940 et
1580 2886 1787 2943 diebus
1818 2889 1969 2952 Qua-

320 2975 832 3050 dragesimalibus,
867 2978 923 3028 et
945 2973 1126 3044 justis
1154 2972 1359 3028 diebus
1395 2973 1779 3044 jejunalibus,
1813 2981 1868 3032 et
1897 2980 1968 3033 ab

318 3067 583 3123 Adventu
605 3063 832 3120 Domini
865 3061 1198 3134 usquedum
1229 3065 1465 3117 octavus
1487 3061 1612 3118 dies
1632 3080 1811 3136 supra
1831 3065 1968 3121 duo-

323 3155 614 3213 decimum
637 3152 792 3208 diem
835 3148 1127 3222 praeteriit,
1161 3154 1215 3205 et
1246 3167 1279 3205 a
1310 3150 1752 3223 Septuagesima
1783 3170 1968 3226 usque

323 3247 394 3303 ad
428 3242 722 3300 decimum
754 3241 1026 3312 quintum
1051 3239 1205 3294 diem
1229 3256 1408 3310 supra
1437 3239 1753 3297 Pascha.Et
1779 3244 1964 3299 sancti
2001 3240 2042 3306 C

322 3331 634 3404 Edweardi
685 3331 897 3386 festum
957 3327 1250 3400 sapientes
1306 3327 1624 3400 elegerunt,
1655 3335 1721 3386 ut
1753 3332 1970 3388 festum

325 3423 716 3480 celebraretur
759 3434 862 3491 per
899 3433 1133 3473 omnem
1186 3416 1478 3489 Angliam,
1513 3417 1593 3489 (h.
1654 3436 1704 3474 e.
1755 3436 1849 3476 xxv
1878 3421 1972 3478 die

327 3511 540 3579 Martii,
563 3527 637 3565 xv
665 3508 788 3565 Kal.
821 3505 1061 3579 Aprilis,
1096 3509 1152 3561 et
1181 3506 1366 3562 sancti
1403 3507 1691 3562 Dunstani
1732 3508 1966 3577 festum,

328 3621 423 3660 xiv
451 3600 573 3657 Kal.
608 3595 906 3664 Junii,hoc
929 3601 1018 3650 est
1034 3611 1144 3648 xxx
1168 3594 1262 3649 die
1284 3595 1341 3648 in
1361 3594 1603 3650 Maio.Et
1635 3596 1728 3652 his
1747 3601 1967 3654 sanctis

326 3683 905 3763 temporibus,prouti
924 3684 1155 3755 justum
1181 3681 1448 3749 est,inter
1467 3700 1670 3739 omnes
1690 3685 1902 3742 Christi
1911 3705 1967 3742 a-

322 3797 428 3836 nos
445 3796 556 3851 pax
577 3781 633 3832 et
653 3773 962 3831 concordia
986 3771 1082 3837 sit,
1115 3774 1172 3824 et
1201 3770 1392 3825 omnis
1432 3771 1592 3826 fraus
1623 3773 1959 3846 dissipetur.

318 3869 386 3924 Et
415 3868 466 3922 si
497 3865 628 3937 quis
661 3860 835 3918 alicui
860 3859 1294 3930 ﬁdejussionem
1318 3858 1403 3914 vel
1424 3862 1960 3932 compensationem

316 3973 420 4029 pro
450 3954 626 4010 rebus
658 3948 905 4006 terrenis
955 3947 1242 4014 debuerit,
1278 3948 1481 4004 reddat
1513 3949 1563 4002 ei
1597 3949 1798 4006 sedulo
1828 3957 1962 4009 ante

308 4044 392 4101 vel
429 4046 578 4116 post.

308 4151 504 4206 XVIII.
538 4151 644 4204 Pia
672 4145 978 4203 exhortatio
1146 4144 1540 4214 confessionem
1588 4147 1638 4200 et
1682 4149 1954 4217 pte-nite”-

1073 4231 1205 4269 iam.

1073 4231 1205 4269 εανη.

381 4329 675 4400 Rogamus
706 4324 880 4380 etiam
899 4338 1000 4394 per
1015 4320 1117 4376 Dei
1148 4335 1403 4376 amorem
1436 4324 1500 4375 ut
1521 4319 1763 4392 quilibet
1790 4324 1952 4379 Chri-

309 4418 538 4473 stianus
568 4413 857 4486 intelligat
893 4409 1093 4466 sedulo
1134 4408 1436 4480 proprium
1476 4424 1652 4464 suum
1693 4427 1950 4468 commo-

308 4508 470 4562 dum.
502 4507 651 4561 Ante
685 4499 1132 4570 omniatempus
1154 4496 1391 4568 aliquod
1414 4503 1749 4568 exspectare
1778 4501 1949 4557 debe-

2083 1947 2271 2002 simus
2294 1963 2525 2019 semper
2546 1948 2783 2002 domino
2801 1951 3000 2002 nostro
3017 1947 3407 2018 obsequentes
3432 1953 3490 2003 et
3507 1949 3739 2016 fideles,

2083 2040 2139 2090 et
2155 2041 2434 2107 perpetuo
2456 2036 2729 2092 omnibus
2746 2036 2964 2092 viribus
2993 2035 3414 2108 cultumipsius
3435 2040 3742 2107 tueamur,

2083 2129 2141 2181 et
2169 2124 2525 2180 voluntatem
2557 2126 2685 2195 ejus
2706 2125 3233 2195 operemur.0mne
3263 2141 3540 2196 namque,
3575 2127 3741 2197 quod

2085 2231 2344 2285 unquam
2377 2229 2481 2285 pro
2510 2229 2644 2269 vero
2679 2213 2920 2268 Domino
2946 2211 3197 2268 ﬁdeliter
3212 2213 3745 2283 fecerimus,omne

2082 2301 2226 2358 illud
2251 2303 2418 2358 nobis
2449 2302 2596 2373 ipsis
2646 2302 2892 2358 facimus
2923 2302 2993 2357 ad
3048 2303 3331 2372 majorem
3391 2303 3740 2360 utilitatem.

2083 2389 2170 2444 Illi
2204 2407 2458 2462 namque
2480 2394 2633 2445 certe
2665 2391 2819 2445 Deus
2867 2390 3160 2462 gratiosus
3216 2395 3326 2458 est,
3360 2392 3458 2463 qui
3492 2392 3743 2449 domino

2083 2497 2189 2534 suo
2219 2495 2348 2534 vere
2370 2480 2697 2551 obsequens
2717 2483 2824 2534 est.
2847 2479 3057 2552 Magna
3081 2479 3257 2535 etiam
3272 2480 3513 2536 cuilibet
3541 2482 3739 2538 domi-

2082 2584 2156 2623 no
2187 2572 2277 2623 est
2306 2568 2529 2623 utilitas
2557 2572 2622 2622 ut
2651 2567 2903 2623 famulos
2936 2584 3074 2624 suos
3097 2569 3260 2639 juste
3289 2569 3596 2641 gubernet.

2203 2657 2342 2712 XXI.
2376 2657 2455 2711 Ad
2485 2658 2655 2712 Deum
2681 2673 2749 2712 ex
2781 2659 2997 2712 intimis
3026 2657 3310 2712 colendum
3340 2663 3389 2713 et
3420 2657 3607 2728 ﬁdem.

2152 2746 2218 2800 Et
2247 2762 2450 2800 omnes
2479 2745 2840 2802 Christianos
2867 2761 3044 2818 quam
3084 2745 3534 2818 diligentissime
3561 2749 3732 2806 doce-

2082 2849 2234 2898 mus,
2266 2839 2330 2889 ut
2360 2834 2632 2890 interiore
2659 2833 2831 2890 corde
2863 2835 3046 2889 Deum
3099 2850 3332 2907 semper
3367 2835 3641 2910 diligant,
3675 2844 3736 2895 et

2077 2939 2279 2977 verum
2311 2922 2876 2978 Christianissimum
2909 2923 3158 2978 libenter
3177 2927 3426 2989 servent,
3460 2930 3519 2981 et
3547 2928 3733 2982 eccle-

2079 3010 2346 3066 siasticos
2376 3012 2642 3067 doctores
2667 3010 2871 3066 sedulo
2902 3013 3236 3077 audiant,et
3267 3013 3368 3068 Dei
3400 3013 3732 3071 doctrinam

2078 3099 2325 3171 aclegcs
2383 3100 2853 3173 contemplentur
2891 3118 2956 3156 ac
3004 3106 3445 3172 perscrutentur
3491 3120 3647 3176 saepe
3677 3111 3736 3161 et

2081 3189 2282 3243 crebro
2315 3188 2609 3259 propriam
2642 3204 2810 3244 suam
2845 3188 3178 3244 utilitatem.

2207 3276 2367 3332 XXII.
2406 3279 2466 3334 Ut
2497 3278 2808 3334 Orationem
2839 3279 3174 3405 Zomitnicam
3205 3283 3257 3334 et
3284 3280 3612 3351 Symbolum

2497 3378 2499 3380 -
2772 3366 2836 3404 σα
2883 3366 2987 3405 ean.
3017 3392 3028 3404 .

2497 3378 2499 3380 ·
2772 3366 3028 3405 caueam.

2151 3438 2440 3495 Docemus
2471 3438 2646 3494 etiam
2676 3442 2740 3494 ut
2771 3439 3015 3510 quilibet
3040 3439 3407 3497 Christianus
3438 3443 3734 3511 discat,ut

2079 3526 2287 3582 saltem
2319 3527 2505 3598 possit
2532 3543 2726 3583 veram
2751 3529 2923 3582 fidem
2938 3527 3448 3601 recteintelligere,
3481 3535 3542 3586 et
3565 3533 3734 3588 Pater

2074 3623 2257 3671 noster
2281 3633 2348 3672 ac
2379 3616 2552 3672 Credo
2581 3616 2788 3682 discat,
2813 3617 3090 3688 quoniam
3135 3633 3252 3672 uno
3294 3618 3541 3689 quilibet
3569 3621 3731 3676 Chri-

2075 3705 2301 3760 stianus
2330 3705 2512 3760 Deum
2564 3704 2895 3776 implorare,
2937 3709 2994 3760 et
3049 3704 3230 3761 altero
3287 3723 3484 3762 veram
3547 3709 3725 3765 ﬁdem

2074 3793 2378 3850 ostendere
2417 3793 2605 3849 debet.
2639 3792 2908 3849 Christus
2938 3793 3064 3866 ipse
3111 3794 3314 3850 orabat
3361 3795 3529 3867 prius
3559 3799 3727 3854 Pater

2068 3884 2270 3948 noster,
2303 3885 2361 3936 et
2391 3880 2541 3936 hanc
2589 3882 2909 3936 orationem
2956 3881 3276 3954 discipulos
3307 3899 3446 3939 suos
3475 3885 3726 3942 docebat

2070 3971 2272 4038 (Matth.
2306 3973 2406 4038 v1).
2441 3971 2508 4025 Et
2555 3970 2614 4024 in
2673 3970 2932 4026 oratione
2981 3971 3088 4027 hac
3145 3970 3544 4028 ecclesiastica
3584 3982 3723 4030 sunt

2068 4063 2291 4130 septem
2323 4059 2649 4130 petitiones,
2684 4059 2835 4114 hanc
2871 4060 2917 4115 si
2942 4060 3075 4130 quis
3116 4077 3186 4115 ex
3215 4061 3410 4116 animo
3443 4063 3717 4131 oraverit,

2068 4146 2340 4202 nuntium
2373 4163 2604 4218 semper
2620 4147 2800 4201 mittit
2821 4147 2892 4202 ad
2918 4148 3100 4203 Deum
3115 4148 3309 4220 ipsum
3325 4166 3428 4221 pro
3451 4149 3720 4222 quolibet

2064 4237 2372 4292 commodo
2404 4236 2557 4307 quod
2591 4236 2700 4308 ipsi
2762 4237 3159 4292 necessarium
3204 4241 3312 4305 est,
3346 4238 3465 4294 sive
3514 4238 3574 4295 in
3608 4239 3718 4297 hac

2061 4326 2200 4392 vita,
2235 4325 2354 4380 sive
2385 4325 2441 4379 in
2476 4325 2691 4380 futura.
2717 4325 2830 4381 Sed
2864 4327 3324 4398 quomodoquis
3348 4345 3613 4400 unquam
3648 4346 3717 4386 ex

2063 4414 2256 4469 animo
2290 4414 2360 4468 ad
2394 4414 2576 4469 Deum
2609 4430 2773 4468 orare
2805 4419 3017 4485 potest,
3051 4413 3162 4470 nisi
3215 4415 3505 4470 internam
3539 4416 3718 4473 habet

2059 4503 2426 4570 charitatem,
2461 4506 2518 4557 et
2544 4519 2737 4558 veram
2771 4503 2829 4557 in
2863 4503 3046 4558 Deum
3078 4504 3585 4576 fidem,'quoniam
3616 4505 3714 4563 ille

307 4612 461 4662 mus,
495 4611 626 4651 cum
652 4587 1096 4665 quod,quandiu
1121 4583 1952 4657 potuimus,paruerimusdili-
1982 4605 2027 4668 Ι)
2058 4591 2332 4664 deinceps
2361 4608 2478 4647 non
2509 4590 2630 4646 obit
2661 4597 2906 4646 mortem
2939 4591 2996 4646 in
3048 4592 3517 4663 Christianorum
3551 4612 3710 4652 com-

305 4674 504 4759 genter
521 4679 800 4739 voluntati
826 4677 949 4740 Dei,
983 4673 1152 4730 nobis
1186 4672 1410 4745 gratius
1431 4674 1541 4729 erit
1570 4692 1745 4746 quam
1778 4694 1951 4735 omne

302 4774 456 4846 quod
471 4773 528 4826 in
552 4774 671 4826 toto
688 4768 824 4824 orbe
840 4770 946 4820 est.
967 4764 1083 4819 Sed
1107 4766 1244 4817 tunc
1265 4761 1591 4832 simplicem
1617 4766 1944 4823 mercedem

301 4863 513 4918 habere
543 4861 826 4916 debemus
869 4855 995 4926 ejus
1040 4853 1193 4924 quod
1237 4849 1295 4905 in
1327 4851 1445 4906 vita
1474 4855 1644 4908 antea
1676 4853 1939 4912 fecimus.

298 4953 449 5006 Voce
480 4949 638 5004 illius
660 4944 935 5016 tunc,qui
958 4943 1406 5015 promeruerunt
1428 4939 1636 4995 inferni
1673 4943 1939 5002 multam.

298 5039 408 5098 Sed
429 5037 926 5110 agendum,quarn
945 5027 1392 5102 diligentissime
1425 5045 1459 5082 a
1477 5030 1726 5099 peccatis
1753 5049 1940 5088 rever-

295 5129 578 5194 tamur,et
602 5121 822 5194 singuli
852 5119 1062 5175 delicta
1092 5120 1293 5172 nostra
1342 5116 1699 5173 confessario
1743 5125 1941 5177 nostro

296 5214 500 5272 sedulo
533 5211 1008 5272 confiteamur,ut
1039 5221 1270 5278 semper
1298 5203 1723 5276 abstineamus,
1753 5225 1820 5263 ac
1850 5226 1940 5264 se-

295 5303 434 5361 dulo
451 5314 917 5374 compensemus.
937 5297 1008 5350 Et
1037 5293 1254 5366 singuli
1285 5295 1552 5347 nostrum
1586 5292 1718 5349 aliis
1742 5296 1938 5368 injun-

294 5409 506 5466 gamus
528 5390 682 5463 quod
705 5387 974 5443 volumus
992 5387 1058 5437 ut
1089 5382 1257 5437 nobis
1288 5381 1654 5452 injungatur.
1691 5382 1820 5439 Haec
1849 5393 1939 5443 est

294 5481 382 5536 lex
404 5482 590 5551 justa,
623 5483 679 5535 ct
713 5479 822 5532 Deo
852 5472 1018 5530 valde
1039 5475 1288 5542 grata,et
1315 5470 1365 5524 is
1410 5470 1522 5524 erit
1562 5468 1937 5532 felicissimus

295 5570 393 5640 qui
426 5569 612 5640 legem
642 5566 794 5622 hanc
825 5561 1156 5618 servaverit.
1190 5559 1454 5628 Namque
1486 5557 1638 5612 Deus
1669 5561 1933 5634 omnipo-

293 5660 421 5710 tens
452 5672 558 5711 nos
606 5668 809 5710 omnes
868 5647 1102 5729 creavit,
1132 5651 1188 5702 et
1217 5645 1428 5702 deinde
1481 5661 1693 5720 magno
1749 5652 1933 5722 pretio

2063 4681 2359 4748 munione,
2404 4697 2508 4736 nec
2554 4681 2612 4734 in
2671 4681 3376 4738 consecrato'ccemeterio
3435 4684 3709 4758 quiescit,

2058 4785 2247 4841 neque
2277 4770 2335 4823 in
2368 4769 2483 4825 vita
2526 4787 2634 4825 sua
2675 4773 2730 4822 S.
2765 4769 3177 4825 eucharistiam
3224 4771 3492 4844 percipit,
3519 4790 3710 4847 neque

2054 4858 2244 4913 bonus
2271 4862 2359 4913 est
2388 4857 2887 4930 Christianus,qui
2914 4858 3025 4914 hoc
3055 4859 3279 4916 discere
3310 4860 3456 4916 nolit
3480 4880 3492 4930 ;
3519 4879 3708 4936 neque

2053 4947 2151 5003 ille
2183 4948 2375 5002 debite
2405 4946 2586 5002 alium
2619 4947 2914 5018 suscipere
2945 4952 3136 5020 potest
3166 4950 3236 5004 ad
3271 4950 3586 5023 baptisma,
3618 4952 3703 5009 vel

2053 5036 2122 5090 ad
2157 5036 2683 5104 confirmationem,
2717 5035 2829 5092 nisi
2889 5037 3010 5093 haec
3062 5037 3270 5105 discat,
3306 5044 3370 5093 ut
3427 5041 3576 5097 bene
3607 5041 3706 5098 illa

2053 5125 2225 5179 norit.

2439 5214 2641 5270 XXIII.
2681 5216 2743 5272 Ut
2782 5217 3039 5271 exitialia
3065 5218 3301 5287 fugiant.

2121 5302 2406 5357 Docemus
2437 5302 2636 5372 etiam,
2671 5307 2736 5358 ut
2773 5303 3030 5360 exitialia
3060 5309 3298 5377 peccata
3327 5309 3385 5360 et
3413 5297 3700 5364 diabolica

2047 5391 2199 5446 facta
2229 5407 2406 5462 quam
2438 5389 2887 5462 diligentissime
2917 5410 2951 5447 a
3012 5392 3270 5464 quolibet
3299 5394 3616 5462 evitentur,
3645 5401 3698 5452 et

2046 5482 2499 5550 compensentur
2527 5479 3102 5554 libentissime,juxta
3131 5483 3474 5538 confessarii
3506 5485 3693 5540 consi-

2045 5567 2211 5633 lium,
2246 5566 2296 5622 si
2328 5566 2463 5637 quis
2496 5584 2598 5638 per
2647 5568 2864 5625 diaboli
2905 5571 3343 5644 instigationem
3371 5572 3694 5644 in‘peccata

2045 5655 2221 5714 fuerit
2251 5655 2475 5728 lapsus.
