  <div class='ocr_page' id='page_1' title='image "/cluster/home/n/w/nwhite01/storage/ocr_20150623/151/uva.x000829795/638.png"; bbox 0 0 3924 6210; ppageno 0'>
   <div class='ocr_carea' id='block_1_1' title="bbox 188 349 351 415">
    <p class='ocr_par' dir='ltr' id='par_1_1' title="bbox 188 349 351 415">
     <span class='ocr_line' id='line_1_1' title="bbox 188 349 351 415; baseline -0.012 -1"><span class='ocrx_word' id='word_1_1' title='bbox 188 349 351 415; x_wconf 68' lang='grc' dir='ltr'>ηπ</span> 
     </span>
    </p>
   </div>
   <div class='ocr_carea' id='block_1_2' title="bbox 564 483 1465 559">
    <p class='ocr_par' dir='ltr' id='par_1_2' title="bbox 564 483 1465 559">
     <span class='ocr_line' id='line_1_2' title="bbox 564 483 1465 559; baseline 0.004 -19"><span class='ocrx_word' id='word_1_2' title='bbox 564 483 758 541; x_wconf 76' lang='lat' dir='ltr'>XXIV.</span> <span class='ocrx_word' id='word_1_3' title='bbox 789 483 856 542; x_wconf 81' lang='lat' dir='ltr'>Et</span> <span class='ocrx_word' id='word_1_4' title='bbox 883 486 1031 542; x_wconf 77' lang='lat' dir='ltr'>inter</span> <span class='ocrx_word' id='word_1_5' title='bbox 1058 483 1171 542; x_wconf 76' lang='lat' dir='ltr'>haec</span> <span class='ocrx_word' id='word_1_6' title='bbox 1195 488 1465 559; x_wconf 78' lang='lat' dir='ltr'>stuprum.</span> 
     </span>
    </p>
   </div>
   <div class='ocr_carea' id='block_1_3' title="bbox 260 573 1839 650">
    <p class='ocr_par' dir='ltr' id='par_1_3' title="bbox 260 573 1839 650">
     <span class='ocr_line' id='line_1_3' title="bbox 260 573 1839 650; baseline 0.004 -20"><span class='ocrx_word' id='word_1_7' title='bbox 260 573 553 631; x_wconf 89' lang='lat' dir='ltr'>Docemus</span> <span class='ocrx_word' id='word_1_8' title='bbox 583 574 763 630; x_wconf 87' lang='lat' dir='ltr'>etiam</span> <span class='ocrx_word' id='word_1_9' title='bbox 793 577 860 629; x_wconf 89' lang='lat' dir='ltr'>ut</span> <span class='ocrx_word' id='word_1_10' title='bbox 881 574 1150 631; x_wconf 83' lang='lat' dir='ltr'>homines</span> <span class='ocrx_word' id='word_1_11' title='bbox 1180 592 1215 633; x_wconf 89' lang='lat' dir='ltr'>a</span> <span class='ocrx_word' id='word_1_12' title='bbox 1249 576 1402 650; x_wconf 87' lang='lat' dir='ltr'>turpi</span> <span class='ocrx_word' id='word_1_13' title='bbox 1433 580 1658 649; x_wconf 83' lang='lat' dir='ltr'>stupro,</span> <span class='ocrx_word' id='word_1_14' title='bbox 1681 585 1734 635; x_wconf 83' lang='lat' dir='ltr'>el</span> <span class='ocrx_word' id='word_1_15' title='bbox 1766 582 1839 637; x_wconf 88' lang='lat' dir='ltr'>ab</span> 
     </span>
    </p>
   </div>
   <div class='ocr_carea' id='block_1_4' title="bbox 183 661 1843 732">
    <p class='ocr_par' dir='ltr' id='par_1_4' title="bbox 183 661 1843 732">
     <span class='ocr_line' id='line_1_4' title="bbox 183 661 1843 732; baseline 0.004 -15"><span class='ocrx_word' id='word_1_16' title='bbox 183 661 398 720; x_wconf 84' lang='lat' dir='ltr'>illicito</span> <span class='ocrx_word' id='word_1_17' title='bbox 426 662 763 732; x_wconf 85' lang='lat' dir='ltr'>concubitu,</span> <span class='ocrx_word' id='word_1_18' title='bbox 795 667 853 719; x_wconf 84' lang='lat' dir='ltr'>et</span> <span class='ocrx_word' id='word_1_19' title='bbox 881 664 954 720; x_wconf 87' lang='lat' dir='ltr'>ab</span> <span class='ocrx_word' id='word_1_20' title='bbox 984 665 1146 721; x_wconf 89' lang='lat' dir='ltr'>omni</span> <span class='ocrx_word' id='word_1_21' title='bbox 1177 664 1463 722; x_wconf 89' lang='lat' dir='ltr'>adulterio</span> <span class='ocrx_word' id='word_1_22' title='bbox 1495 672 1843 724; x_wconf 79' lang='lat' dir='ltr'>moneantur</span> 
     </span>
    </p>
   </div>
   <div class='ocr_carea' id='block_1_5' title="bbox 181 752 860 826">
    <p class='ocr_par' dir='ltr' id='par_1_5' title="bbox 181 752 860 826">
     <span class='ocr_line' id='line_1_5' title="bbox 181 752 860 826; baseline -0.001 -18"><span class='ocrx_word' id='word_1_23' title='bbox 181 767 427 826; x_wconf 82' lang='lat' dir='ltr'>semper</span> <span class='ocrx_word' id='word_1_24' title='bbox 454 768 518 808; x_wconf 89' lang='lat' dir='ltr'>se</span> <span class='ocrx_word' id='word_1_25' title='bbox 546 752 860 809; x_wconf 87' lang='lat' dir='ltr'>abstinere.</span> 
     </span>
    </p>
   </div>
   <div class='ocr_carea' id='block_1_6' title="bbox 356 850 1669 927">
    <p class='ocr_par' dir='ltr' id='par_1_6' title="bbox 356 850 1669 927">
     <span class='ocr_line' id='line_1_6' title="bbox 356 850 1669 927; baseline 0.005 -22"><span class='ocrx_word' id='word_1_26' title='bbox 356 850 529 907; x_wconf 81' lang='lat' dir='ltr'>XXV.</span> <span class='ocrx_word' id='word_1_27' title='bbox 566 853 633 909; x_wconf 87' lang='lat' dir='ltr'>Ut</span> <span class='ocrx_word' id='word_1_28' title='bbox 662 858 890 907; x_wconf 79' lang='lat' dir='ltr'>caveant</span> <span class='ocrx_word' id='word_1_29' title='bbox 913 852 1022 908; x_wconf 84' lang='lat' dir='ltr'>sibi</span> <span class='ocrx_word' id='word_1_30' title='bbox 1048 851 1114 907; x_wconf 85' lang='lat' dir='ltr'>de</span> <span class='ocrx_word' id='word_1_31' title='bbox 1141 854 1416 910; x_wconf 81' lang='lat' dir='ltr'>tremendo</span> <span class='ocrx_word' id='word_1_32' title='bbox 1437 855 1669 927; x_wconf 82' lang='lat' dir='ltr'>judicio.</span> 
     </span>
    </p>
   </div>
   <div class='ocr_carea' id='block_1_7' title="bbox 258 939 1838 1017">
    <p class='ocr_par' dir='ltr' id='par_1_7' title="bbox 258 939 1838 1017">
     <span class='ocr_line' id='line_1_7' title="bbox 258 939 1838 1017; baseline 0.005 -21"><span class='ocrx_word' id='word_1_33' title='bbox 258 940 553 996; x_wconf 87' lang='lat' dir='ltr'>Docemus</span> <span class='ocrx_word' id='word_1_34' title='bbox 580 939 758 995; x_wconf 88' lang='lat' dir='ltr'>etiam</span> <span class='ocrx_word' id='word_1_35' title='bbox 788 943 855 995; x_wconf 88' lang='lat' dir='ltr'>ut</span> <span class='ocrx_word' id='word_1_36' title='bbox 883 940 1130 1012; x_wconf 87' lang='lat' dir='ltr'>quilibet</span> <span class='ocrx_word' id='word_1_37' title='bbox 1154 940 1328 999; x_wconf 91' lang='lat' dir='ltr'>homo</span> <span class='ocrx_word' id='word_1_38' title='bbox 1376 942 1685 1017; x_wconf 84' lang='lat' dir='ltr'>diligenter</span> <span class='ocrx_word' id='word_1_39' title='bbox 1736 948 1838 1004; x_wconf 89' lang='lat' dir='ltr'>Dei</span> 
     </span>
    </p>
   </div>
   <div class='ocr_carea' id='block_1_8' title="bbox 180 1027 1842 1098">
    <p class='ocr_par' dir='ltr' id='par_1_8' title="bbox 180 1027 1842 1098">
     <span class='ocr_line' id='line_1_8' title="bbox 180 1027 1842 1098; baseline 0.007 -14"><span class='ocrx_word' id='word_1_40' title='bbox 180 1027 462 1085; x_wconf 81' lang='lat' dir='ltr'>timorem</span> <span class='ocrx_word' id='word_1_41' title='bbox 495 1028 554 1083; x_wconf 92' lang='lat' dir='ltr'>in</span> <span class='ocrx_word' id='word_1_42' title='bbox 576 1028 775 1085; x_wconf 88' lang='lat' dir='ltr'>animo</span> <span class='ocrx_word' id='word_1_43' title='bbox 796 1046 903 1084; x_wconf 92' lang='lat' dir='ltr'>suo</span> <span class='ocrx_word' id='word_1_44' title='bbox 924 1029 1154 1098; x_wconf 88' lang='lat' dir='ltr'>habeat,</span> <span class='ocrx_word' id='word_1_45' title='bbox 1177 1034 1235 1087; x_wconf 89' lang='lat' dir='ltr'>et</span> <span class='ocrx_word' id='word_1_46' title='bbox 1253 1032 1346 1088; x_wconf 91' lang='lat' dir='ltr'>die</span> <span class='ocrx_word' id='word_1_47' title='bbox 1368 1049 1432 1089; x_wconf 92' lang='lat' dir='ltr'>ac</span> <span class='ocrx_word' id='word_1_48' title='bbox 1452 1037 1621 1091; x_wconf 90' lang='lat' dir='ltr'>nocte</span> <span class='ocrx_word' id='word_1_49' title='bbox 1643 1042 1842 1095; x_wconf 82' lang='lat' dir='ltr'><strong>caveat</strong></span> 
     </span>
    </p>
   </div>
   <div class='ocr_carea' id='block_1_9' title="bbox 183 1115 1839 1190">
    <p class='ocr_par' dir='ltr' id='par_1_9' title="bbox 183 1115 1839 1190">
     <span class='ocr_line' id='line_1_9' title="bbox 183 1115 1839 1190; baseline 0.005 -16"><span class='ocrx_word' id='word_1_50' title='bbox 183 1133 222 1174; x_wconf 89' lang='lat' dir='ltr'>a</span> <span class='ocrx_word' id='word_1_51' title='bbox 249 1116 526 1190; x_wconf 85' lang='lat' dir='ltr'>peccatis,</span> <span class='ocrx_word' id='word_1_52' title='bbox 541 1115 710 1174; x_wconf 76' lang='lat' dir='ltr'>diem</span> <span class='ocrx_word' id='word_1_53' title='bbox 723 1118 934 1189; x_wconf 85' lang='lat' dir='ltr'>judicii</span> <span class='ocrx_word' id='word_1_54' title='bbox 957 1119 1183 1188; x_wconf 78' lang='lat' dir='ltr'>timeat,</span> <span class='ocrx_word' id='word_1_55' title='bbox 1206 1124 1263 1176; x_wconf 91' lang='lat' dir='ltr'>et</span> <span class='ocrx_word' id='word_1_56' title='bbox 1285 1121 1357 1177; x_wconf 88' lang='lat' dir='ltr'>ab</span> <span class='ocrx_word' id='word_1_57' title='bbox 1379 1122 1604 1181; x_wconf 80' lang='lat' dir='ltr'>inferno</span> <span class='ocrx_word' id='word_1_58' title='bbox 1625 1126 1839 1183; x_wconf 85' lang='lat' dir='ltr'>abhor-</span> 
     </span>
    </p>
   </div>
   <div class='ocr_carea' id='block_1_10' title="bbox 185 1207 1840 1279">
    <p class='ocr_par' dir='ltr' id='par_1_10' title="bbox 185 1207 1840 1279">
     <span class='ocr_line' id='line_1_10' title="bbox 185 1207 1840 1279; baseline 0.006 -17"><span class='ocrx_word' id='word_1_59' title='bbox 185 1208 334 1274; x_wconf 81' lang='lat' dir='ltr'>reat,</span> <span class='ocrx_word' id='word_1_60' title='bbox 366 1209 426 1263; x_wconf 85' lang='lat' dir='ltr'>et</span> <span class='ocrx_word' id='word_1_61' title='bbox 453 1219 686 1279; x_wconf 78' lang='lat' dir='ltr'>semper</span> <span class='ocrx_word' id='word_1_62' title='bbox 714 1207 891 1263; x_wconf 84' lang='lat' dir='ltr'>ﬁnem</span> <span class='ocrx_word' id='word_1_63' title='bbox 929 1208 1158 1264; x_wconf 84' lang='lat' dir='ltr'>dierum</span> <span class='ocrx_word' id='word_1_64' title='bbox 1201 1214 1391 1266; x_wconf 84' lang='lat' dir='ltr'>astare</span> <span class='ocrx_word' id='word_1_65' title='bbox 1436 1212 1547 1269; x_wconf 88' lang='lat' dir='ltr'>sibi</span> <span class='ocrx_word' id='word_1_66' title='bbox 1596 1214 1840 1272; x_wconf 87' lang='lat' dir='ltr'>arbitre-</span> 
     </span>
    </p>
   </div>
   <div class='ocr_carea' id='block_1_11' title="bbox 181 1296 304 1352">
    <p class='ocr_par' dir='ltr' id='par_1_11' title="bbox 181 1296 304 1352">
     <span class='ocr_line' id='line_1_11' title="bbox 181 1296 304 1352; baseline 0 -2"><span class='ocrx_word' id='word_1_67' title='bbox 181 1296 304 1352; x_wconf 82' lang='lat' dir='ltr'>tur.</span> 
     </span>
    </p>
   </div>
   <div class='ocr_carea' id='block_1_12' title="bbox 252 1391 1764 1483">
    <p class='ocr_par' dir='ltr' id='par_1_12' title="bbox 252 1391 1764 1483">
     <span class='ocr_line' id='line_1_12' title="bbox 252 1391 1764 1483; baseline 0.007 -26"><span class='ocrx_word' id='word_1_68' title='bbox 252 1391 460 1457; x_wconf 66' lang='lat' dir='ltr'><strong>XXVI.</strong></span> <span class='ocrx_word' id='word_1_69' title='bbox 483 1404 550 1459; x_wconf 85' lang='lat' dir='ltr'>Ut</span> <span class='ocrx_word' id='word_1_70' title='bbox 569 1403 808 1474; x_wconf 73' lang='lat' dir='ltr'>episcopi</span> <span class='ocrx_word' id='word_1_71' title='bbox 825 1406 879 1460; x_wconf 86' lang='lat' dir='ltr'>et</span> <span class='ocrx_word' id='word_1_72' title='bbox 900 1403 1199 1460; x_wconf 78' lang='lat' dir='ltr'>sacerdotes</span> <span class='ocrx_word' id='word_1_73' title='bbox 1220 1404 1328 1476; x_wconf 83' lang='lat' dir='ltr'>ﬁde</span> <span class='ocrx_word' id='word_1_74' title='bbox 1347 1407 1539 1464; x_wconf 83' lang='lat' dir='ltr'>obeant</span> <span class='ocrx_word' id='word_1_75' title='bbox 1561 1412 1764 1483; x_wconf 75' lang='lat' dir='ltr'>ofﬁcia.</span> 
     </span>
    </p>
   </div>
   <div class='ocr_carea' id='block_1_13' title="bbox 255 1489 1840 1571">
    <p class='ocr_par' dir='ltr' id='par_1_13' title="bbox 255 1489 1840 1571">
     <span class='ocr_line' id='line_1_13' title="bbox 255 1489 1840 1571; baseline 0.008 -26"><span class='ocrx_word' id='word_1_76' title='bbox 255 1489 530 1562; x_wconf 79' lang='lat' dir='ltr'>Episcopi</span> <span class='ocrx_word' id='word_1_77' title='bbox 562 1490 683 1546; x_wconf 89' lang='lat' dir='ltr'>sint</span> <span class='ocrx_word' id='word_1_78' title='bbox 713 1506 1008 1563; x_wconf 76' lang='lat' dir='ltr'>praecones</span> <span class='ocrx_word' id='word_1_79' title='bbox 1035 1496 1092 1548; x_wconf 91' lang='lat' dir='ltr'>et</span> <span class='ocrx_word' id='word_1_80' title='bbox 1120 1494 1386 1551; x_wconf 84' lang='lat' dir='ltr'>doctores</span> <span class='ocrx_word' id='word_1_81' title='bbox 1417 1495 1615 1571; x_wconf 89' lang='lat' dir='ltr'>legum</span> <span class='ocrx_word' id='word_1_82' title='bbox 1638 1500 1758 1567; x_wconf 85' lang='lat' dir='ltr'>Dei,</span> <span class='ocrx_word' id='word_1_83' title='bbox 1783 1506 1840 1559; x_wconf 90' lang='lat' dir='ltr'>et</span> 
     </span>
    </p>
   </div>
   <div class='ocr_carea' id='block_1_14' title="bbox 182 1576 1837 1654">
    <p class='ocr_par' dir='ltr' id='par_1_14' title="bbox 182 1576 1837 1654">
     <span class='ocr_line' id='line_1_14' title="bbox 182 1576 1837 1654; baseline 0.007 -19"><span class='ocrx_word' id='word_1_84' title='bbox 182 1576 479 1650; x_wconf 78' lang='lat' dir='ltr'>explicent</span> <span class='ocrx_word' id='word_1_85' title='bbox 510 1593 577 1634; x_wconf 92' lang='lat' dir='ltr'>ac</span> <span class='ocrx_word' id='word_1_86' title='bbox 608 1579 872 1654; x_wconf 87' lang='lat' dir='ltr'>exemplo</span> <span class='ocrx_word' id='word_1_87' title='bbox 913 1597 1022 1638; x_wconf 89' lang='lat' dir='ltr'>suo</span> <span class='ocrx_word' id='word_1_88' title='bbox 1070 1582 1315 1638; x_wconf 85' lang='lat' dir='ltr'>doceant</span> <span class='ocrx_word' id='word_1_89' title='bbox 1362 1582 1613 1643; x_wconf 86' lang='lat' dir='ltr'>libenter</span> <span class='ocrx_word' id='word_1_90' title='bbox 1657 1590 1837 1648; x_wconf 89' lang='lat' dir='ltr'>eccle-</span> 
     </span>
    </p>
   </div>
   <div class='ocr_carea' id='block_1_15' title="bbox 181 1665 1838 1746">
    <p class='ocr_par' dir='ltr' id='par_1_15' title="bbox 181 1665 1838 1746">
     <span class='ocr_line' id='line_1_15' title="bbox 181 1665 1838 1746; baseline 0.006 -22"><span class='ocrx_word' id='word_1_91' title='bbox 181 1665 427 1727; x_wconf 79' lang='lat' dir='ltr'>siastica</span> <span class='ocrx_word' id='word_1_92' title='bbox 456 1665 670 1737; x_wconf 83' lang='lat' dir='ltr'>ofﬁcia,</span> <span class='ocrx_word' id='word_1_93' title='bbox 704 1668 967 1725; x_wconf 87' lang='lat' dir='ltr'>attendat</span> <span class='ocrx_word' id='word_1_94' title='bbox 994 1669 1088 1726; x_wconf 91' lang='lat' dir='ltr'>his</span> <span class='ocrx_word' id='word_1_95' title='bbox 1119 1670 1454 1746; x_wconf 89' lang='lat' dir='ltr'>quicunque</span> <span class='ocrx_word' id='word_1_96' title='bbox 1482 1675 1636 1731; x_wconf 83' lang='lat' dir='ltr'>velit.</span> <span class='ocrx_word' id='word_1_97' title='bbox 1681 1681 1838 1744; x_wconf 87' lang='lat' dir='ltr'>Quo-</span> 
     </span>
    </p>
   </div>
   <div class='ocr_carea' id='block_1_16' title="bbox 182 1753 1838 1841">
    <p class='ocr_par' dir='ltr' id='par_1_16' title="bbox 182 1753 1838 1841">
     <span class='ocr_line' id='line_1_16' title="bbox 182 1753 1838 1841; baseline 0.007 -29"><span class='ocrx_word' id='word_1_98' title='bbox 182 1753 348 1812; x_wconf 81' lang='lat' dir='ltr'>niam</span> <span class='ocrx_word' id='word_1_99' title='bbox 380 1754 613 1813; x_wconf 86' lang='lat' dir='ltr'>inutilis</span> <span class='ocrx_word' id='word_1_100' title='bbox 642 1760 845 1829; x_wconf 83' lang='lat' dir='ltr'>pastor</span> <span class='ocrx_word' id='word_1_101' title='bbox 869 1757 1198 1815; x_wconf 78' lang='lat' dir='ltr'>invenietur</span> <span class='ocrx_word' id='word_1_102' title='bbox 1218 1763 1402 1836; x_wconf 85' lang='lat' dir='ltr'>gregi,</span> <span class='ocrx_word' id='word_1_103' title='bbox 1426 1764 1526 1836; x_wconf 92' lang='lat' dir='ltr'>qui</span> <span class='ocrx_word' id='word_1_104' title='bbox 1550 1766 1696 1823; x_wconf 90' lang='lat' dir='ltr'>nolit</span> <span class='ocrx_word' id='word_1_105' title='bbox 1715 1786 1838 1841; x_wconf 88' lang='lat' dir='ltr'>gra-</span> 
     </span>
    </p>
   </div>
   <div class='ocr_carea' id='block_1_17' title="bbox 1445 350 2350 424">
    <p class='ocr_par' dir='ltr' id='par_1_17' title="bbox 1445 350 2350 424">
     <span class='ocr_line' id='line_1_17' title="bbox 1445 350 2350 424; baseline 0.008 -8"><span class='ocrx_word' id='word_1_106' title='bbox 1445 350 1809 421; x_wconf 74' lang='lat' dir='ltr'>CANUTUS</span> <span class='ocrx_word' id='word_1_107' title='bbox 1851 355 1877 419; x_wconf 79' lang='grc' dir='ltr'>Ι</span> <span class='ocrx_word' id='word_1_108' title='bbox 1923 354 2079 420; x_wconf 77' lang='lat' dir='ltr'>REX</span> <span class='ocrx_word' id='word_1_109' title='bbox 2115 357 2350 424; x_wconf 75' lang='lat' dir='ltr'>ANGL.</span> 
     </span>
    </p>
   </div>
   <div class='ocr_carea' id='block_1_18' title="bbox 3433 334 3598 428">
    <p class='ocr_par' dir='ltr' id='par_1_18' title="bbox 3433 334 3598 428">
     <span class='ocr_line' id='line_1_18' title="bbox 3433 334 3598 428; baseline -0.036 0"><span class='ocrx_word' id='word_1_110' title='bbox 3433 334 3598 428; x_wconf 72' lang='lat' dir='ltr'>me.</span> 
     </span>
    </p>
   </div>
   <div class='ocr_carea' id='block_1_19' title="bbox 1864 490 3594 578">
    <p class='ocr_par' dir='ltr' id='par_1_19' title="bbox 1864 490 3594 578">
     <span class='ocr_line' id='line_1_19' title="bbox 1864 490 3594 578; baseline 0.011 -33"><span class='ocrx_word' id='word_1_111' title='bbox 1864 493 1922 560; x_wconf 77' lang='grc' dir='ltr'><strong>Α</strong></span> <span class='ocrx_word' id='word_1_112' title='bbox 1950 490 2217 562; x_wconf 87' lang='lat' dir='ltr'>ducatur,</span> <span class='ocrx_word' id='word_1_113' title='bbox 2249 495 2352 552; x_wconf 85' lang='lat' dir='ltr'>sed</span> <span class='ocrx_word' id='word_1_114' title='bbox 2375 493 2684 570; x_wconf 78' lang='lat' dir='ltr'>diligenter</span> <span class='ocrx_word' id='word_1_115' title='bbox 2704 495 2983 568; x_wconf 81' lang='lat' dir='ltr'>foveatur,</span> <span class='ocrx_word' id='word_1_116' title='bbox 3005 499 3297 563; x_wconf 84' lang='lat' dir='ltr'>ne&#39;anima</span> <span class='ocrx_word' id='word_1_117' title='bbox 3312 505 3594 578; x_wconf 78' lang='lat' dir='ltr'>perdatur</span> 
     </span>
    </p>
   </div>
   <div class='ocr_carea' id='block_1_20' title="bbox 1950 583 3260 660">
    <p class='ocr_par' dir='ltr' id='par_1_20' title="bbox 1950 583 3260 660">
     <span class='ocr_line' id='line_1_20' title="bbox 1950 583 3260 660; baseline 0.009 -23"><span class='ocrx_word' id='word_1_118' title='bbox 1950 598 2127 654; x_wconf 89' lang='lat' dir='ltr'>quam</span> <span class='ocrx_word' id='word_1_119' title='bbox 2157 583 2423 642; x_wconf 86' lang='lat' dir='ltr'>Christus</span> <span class='ocrx_word' id='word_1_120' title='bbox 2451 586 2687 660; x_wconf 89' lang='lat' dir='ltr'>propria</span> <span class='ocrx_word' id='word_1_121' title='bbox 2715 604 2823 645; x_wconf 91' lang='lat' dir='ltr'>sua</span> <span class='ocrx_word' id='word_1_122' title='bbox 2848 589 2969 647; x_wconf 87' lang='lat' dir='ltr'>vita</span> <span class='ocrx_word' id='word_1_123' title='bbox 2995 592 3260 649; x_wconf 87' lang='lat' dir='ltr'>redemit.</span> 
     </span>
    </p>
   </div>
   <div class='ocr_carea' id='block_1_21' title="bbox 1951 678 3588 766">
    <p class='ocr_par' dir='ltr' id='par_1_21' title="bbox 1951 678 3588 766">
     <span class='ocr_line' id='line_1_21' title="bbox 1951 678 3588 766; baseline 0.013 -33"><span class='ocrx_word' id='word_1_124' title='bbox 1951 678 2044 734; x_wconf 74' lang='grc' dir='ltr'>ιν.</span> <span class='ocrx_word' id='word_1_125' title='bbox 2078 682 2150 736; x_wconf 86' lang='lat' dir='ltr'>De</span> <span class='ocrx_word' id='word_1_126' title='bbox 2179 684 2346 754; x_wconf 82' lang='lat' dir='ltr'>sagis,</span> <span class='ocrx_word' id='word_1_127' title='bbox 2378 685 2667 757; x_wconf 77' lang='lat' dir='ltr'>sortilegis,</span> <span class='ocrx_word' id='word_1_128' title='bbox 2702 689 2837 754; x_wconf 86' lang='lat' dir='ltr'>etc.,</span> <span class='ocrx_word' id='word_1_129' title='bbox 2868 688 3152 759; x_wconf 81' lang='lat' dir='ltr'>ejiciendis</span> <span class='ocrx_word' id='word_1_130' title='bbox 3185 692 3296 764; x_wconf 86' lang='lat' dir='ltr'>(LI.</span> <span class='ocrx_word' id='word_1_131' title='bbox 3331 696 3463 752; x_wconf 84' lang='lat' dir='ltr'>Sax.</span> <span class='ocrx_word' id='word_1_132' title='bbox 3515 699 3588 766; x_wconf 73' lang='grc'>4).</span> 
     </span>
    </p>
   </div>
   <div class='ocr_carea' id='block_1_22' title="bbox 2021 769 3594 855">
    <p class='ocr_par' dir='ltr' id='par_1_22' title="bbox 2021 769 3594 855">
     <span class='ocr_line' id='line_1_22' title="bbox 2021 769 3594 855; baseline 0.011 -31"><span class='ocrx_word' id='word_1_133' title='bbox 2021 769 2404 829; x_wconf 90' lang='lat' dir='ltr'>Prohibemus</span> <span class='ocrx_word' id='word_1_134' title='bbox 2434 774 2609 831; x_wconf 90' lang='lat' dir='ltr'>etiam</span> <span class='ocrx_word' id='word_1_135' title='bbox 2644 780 2708 832; x_wconf 91' lang='lat' dir='ltr'>ut</span> <span class='ocrx_word' id='word_1_136' title='bbox 2736 780 2952 833; x_wconf 90' lang='lat' dir='ltr'>terram</span> <span class='ocrx_word' id='word_1_137' title='bbox 2980 777 3440 855; x_wconf 89' lang='lat' dir='ltr'>circumquaque</span> <span class='ocrx_word' id='word_1_138' title='bbox 3461 786 3594 842; x_wconf 89' lang='lat' dir='ltr'>dili-</span> 
     </span>
    </p>
   </div>
   <div class='ocr_carea' id='block_1_23' title="bbox 1949 863 3595 938">
    <p class='ocr_par' dir='ltr' id='par_1_23' title="bbox 1949 863 3595 938">
     <span class='ocr_line' id='line_1_23' title="bbox 1949 863 3595 938; baseline 0.012 -25"><span class='ocrx_word' id='word_1_139' title='bbox 1949 863 2151 930; x_wconf 86' lang='lat' dir='ltr'>genter</span> <span class='ocrx_word' id='word_1_140' title='bbox 2180 863 2465 919; x_wconf 90' lang='lat' dir='ltr'>mundare</span> <span class='ocrx_word' id='word_1_141' title='bbox 2495 864 2799 938; x_wconf 87' lang='lat' dir='ltr'>incipiant,</span> <span class='ocrx_word' id='word_1_142' title='bbox 2832 871 2889 923; x_wconf 90' lang='lat' dir='ltr'>et</span> <span class='ocrx_word' id='word_1_143' title='bbox 2918 885 2953 924; x_wconf 90' lang='lat' dir='ltr'>a</span> <span class='ocrx_word' id='word_1_144' title='bbox 2973 869 3242 927; x_wconf 84' lang='lat' dir='ltr'>nefandis</span> <span class='ocrx_word' id='word_1_145' title='bbox 3262 873 3595 932; x_wconf 87' lang='lat' dir='ltr'>actionibus</span> 
     </span>
    </p>
   </div>
   <div class='ocr_carea' id='block_1_24' title="bbox 1949 945 3597 1036">
    <p class='ocr_par' dir='ltr' id='par_1_24' title="bbox 1949 945 3597 1036">
     <span class='ocr_line' id='line_1_24' title="bbox 1949 945 3597 1036; baseline 0.013 -35"><span class='ocrx_word' id='word_1_146' title='bbox 1949 945 2165 1020; x_wconf 91' lang='lat' dir='ltr'>ubique</span> <span class='ocrx_word' id='word_1_147' title='bbox 2194 950 2543 1011; x_wconf 89' lang='lat' dir='ltr'>abstineant.</span> <span class='ocrx_word' id='word_1_148' title='bbox 2578 954 2648 1009; x_wconf 91' lang='lat' dir='ltr'>Et</span> <span class='ocrx_word' id='word_1_149' title='bbox 2678 954 2727 1011; x_wconf 89' lang='lat' dir='ltr'>si</span> <span class='ocrx_word' id='word_1_150' title='bbox 2758 971 2930 1030; x_wconf 81' lang='lat' dir='ltr'>sagae,</span> <span class='ocrx_word' id='word_1_151' title='bbox 2963 956 3049 1013; x_wconf 87' lang='lat' dir='ltr'>vel</span> <span class='ocrx_word' id='word_1_152' title='bbox 3094 958 3326 1029; x_wconf 86' lang='lat' dir='ltr'>harioli,</span> <span class='ocrx_word' id='word_1_153' title='bbox 3378 963 3597 1036; x_wconf 87' lang='lat' dir='ltr'>sicarii,</span> 
     </span>
    </p>
   </div>
   <div class='ocr_carea' id='block_1_25' title="bbox 1948 1034 3605 1125">
    <p class='ocr_par' dir='ltr' id='par_1_25' title="bbox 1948 1034 3605 1125">
     <span class='ocr_line' id='line_1_25' title="bbox 1948 1034 3605 1125; baseline 0.012 -34"><span class='ocrx_word' id='word_1_154' title='bbox 1948 1034 2035 1091; x_wconf 87' lang='lat' dir='ltr'>vel</span> <span class='ocrx_word' id='word_1_155' title='bbox 2068 1038 2403 1099; x_wconf 85' lang='lat' dir='ltr'>meretrices</span> <span class='ocrx_word' id='word_1_156' title='bbox 2433 1040 2647 1099; x_wconf 86' lang='lat' dir='ltr'>alicubi</span> <span class='ocrx_word' id='word_1_157' title='bbox 2678 1043 2738 1098; x_wconf 92' lang='lat' dir='ltr'>in</span> <span class='ocrx_word' id='word_1_158' title='bbox 2777 1046 3011 1118; x_wconf 87' lang='lat' dir='ltr'>regione</span> <span class='ocrx_word' id='word_1_159' title='bbox 3057 1034 3605 1125; x_wconf 65' lang='lat' dir='ltr'>deprehendantur,</span> 
     </span>
    </p>
   </div>
   <div class='ocr_carea' id='block_1_26' title="bbox 1949 1124 3599 1214">
    <p class='ocr_par' dir='ltr' id='par_1_26' title="bbox 1949 1124 3599 1214">
     <span class='ocr_line' id='line_1_26' title="bbox 1949 1124 3599 1214; baseline 0.013 -36"><span class='ocrx_word' id='word_1_160' title='bbox 1949 1124 2272 1181; x_wconf 85' lang='lat' dir='ltr'>educantur</span> <span class='ocrx_word' id='word_1_161' title='bbox 2303 1128 2506 1186; x_wconf 91' lang='lat' dir='ltr'>sedulo</span> <span class='ocrx_word' id='word_1_162' title='bbox 2536 1147 2605 1186; x_wconf 87' lang='lat' dir='ltr'>ex</span> <span class='ocrx_word' id='word_1_163' title='bbox 2634 1134 2789 1188; x_wconf 90' lang='lat' dir='ltr'>terra</span> <span class='ocrx_word' id='word_1_164' title='bbox 2817 1133 2939 1203; x_wconf 89' lang='lat' dir='ltr'>illa,</span> <span class='ocrx_word' id='word_1_165' title='bbox 2968 1135 3053 1192; x_wconf 87' lang='lat' dir='ltr'>vel</span> <span class='ocrx_word' id='word_1_166' title='bbox 3088 1136 3145 1191; x_wconf 91' lang='lat' dir='ltr'>in</span> <span class='ocrx_word' id='word_1_167' title='bbox 3173 1142 3329 1197; x_wconf 89' lang='lat' dir='ltr'>terra</span> <span class='ocrx_word' id='word_1_168' title='bbox 3352 1124 3599 1214; x_wconf 79' lang='lat' dir='ltr'>pereant</span> 
     </span>
    </p>
   </div>
   <div class='ocr_carea' id='block_1_27' title="bbox 1949 1214 3595 1301">
    <p class='ocr_par' dir='ltr' id='par_1_27' title="bbox 1949 1214 3595 1301">
     <span class='ocr_line' id='line_1_27' title="bbox 1949 1214 3595 1301; baseline 0.013 -34"><span class='ocrx_word' id='word_1_169' title='bbox 1949 1214 2209 1286; x_wconf 89' lang='lat' dir='ltr'>omnino,</span> <span class='ocrx_word' id='word_1_170' title='bbox 2242 1215 2353 1273; x_wconf 90' lang='lat' dir='ltr'>nisi</span> <span class='ocrx_word' id='word_1_171' title='bbox 2377 1224 2607 1276; x_wconf 89' lang='lat' dir='ltr'>cessent</span> <span class='ocrx_word' id='word_1_172' title='bbox 2635 1238 2670 1277; x_wconf 89' lang='lat' dir='ltr'>a</span> <span class='ocrx_word' id='word_1_173' title='bbox 2698 1221 2866 1279; x_wconf 81' lang='lat' dir='ltr'>factis</span> <span class='ocrx_word' id='word_1_174' title='bbox 2896 1223 3089 1296; x_wconf 89' lang='lat' dir='ltr'>malis,</span> <span class='ocrx_word' id='word_1_175' title='bbox 3117 1231 3173 1283; x_wconf 90' lang='lat' dir='ltr'>et</span> <span class='ocrx_word' id='word_1_176' title='bbox 3195 1229 3403 1301; x_wconf 82' lang='lat' dir='ltr'>majori</span> <span class='ocrx_word' id='word_1_177' title='bbox 3418 1231 3595 1288; x_wconf 90' lang='lat' dir='ltr'>modo</span> 
     </span>
    </p>
   </div>
   <div class='ocr_carea' id='block_1_28' title="bbox 1949 1305 3596 1395">
    <p class='ocr_par' dir='ltr' id='par_1_28' title="bbox 1949 1305 3596 1395">
     <span class='ocr_line' id='line_1_28' title="bbox 1949 1305 3596 1395; baseline 0.013 -39"><span class='ocrx_word' id='word_1_178' title='bbox 1949 1309 2345 1374; x_wconf 90' lang='lat' dir='ltr'>compensant.</span> <span class='ocrx_word' id='word_1_179' title='bbox 2366 1305 2742 1379; x_wconf 67' lang='lat' dir='ltr'>Praecipimus</span> <span class='ocrx_word' id='word_1_180' title='bbox 2763 1308 2937 1366; x_wconf 89' lang='lat' dir='ltr'>etiam</span> <span class='ocrx_word' id='word_1_181' title='bbox 2961 1316 3025 1367; x_wconf 89' lang='lat' dir='ltr'>ut</span> <span class='ocrx_word' id='word_1_182' title='bbox 3043 1314 3274 1390; x_wconf 84' lang='lat' dir='ltr'>profugi</span> <span class='ocrx_word' id='word_1_183' title='bbox 3290 1322 3347 1374; x_wconf 91' lang='lat' dir='ltr'>et</span> <span class='ocrx_word' id='word_1_184' title='bbox 3363 1318 3596 1395; x_wconf 82' lang='lat' dir='ltr'>exleges</span> 
     </span>
    </p>
   </div>
   <div class='ocr_carea' id='block_1_29' title="bbox 1948 1392 3593 1475">
    <p class='ocr_par' dir='ltr' id='par_1_29' title="bbox 1948 1392 3593 1475">
     <span class='ocr_line' id='line_1_29' title="bbox 1948 1392 3593 1475; baseline 0.013 -29"><span class='ocrx_word' id='word_1_185' title='bbox 1948 1392 2049 1448; x_wconf 89' lang='lat' dir='ltr'>Dei</span> <span class='ocrx_word' id='word_1_186' title='bbox 2081 1409 2148 1449; x_wconf 89' lang='lat' dir='ltr'>ac</span> <span class='ocrx_word' id='word_1_187' title='bbox 2178 1393 2509 1464; x_wconf 88' lang='lat' dir='ltr'>hominum,</span> <span class='ocrx_word' id='word_1_188' title='bbox 2542 1413 2609 1453; x_wconf 85' lang='lat' dir='ltr'>ex</span> <span class='ocrx_word' id='word_1_189' title='bbox 2640 1399 2830 1471; x_wconf 86' lang='lat' dir='ltr'>patria</span> <span class='ocrx_word' id='word_1_190' title='bbox 2856 1404 3332 1475; x_wconf 84' lang='lat' dir='ltr'>exterminentur,</span> <span class='ocrx_word' id='word_1_191' title='bbox 3374 1392 3593 1468; x_wconf 37' lang='lat' dir='ltr'>nisi‘se</span> 
     </span>
    </p>
   </div>
   <div class='ocr_carea' id='block_1_30' title="bbox 1948 1481 3593 1561">
    <p class='ocr_par' dir='ltr' id='par_1_30' title="bbox 1948 1481 3593 1561">
     <span class='ocr_line' id='line_1_30' title="bbox 1948 1481 3593 1561; baseline 0.013 -24"><span class='ocrx_word' id='word_1_192' title='bbox 1948 1481 2301 1538; x_wconf 87' lang='lat' dir='ltr'>submittant</span> <span class='ocrx_word' id='word_1_193' title='bbox 2322 1488 2379 1540; x_wconf 88' lang='lat' dir='ltr'>ct</span> <span class='ocrx_word' id='word_1_194' title='bbox 2400 1501 2577 1557; x_wconf 83' lang='lat' dir='ltr'>quam</span> <span class='ocrx_word' id='word_1_195' title='bbox 2600 1486 3041 1561; x_wconf 84' lang='lat' dir='ltr'>diligentissime</span> <span class='ocrx_word' id='word_1_196' title='bbox 3062 1496 3392 1553; x_wconf 88' lang='lat' dir='ltr'>emendent.</span> <span class='ocrx_word' id='word_1_197' title='bbox 3416 1500 3483 1555; x_wconf 90' lang='lat' dir='ltr'>Et</span> <span class='ocrx_word' id='word_1_198' title='bbox 3502 1502 3593 1558; x_wconf 90' lang='lat' dir='ltr'>fu-</span> 
     </span>
    </p>
   </div>
   <div class='ocr_carea' id='block_1_31' title="bbox 1948 1571 3598 1653">
    <p class='ocr_par' dir='ltr' id='par_1_31' title="bbox 1948 1571 3598 1653">
     <span class='ocr_line' id='line_1_31' title="bbox 1948 1571 3598 1653; baseline 0.015 -29"><span class='ocrx_word' id='word_1_199' title='bbox 1948 1586 2039 1627; x_wconf 86' lang='lat' dir='ltr'>res</span> <span class='ocrx_word' id='word_1_200' title='bbox 2072 1587 2139 1626; x_wconf 91' lang='lat' dir='ltr'>ac</span> <span class='ocrx_word' id='word_1_201' title='bbox 2169 1571 2425 1630; x_wconf 87' lang='lat' dir='ltr'>latrones</span> <span class='ocrx_word' id='word_1_202' title='bbox 2456 1574 2677 1647; x_wconf 85' lang='lat' dir='ltr'>publici</span> <span class='ocrx_word' id='word_1_203' title='bbox 2709 1577 2862 1633; x_wconf 87' lang='lat' dir='ltr'>brevi</span> <span class='ocrx_word' id='word_1_204' title='bbox 2893 1586 3151 1653; x_wconf 87' lang='lat' dir='ltr'>pereant,</span> <span class='ocrx_word' id='word_1_205' title='bbox 3204 1585 3318 1641; x_wconf 90' lang='lat' dir='ltr'>nisi</span> <span class='ocrx_word' id='word_1_206' title='bbox 3367 1596 3598 1648; x_wconf 84' lang='lat' dir='ltr'>cessent</span> 
     </span>
    </p>
   </div>
   <div class='ocr_carea' id='block_1_32' title="bbox 1948 1658 2404 1740">
    <p class='ocr_par' dir='ltr' id='par_1_32' title="bbox 1948 1658 2404 1740">
     <span class='ocr_line' id='line_1_32' title="bbox 1948 1658 2404 1740; baseline 0.009 -26"><span class='ocrx_word' id='word_1_207' title='bbox 1948 1668 2005 1740; x_wconf 87' lang='lat' dir='ltr'>(a</span> <span class='ocrx_word' id='word_1_208' title='bbox 2035 1658 2404 1730; x_wconf 83' lang='lat' dir='ltr'>malefactis).</span> 
     </span>
    </p>
   </div>
   <div class='ocr_carea' id='block_1_33' title="bbox 1947 1756 3597 1849">
    <p class='ocr_par' dir='ltr' id='par_1_33' title="bbox 1947 1756 3597 1849">
     <span class='ocr_line' id='line_1_33' title="bbox 1947 1756 3597 1849; baseline 0.013 -38"><span class='ocrx_word' id='word_1_209' title='bbox 1947 1756 2015 1813; x_wconf 91' lang='lat' dir='ltr'>V.</span> <span class='ocrx_word' id='word_1_210' title='bbox 2045 1758 2114 1813; x_wconf 85' lang='lat' dir='ltr'>De</span> <span class='ocrx_word' id='word_1_211' title='bbox 2128 1760 2911 1834; x_wconf 78' lang='lat' dir='ltr'>gentiliumsuperstitionibus</span> <span class='ocrx_word' id='word_1_212' title='bbox 2929 1767 3206 1827; x_wconf 78' lang='lat' dir='ltr'>abolendis</span> <span class='ocrx_word' id='word_1_213' title='bbox 3226 1770 3342 1842; x_wconf 93' lang='grc' dir='ltr'>(ΕΙ.</span> <span class='ocrx_word' id='word_1_214' title='bbox 3364 1773 3496 1831; x_wconf 80' lang='lat' dir='ltr'>Ssx.</span> <span class='ocrx_word' id='word_1_215' title='bbox 3518 1777 3597 1849; x_wconf 84' lang='lat'>5).</span> 
     </span>
    </p>
   </div>
   <div class='ocr_carea' id='block_1_34' title="bbox 182 1846 3599 1927">
    <p class='ocr_par' dir='ltr' id='par_1_34' title="bbox 182 1846 3599 1927">
     <span class='ocr_line' id='line_1_34' title="bbox 182 1846 3599 1927; baseline 0.012 -46"><span class='ocrx_word' id='word_1_216' title='bbox 182 1859 342 1917; x_wconf 61' lang='lat' dir='ltr'>gem,</span> <span class='ocrx_word' id='word_1_217' title='bbox 364 1856 551 1916; x_wconf 65' lang='lat' dir='ltr'>quem</span> <span class='ocrx_word' id='word_1_218' title='bbox 584 1846 736 1901; x_wconf 68' lang='lat' dir='ltr'>tueri</span> <span class='ocrx_word' id='word_1_219' title='bbox 767 1846 957 1913; x_wconf 64' lang='lat' dir='ltr'>debet,</span> <span class='ocrx_word' id='word_1_220' title='bbox 991 1847 1242 1905; x_wconf 66' lang='lat' dir='ltr'>clamore</span> <span class='ocrx_word' id='word_1_221' title='bbox 1264 1851 1593 1921; x_wconf 64' lang='lat' dir='ltr'>defendere,</span> <span class='ocrx_word' id='word_1_222' title='bbox 1620 1856 1667 1912; x_wconf 77' lang='grc' dir='ltr'>εί</span> <span class='ocrx_word' id='word_1_223' title='bbox 1696 1857 1841 1915; x_wconf 68' lang='lat' dir='ltr'>alias</span> <span class='ocrx_word' id='word_1_224' title='bbox 1870 1861 1919 1927; x_wconf 78' lang='grc' dir='ltr'>Β</span> <span class='ocrx_word' id='word_1_225' title='bbox 2020 1847 2406 1905; x_wconf 83' lang='lat' dir='ltr'>Prohibemus</span> <span class='ocrx_word' id='word_1_226' title='bbox 2437 1850 2611 1907; x_wconf 90' lang='lat' dir='ltr'>etiam</span> <span class='ocrx_word' id='word_1_227' title='bbox 2649 1852 2802 1908; x_wconf 90' lang='lat' dir='ltr'>serio</span> <span class='ocrx_word' id='word_1_228' title='bbox 2833 1854 3272 1916; x_wconf 89' lang='lat' dir='ltr'>ethnicismum.</span> <span class='ocrx_word' id='word_1_229' title='bbox 3309 1846 3599 1922; x_wconf 82' lang='lat' dir='ltr'>Ethnicis-</span> 
     </span>
    </p>
   </div>
   <div class='ocr_carea' id='block_1_35' title="bbox 182 1932 1831 2018">
    <p class='ocr_par' dir='ltr' id='par_1_35' title="bbox 182 1932 1831 2018">
     <span class='ocr_line' id='line_1_35' title="bbox 182 1932 1831 2018; baseline 0.009 -31"><span class='ocrx_word' id='word_1_230' title='bbox 182 1933 562 2005; x_wconf 67' lang='lat' dir='ltr'>possit,‘cum</span> <span class='ocrx_word' id='word_1_231' title='bbox 590 1932 824 2006; x_wconf 88' lang='lat' dir='ltr'>aliquod</span> <span class='ocrx_word' id='word_1_232' title='bbox 855 1935 1139 1992; x_wconf 86' lang='lat' dir='ltr'>damnum</span> <span class='ocrx_word' id='word_1_233' title='bbox 1171 1939 1331 2011; x_wconf 87' lang='lat' dir='ltr'>gregi</span> <span class='ocrx_word' id='word_1_234' title='bbox 1364 1957 1569 1999; x_wconf 88' lang='lat' dir='ltr'>nocere</span> <span class='ocrx_word' id='word_1_235' title='bbox 1609 1945 1831 2018; x_wconf 88' lang='lat' dir='ltr'>incipit.</span> 
     </span>
    </p>
   </div>
   <div class='ocr_carea' id='block_1_36' title="bbox 181 2020 1833 2107">
    <p class='ocr_par' dir='ltr' id='par_1_36' title="bbox 181 2020 1833 2107">
     <span class='ocr_line' id='line_1_36' title="bbox 181 2020 1833 2107; baseline 0.008 -31"><span class='ocrx_word' id='word_1_236' title='bbox 181 2020 427 2078; x_wconf 86' lang='lat' dir='ltr'>Nullum</span> <span class='ocrx_word' id='word_1_237' title='bbox 458 2024 550 2078; x_wconf 89' lang='lat' dir='ltr'>est</span> <span class='ocrx_word' id='word_1_238' title='bbox 579 2023 859 2079; x_wconf 90' lang='lat' dir='ltr'>damnum</span> <span class='ocrx_word' id='word_1_239' title='bbox 893 2025 1036 2080; x_wconf 92' lang='lat' dir='ltr'>adeo</span> <span class='ocrx_word' id='word_1_240' title='bbox 1058 2025 1283 2083; x_wconf 89' lang='lat' dir='ltr'>malum</span> <span class='ocrx_word' id='word_1_241' title='bbox 1312 2045 1377 2084; x_wconf 91' lang='lat' dir='ltr'>ac</span> <span class='ocrx_word' id='word_1_242' title='bbox 1395 2030 1666 2088; x_wconf 84' lang='lat' dir='ltr'>diabolus</span> <span class='ocrx_word' id='word_1_243' title='bbox 1691 2034 1833 2107; x_wconf 86' lang='lat' dir='ltr'>ipse,</span> 
     </span>
    </p>
   </div>
   <div class='ocr_carea' id='block_1_37' title="bbox 183 2109 1836 2189">
    <p class='ocr_par' dir='ltr' id='par_1_37' title="bbox 183 2109 1836 2189">
     <span class='ocr_line' id='line_1_37' title="bbox 183 2109 1836 2189; baseline 0.01 -25"><span class='ocrx_word' id='word_1_244' title='bbox 183 2109 290 2182; x_wconf 90' lang='lat' dir='ltr'>qui</span> <span class='ocrx_word' id='word_1_245' title='bbox 318 2126 551 2184; x_wconf 87' lang='lat' dir='ltr'>semper</span> <span class='ocrx_word' id='word_1_246' title='bbox 578 2110 689 2167; x_wconf 86' lang='lat' dir='ltr'>hoc</span> <span class='ocrx_word' id='word_1_247' title='bbox 721 2129 905 2169; x_wconf 88' lang='lat' dir='ltr'>unum</span> <span class='ocrx_word' id='word_1_248' title='bbox 938 2115 1275 2186; x_wconf 86' lang='lat' dir='ltr'>meditatur,</span> <span class='ocrx_word' id='word_1_249' title='bbox 1300 2121 1592 2189; x_wconf 88' lang='lat' dir='ltr'>quomodo</span> <span class='ocrx_word' id='word_1_250' title='bbox 1614 2123 1836 2180; x_wconf 88' lang='lat' dir='ltr'>anima-</span> 
     </span>
    </p>
   </div>
   <div class='ocr_carea' id='block_1_38' title="bbox 182 2197 1842 2285">
    <p class='ocr_par' dir='ltr' id='par_1_38' title="bbox 182 2197 1842 2285">
     <span class='ocr_line' id='line_1_38' title="bbox 182 2197 1842 2285; baseline 0.01 -31"><span class='ocrx_word' id='word_1_251' title='bbox 182 2197 303 2255; x_wconf 88' lang='lat' dir='ltr'>bus</span> <span class='ocrx_word' id='word_1_252' title='bbox 324 2198 635 2256; x_wconf 91' lang='lat' dir='ltr'>hominum</span> <span class='ocrx_word' id='word_1_253' title='bbox 667 2202 924 2258; x_wconf 82' lang='lat' dir='ltr'>maxime</span> <span class='ocrx_word' id='word_1_254' title='bbox 952 2220 1160 2261; x_wconf 87' lang='lat' dir='ltr'>nocere</span> <span class='ocrx_word' id='word_1_255' title='bbox 1189 2206 1394 2278; x_wconf 88' lang='lat' dir='ltr'>possit.</span> <span class='ocrx_word' id='word_1_256' title='bbox 1425 2209 1574 2266; x_wconf 89' lang='lat' dir='ltr'>Tum</span> <span class='ocrx_word' id='word_1_257' title='bbox 1615 2219 1842 2285; x_wconf 88' lang='lat' dir='ltr'>oportet</span> 
     </span>
    </p>
   </div>
   <div class='ocr_carea' id='block_1_39' title="bbox 181 2288 1837 2372">
    <p class='ocr_par' dir='ltr' id='par_1_39' title="bbox 181 2288 1837 2372">
     <span class='ocr_line' id='line_1_39' title="bbox 181 2288 1837 2372; baseline 0.01 -30"><span class='ocrx_word' id='word_1_258' title='bbox 181 2289 458 2359; x_wconf 86' lang='lat' dir='ltr'>pastores</span> <span class='ocrx_word' id='word_1_259' title='bbox 486 2304 616 2344; x_wconf 89' lang='lat' dir='ltr'>esse</span> <span class='ocrx_word' id='word_1_260' title='bbox 645 2288 810 2345; x_wconf 89' lang='lat' dir='ltr'>valde</span> <span class='ocrx_word' id='word_1_261' title='bbox 839 2290 1064 2363; x_wconf 89' lang='lat' dir='ltr'>vigiles,</span> <span class='ocrx_word' id='word_1_262' title='bbox 1091 2296 1147 2350; x_wconf 85' lang='lat' dir='ltr'>et</span> <span class='ocrx_word' id='word_1_263' title='bbox 1166 2293 1475 2368; x_wconf 88' lang='lat' dir='ltr'>diligenter</span> <span class='ocrx_word' id='word_1_264' title='bbox 1496 2298 1837 2372; x_wconf 89' lang='lat' dir='ltr'>clamantes,</span> 
     </span>
    </p>
   </div>
   <div class='ocr_carea' id='block_1_40' title="bbox 181 2375 1840 2454">
    <p class='ocr_par' dir='ltr' id='par_1_40' title="bbox 181 2375 1840 2454">
     <span class='ocr_line' id='line_1_40' title="bbox 181 2375 1840 2454; baseline 0.011 -25"><span class='ocrx_word' id='word_1_265' title='bbox 181 2376 288 2448; x_wconf 89' lang='lat' dir='ltr'>qui</span> <span class='ocrx_word' id='word_1_266' title='bbox 314 2376 388 2431; x_wconf 88' lang='lat' dir='ltr'>ab</span> <span class='ocrx_word' id='word_1_267' title='bbox 406 2375 520 2432; x_wconf 93' lang='lat' dir='ltr'>hoc</span> <span class='ocrx_word' id='word_1_268' title='bbox 538 2375 764 2434; x_wconf 87' lang='lat' dir='ltr'>latrone</span> <span class='ocrx_word' id='word_1_269' title='bbox 782 2378 1019 2451; x_wconf 88' lang='lat' dir='ltr'>publico</span> <span class='ocrx_word' id='word_1_270' title='bbox 1045 2381 1325 2454; x_wconf 85' lang='lat' dir='ltr'>populum</span> <span class='ocrx_word' id='word_1_271' title='bbox 1351 2387 1497 2442; x_wconf 88' lang='lat' dir='ltr'>tueri</span> <span class='ocrx_word' id='word_1_272' title='bbox 1521 2388 1750 2447; x_wconf 82' lang='lat' dir='ltr'>debent.</span> <span class='ocrx_word' id='word_1_273' title='bbox 1773 2390 1840 2449; x_wconf 85' lang='lat' dir='ltr'>Hi</span> 
     </span>
    </p>
   </div>
   <div class='ocr_carea' id='block_1_41' title="bbox 187 2464 1842 2552">
    <p class='ocr_par' dir='ltr' id='par_1_41' title="bbox 187 2464 1842 2552">
     <span class='ocr_line' id='line_1_41' title="bbox 187 2464 1842 2552; baseline 0.01 -32"><span class='ocrx_word' id='word_1_274' title='bbox 187 2466 334 2520; x_wconf 86' lang='lat' dir='ltr'>sunt</span> <span class='ocrx_word' id='word_1_275' title='bbox 363 2464 620 2537; x_wconf 89' lang='lat' dir='ltr'>episcopi</span> <span class='ocrx_word' id='word_1_276' title='bbox 650 2470 707 2522; x_wconf 88' lang='lat' dir='ltr'>et</span> <span class='ocrx_word' id='word_1_277' title='bbox 737 2469 1081 2541; x_wconf 86' lang='lat' dir='ltr'>presbyteri,</span> <span class='ocrx_word' id='word_1_278' title='bbox 1109 2471 1209 2543; x_wconf 91' lang='lat' dir='ltr'>qui</span> <span class='ocrx_word' id='word_1_279' title='bbox 1231 2473 1687 2534; x_wconf 90' lang='lat' dir='ltr'>ecclesiasticum</span> <span class='ocrx_word' id='word_1_280' title='bbox 1713 2495 1842 2552; x_wconf 89' lang='lat' dir='ltr'>gre-</span> 
     </span>
    </p>
   </div>
   <div class='ocr_carea' id='block_1_42' title="bbox 182 2553 1843 2635">
    <p class='ocr_par' dir='ltr' id='par_1_42' title="bbox 182 2553 1843 2635">
     <span class='ocr_line' id='line_1_42' title="bbox 182 2553 1843 2635; baseline 0.011 -29"><span class='ocrx_word' id='word_1_281' title='bbox 182 2567 323 2625; x_wconf 84' lang='lat' dir='ltr'>gem</span> <span class='ocrx_word' id='word_1_282' title='bbox 351 2553 661 2610; x_wconf 87' lang='lat' dir='ltr'>defendere</span> <span class='ocrx_word' id='word_1_283' title='bbox 689 2559 747 2610; x_wconf 90' lang='lat' dir='ltr'>et</span> <span class='ocrx_word' id='word_1_284' title='bbox 773 2557 924 2612; x_wconf 89' lang='lat' dir='ltr'>tueri</span> <span class='ocrx_word' id='word_1_285' title='bbox 954 2558 1167 2615; x_wconf 91' lang='lat' dir='ltr'>debent</span> <span class='ocrx_word' id='word_1_286' title='bbox 1188 2576 1291 2633; x_wconf 87' lang='lat' dir='ltr'>per</span> <span class='ocrx_word' id='word_1_287' title='bbox 1319 2563 1614 2635; x_wconf 90' lang='lat' dir='ltr'>sapientes</span> <span class='ocrx_word' id='word_1_288' title='bbox 1627 2567 1843 2624; x_wconf 91' lang='lat' dir='ltr'>doctri-</span> 
     </span>
    </p>
   </div>
   <div class='ocr_carea' id='block_1_43' title="bbox 185 2642 1847 2721">
    <p class='ocr_par' dir='ltr' id='par_1_43' title="bbox 185 2642 1847 2721">
     <span class='ocr_line' id='line_1_43' title="bbox 185 2642 1847 2721; baseline 0.01 -24"><span class='ocrx_word' id='word_1_289' title='bbox 185 2656 322 2709; x_wconf 85' lang='lat' dir='ltr'>nas,</span> <span class='ocrx_word' id='word_1_290' title='bbox 354 2658 428 2698; x_wconf 86' lang='lat' dir='ltr'>ne</span> <span class='ocrx_word' id='word_1_291' title='bbox 452 2642 721 2700; x_wconf 79' lang='lat' dir='ltr'>furiosus</span> <span class='ocrx_word' id='word_1_292' title='bbox 750 2644 1170 2721; x_wconf 88' lang='lat' dir='ltr'>lycanthropus</span> <span class='ocrx_word' id='word_1_293' title='bbox 1200 2666 1336 2706; x_wconf 91' lang='lat' dir='ltr'>eum</span> <span class='ocrx_word' id='word_1_294' title='bbox 1357 2652 1609 2710; x_wconf 90' lang='lat' dir='ltr'>nimium</span> <span class='ocrx_word' id='word_1_295' title='bbox 1634 2656 1847 2714; x_wconf 90' lang='lat' dir='ltr'>discer-</span> 
     </span>
    </p>
   </div>
   <div class='ocr_carea' id='block_1_44' title="bbox 1948 1938 3599 2018">
    <p class='ocr_par' dir='ltr' id='par_1_44' title="bbox 1948 1938 3599 2018">
     <span class='ocr_line' id='line_1_44' title="bbox 1948 1938 3599 2018; baseline 0.012 -27"><span class='ocrx_word' id='word_1_296' title='bbox 1948 1952 2082 1991; x_wconf 88' lang='lat' dir='ltr'>mus</span> <span class='ocrx_word' id='word_1_297' title='bbox 2097 1942 2327 1993; x_wconf 89' lang='lat' dir='ltr'>estcum</span> <span class='ocrx_word' id='word_1_298' title='bbox 2344 1938 2476 2010; x_wconf 89' lang='lat' dir='ltr'>quis</span> <span class='ocrx_word' id='word_1_299' title='bbox 2490 1940 2887 2010; x_wconf 84' lang='lat' dir='ltr'>idolaadorat,</span> <span class='ocrx_word' id='word_1_300' title='bbox 2900 1944 3040 2002; x_wconf 91' lang='lat' dir='ltr'>deos</span> <span class='ocrx_word' id='word_1_301' title='bbox 3051 1962 3160 2018; x_wconf 88' lang='lat' dir='ltr'>gen</span> <span class='ocrx_word' id='word_1_302' title='bbox 3172 1948 3323 2017; x_wconf 85' lang='lat' dir='ltr'>tiles,</span> <span class='ocrx_word' id='word_1_303' title='bbox 3344 1952 3599 2010; x_wconf 86' lang='lat' dir='ltr'>etsolem</span> 
     </span>
    </p>
   </div>
   <div class='ocr_carea' id='block_1_45' title="bbox 1943 2023 3604 2110">
    <p class='ocr_par' dir='ltr' id='par_1_45' title="bbox 1943 2023 3604 2110">
     <span class='ocr_line' id='line_1_45' title="bbox 1943 2023 3604 2110; baseline 0.013 -31"><span class='ocrx_word' id='word_1_304' title='bbox 1943 2023 2033 2081; x_wconf 85' lang='lat' dir='ltr'>vel</span> <span class='ocrx_word' id='word_1_305' title='bbox 2065 2024 2489 2100; x_wconf 89' lang='lat' dir='ltr'>lunam,ignem</span> <span class='ocrx_word' id='word_1_306' title='bbox 2520 2028 2608 2086; x_wconf 86' lang='lat' dir='ltr'>vel</span> <span class='ocrx_word' id='word_1_307' title='bbox 2639 2031 2904 2102; x_wconf 86' lang='lat' dir='ltr'>ﬂuvium,</span> <span class='ocrx_word' id='word_1_308' title='bbox 2936 2038 3165 2094; x_wconf 89' lang='lat' dir='ltr'>torrens</span> <span class='ocrx_word' id='word_1_309' title='bbox 3194 2038 3283 2094; x_wconf 87' lang='lat' dir='ltr'>vel</span> <span class='ocrx_word' id='word_1_310' title='bbox 3312 2056 3472 2110; x_wconf 83' lang='lat' dir='ltr'>saxa,</span> <span class='ocrx_word' id='word_1_311' title='bbox 3512 2042 3604 2099; x_wconf 66' lang='lat' dir='ltr'>vel</span> 
     </span>
    </p>
   </div>
   <div class='ocr_carea' id='block_1_46' title="bbox 1948 2114 3607 2201">
    <p class='ocr_par' dir='ltr' id='par_1_46' title="bbox 1948 2114 3607 2201">
     <span class='ocr_line' id='line_1_46' title="bbox 1948 2114 3607 2201; baseline 0.013 -34"><span class='ocrx_word' id='word_1_312' title='bbox 1948 2114 2197 2186; x_wconf 83' lang='lat' dir='ltr'>alicujus</span> <span class='ocrx_word' id='word_1_313' title='bbox 2213 2116 2445 2188; x_wconf 89' lang='lat' dir='ltr'>generis</span> <span class='ocrx_word' id='word_1_314' title='bbox 2468 2119 2741 2175; x_wconf 86' lang='lat' dir='ltr'>arborum</span> <span class='ocrx_word' id='word_1_315' title='bbox 2764 2120 2947 2192; x_wconf 85' lang='lat' dir='ltr'>ligna,</span> <span class='ocrx_word' id='word_1_316' title='bbox 2970 2122 3054 2180; x_wconf 92' lang='lat' dir='ltr'>vel</span> <span class='ocrx_word' id='word_1_317' title='bbox 3080 2129 3237 2192; x_wconf 90' lang='lat' dir='ltr'>(cum</span> <span class='ocrx_word' id='word_1_318' title='bbox 3262 2128 3418 2201; x_wconf 86' lang='lat' dir='ltr'>quis)</span> <span class='ocrx_word' id='word_1_319' title='bbox 3438 2146 3607 2187; x_wconf 87' lang='lat' dir='ltr'>vene-</span> 
     </span>
    </p>
   </div>
   <div class='ocr_carea' id='block_1_47' title="bbox 1950 2202 3599 2286">
    <p class='ocr_par' dir='ltr' id='par_1_47' title="bbox 1950 2202 3599 2286">
     <span class='ocr_line' id='line_1_47' title="bbox 1950 2202 3599 2286; baseline 0.012 -30"><span class='ocrx_word' id='word_1_320' title='bbox 1950 2202 2146 2258; x_wconf 83' lang='lat' dir='ltr'>ﬁcium</span> <span class='ocrx_word' id='word_1_321' title='bbox 2163 2209 2341 2272; x_wconf 88' lang='lat' dir='ltr'>amat,</span> <span class='ocrx_word' id='word_1_322' title='bbox 2358 2206 2447 2260; x_wconf 90' lang='lat' dir='ltr'>vel</span> <span class='ocrx_word' id='word_1_323' title='bbox 2466 2206 2809 2264; x_wconf 89' lang='lat' dir='ltr'>vicariatum</span> <span class='ocrx_word' id='word_1_324' title='bbox 2829 2212 3149 2269; x_wconf 89' lang='lat' dir='ltr'>committit</span> <span class='ocrx_word' id='word_1_325' title='bbox 3170 2213 3287 2271; x_wconf 90' lang='lat' dir='ltr'>ullo</span> <span class='ocrx_word' id='word_1_326' title='bbox 3301 2218 3493 2286; x_wconf 90' lang='lat' dir='ltr'>modo,</span> <span class='ocrx_word' id='word_1_327' title='bbox 3510 2218 3599 2275; x_wconf 85' lang='lat' dir='ltr'>vel</span> 
     </span>
    </p>
   </div>
   <div class='ocr_carea' id='block_1_48' title="bbox 1950 2290 3598 2378">
    <p class='ocr_par' dir='ltr' id='par_1_48' title="bbox 1950 2290 3598 2378">
     <span class='ocr_line' id='line_1_48' title="bbox 1950 2290 3598 2378; baseline 0.011 -32"><span class='ocrx_word' id='word_1_328' title='bbox 1950 2290 2269 2363; x_wconf 86' lang='lat' dir='ltr'>sortilegio,</span> <span class='ocrx_word' id='word_1_329' title='bbox 2300 2292 2387 2349; x_wconf 86' lang='lat' dir='ltr'>vel</span> <span class='ocrx_word' id='word_1_330' title='bbox 2419 2295 2554 2351; x_wconf 90' lang='lat' dir='ltr'>teda</span> <span class='ocrx_word' id='word_1_331' title='bbox 2583 2296 2671 2352; x_wconf 89' lang='lat' dir='ltr'>vel</span> <span class='ocrx_word' id='word_1_332' title='bbox 2706 2292 2902 2370; x_wconf 90' lang='lat' dir='ltr'>aliquo</span> <span class='ocrx_word' id='word_1_333' title='bbox 2933 2299 3344 2372; x_wconf 87' lang='lat' dir='ltr'>phantasmate</span> <span class='ocrx_word' id='word_1_334' title='bbox 3368 2304 3598 2378; x_wconf 82' lang='lat' dir='ltr'>aliquid</span> 
     </span>
    </p>
   </div>
   <div class='ocr_carea' id='block_1_49' title="bbox 1952 2380 2194 2453">
    <p class='ocr_par' dir='ltr' id='par_1_49' title="bbox 1952 2380 2194 2453">
     <span class='ocr_line' id='line_1_49' title="bbox 1952 2380 2194 2453; baseline 0 -17"><span class='ocrx_word' id='word_1_335' title='bbox 1952 2380 2194 2453; x_wconf 80' lang='lat' dir='ltr'>perficit.</span> 
     </span>
    </p>
   </div>
   <div class='ocr_carea' id='block_1_50' title="bbox 1950 2468 3601 2621">
    <p class='ocr_par' dir='ltr' id='par_1_50' title="bbox 1950 2468 3601 2621">
     <span class='ocr_line' id='line_1_50' title="bbox 1950 2468 3601 2621; baseline 0.012 -98"><span class='ocrx_word' id='word_1_336' title='bbox 1950 2468 2045 2525; x_wconf 89' lang='lat' dir='ltr'>VI.</span> <span class='ocrx_word' id='word_1_337' title='bbox 2113 2470 2188 2525; x_wconf 86' lang='lat' dir='ltr'>De</span> <span class='ocrx_word' id='word_1_338' title='bbox 2257 2471 2545 2530; x_wconf 82' lang='lat' dir='ltr'>homicidis</span> <span class='ocrx_word' id='word_1_339' title='bbox 2579 2477 3011 2621; x_wconf 51' lang='lat' dir='ltr'>(pfjegagtigif,</span> <span class='ocrx_word' id='word_1_340' title='bbox 3087 2487 3139 2536; x_wconf 85' lang='lat' dir='ltr'>et</span> <span class='ocrx_word' id='word_1_341' title='bbox 3207 2482 3601 2543; x_wconf 56' lang='lat' dir='ltr'>mechantibus</span> 
     </span>
    </p>
   </div>
   <div class='ocr_carea' id='block_1_51' title="bbox 2024 2629 3602 2705">
    <p class='ocr_par' dir='ltr' id='par_1_51' title="bbox 2024 2629 3602 2705">
     <span class='ocr_line' id='line_1_51' title="bbox 2024 2629 3602 2705; baseline 0.013 -21"><span class='ocrx_word' id='word_1_342' title='bbox 2024 2629 2408 2688; x_wconf 70' lang='lat' dir='ltr'>Homicidazet</span> <span class='ocrx_word' id='word_1_343' title='bbox 2420 2633 2636 2705; x_wconf 88' lang='lat' dir='ltr'>parjuri</span> <span class='ocrx_word' id='word_1_344' title='bbox 2652 2634 2926 2695; x_wconf 89' lang='lat' dir='ltr'>ordinum</span> <span class='ocrx_word' id='word_1_345' title='bbox 2954 2637 3263 2699; x_wconf 89' lang='lat' dir='ltr'>violatores</span> <span class='ocrx_word' id='word_1_346' title='bbox 3280 2645 3602 2704; x_wconf 88' lang='lat' dir='ltr'>etadulteri</span> 
     </span>
    </p>
   </div>
   <div class='ocr_carea' id='block_1_52' title="bbox 191 2720 3603 2813">
    <p class='ocr_par' dir='ltr' id='par_1_52' title="bbox 191 2720 3603 2813">
     <span class='ocr_line' id='line_1_52' title="bbox 191 2720 3603 2813; baseline 0.012 -58"><span class='ocrx_word' id='word_1_347' title='bbox 191 2734 317 2802; x_wconf 46' lang='lat' dir='ltr'>pst,</span> <span class='ocrx_word' id='word_1_348' title='bbox 350 2731 700 2789; x_wconf 61' lang='lat' dir='ltr'>autmulms</span> <span class='ocrx_word' id='word_1_349' title='bbox 728 2750 798 2790; x_wconf 66' lang='lat' dir='ltr'>ex</span> <span class='ocrx_word' id='word_1_350' title='bbox 826 2735 1221 2795; x_wconf 63' lang='lat' dir='ltr'>ecclesiastico</span> <span class='ocrx_word' id='word_1_351' title='bbox 1250 2756 1423 2813; x_wconf 59' lang='lat' dir='ltr'>grege</span> <span class='ocrx_word' id='word_1_352' title='bbox 1453 2745 1737 2802; x_wconf 46' lang='lat' dir='ltr'>mordeat.</span> <span class='ocrx_word' id='word_1_353' title='bbox 1778 2748 1849 2804; x_wconf 62' lang='lat' dir='ltr'>Et</span> <span class='ocrx_word' id='word_1_354' title='bbox 1955 2720 2308 2813; x_wconf 81' lang='lat' dir='ltr'>submittant</span> <span class='ocrx_word' id='word_1_355' title='bbox 2338 2739 2398 2779; x_wconf 90' lang='lat' dir='ltr'>se</span> <span class='ocrx_word' id='word_1_356' title='bbox 2430 2728 2486 2779; x_wconf 86' lang='lat' dir='ltr'>et</span> <span class='ocrx_word' id='word_1_357' title='bbox 2515 2726 2847 2798; x_wconf 88' lang='lat' dir='ltr'>emendant,</span> <span class='ocrx_word' id='word_1_358' title='bbox 2879 2727 2968 2784; x_wconf 87' lang='lat' dir='ltr'>vel</span> <span class='ocrx_word' id='word_1_359' title='bbox 3000 2729 3250 2790; x_wconf 89' lang='lat' dir='ltr'>scienter</span> <span class='ocrx_word' id='word_1_360' title='bbox 3270 2731 3327 2790; x_wconf 92' lang='lat' dir='ltr'>in</span> <span class='ocrx_word' id='word_1_361' title='bbox 3349 2737 3603 2808; x_wconf 88' lang='lat' dir='ltr'>peccatis</span> 
     </span>
    </p>
   </div>
   <div class='ocr_carea' id='block_1_53' title="bbox 192 2817 1846 2905">
    <p class='ocr_par' dir='ltr' id='par_1_53' title="bbox 192 2817 1846 2905">
     <span class='ocr_line' id='line_1_53' title="bbox 192 2817 1846 2905; baseline 0.013 -33"><span class='ocrx_word' id='word_1_362' title='bbox 192 2817 246 2874; x_wconf 85' lang='lat' dir='ltr'>si</span> <span class='ocrx_word' id='word_1_363' title='bbox 274 2818 412 2890; x_wconf 89' lang='lat' dir='ltr'>quis</span> <span class='ocrx_word' id='word_1_364' title='bbox 442 2820 696 2878; x_wconf 81' lang='lat' dir='ltr'>maxime</span> <span class='ocrx_word' id='word_1_365' title='bbox 727 2828 911 2891; x_wconf 84' lang='lat' dir='ltr'>curet,</span> <span class='ocrx_word' id='word_1_366' title='bbox 939 2828 1004 2879; x_wconf 89' lang='lat' dir='ltr'>ut</span> <span class='ocrx_word' id='word_1_367' title='bbox 1027 2825 1127 2881; x_wconf 89' lang='lat' dir='ltr'>Dei</span> <span class='ocrx_word' id='word_1_368' title='bbox 1159 2828 1385 2884; x_wconf 88' lang='lat' dir='ltr'>nuntiis</span> <span class='ocrx_word' id='word_1_369' title='bbox 1414 2830 1666 2905; x_wconf 89' lang='lat' dir='ltr'>obediat,</span> <span class='ocrx_word' id='word_1_370' title='bbox 1691 2835 1846 2893; x_wconf 87' lang='lat' dir='ltr'>idem</span> 
     </span>
    </p>
   </div>
   <div class='ocr_carea' id='block_1_54' title="bbox 189 2908 1845 2989">
    <p class='ocr_par' dir='ltr' id='par_1_54' title="bbox 189 2908 1845 2989">
     <span class='ocr_line' id='line_1_54' title="bbox 189 2908 1845 2989; baseline 0.012 -26"><span class='ocrx_word' id='word_1_371' title='bbox 189 2910 283 2963; x_wconf 87' lang='lat' dir='ltr'>est</span> <span class='ocrx_word' id='word_1_372' title='bbox 312 2923 380 2964; x_wconf 89' lang='lat' dir='ltr'>ac</span> <span class='ocrx_word' id='word_1_373' title='bbox 411 2908 462 2964; x_wconf 86' lang='lat' dir='ltr'>si</span> <span class='ocrx_word' id='word_1_374' title='bbox 492 2908 608 2966; x_wconf 87' lang='lat' dir='ltr'>Deo</span> <span class='ocrx_word' id='word_1_375' title='bbox 637 2910 752 2983; x_wconf 89' lang='lat' dir='ltr'>ipsi</span> <span class='ocrx_word' id='word_1_376' title='bbox 783 2913 1035 2970; x_wconf 80' lang='lat' dir='ltr'>obediat,</span> <span class='ocrx_word' id='word_1_377' title='bbox 1069 2915 1313 2989; x_wconf 89' lang='lat' dir='ltr'>Semper</span> <span class='ocrx_word' id='word_1_378' title='bbox 1354 2918 1432 2975; x_wconf 87' lang='lat' dir='ltr'>sit</span> <span class='ocrx_word' id='word_1_379' title='bbox 1480 2937 1695 2979; x_wconf 90' lang='lat' dir='ltr'>nomen</span> <span class='ocrx_word' id='word_1_380' title='bbox 1745 2926 1845 2983; x_wconf 90' lang='lat' dir='ltr'>Dei</span> 
     </span>
    </p>
   </div>
   <div class='ocr_carea' id='block_1_55' title="bbox 192 2996 1846 3083">
    <p class='ocr_par' dir='ltr' id='par_1_55' title="bbox 192 2996 1846 3083">
     <span class='ocr_line' id='line_1_55' title="bbox 192 2996 1846 3083; baseline 0.013 -33"><span class='ocrx_word' id='word_1_381' title='bbox 192 2996 589 3065; x_wconf 86' lang='lat' dir='ltr'>benedictum,</span> <span class='ocrx_word' id='word_1_382' title='bbox 622 3003 682 3056; x_wconf 87' lang='lat' dir='ltr'>et</span> <span class='ocrx_word' id='word_1_383' title='bbox 708 3000 788 3056; x_wconf 91' lang='lat' dir='ltr'>sit</span> <span class='ocrx_word' id='word_1_384' title='bbox 811 3000 939 3058; x_wconf 89' lang='lat' dir='ltr'>laus</span> <span class='ocrx_word' id='word_1_385' title='bbox 979 3002 1051 3071; x_wconf 92' lang='lat' dir='ltr'>ei,</span> <span class='ocrx_word' id='word_1_386' title='bbox 1104 3021 1171 3060; x_wconf 90' lang='lat' dir='ltr'>ac</span> <span class='ocrx_word' id='word_1_387' title='bbox 1218 3005 1405 3063; x_wconf 93' lang='lat' dir='ltr'>honor</span> <span class='ocrx_word' id='word_1_388' title='bbox 1451 3013 1507 3065; x_wconf 92' lang='lat' dir='ltr'>et</span> <span class='ocrx_word' id='word_1_389' title='bbox 1554 3010 1740 3083; x_wconf 89' lang='lat' dir='ltr'>gloria</span> <span class='ocrx_word' id='word_1_390' title='bbox 1782 3017 1846 3072; x_wconf 91' lang='lat' dir='ltr'>in</span> 
     </span>
    </p>
   </div>
   <div class='ocr_carea' id='block_1_56' title="bbox 194 3086 1117 3148">
    <p class='ocr_par' dir='ltr' id='par_1_56' title="bbox 194 3086 1117 3148">
     <span class='ocr_line' id='line_1_56' title="bbox 194 3086 1117 3148; baseline 0.009 -8"><span class='ocrx_word' id='word_1_391' title='bbox 194 3101 404 3142; x_wconf 89' lang='lat' dir='ltr'>omnes</span> <span class='ocrx_word' id='word_1_392' title='bbox 433 3086 630 3143; x_wconf 82' lang='lat' dir='ltr'>saeculi</span> <span class='ocrx_word' id='word_1_393' title='bbox 659 3092 876 3146; x_wconf 62' lang='lat' dir='ltr'>aetates.</span> <span class='ocrx_word' id='word_1_394' title='bbox 913 3093 1117 3148; x_wconf 86' lang='lat' dir='ltr'>Amen.</span> 
     </span>
    </p>
   </div>
   <div class='ocr_carea' id='block_1_57' title="bbox 264 3173 1845 3256">
    <p class='ocr_par' dir='ltr' id='par_1_57' title="bbox 264 3173 1845 3256">
     <span class='ocr_line' id='line_1_57' title="bbox 264 3173 1845 3256; baseline 0.013 -26"><span class='ocrx_word' id='word_1_395' title='bbox 264 3173 385 3231; x_wconf 83' lang='lat' dir='ltr'>Hoc</span> <span class='ocrx_word' id='word_1_396' title='bbox 409 3179 502 3231; x_wconf 89' lang='lat' dir='ltr'>est</span> <span class='ocrx_word' id='word_1_397' title='bbox 523 3176 798 3235; x_wconf 68' lang='lat' dir='ltr'>saeculare</span> <span class='ocrx_word' id='word_1_398' title='bbox 818 3180 1131 3238; x_wconf 86' lang='lat' dir='ltr'>consilium</span> <span class='ocrx_word' id='word_1_399' title='bbox 1155 3184 1310 3256; x_wconf 92' lang='lat' dir='ltr'>quod</span> <span class='ocrx_word' id='word_1_400' title='bbox 1329 3201 1397 3242; x_wconf 90' lang='lat' dir='ltr'>ex</span> <span class='ocrx_word' id='word_1_401' title='bbox 1417 3189 1845 3251; x_wconf 88' lang='lat' dir='ltr'>consultatione</span> 
     </span>
    </p>
   </div>
   <div class='ocr_carea' id='block_1_58' title="bbox 1956 2809 2300 2866">
    <p class='ocr_par' dir='ltr' id='par_1_58' title="bbox 1956 2809 2300 2866">
     <span class='ocr_line' id='line_1_58' title="bbox 1956 2809 2300 2866; baseline 0.006 -2"><span class='ocrx_word' id='word_1_402' title='bbox 1956 2809 2300 2866; x_wconf 68' lang='lat' dir='ltr'>moriantur.</span> 
     </span>
    </p>
   </div>
   <div class='ocr_carea' id='block_1_59' title="bbox 1953 2906 3605 2997">
    <p class='ocr_par' dir='ltr' id='par_1_59' title="bbox 1953 2906 3605 2997">
     <span class='ocr_line' id='line_1_59' title="bbox 1953 2906 3605 2997; baseline 0.012 -35"><span class='ocrx_word' id='word_1_403' title='bbox 1953 2906 2074 2964; x_wconf 88' lang='lat' dir='ltr'>VII.</span> <span class='ocrx_word' id='word_1_404' title='bbox 2099 2909 2253 2997; x_wconf 69' lang='lat' dir='ltr'>Quod</span> <span class='ocrx_word' id='word_1_405' title='bbox 2266 2912 2555 2997; x_wconf 40' lang='lat' dir='ltr'>peccatum.</span> <span class='ocrx_word' id='word_1_406' title='bbox 2570 2915 2783 2997; x_wconf 72' lang='lat' dir='ltr'>turpius</span> <span class='ocrx_word' id='word_1_407' title='bbox 2803 2916 2877 2997; x_wconf 72' lang='lat' dir='ltr'>sit</span> <span class='ocrx_word' id='word_1_408' title='bbox 2891 2918 2958 2997; x_wconf 81' lang='lat' dir='ltr'>in</span> <span class='ocrx_word' id='word_1_409' title='bbox 2981 2916 3166 2997; x_wconf 46' lang='lat' dir='ltr'>dictus</span> <span class='ocrx_word' id='word_1_410' title='bbox 3186 2928 3238 2997; x_wconf 64' lang='lat' dir='ltr'>ct</span> <span class='ocrx_word' id='word_1_411' title='bbox 3257 2922 3605 2997; x_wconf 15' lang='lat' dir='ltr'>locisgsacris,</span> 
     </span>
    </p>
   </div>
   <div class='ocr_carea' id='block_1_60' title="bbox 2061 2982 3494 3070">
    <p class='ocr_par' dir='ltr' id='par_1_60' title="bbox 2061 2982 3494 3070">
     <span class='ocr_line' id='line_1_60' title="bbox 2061 2982 3494 3070; baseline 0.012 -36"><span class='ocrx_word' id='word_1_412' title='bbox 2061 2982 2113 3035; x_wconf 88' lang='lat' dir='ltr'>et</span> <span class='ocrx_word' id='word_1_413' title='bbox 2138 2982 2372 3053; x_wconf 83' lang='lat' dir='ltr'>majores</span> <span class='ocrx_word' id='word_1_414' title='bbox 2401 2985 2580 3053; x_wconf 82' lang='lat' dir='ltr'>magis</span> <span class='ocrx_word' id='word_1_415' title='bbox 2607 2982 2739 3041; x_wconf 67' lang='lat' dir='ltr'>sunt</span> <span class='ocrx_word' id='word_1_416' title='bbox 2756 2986 3029 3058; x_wconf 81' lang='lat' dir='ltr'>plectendi</span> <span class='ocrx_word' id='word_1_417' title='bbox 3060 2990 3170 3063; x_wconf 93' lang='lat' dir='ltr'>(LI.</span> <span class='ocrx_word' id='word_1_418' title='bbox 3204 2991 3337 3049; x_wconf 85' lang='lat' dir='ltr'>Sax.</span> <span class='ocrx_word' id='word_1_419' title='bbox 3382 2995 3494 3070; x_wconf 87' lang='lat'>35).</span> 
     </span>
    </p>
   </div>
   <div class='ocr_carea' id='block_1_61' title="bbox 2028 3068 3601 3152">
    <p class='ocr_par' dir='ltr' id='par_1_61' title="bbox 2028 3068 3601 3152">
     <span class='ocr_line' id='line_1_61' title="bbox 2028 3068 3601 3152; baseline 0.012 -29"><span class='ocrx_word' id='word_1_420' title='bbox 2028 3068 2318 3138; x_wconf 90' lang='lat' dir='ltr'>Injustum</span> <span class='ocrx_word' id='word_1_421' title='bbox 2349 3086 2465 3127; x_wconf 90' lang='lat' dir='ltr'>non</span> <span class='ocrx_word' id='word_1_422' title='bbox 2496 3076 2584 3129; x_wconf 90' lang='lat' dir='ltr'>est</span> <span class='ocrx_word' id='word_1_423' title='bbox 2614 3072 2732 3129; x_wconf 91' lang='lat' dir='ltr'>ullo</span> <span class='ocrx_word' id='word_1_424' title='bbox 2763 3079 3022 3149; x_wconf 90' lang='lat' dir='ltr'>tempore</span> <span class='ocrx_word' id='word_1_425' title='bbox 3053 3079 3431 3152; x_wconf 89' lang='lat' dir='ltr'>permissum;</span> <span class='ocrx_word' id='word_1_426' title='bbox 3456 3068 3601 3143; x_wconf 86' lang='lat' dir='ltr'>atta-</span> 
     </span>
    </p>
   </div>
   <div class='ocr_carea' id='block_1_62' title="bbox 1959 3157 3604 3235">
    <p class='ocr_par' dir='ltr' id='par_1_62' title="bbox 1959 3157 3604 3235">
     <span class='ocr_line' id='line_1_62' title="bbox 1959 3157 3604 3235; baseline 0.012 -23"><span class='ocrx_word' id='word_1_427' title='bbox 1959 3173 2093 3213; x_wconf 92' lang='lat' dir='ltr'>men</span> <span class='ocrx_word' id='word_1_428' title='bbox 2124 3157 2332 3215; x_wconf 89' lang='lat' dir='ltr'>diebus</span> <span class='ocrx_word' id='word_1_429' title='bbox 2366 3158 2550 3230; x_wconf 88' lang='lat' dir='ltr'>festis,</span> <span class='ocrx_word' id='word_1_430' title='bbox 2584 3165 2642 3217; x_wconf 91' lang='lat' dir='ltr'>et</span> <span class='ocrx_word' id='word_1_431' title='bbox 2668 3162 2728 3217; x_wconf 93' lang='lat' dir='ltr'>in</span> <span class='ocrx_word' id='word_1_432' title='bbox 2753 3162 3019 3235; x_wconf 87' lang='lat' dir='ltr'>jejuniis,</span> <span class='ocrx_word' id='word_1_433' title='bbox 3052 3170 3111 3221; x_wconf 90' lang='lat' dir='ltr'>et</span> <span class='ocrx_word' id='word_1_434' title='bbox 3139 3166 3199 3222; x_wconf 90' lang='lat' dir='ltr'>in</span> <span class='ocrx_word' id='word_1_435' title='bbox 3220 3167 3363 3227; x_wconf 89' lang='lat' dir='ltr'>locis</span> <span class='ocrx_word' id='word_1_436' title='bbox 3384 3173 3604 3231; x_wconf 89' lang='lat' dir='ltr'>sanctis</span> 
     </span>
    </p>
   </div>
   <div class='ocr_carea' id='block_1_63' title="bbox 191 3230 3605 3352">
    <p class='ocr_par' dir='ltr' id='par_1_63' title="bbox 191 3230 3605 3352">
     <span class='ocr_line' id='line_1_63' title="bbox 191 3230 3605 3352; baseline 0.011 -34"><span class='ocrx_word' id='word_1_437' title='bbox 191 3230 331 3320; x_wconf 89' lang='lat' dir='ltr'>cum</span> <span class='ocrx_word' id='word_1_438' title='bbox 362 3230 727 3336; x_wconf 73' lang='lat' dir='ltr'>sapientibus</span> <span class='ocrx_word' id='word_1_439' title='bbox 758 3267 905 3325; x_wconf 89' lang='lat' dir='ltr'>meis</span> <span class='ocrx_word' id='word_1_440' title='bbox 934 3269 1064 3327; x_wconf 91' lang='lat' dir='ltr'>volo</span> <span class='ocrx_word' id='word_1_441' title='bbox 1084 3230 1518 3333; x_wconf 41' lang='lat' dir='ltr'>utjobservetur</span> <span class='ocrx_word' id='word_1_442' title='bbox 1875 3230 1918 3299; x_wconf 66' lang='grc' dir='ltr'>Ο</span> <span class='ocrx_word' id='word_1_443' title='bbox 1954 3244 2508 3352; x_wconf 44' lang='grc' dir='ltr'>ᾳῌὲεθῃῗίεδίξηθέώ</span> <span class='ocrx_word' id='word_1_444' title='bbox 2538 3265 2604 3305; x_wconf 74' lang='lat' dir='ltr'>eo</span> <span class='ocrx_word' id='word_1_445' title='bbox 2622 3252 2957 3352; x_wconf 44' lang='lat' dir='ltr'>.08”?de</span> <span class='ocrx_word' id='word_1_446' title='bbox 2989 3256 3197 3352; x_wconf 43' lang='lat' dir='ltr'>ait.“</span> <span class='ocrx_word' id='word_1_447' title='bbox 3226 3274 3460 3352; x_wconf 41' lang='lat' dir='ltr'>sempei</span> <span class='ocrx_word' id='word_1_448' title='bbox 3486 3278 3605 3336; x_wconf 74' lang='lat' dir='ltr'>quo</span> 
     </span>
    </p>
   </div>
   <div class='ocr_carea' id='block_1_64' title="bbox 185 3351 484 3425">
    <p class='ocr_par' dir='ltr' id='par_1_64' title="bbox 185 3351 484 3425">
     <span class='ocr_line' id='line_1_64' title="bbox 185 3351 484 3425; baseline 0.01 -18"><span class='ocrx_word' id='word_1_449' title='bbox 185 3351 484 3425; x_wconf 81' lang='lat' dir='ltr'>Angliam.</span> 
     </span>
    </p>
   </div>
   <div class='ocr_carea' id='block_1_65' title="bbox 455 3450 1570 3538">
    <p class='ocr_par' dir='ltr' id='par_1_65' title="bbox 455 3450 1570 3538">
     <span class='ocr_line' id='line_1_65' title="bbox 455 3450 1570 3538; baseline 0.013 -31"><span class='ocrx_word' id='word_1_450' title='bbox 455 3450 499 3508; x_wconf 94' lang='grc' dir='ltr'>Ι.</span> <span class='ocrx_word' id='word_1_451' title='bbox 531 3452 606 3510; x_wconf 86' lang='lat' dir='ltr'>De</span> <span class='ocrx_word' id='word_1_452' title='bbox 624 3454 854 3526; x_wconf 85' lang='lat' dir='ltr'>justitia</span> <span class='ocrx_word' id='word_1_453' title='bbox 882 3456 1155 3530; x_wconf 68' lang='lat' dir='ltr'>efferenda</span> <span class='ocrx_word' id='word_1_454' title='bbox 1185 3460 1294 3532; x_wconf 91' lang='lat' dir='ltr'>(LI.</span> <span class='ocrx_word' id='word_1_455' title='bbox 1329 3463 1460 3520; x_wconf 80' lang='lat' dir='ltr'>Sax.</span> <span class='ocrx_word' id='word_1_456' title='bbox 1496 3465 1570 3538; x_wconf 88' lang='grc'>1).</span> 
     </span>
    </p>
   </div>
   <div class='ocr_carea' id='block_1_66' title="bbox 256 3536 1843 3632">
    <p class='ocr_par' dir='ltr' id='par_1_66' title="bbox 256 3536 1843 3632">
     <span class='ocr_line' id='line_1_66' title="bbox 256 3536 1843 3632; baseline 0.014 -39"><span class='ocrx_word' id='word_1_457' title='bbox 256 3536 378 3595; x_wconf 85' lang='lat' dir='ltr'>Hoc</span> <span class='ocrx_word' id='word_1_458' title='bbox 407 3538 588 3614; x_wconf 90' lang='lat' dir='ltr'>igitur</span> <span class='ocrx_word' id='word_1_459' title='bbox 615 3545 705 3598; x_wconf 91' lang='lat' dir='ltr'>est</span> <span class='ocrx_word' id='word_1_460' title='bbox 735 3543 1015 3616; x_wconf 88' lang='lat' dir='ltr'>primum,</span> <span class='ocrx_word' id='word_1_461' title='bbox 1049 3549 1205 3620; x_wconf 90' lang='lat' dir='ltr'>quod</span> <span class='ocrx_word' id='word_1_462' title='bbox 1231 3549 1376 3616; x_wconf 80' lang='lat' dir='ltr'>volo,</span> <span class='ocrx_word' id='word_1_463' title='bbox 1401 3557 1465 3608; x_wconf 87' lang='lat' dir='ltr'>ut</span> <span class='ocrx_word' id='word_1_464' title='bbox 1484 3536 1660 3625; x_wconf 63' lang='lat' dir='ltr'>justas</span> <span class='ocrx_word' id='word_1_465' title='bbox 1683 3556 1843 3632; x_wconf 86' lang='lat' dir='ltr'>leges</span> 
     </span>
    </p>
   </div>
   <div class='ocr_carea' id='block_1_67' title="bbox 183 3626 1839 3720">
    <p class='ocr_par' dir='ltr' id='par_1_67' title="bbox 183 3626 1839 3720">
     <span class='ocr_line' id='line_1_67' title="bbox 183 3626 1839 3720; baseline 0.014 -39"><span class='ocrx_word' id='word_1_466' title='bbox 183 3626 548 3698; x_wconf 80' lang='lat' dir='ltr'>sanciantur,</span> <span class='ocrx_word' id='word_1_467' title='bbox 581 3633 640 3687; x_wconf 84' lang='lat' dir='ltr'>et</span> <span class='ocrx_word' id='word_1_468' title='bbox 665 3632 939 3704; x_wconf 67' lang='lat' dir='ltr'>quaelibet</span> <span class='ocrx_word' id='word_1_469' title='bbox 968 3634 1261 3707; x_wconf 83' lang='lat' dir='ltr'>injustitia</span> <span class='ocrx_word' id='word_1_470' title='bbox 1282 3640 1483 3697; x_wconf 88' lang='lat' dir='ltr'>sedulo</span> <span class='ocrx_word' id='word_1_471' title='bbox 1505 3626 1839 3720; x_wconf 68' lang='lat' dir='ltr'>damnetur,</span> 
     </span>
    </p>
   </div>
   <div class='ocr_carea' id='block_1_68' title="bbox 182 3717 1838 3806">
    <p class='ocr_par' dir='ltr' id='par_1_68' title="bbox 182 3717 1838 3806">
     <span class='ocr_line' id='line_1_68' title="bbox 182 3717 1838 3806; baseline 0.014 -35"><span class='ocrx_word' id='word_1_472' title='bbox 182 3719 241 3772; x_wconf 90' lang='lat' dir='ltr'>et</span> <span class='ocrx_word' id='word_1_473' title='bbox 262 3717 696 3806; x_wconf 22' lang='lat' dir='ltr'>&#39;ut’sarculetur</span> <span class='ocrx_word' id='word_1_474' title='bbox 725 3724 784 3776; x_wconf 91' lang='lat' dir='ltr'>et</span> <span class='ocrx_word' id='word_1_475' title='bbox 810 3722 1139 3781; x_wconf 89' lang='lat' dir='ltr'>eradicatur</span> <span class='ocrx_word' id='word_1_476' title='bbox 1176 3728 1479 3799; x_wconf 88' lang='lat' dir='ltr'>quodlibet</span> <span class='ocrx_word' id='word_1_477' title='bbox 1525 3717 1838 3806; x_wconf 76' lang='lat' dir='ltr'>injustum,</span> 
     </span>
    </p>
   </div>
   <div class='ocr_carea' id='block_1_69' title="bbox 181 3798 1841 3895">
    <p class='ocr_par' dir='ltr' id='par_1_69' title="bbox 181 3798 1841 3895">
     <span class='ocr_line' id='line_1_69' title="bbox 181 3798 1841 3895; baseline 0.014 -36"><span class='ocrx_word' id='word_1_478' title='bbox 181 3798 367 3877; x_wconf 85' lang='lat' dir='ltr'>quam</span> <span class='ocrx_word' id='word_1_479' title='bbox 398 3802 849 3895; x_wconf 81' lang='lat' dir='ltr'>diligentissime</span> <span class='ocrx_word' id='word_1_480' title='bbox 880 3812 1066 3883; x_wconf 87' lang='lat' dir='ltr'>possit</span> <span class='ocrx_word' id='word_1_481' title='bbox 1094 3814 1164 3870; x_wconf 91' lang='lat' dir='ltr'>dc</span> <span class='ocrx_word' id='word_1_482' title='bbox 1200 3798 1305 3872; x_wconf 89' lang='lat' dir='ltr'>hac</span> <span class='ocrx_word' id='word_1_483' title='bbox 1336 3821 1508 3889; x_wconf 89' lang='lat' dir='ltr'>terra,</span> <span class='ocrx_word' id='word_1_484' title='bbox 1533 3798 1841 3895; x_wconf 46' lang='lat' dir='ltr'>at&#39;promo;</span> 
     </span>
    </p>
   </div>
   <div class='ocr_carea' id='block_1_70' title="bbox 177 3893 1839 3986">
    <p class='ocr_par' dir='ltr' id='par_1_70' title="bbox 177 3893 1839 3986">
     <span class='ocr_line' id='line_1_70' title="bbox 177 3893 1839 3986; baseline 0.015 -39"><span class='ocrx_word' id='word_1_485' title='bbox 177 3896 390 3949; x_wconf 89' lang='lat' dir='ltr'>veatur</span> <span class='ocrx_word' id='word_1_486' title='bbox 413 3893 513 3952; x_wconf 90' lang='lat' dir='ltr'>Dei</span> <span class='ocrx_word' id='word_1_487' title='bbox 533 3896 790 3968; x_wconf 89' lang='lat' dir='ltr'>justitia,</span> <span class='ocrx_word' id='word_1_488' title='bbox 816 3916 881 3954; x_wconf 92' lang='lat' dir='ltr'>ac</span> <span class='ocrx_word' id='word_1_489' title='bbox 903 3900 959 3955; x_wconf 88' lang='lat' dir='ltr'>in</span> <span class='ocrx_word' id='word_1_490' title='bbox 984 3904 1285 3973; x_wconf 87' lang='lat' dir='ltr'>posterum</span> <span class='ocrx_word' id='word_1_491' title='bbox 1308 3922 1533 3979; x_wconf 91' lang='lat' dir='ltr'>omnes,</span> <span class='ocrx_word' id='word_1_492' title='bbox 1554 3893 1677 3968; x_wconf 73' lang='lat' dir='ltr'>tam</span> <span class='ocrx_word' id='word_1_493' title='bbox 1702 3932 1839 3986; x_wconf 90' lang='lat' dir='ltr'>pau-</span> 
     </span>
    </p>
   </div>
   <div class='ocr_carea' id='block_1_71' title="bbox 178 3983 1836 4073">
    <p class='ocr_par' dir='ltr' id='par_1_71' title="bbox 178 3983 1836 4073">
     <span class='ocr_line' id='line_1_71' title="bbox 178 3983 1836 4073; baseline 0.016 -38"><span class='ocrx_word' id='word_1_494' title='bbox 178 3995 351 4073; x_wconf 79' lang='lat' dir='ltr'>peras</span> <span class='ocrx_word' id='word_1_495' title='bbox 362 3994 547 4073; x_wconf 81' lang='lat' dir='ltr'>quam</span> <span class='ocrx_word' id='word_1_496' title='bbox 569 3983 797 4054; x_wconf 91' lang='lat' dir='ltr'>divites,</span> <span class='ocrx_word' id='word_1_497' title='bbox 813 3988 950 4059; x_wconf 90' lang='lat' dir='ltr'>jure</span> <span class='ocrx_word' id='word_1_498' title='bbox 971 3989 1201 4061; x_wconf 91' lang='lat' dir='ltr'>publico</span> <span class='ocrx_word' id='word_1_499' title='bbox 1224 3992 1513 4066; x_wconf 82' lang='lat' dir='ltr'>fruantur,</span> <span class='ocrx_word' id='word_1_500' title='bbox 1540 3983 1836 4073; x_wconf 79' lang='lat' dir='ltr'>etjustum</span> 
     </span>
    </p>
   </div>
   <div class='ocr_carea' id='block_1_72' title="bbox 175 4067 949 4142">
    <p class='ocr_par' dir='ltr' id='par_1_72' title="bbox 175 4067 949 4142">
     <span class='ocr_line' id='line_1_72' title="bbox 175 4067 949 4142; baseline 0.01 -18"><span class='ocrx_word' id='word_1_501' title='bbox 175 4067 303 4125; x_wconf 81' lang='lat' dir='ltr'>iliis</span> <span class='ocrx_word' id='word_1_502' title='bbox 323 4068 619 4142; x_wconf 85' lang='lat' dir='ltr'>judicium</span> <span class='ocrx_word' id='word_1_503' title='bbox 653 4075 949 4132; x_wconf 87' lang='lat' dir='ltr'>reddatur.</span> 
     </span>
    </p>
   </div>
   <div class='ocr_carea' id='block_1_73' title="bbox 175 4176 1832 4273">
    <p class='ocr_par' dir='ltr' id='par_1_73' title="bbox 175 4176 1832 4273">
     <span class='ocr_line' id='line_1_73' title="bbox 175 4176 1832 4273; baseline 0.015 -41"><span class='ocrx_word' id='word_1_504' title='bbox 175 4176 247 4233; x_wconf 93' lang='grc' dir='ltr'>ΙΙ.</span> <span class='ocrx_word' id='word_1_505' title='bbox 281 4176 765 4238; x_wconf 65' lang='lat' dir='ltr'>De&#39;misericordia</span> <span class='ocrx_word' id='word_1_506' title='bbox 792 4183 1099 4241; x_wconf 67' lang='lat' dir='ltr'>exhibenda</span> <span class='ocrx_word' id='word_1_507' title='bbox 1130 4189 1189 4241; x_wconf 87' lang='lat' dir='ltr'>in</span> <span class='ocrx_word' id='word_1_508' title='bbox 1210 4189 1425 4260; x_wconf 83' lang='lat' dir='ltr'>judicio</span> <span class='ocrx_word' id='word_1_509' title='bbox 1457 4192 1568 4265; x_wconf 91' lang='grc' dir='ltr'>(ΕΙ.</span> <span class='ocrx_word' id='word_1_510' title='bbox 1595 4196 1726 4255; x_wconf 81' lang='lat' dir='ltr'>Ssx.</span> <span class='ocrx_word' id='word_1_511' title='bbox 1754 4202 1832 4273; x_wconf 86' lang='lat'>2).</span> 
     </span>
    </p>
   </div>
   <div class='ocr_carea' id='block_1_74' title="bbox 246 4283 1834 4378">
    <p class='ocr_par' dir='ltr' id='par_1_74' title="bbox 246 4283 1834 4378">
     <span class='ocr_line' id='line_1_74' title="bbox 246 4283 1834 4378; baseline 0.016 -39"><span class='ocrx_word' id='word_1_512' title='bbox 246 4283 541 4365; x_wconf 87' lang='lat' dir='ltr'>Docemus</span> <span class='ocrx_word' id='word_1_513' title='bbox 571 4286 747 4344; x_wconf 86' lang='lat' dir='ltr'>etiam</span> <span class='ocrx_word' id='word_1_514' title='bbox 773 4290 951 4362; x_wconf 90' lang='lat' dir='ltr'>quod,</span> <span class='ocrx_word' id='word_1_515' title='bbox 973 4290 1107 4349; x_wconf 89' lang='lat' dir='ltr'>licet</span> <span class='ocrx_word' id='word_1_516' title='bbox 1127 4294 1261 4366; x_wconf 85' lang='lat' dir='ltr'>quis</span> <span class='ocrx_word' id='word_1_517' title='bbox 1281 4296 1604 4371; x_wconf 87' lang='lat' dir='ltr'>delinquat,</span> <span class='ocrx_word' id='word_1_518' title='bbox 1630 4308 1688 4359; x_wconf 89' lang='lat' dir='ltr'>at</span> <span class='ocrx_word' id='word_1_519' title='bbox 1709 4305 1834 4378; x_wconf 87' lang='lat' dir='ltr'>ipse</span> 
     </span>
    </p>
   </div>
   <div class='ocr_carea' id='block_1_75' title="bbox 169 4372 1830 4466">
    <p class='ocr_par' dir='ltr' id='par_1_75' title="bbox 169 4372 1830 4466">
     <span class='ocr_line' id='line_1_75' title="bbox 169 4372 1830 4466; baseline 0.014 -40"><span class='ocrx_word' id='word_1_520' title='bbox 169 4372 468 4444; x_wconf 85' lang='lat' dir='ltr'>profunde</span> <span class='ocrx_word' id='word_1_521' title='bbox 497 4375 797 4466; x_wconf 72' lang='lat' dir='ltr'>pmniteat,</span> <span class='ocrx_word' id='word_1_522' title='bbox 830 4382 971 4435; x_wconf 90' lang='lat' dir='ltr'>tunc</span> <span class='ocrx_word' id='word_1_523' title='bbox 1000 4379 1354 4440; x_wconf 86' lang='lat' dir='ltr'>adhibeatur</span> <span class='ocrx_word' id='word_1_524' title='bbox 1381 4387 1705 4446; x_wconf 89' lang='lat' dir='ltr'>moderatio</span> <span class='ocrx_word' id='word_1_525' title='bbox 1729 4372 1830 4466; x_wconf 50' lang='lat' dir='ltr'>-(in</span> 
     </span>
    </p>
   </div>
   <div class='ocr_carea' id='block_1_76' title="bbox 169 4461 1830 4540">
    <p class='ocr_par' dir='ltr' id='par_1_76' title="bbox 169 4461 1830 4540">
     <span class='ocr_line' id='line_1_76' title="bbox 169 4461 1830 4540; baseline 0.012 -22"><span class='ocrx_word' id='word_1_526' title='bbox 169 4476 349 4532; x_wconf 61' lang='lat' dir='ltr'>pinna</span> <span class='ocrx_word' id='word_1_527' title='bbox 372 4461 726 4540; x_wconf 86' lang='lat' dir='ltr'>irroganda),</span> <span class='ocrx_word' id='word_1_528' title='bbox 747 4469 940 4538; x_wconf 91' lang='lat' dir='ltr'>prouti</span> <span class='ocrx_word' id='word_1_529' title='bbox 960 4486 1156 4526; x_wconf 90' lang='lat' dir='ltr'>coram</span> <span class='ocrx_word' id='word_1_530' title='bbox 1177 4471 1293 4529; x_wconf 90' lang='lat' dir='ltr'>Deo</span> <span class='ocrx_word' id='word_1_531' title='bbox 1325 4473 1537 4532; x_wconf 88' lang='lat' dir='ltr'>decens</span> <span class='ocrx_word' id='word_1_532' title='bbox 1556 4482 1613 4533; x_wconf 89' lang='lat' dir='ltr'>et</span> <span class='ocrx_word' id='word_1_533' title='bbox 1633 4461 1830 4539; x_wconf 84' lang='lat' dir='ltr'>coram</span> 
     </span>
    </p>
   </div>
   <div class='ocr_carea' id='block_1_77' title="bbox 169 4549 1806 4637">
    <p class='ocr_par' dir='ltr' id='par_1_77' title="bbox 169 4549 1806 4637">
     <span class='ocr_line' id='line_1_77' title="bbox 169 4549 1806 4637; baseline 0.014 -33"><span class='ocrx_word' id='word_1_534' title='bbox 169 4549 401 4637; x_wconf 83' lang='lat' dir='ltr'>mundo</span> <span class='ocrx_word' id='word_1_535' title='bbox 430 4550 730 4610; x_wconf 79' lang='lat' dir='ltr'>tolerabile</span> <span class='ocrx_word' id='word_1_536' title='bbox 760 4560 868 4612; x_wconf 87' lang='lat' dir='ltr'>est.</span> <span class='ocrx_word' id='word_1_537' title='bbox 903 4557 970 4612; x_wconf 92' lang='lat' dir='ltr'>Et</span> <span class='ocrx_word' id='word_1_538' title='bbox 999 4560 1332 4617; x_wconf 90' lang='lat' dir='ltr'>meminerit</span> <span class='ocrx_word' id='word_1_539' title='bbox 1353 4562 1806 4637; x_wconf 88' lang='lat' dir='ltr'>diligentissime</span> 
     </span>
    </p>
   </div>
   <div class='ocr_carea' id='block_1_78' title="bbox 169 4636 1826 4729">
    <p class='ocr_par' dir='ltr' id='par_1_78' title="bbox 169 4636 1826 4729">
     <span class='ocr_line' id='line_1_78' title="bbox 169 4636 1826 4729; baseline 0.014 -37"><span class='ocrx_word' id='word_1_540' title='bbox 169 4636 275 4710; x_wconf 89' lang='lat' dir='ltr'>qui</span> <span class='ocrx_word' id='word_1_541' title='bbox 295 4638 525 4729; x_wconf 67' lang='lat' dir='ltr'>judicio</span> <span class='ocrx_word' id='word_1_542' title='bbox 554 4642 846 4714; x_wconf 61' lang='lat' dir='ltr'>prasidet,</span> <span class='ocrx_word' id='word_1_543' title='bbox 877 4646 1008 4717; x_wconf 85' lang='lat' dir='ltr'>ejus</span> <span class='ocrx_word' id='word_1_544' title='bbox 1037 4649 1193 4720; x_wconf 90' lang='lat' dir='ltr'>quod</span> <span class='ocrx_word' id='word_1_545' title='bbox 1225 4649 1349 4721; x_wconf 90' lang='lat' dir='ltr'>ipse</span> <span class='ocrx_word' id='word_1_546' title='bbox 1378 4636 1592 4711; x_wconf 88' lang='lat' dir='ltr'>habere</span> <span class='ocrx_word' id='word_1_547' title='bbox 1621 4636 1826 4729; x_wconf 73' lang='lat' dir='ltr'>gessit,</span> 
     </span>
    </p>
   </div>
   <div class='ocr_carea' id='block_1_79' title="bbox 169 4726 1823 4815">
    <p class='ocr_par' dir='ltr' id='par_1_79' title="bbox 169 4726 1823 4815">
     <span class='ocr_line' id='line_1_79' title="bbox 169 4726 1823 4815; baseline 0.014 -35"><span class='ocrx_word' id='word_1_548' title='bbox 169 4741 309 4781; x_wconf 89' lang='lat' dir='ltr'>cum</span> <span class='ocrx_word' id='word_1_549' title='bbox 339 4726 451 4784; x_wconf 91' lang='lat' dir='ltr'>hoc</span> <span class='ocrx_word' id='word_1_550' title='bbox 479 4731 654 4787; x_wconf 91' lang='lat' dir='ltr'>modo</span> <span class='ocrx_word' id='word_1_551' title='bbox 685 4732 860 4789; x_wconf 89' lang='lat' dir='ltr'>dicit:</span> <span class='ocrx_word' id='word_1_552' title='bbox 887 4737 955 4791; x_wconf 86' lang='lat' dir='ltr'>Et</span> <span class='ocrx_word' id='word_1_553' title='bbox 981 4737 1196 4792; x_wconf 80' lang='lat' dir='ltr'>dimitte</span> <span class='ocrx_word' id='word_1_554' title='bbox 1224 4739 1380 4795; x_wconf 82' lang='lat' dir='ltr'>nobis</span> <span class='ocrx_word' id='word_1_555' title='bbox 1409 4740 1590 4798; x_wconf 83' lang='lat' dir='ltr'>debita</span> <span class='ocrx_word' id='word_1_556' title='bbox 1616 4726 1823 4815; x_wconf 65' lang='lat' dir='ltr'>nostra,</span> 
     </span>
    </p>
   </div>
   <div class='ocr_carea' id='block_1_80' title="bbox 166 4815 1823 4903">
    <p class='ocr_par' dir='ltr' id='par_1_80' title="bbox 166 4815 1823 4903">
     <span class='ocr_line' id='line_1_80' title="bbox 166 4815 1823 4903; baseline 0.014 -34"><span class='ocrx_word' id='word_1_557' title='bbox 166 4815 393 4903; x_wconf 78' lang='lat' dir='ltr'>sicutet</span> <span class='ocrx_word' id='word_1_558' title='bbox 418 4833 518 4873; x_wconf 79' lang='lat' dir='ltr'>nos</span> <span class='ocrx_word' id='word_1_559' title='bbox 547 4818 878 4878; x_wconf 82' lang='lat' dir='ltr'>dimittimus</span> <span class='ocrx_word' id='word_1_560' title='bbox 918 4823 1134 4895; x_wconf 76' lang='lat' dir='ltr'>(Matth.</span> <span class='ocrx_word' id='word_1_561' title='bbox 1186 4828 1282 4894; x_wconf 74' lang='lat' dir='ltr'>vr).</span> <span class='ocrx_word' id='word_1_562' title='bbox 1334 4828 1403 4883; x_wconf 86' lang='lat' dir='ltr'>Et</span> <span class='ocrx_word' id='word_1_563' title='bbox 1442 4831 1823 4903; x_wconf 88' lang='lat' dir='ltr'>prohibemus</span> 
     </span>
    </p>
   </div>
   <div class='ocr_carea' id='block_1_81' title="bbox 167 4902 1824 4983">
    <p class='ocr_par' dir='ltr' id='par_1_81' title="bbox 167 4902 1824 4983">
     <span class='ocr_line' id='line_1_81' title="bbox 167 4902 1824 4983; baseline 0.015 -26"><span class='ocrx_word' id='word_1_564' title='bbox 167 4918 245 4959; x_wconf 90' lang='lat' dir='ltr'>ne</span> <span class='ocrx_word' id='word_1_565' title='bbox 275 4902 645 4963; x_wconf 89' lang='lat' dir='ltr'>Christianus</span> <span class='ocrx_word' id='word_1_566' title='bbox 675 4914 810 4966; x_wconf 88' lang='lat' dir='ltr'>ante</span> <span class='ocrx_word' id='word_1_567' title='bbox 831 4912 1031 4968; x_wconf 88' lang='lat' dir='ltr'>omnia</span> <span class='ocrx_word' id='word_1_568' title='bbox 1052 4912 1260 4970; x_wconf 88' lang='lat' dir='ltr'>saltem</span> <span class='ocrx_word' id='word_1_569' title='bbox 1282 4914 1426 4973; x_wconf 89' lang='lat' dir='ltr'>levis</span> <span class='ocrx_word' id='word_1_570' title='bbox 1449 4902 1528 4974; x_wconf 87' lang='lat' dir='ltr'>rei</span> <span class='ocrx_word' id='word_1_571' title='bbox 1551 4936 1731 4980; x_wconf 89' lang='lat' dir='ltr'>causa</span> <span class='ocrx_word' id='word_1_572' title='bbox 1749 4928 1824 4983; x_wconf 91' lang='lat' dir='ltr'>ad</span> 
     </span>
    </p>
   </div>
   <div class='ocr_carea' id='block_1_82' title="bbox 166 4996 1825 5078">
    <p class='ocr_par' dir='ltr' id='par_1_82' title="bbox 166 4996 1825 5078">
     <span class='ocr_line' id='line_1_82' title="bbox 166 4996 1825 5078; baseline 0.014 -31"><span class='ocrx_word' id='word_1_573' title='bbox 166 4997 421 5051; x_wconf 82' lang='lat' dir='ltr'>mortem</span> <span class='ocrx_word' id='word_1_574' title='bbox 453 4996 744 5068; x_wconf 83' lang='lat' dir='ltr'>tradatur;</span> <span class='ocrx_word' id='word_1_575' title='bbox 779 5000 879 5057; x_wconf 90' lang='lat' dir='ltr'>sed</span> <span class='ocrx_word' id='word_1_576' title='bbox 910 5001 1106 5073; x_wconf 89' lang='lat' dir='ltr'>potius</span> <span class='ocrx_word' id='word_1_577' title='bbox 1138 5002 1301 5061; x_wconf 86' lang='lat' dir='ltr'>mitis</span> <span class='ocrx_word' id='word_1_578' title='bbox 1329 5022 1502 5078; x_wconf 67' lang='lat' dir='ltr'>paena</span> <span class='ocrx_word' id='word_1_579' title='bbox 1529 5012 1825 5072; x_wconf 88' lang='lat' dir='ltr'>statuatur</span> 
     </span>
    </p>
   </div>
   <div class='ocr_carea' id='block_1_83' title="bbox 163 5078 1819 5176">
    <p class='ocr_par' dir='ltr' id='par_1_83' title="bbox 163 5078 1819 5176">
     <span class='ocr_line' id='line_1_83' title="bbox 163 5078 1819 5176; baseline 0.016 -42"><span class='ocrx_word' id='word_1_580' title='bbox 163 5078 225 5176; x_wconf 50' lang='lat' dir='ltr'>i-n</span> <span class='ocrx_word' id='word_1_581' title='bbox 242 5081 449 5176; x_wconf 81' lang='lat' dir='ltr'>populi</span> <span class='ocrx_word' id='word_1_582' title='bbox 470 5087 871 5157; x_wconf 87' lang='lat' dir='ltr'>commodum,</span> <span class='ocrx_word' id='word_1_583' title='bbox 892 5105 1079 5161; x_wconf 89' lang='lat' dir='ltr'>neque</span> <span class='ocrx_word' id='word_1_584' title='bbox 1101 5092 1400 5163; x_wconf 89' lang='lat' dir='ltr'>perdatur,</span> <span class='ocrx_word' id='word_1_585' title='bbox 1419 5112 1523 5167; x_wconf 87' lang='lat' dir='ltr'>pro</span> <span class='ocrx_word' id='word_1_586' title='bbox 1541 5114 1600 5155; x_wconf 89' lang='lat' dir='ltr'>re</span> <span class='ocrx_word' id='word_1_587' title='bbox 1624 5117 1819 5176; x_wconf 90' lang='lat' dir='ltr'>parva,</span> 
     </span>
    </p>
   </div>
   <div class='ocr_carea' id='block_1_84' title="bbox 164 5167 1819 5261">
    <p class='ocr_par' dir='ltr' id='par_1_84' title="bbox 164 5167 1819 5261">
     <span class='ocr_line' id='line_1_84' title="bbox 164 5167 1819 5261; baseline 0.015 -37"><span class='ocrx_word' id='word_1_588' title='bbox 164 5167 271 5226; x_wconf 69' lang='lat' dir='ltr'>Dei&quot;</span> <span class='ocrx_word' id='word_1_589' title='bbox 298 5186 587 5229; x_wconf 80' lang='lat' dir='ltr'>manuum</span> <span class='ocrx_word' id='word_1_590' title='bbox 619 5177 902 5248; x_wconf 88' lang='lat' dir='ltr'>operatio,</span> <span class='ocrx_word' id='word_1_591' title='bbox 935 5181 991 5233; x_wconf 88' lang='lat' dir='ltr'>et</span> <span class='ocrx_word' id='word_1_592' title='bbox 1017 5180 1319 5253; x_wconf 87' lang='lat' dir='ltr'>prOprium</span> <span class='ocrx_word' id='word_1_593' title='bbox 1365 5184 1493 5255; x_wconf 87' lang='lat' dir='ltr'>ejus</span> <span class='ocrx_word' id='word_1_594' title='bbox 1543 5167 1819 5261; x_wconf 67' lang='lat' dir='ltr'>pretium,</span> 
     </span>
    </p>
   </div>
   <div class='ocr_carea' id='block_1_85' title="bbox 162 5257 1071 5328">
    <p class='ocr_par' dir='ltr' id='par_1_85' title="bbox 162 5257 1071 5328">
     <span class='ocr_line' id='line_1_85' title="bbox 162 5257 1071 5328; baseline 0.012 -16"><span class='ocrx_word' id='word_1_595' title='bbox 162 5257 320 5328; x_wconf 88' lang='lat' dir='ltr'>quod</span> <span class='ocrx_word' id='word_1_596' title='bbox 352 5274 490 5317; x_wconf 85' lang='lat' dir='ltr'>caro</span> <span class='ocrx_word' id='word_1_597' title='bbox 522 5261 788 5320; x_wconf 87' lang='lat' dir='ltr'>redemit.</span> <span class='ocrx_word' id='word_1_598' title='bbox 1067 5266 1071 5271; x_wconf 75' lang='grc'><strong><em>’</em></strong></span> 
     </span>
    </p>
   </div>
   <div class='ocr_carea' id='block_1_86' title="bbox 158 5368 1820 5525">
    <p class='ocr_par' dir='ltr' id='par_1_86' title="bbox 158 5368 1820 5525">
     <span class='ocr_line' id='line_1_86' title="bbox 158 5368 1820 5525; baseline 0.014 -99"><span class='ocrx_word' id='word_1_599' title='bbox 158 5368 258 5429; x_wconf 92' lang='grc' dir='ltr'>ΙΙΙ.</span> <span class='ocrx_word' id='word_1_600' title='bbox 323 5374 401 5430; x_wconf 83' lang='lat' dir='ltr'>De</span> <span class='ocrx_word' id='word_1_601' title='bbox 466 5374 782 5436; x_wconf 79' lang='lat' dir='ltr'>Christiano</span> <span class='ocrx_word' id='word_1_602' title='bbox 805 5396 982 5523; x_wconf 57' lang='lat' dir='ltr'>(Ir:an</span> <span class='ocrx_word' id='word_1_603' title='bbox 1026 5382 1301 5525; x_wconf 47' lang='lat' dir='ltr'>vergentia</span> <span class='ocrx_word' id='word_1_604' title='bbox 1365 5391 1524 5445; x_wconf 71' lang='lat' dir='ltr'>extra</span> <span class='ocrx_word' id='word_1_605' title='bbox 1588 5405 1820 5462; x_wconf 80' lang='lat' dir='ltr'>regnum</span> 
     </span>
     <span class='ocr_line' id='line_1_87' title="bbox 906 5470 1174 5510; baseline 0 -1"><span class='ocrx_word' id='word_1_606' title='bbox 906 5495 921 5509; x_wconf 92' lang='lat'>.</span> <span class='ocrx_word' id='word_1_607' title='bbox 987 5470 1077 5510; x_wconf 82' lang='lat' dir='ltr'>ax.</span> <span class='ocrx_word' id='word_1_608' title='bbox 1161 5495 1174 5509; x_wconf 93' lang='lat'>.</span> 
     </span>
    </p>
   </div>
   <div class='ocr_carea' id='block_1_87' title="bbox 906 5470 1174 5510">
    <p class='ocr_par' dir='ltr' id='par_1_87' title="bbox 906 5470 1174 5510">
     <span class='ocr_line' id='line_1_88' title="bbox 906 5470 1174 5510; baseline 0.004 -1"><span class='ocrx_word' id='word_1_609' title='bbox 906 5495 921 5509; x_wconf 84' lang='lat'>.</span> <span class='ocrx_word' id='word_1_610' title='bbox 944 5470 1077 5510; x_wconf 62' lang='grc' dir='ltr'>δυ.</span> <span class='ocrx_word' id='word_1_611' title='bbox 1096 5470 1174 5510; x_wconf 72' lang='grc' dir='ltr'>δ).</span> 
     </span>
    </p>
   </div>
   <div class='ocr_carea' id='block_1_88' title="bbox 224 5541 1815 5631">
    <p class='ocr_par' dir='ltr' id='par_1_88' title="bbox 224 5541 1815 5631">
     <span class='ocr_line' id='line_1_89' title="bbox 224 5541 1815 5631; baseline 0.014 -33"><span class='ocrx_word' id='word_1_612' title='bbox 224 5541 621 5601; x_wconf 81' lang='lat' dir='ltr'>Prohibemus</span> <span class='ocrx_word' id='word_1_613' title='bbox 630 5547 809 5605; x_wconf 84' lang='lat' dir='ltr'>etiam</span> <span class='ocrx_word' id='word_1_614' title='bbox 822 5566 893 5606; x_wconf 87' lang='lat' dir='ltr'>ne</span> <span class='ocrx_word' id='word_1_615' title='bbox 904 5550 1272 5609; x_wconf 87' lang='lat' dir='ltr'>Christianus</span> <span class='ocrx_word' id='word_1_616' title='bbox 1285 5553 1599 5628; x_wconf 90' lang='lat' dir='ltr'>quisquam</span> <span class='ocrx_word' id='word_1_617' title='bbox 1611 5564 1815 5631; x_wconf 87' lang='lat' dir='ltr'>procul</span> 
     </span>
    </p>
   </div>
   <div class='ocr_carea' id='block_1_89' title="bbox 151 5630 1814 5721">
    <p class='ocr_par' dir='ltr' id='par_1_89' title="bbox 151 5630 1814 5721">
     <span class='ocr_line' id='line_1_90' title="bbox 151 5630 1814 5721; baseline 0.013 -34"><span class='ocrx_word' id='word_1_618' title='bbox 151 5630 399 5691; x_wconf 69' lang='lat' dir='ltr'>detersa</span> <span class='ocrx_word' id='word_1_619' title='bbox 411 5634 723 5707; x_wconf 86' lang='lat' dir='ltr'>vendatur,</span> <span class='ocrx_word' id='word_1_620' title='bbox 743 5650 933 5712; x_wconf 82' lang='lat' dir='ltr'>neque</span> <span class='ocrx_word' id='word_1_621' title='bbox 953 5640 1025 5696; x_wconf 90' lang='lat' dir='ltr'>ad</span> <span class='ocrx_word' id='word_1_622' title='bbox 1046 5639 1450 5712; x_wconf 84' lang='lat' dir='ltr'>gentilismum</span> <span class='ocrx_word' id='word_1_623' title='bbox 1463 5630 1670 5704; x_wconf 82' lang='lat' dir='ltr'>saltem</span> <span class='ocrx_word' id='word_1_624' title='bbox 1682 5665 1814 5721; x_wconf 84' lang='lat' dir='ltr'>per-</span> 
     </span>
    </p>
   </div>
   <div class='ocr_carea' id='block_1_90' title="bbox 1954 3335 3602 3420">
    <p class='ocr_par' dir='ltr' id='par_1_90' title="bbox 1954 3335 3602 3420">
     <span class='ocr_line' id='line_1_91' title="bbox 1954 3335 3602 3420; baseline 0.01 -31"><span class='ocrx_word' id='word_1_625' title='bbox 1954 3335 2088 3408; x_wconf 90' lang='lat' dir='ltr'>quis</span> <span class='ocrx_word' id='word_1_626' title='bbox 2116 3339 2206 3392; x_wconf 86' lang='lat' dir='ltr'>est</span> <span class='ocrx_word' id='word_1_627' title='bbox 2235 3336 2526 3409; x_wconf 89' lang='lat' dir='ltr'>potentior</span> <span class='ocrx_word' id='word_1_628' title='bbox 2552 3336 2640 3394; x_wconf 91' lang='lat' dir='ltr'>vel</span> <span class='ocrx_word' id='word_1_629' title='bbox 2671 3340 2914 3412; x_wconf 88' lang='lat' dir='ltr'>majoris</span> <span class='ocrx_word' id='word_1_630' title='bbox 2935 3340 3178 3411; x_wconf 87' lang='lat' dir='ltr'>ordinis,</span> <span class='ocrx_word' id='word_1_631' title='bbox 3202 3359 3269 3401; x_wconf 90' lang='lat' dir='ltr'>eo</span> <span class='ocrx_word' id='word_1_632' title='bbox 3292 3347 3480 3420; x_wconf 89' lang='lat' dir='ltr'>magis</span> <span class='ocrx_word' id='word_1_633' title='bbox 3505 3335 3602 3406; x_wconf 84' lang='lat' dir='ltr'>eo-</span> 
     </span>
    </p>
   </div>
   <div class='ocr_carea' id='block_1_91' title="bbox 1954 3425 3604 3501">
    <p class='ocr_par' dir='ltr' id='par_1_91' title="bbox 1954 3425 3604 3501">
     <span class='ocr_line' id='line_1_92' title="bbox 1954 3425 3604 3501; baseline 0.01 -23"><span class='ocrx_word' id='word_1_634' title='bbox 1954 3439 2079 3479; x_wconf 90' lang='lat' dir='ltr'>ram</span> <span class='ocrx_word' id='word_1_635' title='bbox 2112 3425 2227 3481; x_wconf 93' lang='lat' dir='ltr'>Deo</span> <span class='ocrx_word' id='word_1_636' title='bbox 2258 3429 2315 3481; x_wconf 91' lang='lat' dir='ltr'>et</span> <span class='ocrx_word' id='word_1_637' title='bbox 2343 3427 2565 3483; x_wconf 90' lang='lat' dir='ltr'>mundo</span> <span class='ocrx_word' id='word_1_638' title='bbox 2595 3427 2886 3501; x_wconf 90' lang='lat' dir='ltr'>injustum</span> <span class='ocrx_word' id='word_1_639' title='bbox 2932 3432 3245 3489; x_wconf 89' lang='lat' dir='ltr'>emendare</span> <span class='ocrx_word' id='word_1_640' title='bbox 3291 3435 3480 3492; x_wconf 91' lang='lat' dir='ltr'>debet.</span> <span class='ocrx_word' id='word_1_641' title='bbox 3532 3437 3604 3494; x_wconf 89' lang='lat' dir='ltr'>Et</span> 
     </span>
    </p>
   </div>
   <div class='ocr_carea' id='block_1_92' title="bbox 1952 3511 3601 3595">
    <p class='ocr_par' dir='ltr' id='par_1_92' title="bbox 1952 3511 3601 3595">
     <span class='ocr_line' id='line_1_93' title="bbox 1952 3511 3601 3595; baseline 0.008 -26"><span class='ocrx_word' id='word_1_642' title='bbox 1952 3511 2344 3571; x_wconf 86' lang='lat' dir='ltr'>ecclesiastica</span> <span class='ocrx_word' id='word_1_643' title='bbox 2372 3516 2770 3589; x_wconf 86' lang='lat' dir='ltr'>compensatio</span> <span class='ocrx_word' id='word_1_644' title='bbox 2802 3534 3037 3591; x_wconf 90' lang='lat' dir='ltr'>semper</span> <span class='ocrx_word' id='word_1_645' title='bbox 3064 3519 3372 3595; x_wconf 90' lang='lat' dir='ltr'>diligenter</span> <span class='ocrx_word' id='word_1_646' title='bbox 3409 3523 3601 3595; x_wconf 87' lang='lat' dir='ltr'>inqui-</span> 
     </span>
    </p>
   </div>
   <div class='ocr_carea' id='block_1_93' title="bbox 1952 3602 3600 3684">
    <p class='ocr_par' dir='ltr' id='par_1_93' title="bbox 1952 3602 3600 3684">
     <span class='ocr_line' id='line_1_94' title="bbox 1952 3602 3600 3684; baseline 0.008 -28"><span class='ocrx_word' id='word_1_647' title='bbox 1952 3602 2133 3659; x_wconf 89' lang='lat' dir='ltr'>renda</span> <span class='ocrx_word' id='word_1_648' title='bbox 2163 3608 2251 3660; x_wconf 90' lang='lat' dir='ltr'>est</span> <span class='ocrx_word' id='word_1_649' title='bbox 2279 3620 2347 3660; x_wconf 85' lang='lat' dir='ltr'>ex</span> <span class='ocrx_word' id='word_1_650' title='bbox 2375 3605 2630 3678; x_wconf 89' lang='lat' dir='ltr'>scriptis,</span> <span class='ocrx_word' id='word_1_651' title='bbox 2659 3609 2718 3661; x_wconf 92' lang='lat' dir='ltr'>et</span> <span class='ocrx_word' id='word_1_652' title='bbox 2747 3607 3048 3663; x_wconf 85' lang='lat' dir='ltr'>mundana</span> <span class='ocrx_word' id='word_1_653' title='bbox 3076 3612 3476 3684; x_wconf 86' lang='lat' dir='ltr'>compensatio</span> <span class='ocrx_word' id='word_1_654' title='bbox 3511 3613 3600 3670; x_wconf 85' lang='lat' dir='ltr'>in-</span> 
     </span>
    </p>
   </div>
   <div class='ocr_carea' id='block_1_94' title="bbox 1950 3690 2955 3770">
    <p class='ocr_par' dir='ltr' id='par_1_94' title="bbox 1950 3690 2955 3770">
     <span class='ocr_line' id='line_1_95' title="bbox 1950 3690 2955 3770; baseline 0.007 -25"><span class='ocrx_word' id='word_1_655' title='bbox 1950 3690 2239 3762; x_wconf 89' lang='lat' dir='ltr'>quirenda</span> <span class='ocrx_word' id='word_1_656' title='bbox 2261 3696 2351 3748; x_wconf 91' lang='lat' dir='ltr'>est</span> <span class='ocrx_word' id='word_1_657' title='bbox 2379 3710 2448 3749; x_wconf 81' lang='lat' dir='ltr'>ex</span> <span class='ocrx_word' id='word_1_658' title='bbox 2478 3696 2780 3751; x_wconf 89' lang='lat' dir='ltr'>mundana</span> <span class='ocrx_word' id='word_1_659' title='bbox 2811 3694 2955 3770; x_wconf 90' lang='lat' dir='ltr'>lege.</span> 
     </span>
    </p>
   </div>
   <div class='ocr_carea' id='block_1_95' title="bbox 1948 3789 3596 3875">
    <p class='ocr_par' dir='ltr' id='par_1_95' title="bbox 1948 3789 3596 3875">
     <span class='ocr_line' id='line_1_96' title="bbox 1948 3789 3596 3875; baseline 0.01 -33"><span class='ocrx_word' id='word_1_660' title='bbox 1948 3789 2100 3845; x_wconf 85' lang='lat' dir='ltr'>VIII.</span> <span class='ocrx_word' id='word_1_661' title='bbox 2131 3791 2206 3847; x_wconf 87' lang='lat' dir='ltr'>De</span> <span class='ocrx_word' id='word_1_662' title='bbox 2252 3794 2573 3849; x_wconf 84' lang='lat' dir='ltr'>ministrum</span> <span class='ocrx_word' id='word_1_663' title='bbox 2617 3795 2788 3850; x_wconf 79' lang='lat' dir='ltr'>altari</span> <span class='ocrx_word' id='word_1_664' title='bbox 2830 3796 3099 3853; x_wconf 84' lang='lat' dir='ltr'>occidente</span> <span class='ocrx_word' id='word_1_665' title='bbox 3146 3798 3254 3870; x_wconf 92' lang='lat' dir='ltr'>(LI.</span> <span class='ocrx_word' id='word_1_666' title='bbox 3302 3799 3433 3856; x_wconf 81' lang='lat' dir='ltr'>Sax.</span> <span class='ocrx_word' id='word_1_667' title='bbox 3483 3802 3596 3875; x_wconf 88' lang='lat'>36).</span> 
     </span>
    </p>
   </div>
   <div class='ocr_carea' id='block_1_96' title="bbox 2019 3887 3599 3972">
    <p class='ocr_par' dir='ltr' id='par_1_96' title="bbox 2019 3887 3599 3972">
     <span class='ocr_line' id='line_1_97' title="bbox 2019 3887 3599 3972; baseline 0.011 -31"><span class='ocrx_word' id='word_1_668' title='bbox 2019 3887 2075 3942; x_wconf 92' lang='lat' dir='ltr'>Si</span> <span class='ocrx_word' id='word_1_669' title='bbox 2097 3889 2229 3960; x_wconf 90' lang='lat' dir='ltr'>quis</span> <span class='ocrx_word' id='word_1_670' title='bbox 2251 3888 2456 3946; x_wconf 88' lang='lat' dir='ltr'>altaris</span> <span class='ocrx_word' id='word_1_671' title='bbox 2479 3890 2816 3948; x_wconf 79' lang='lat' dir='ltr'>ministrum</span> <span class='ocrx_word' id='word_1_672' title='bbox 2839 3893 3136 3963; x_wconf 89' lang='lat' dir='ltr'>occiderit,</span> <span class='ocrx_word' id='word_1_673' title='bbox 3162 3895 3238 3951; x_wconf 89' lang='lat' dir='ltr'>sit</span> <span class='ocrx_word' id='word_1_674' title='bbox 3259 3896 3422 3955; x_wconf 78' lang='lat' dir='ltr'>exlex</span> <span class='ocrx_word' id='word_1_675' title='bbox 3440 3901 3599 3972; x_wconf 91' lang='lat' dir='ltr'>apud</span> 
     </span>
    </p>
   </div>
   <div class='ocr_carea' id='block_1_97' title="bbox 1947 3975 3599 4062">
    <p class='ocr_par' dir='ltr' id='par_1_97' title="bbox 1947 3975 3599 4062">
     <span class='ocr_line' id='line_1_98' title="bbox 1947 3975 3599 4062; baseline 0.008 -30"><span class='ocrx_word' id='word_1_676' title='bbox 1947 3975 2132 4032; x_wconf 86' lang='lat' dir='ltr'>Deum</span> <span class='ocrx_word' id='word_1_677' title='bbox 2166 3982 2222 4035; x_wconf 88' lang='lat' dir='ltr'>et</span> <span class='ocrx_word' id='word_1_678' title='bbox 2250 3979 2408 4052; x_wconf 89' lang='lat' dir='ltr'>apud</span> <span class='ocrx_word' id='word_1_679' title='bbox 2438 3978 2730 4049; x_wconf 89' lang='lat' dir='ltr'>homines,</span> <span class='ocrx_word' id='word_1_680' title='bbox 2762 3981 2875 4038; x_wconf 88' lang='lat' dir='ltr'>nisi</span> <span class='ocrx_word' id='word_1_681' title='bbox 2907 4000 3010 4056; x_wconf 90' lang='lat' dir='ltr'>per</span> <span class='ocrx_word' id='word_1_682' title='bbox 3039 3983 3311 4043; x_wconf 82' lang='lat' dir='ltr'>exsilium</span> <span class='ocrx_word' id='word_1_683' title='bbox 3337 3990 3393 4043; x_wconf 88' lang='lat' dir='ltr'>et</span> <span class='ocrx_word' id='word_1_684' title='bbox 3441 3990 3599 4062; x_wconf 86' lang='lat' dir='ltr'>apud</span> 
     </span>
    </p>
   </div>
   <div class='ocr_carea' id='block_1_98' title="bbox 1946 4068 3598 4149">
    <p class='ocr_par' dir='ltr' id='par_1_98' title="bbox 1946 4068 3598 4149">
     <span class='ocr_line' id='line_1_99' title="bbox 1946 4068 3598 4149; baseline 0.008 -28"><span class='ocrx_word' id='word_1_685' title='bbox 1946 4070 2227 4139; x_wconf 86' lang='lat' dir='ltr'>cognatos</span> <span class='ocrx_word' id='word_1_686' title='bbox 2258 4068 2435 4125; x_wconf 90' lang='lat' dir='ltr'>etiam</span> <span class='ocrx_word' id='word_1_687' title='bbox 2467 4069 2656 4143; x_wconf 90' lang='lat' dir='ltr'>magis</span> <span class='ocrx_word' id='word_1_688' title='bbox 2687 4075 3045 4144; x_wconf 89' lang='lat' dir='ltr'>compensat,</span> <span class='ocrx_word' id='word_1_689' title='bbox 3079 4072 3167 4128; x_wconf 91' lang='lat' dir='ltr'>vel</span> <span class='ocrx_word' id='word_1_690' title='bbox 3188 4080 3398 4149; x_wconf 88' lang='lat' dir='ltr'>purget</span> <span class='ocrx_word' id='word_1_691' title='bbox 3418 4093 3480 4135; x_wconf 92' lang='lat' dir='ltr'>se</span> <span class='ocrx_word' id='word_1_692' title='bbox 3502 4094 3598 4135; x_wconf 82' lang='lat' dir='ltr'>ca-</span> 
     </span>
    </p>
   </div>
   <div class='ocr_carea' id='block_1_99' title="bbox 1945 4154 3597 4238">
    <p class='ocr_par' dir='ltr' id='par_1_99' title="bbox 1945 4154 3597 4238">
     <span class='ocr_line' id='line_1_100' title="bbox 1945 4154 3597 4238; baseline 0.008 -29"><span class='ocrx_word' id='word_1_693' title='bbox 1945 4154 2109 4227; x_wconf 88' lang='lat' dir='ltr'>pitali</span> <span class='ocrx_word' id='word_1_694' title='bbox 2133 4157 2498 4229; x_wconf 88' lang='lat' dir='ltr'>purgatione,</span> <span class='ocrx_word' id='word_1_695' title='bbox 2521 4158 2574 4215; x_wconf 90' lang='lat' dir='ltr'>ei</span> <span class='ocrx_word' id='word_1_696' title='bbox 2596 4159 2750 4216; x_wconf 90' lang='lat' dir='ltr'>intra</span> <span class='ocrx_word' id='word_1_697' title='bbox 2770 4178 2881 4216; x_wconf 76' lang='lat' dir='ltr'>xxx</span> <span class='ocrx_word' id='word_1_698' title='bbox 2901 4161 3028 4217; x_wconf 89' lang='lat' dir='ltr'>dies</span> <span class='ocrx_word' id='word_1_699' title='bbox 3052 4161 3299 4235; x_wconf 90' lang='lat' dir='ltr'>incipiat</span> <span class='ocrx_word' id='word_1_700' title='bbox 3319 4181 3597 4238; x_wconf 89' lang='lat' dir='ltr'>compen-</span> 
     </span>
    </p>
   </div>
   <div class='ocr_carea' id='block_1_100' title="bbox 1945 4243 3701 4323">
    <p class='ocr_par' dir='ltr' id='par_1_100' title="bbox 1945 4243 3701 4323">
     <span class='ocr_line' id='line_1_101' title="bbox 1945 4243 3701 4323; baseline 0.008 -24"><span class='ocrx_word' id='word_1_701' title='bbox 1945 4243 2230 4301; x_wconf 88' lang='lat' dir='ltr'>sationem</span> <span class='ocrx_word' id='word_1_702' title='bbox 2246 4247 2597 4319; x_wconf 90' lang='lat' dir='ltr'>ubiquetam</span> <span class='ocrx_word' id='word_1_703' title='bbox 2609 4249 2954 4322; x_wconf 88' lang='lat' dir='ltr'>apudDeum</span> <span class='ocrx_word' id='word_1_704' title='bbox 2970 4266 3144 4322; x_wconf 89' lang='lat' dir='ltr'>quam</span> <span class='ocrx_word' id='word_1_705' title='bbox 3159 4251 3312 4323; x_wconf 90' lang='lat' dir='ltr'>apud</span> <span class='ocrx_word' id='word_1_706' title='bbox 3328 4253 3599 4313; x_wconf 90' lang='lat' dir='ltr'>homines</span> <span class='ocrx_word' id='word_1_707' title='bbox 3696 4268 3701 4271; x_wconf 85' lang='lat'>&#39;</span> 
     </span>
    </p>
   </div>
   <div class='ocr_carea' id='block_1_101' title="bbox 1943 4332 2879 4410">
    <p class='ocr_par' dir='ltr' id='par_1_101' title="bbox 1943 4332 2879 4410">
     <span class='ocr_line' id='line_1_102' title="bbox 1943 4332 2879 4410; baseline 0.005 -22"><span class='ocrx_word' id='word_1_708' title='bbox 1943 4332 2267 4407; x_wconf 90' lang='lat' dir='ltr'>(solvendo)</span> <span class='ocrx_word' id='word_1_709' title='bbox 2299 4336 2499 4392; x_wconf 90' lang='lat' dir='ltr'>omnia</span> <span class='ocrx_word' id='word_1_710' title='bbox 2526 4354 2653 4410; x_wconf 62' lang='lat' dir='ltr'>quae</span> <span class='ocrx_word' id='word_1_711' title='bbox 2684 4337 2879 4395; x_wconf 90' lang='lat' dir='ltr'>habet.</span> 
     </span>
    </p>
   </div>
   <div class='ocr_carea' id='block_1_102' title="bbox 1942 4430 3594 4510">
    <p class='ocr_par' dir='ltr' id='par_1_102' title="bbox 1942 4430 3594 4510">
     <span class='ocr_line' id='line_1_103' title="bbox 1942 4430 3594 4510; baseline 0.007 -23"><span class='ocrx_word' id='word_1_712' title='bbox 1942 4430 2031 4487; x_wconf 88' lang='lat' dir='ltr'>IX.</span> <span class='ocrx_word' id='word_1_713' title='bbox 2094 4434 2158 4488; x_wconf 88' lang='lat' dir='ltr'>Ut</span> <span class='ocrx_word' id='word_1_714' title='bbox 2212 4448 2311 4489; x_wconf 70' lang='lat' dir='ltr'>rex</span> <span class='ocrx_word' id='word_1_715' title='bbox 2368 4434 2442 4489; x_wconf 85' lang='lat' dir='ltr'>sit</span> <span class='ocrx_word' id='word_1_716' title='bbox 2492 4435 2772 4510; x_wconf 64' lang='lat' dir='ltr'>ordinatis</span> <span class='ocrx_word' id='word_1_717' title='bbox 2826 4439 2886 4510; x_wconf 73' lang='lat' dir='ltr'>et</span> <span class='ocrx_word' id='word_1_718' title='bbox 2934 4437 3262 4510; x_wconf 80' lang='lat' dir='ltr'>alienigenis</span> <span class='ocrx_word' id='word_1_719' title='bbox 3323 4447 3594 4510; x_wconf 79' lang='lat' dir='ltr'>patronus</span> 
     </span>
    </p>
   </div>
   <div class='ocr_carea' id='block_1_103' title="bbox 2558 4507 2972 4580">
    <p class='ocr_par' dir='ltr' id='par_1_103' title="bbox 2558 4507 2972 4580">
     <span class='ocr_line' id='line_1_104' title="bbox 2558 4507 2972 4580; baseline 0.007 -21"><span class='ocrx_word' id='word_1_720' title='bbox 2558 4508 2667 4576; x_wconf 91' lang='lat' dir='ltr'>(LI.</span> <span class='ocrx_word' id='word_1_721' title='bbox 2700 4507 2832 4563; x_wconf 85' lang='lat' dir='ltr'>Sax.</span> <span class='ocrx_word' id='word_1_722' title='bbox 2859 4507 2972 4580; x_wconf 90' lang='lat'>37).</span> 
     </span>
    </p>
   </div>
   <div class='ocr_carea' id='block_1_104' title="bbox 1812 4590 3594 4670">
    <p class='ocr_par' dir='ltr' id='par_1_104' title="bbox 1812 4590 3594 4670">
     <span class='ocr_line' id='line_1_105' title="bbox 1812 4590 3594 4670; baseline 0.01 -29"><span class='ocrx_word' id='word_1_723' title='bbox 1812 4614 1826 4641; x_wconf 69' lang='grc' dir='ltr'><strong><em>ν</em></strong></span> <span class='ocrx_word' id='word_1_724' title='bbox 1858 4602 1906 4668; x_wconf 82' lang='lat' dir='ltr'><strong>D</strong></span> <span class='ocrx_word' id='word_1_725' title='bbox 2011 4590 2070 4647; x_wconf 90' lang='lat' dir='ltr'>Si</span> <span class='ocrx_word' id='word_1_726' title='bbox 2102 4591 2234 4664; x_wconf 91' lang='lat' dir='ltr'>quis</span> <span class='ocrx_word' id='word_1_727' title='bbox 2265 4592 2449 4650; x_wconf 86' lang='lat' dir='ltr'>sacris</span> <span class='ocrx_word' id='word_1_728' title='bbox 2480 4593 2779 4651; x_wconf 81' lang='lat' dir='ltr'>initiatum</span> <span class='ocrx_word' id='word_1_729' title='bbox 2799 4595 2889 4652; x_wconf 92' lang='lat' dir='ltr'>vel</span> <span class='ocrx_word' id='word_1_730' title='bbox 2910 4600 3173 4652; x_wconf 84' lang='lat' dir='ltr'>exterum</span> <span class='ocrx_word' id='word_1_731' title='bbox 3195 4596 3393 4670; x_wconf 92' lang='lat' dir='ltr'>aliquo</span> <span class='ocrx_word' id='word_1_732' title='bbox 3415 4602 3594 4660; x_wconf 91' lang='lat' dir='ltr'>modo</span> 
     </span>
    </p>
   </div>
   <div class='ocr_carea' id='block_1_105' title="bbox 1936 4680 3591 4762">
    <p class='ocr_par' dir='ltr' id='par_1_105' title="bbox 1936 4680 3591 4762">
     <span class='ocr_line' id='line_1_106' title="bbox 1936 4680 3591 4762; baseline 0.008 -28"><span class='ocrx_word' id='word_1_733' title='bbox 1936 4680 2174 4736; x_wconf 88' lang='lat' dir='ltr'>seducat</span> <span class='ocrx_word' id='word_1_734' title='bbox 2198 4681 2267 4736; x_wconf 89' lang='lat' dir='ltr'>ad</span> <span class='ocrx_word' id='word_1_735' title='bbox 2301 4696 2369 4736; x_wconf 90' lang='lat' dir='ltr'>ea</span> <span class='ocrx_word' id='word_1_736' title='bbox 2399 4699 2525 4755; x_wconf 69' lang='lat' dir='ltr'>quae</span> <span class='ocrx_word' id='word_1_737' title='bbox 2556 4690 2918 4741; x_wconf 89' lang='lat' dir='ltr'>concernunt</span> <span class='ocrx_word' id='word_1_738' title='bbox 2938 4685 3251 4759; x_wconf 91' lang='lat' dir='ltr'>pecuniam</span> <span class='ocrx_word' id='word_1_739' title='bbox 3273 4686 3359 4743; x_wconf 90' lang='lat' dir='ltr'>vel</span> <span class='ocrx_word' id='word_1_740' title='bbox 3385 4688 3591 4762; x_wconf 89' lang='lat' dir='ltr'>vitam,</span> 
     </span>
    </p>
   </div>
   <div class='ocr_carea' id='block_1_106' title="bbox 1933 4770 3590 4849">
    <p class='ocr_par' dir='ltr' id='par_1_106' title="bbox 1933 4770 3590 4849">
     <span class='ocr_line' id='line_1_107' title="bbox 1933 4770 3590 4849; baseline 0.01 -27"><span class='ocrx_word' id='word_1_741' title='bbox 1933 4771 2074 4823; x_wconf 88' lang='lat' dir='ltr'>tunc</span> <span class='ocrx_word' id='word_1_742' title='bbox 2104 4785 2203 4825; x_wconf 86' lang='lat' dir='ltr'>rex</span> <span class='ocrx_word' id='word_1_743' title='bbox 2232 4770 2280 4826; x_wconf 90' lang='lat' dir='ltr'>ei</span> <span class='ocrx_word' id='word_1_744' title='bbox 2314 4770 2393 4825; x_wconf 89' lang='lat' dir='ltr'>sit</span> <span class='ocrx_word' id='word_1_745' title='bbox 2420 4770 2546 4827; x_wconf 94' lang='lat' dir='ltr'>loco</span> <span class='ocrx_word' id='word_1_746' title='bbox 2576 4773 2831 4844; x_wconf 88' lang='lat' dir='ltr'>cognati,</span> <span class='ocrx_word' id='word_1_747' title='bbox 2862 4779 2919 4831; x_wconf 91' lang='lat' dir='ltr'>et</span> <span class='ocrx_word' id='word_1_748' title='bbox 2946 4773 3072 4831; x_wconf 87' lang='lat' dir='ltr'>loco</span> <span class='ocrx_word' id='word_1_749' title='bbox 3103 4776 3355 4849; x_wconf 84' lang='lat' dir='ltr'>patroni,</span> <span class='ocrx_word' id='word_1_750' title='bbox 3388 4776 3503 4834; x_wconf 91' lang='lat' dir='ltr'>nisi</span> <span class='ocrx_word' id='word_1_751' title='bbox 3536 4781 3590 4838; x_wconf 91' lang='lat' dir='ltr'>is</span> 
     </span>
    </p>
   </div>
   <div class='ocr_carea' id='block_1_107' title="bbox 1935 4856 3592 4940">
    <p class='ocr_par' dir='ltr' id='par_1_107' title="bbox 1935 4856 3592 4940">
     <span class='ocr_line' id='line_1_108' title="bbox 1935 4856 3592 4940; baseline 0.01 -27"><span class='ocrx_word' id='word_1_752' title='bbox 1935 4856 2116 4913; x_wconf 89' lang='lat' dir='ltr'>alium</span> <span class='ocrx_word' id='word_1_753' title='bbox 2130 4857 2437 4914; x_wconf 90' lang='lat' dir='ltr'>dominum</span> <span class='ocrx_word' id='word_1_754' title='bbox 2452 4858 2809 4927; x_wconf 89' lang='lat' dir='ltr'>habuerit,et</span> <span class='ocrx_word' id='word_1_755' title='bbox 2821 4864 3392 4940; x_wconf 84' lang='lat' dir='ltr'>compensaturregi,</span> <span class='ocrx_word' id='word_1_756' title='bbox 3408 4875 3592 4940; x_wconf 86' lang='lat' dir='ltr'>prout</span> 
     </span>
    </p>
   </div>
   <div class='ocr_carea' id='block_1_108' title="bbox 1934 4946 3586 5031">
    <p class='ocr_par' dir='ltr' id='par_1_108' title="bbox 1934 4946 3586 5031">
     <span class='ocr_line' id='line_1_109' title="bbox 1934 4946 3586 5031; baseline 0.008 -29"><span class='ocrx_word' id='word_1_757' title='bbox 1934 4946 2116 5015; x_wconf 91' lang='lat' dir='ltr'>decet,</span> <span class='ocrx_word' id='word_1_758' title='bbox 2143 4947 2231 5003; x_wconf 85' lang='lat' dir='ltr'>vel</span> <span class='ocrx_word' id='word_1_759' title='bbox 2260 4948 2477 5004; x_wconf 89' lang='lat' dir='ltr'>factum</span> <span class='ocrx_word' id='word_1_760' title='bbox 2508 4948 2655 5029; x_wconf 67' lang='lat' dir='ltr'>illud</span> <span class='ocrx_word' id='word_1_761' title='bbox 2702 4967 2881 5023; x_wconf 90' lang='lat' dir='ltr'>quam</span> <span class='ocrx_word' id='word_1_762' title='bbox 2932 4954 3187 5011; x_wconf 85' lang='lat' dir='ltr'>maxime</span> <span class='ocrx_word' id='word_1_763' title='bbox 3234 4954 3586 5031; x_wconf 87' lang='lat' dir='ltr'>vindicetur,</span> 
     </span>
    </p>
   </div>
   <div class='ocr_carea' id='block_1_109' title="bbox 1932 5034 3589 5116">
    <p class='ocr_par' dir='ltr' id='par_1_109' title="bbox 1932 5034 3589 5116">
     <span class='ocr_line' id='line_1_110' title="bbox 1932 5034 3589 5116; baseline 0.009 -25"><span class='ocrx_word' id='word_1_764' title='bbox 1932 5034 2208 5109; x_wconf 88' lang='lat' dir='ltr'>regemCh</span> <span class='ocrx_word' id='word_1_765' title='bbox 2218 5035 2526 5094; x_wconf 89' lang='lat' dir='ltr'>ristianum</span> <span class='ocrx_word' id='word_1_766' title='bbox 2540 5039 2983 5111; x_wconf 78' lang='lat' dir='ltr'>quummaxime</span> <span class='ocrx_word' id='word_1_767' title='bbox 2996 5041 3288 5113; x_wconf 86' lang='lat' dir='ltr'>decet,Dei</span> <span class='ocrx_word' id='word_1_768' title='bbox 3304 5044 3382 5116; x_wconf 89' lang='lat' dir='ltr'>inj</span> <span class='ocrx_word' id='word_1_769' title='bbox 3392 5045 3589 5107; x_wconf 88' lang='lat' dir='ltr'>uriam</span> 
     </span>
    </p>
   </div>
   <div class='ocr_carea' id='block_1_110' title="bbox 1932 5124 3582 5201">
    <p class='ocr_par' dir='ltr' id='par_1_110' title="bbox 1932 5124 3582 5201">
     <span class='ocr_line' id='line_1_111' title="bbox 1932 5124 3582 5201; baseline 0.01 -23"><span class='ocrx_word' id='word_1_770' title='bbox 1932 5140 2110 5195; x_wconf 88' lang='lat' dir='ltr'>quam</span> <span class='ocrx_word' id='word_1_771' title='bbox 2142 5124 2509 5181; x_wconf 90' lang='lat' dir='ltr'>severissime</span> <span class='ocrx_word' id='word_1_772' title='bbox 2539 5125 2742 5182; x_wconf 90' lang='lat' dir='ltr'>ulcisci</span> <span class='ocrx_word' id='word_1_773' title='bbox 2774 5145 2878 5201; x_wconf 89' lang='lat' dir='ltr'>pro</span> <span class='ocrx_word' id='word_1_774' title='bbox 2909 5146 2976 5185; x_wconf 93' lang='lat' dir='ltr'>eo</span> <span class='ocrx_word' id='word_1_775' title='bbox 3009 5131 3168 5201; x_wconf 92' lang='lat' dir='ltr'>quod</span> <span class='ocrx_word' id='word_1_776' title='bbox 3199 5133 3420 5188; x_wconf 86' lang='lat' dir='ltr'>factum</span> <span class='ocrx_word' id='word_1_777' title='bbox 3469 5142 3582 5194; x_wconf 88' lang='lat' dir='ltr'>est.</span> 
     </span>
    </p>
   </div>
   <div class='ocr_carea' id='block_1_111' title="bbox 1930 5213 3582 5294">
    <p class='ocr_par' dir='ltr' id='par_1_111' title="bbox 1930 5213 3582 5294">
     <span class='ocr_line' id='line_1_112' title="bbox 1930 5213 3582 5294; baseline 0.008 -26"><span class='ocrx_word' id='word_1_778' title='bbox 1930 5213 1994 5268; x_wconf 85' lang='lat' dir='ltr'>X.</span> <span class='ocrx_word' id='word_1_779' title='bbox 2028 5214 2103 5269; x_wconf 90' lang='lat' dir='ltr'>De</span> <span class='ocrx_word' id='word_1_780' title='bbox 2131 5215 2382 5271; x_wconf 81' lang='lat' dir='ltr'>ministro</span> <span class='ocrx_word' id='word_1_781' title='bbox 2410 5216 2608 5271; x_wconf 85' lang='lat' dir='ltr'>altaris</span> <span class='ocrx_word' id='word_1_782' title='bbox 2637 5215 2930 5286; x_wconf 82' lang='lat' dir='ltr'>homicida,</span> <span class='ocrx_word' id='word_1_783' title='bbox 2953 5222 3061 5274; x_wconf 90' lang='lat' dir='ltr'>etc.</span> <span class='ocrx_word' id='word_1_784' title='bbox 3112 5219 3227 5292; x_wconf 91' lang='lat' dir='ltr'>(LI.</span> <span class='ocrx_word' id='word_1_785' title='bbox 3279 5220 3413 5276; x_wconf 84' lang='lat' dir='ltr'>Sax.</span> <span class='ocrx_word' id='word_1_786' title='bbox 3463 5224 3582 5294; x_wconf 90' lang='lat'>38).</span> 
     </span>
    </p>
   </div>
   <div class='ocr_carea' id='block_1_112' title="bbox 1999 5301 3580 5381">
    <p class='ocr_par' dir='ltr' id='par_1_112' title="bbox 1999 5301 3580 5381">
     <span class='ocr_line' id='line_1_113' title="bbox 1999 5301 3580 5381; baseline 0.006 -24"><span class='ocrx_word' id='word_1_787' title='bbox 1999 5302 2056 5358; x_wconf 84' lang='lat' dir='ltr'>Si</span> <span class='ocrx_word' id='word_1_788' title='bbox 2079 5301 2350 5359; x_wconf 91' lang='lat' dir='ltr'>minister</span> <span class='ocrx_word' id='word_1_789' title='bbox 2361 5303 2563 5361; x_wconf 88' lang='lat' dir='ltr'>altaris</span> <span class='ocrx_word' id='word_1_790' title='bbox 2582 5304 2877 5364; x_wconf 88' lang='lat' dir='ltr'>homicida</span> <span class='ocrx_word' id='word_1_791' title='bbox 2890 5305 3010 5373; x_wconf 83' lang='lat' dir='ltr'>ﬁat,</span> <span class='ocrx_word' id='word_1_792' title='bbox 3027 5304 3115 5361; x_wconf 89' lang='lat' dir='ltr'>vel</span> <span class='ocrx_word' id='word_1_793' title='bbox 3132 5305 3278 5363; x_wconf 89' lang='lat' dir='ltr'>alias</span> <span class='ocrx_word' id='word_1_794' title='bbox 3291 5323 3580 5381; x_wconf 87' lang='lat' dir='ltr'>magnum</span> 
     </span>
    </p>
   </div>
   <div class='ocr_carea' id='block_1_113' title="bbox 1929 5392 3578 5467">
    <p class='ocr_par' dir='ltr' id='par_1_113' title="bbox 1929 5392 3578 5467">
     <span class='ocr_line' id='line_1_114' title="bbox 1929 5392 3578 5467; baseline 0.007 -20"><span class='ocrx_word' id='word_1_795' title='bbox 1929 5392 2092 5448; x_wconf 86' lang='lat' dir='ltr'>nefas</span> <span class='ocrx_word' id='word_1_796' title='bbox 2108 5394 2546 5467; x_wconf 86' lang='lat' dir='ltr'>perpetraverit,</span> <span class='ocrx_word' id='word_1_797' title='bbox 2560 5398 2701 5450; x_wconf 82' lang='lat' dir='ltr'>tunc</span> <span class='ocrx_word' id='word_1_798' title='bbox 2721 5395 2929 5467; x_wconf 88' lang='lat' dir='ltr'>perdat</span> <span class='ocrx_word' id='word_1_799' title='bbox 2944 5395 3155 5452; x_wconf 89' lang='lat' dir='ltr'>deinde</span> <span class='ocrx_word' id='word_1_800' title='bbox 3171 5401 3289 5453; x_wconf 89' lang='lat' dir='ltr'>tam</span> <span class='ocrx_word' id='word_1_801' title='bbox 3309 5397 3578 5459; x_wconf 88' lang='lat' dir='ltr'>ordinem</span> 
     </span>
    </p>
   </div>
   <div class='ocr_carea' id='block_1_114' title="bbox 1928 5481 3580 5562">
    <p class='ocr_par' dir='ltr' id='par_1_114' title="bbox 1928 5481 3580 5562">
     <span class='ocr_line' id='line_1_115' title="bbox 1928 5481 3580 5562; baseline 0.004 -26"><span class='ocrx_word' id='word_1_802' title='bbox 1928 5495 2107 5552; x_wconf 90' lang='lat' dir='ltr'>quam</span> <span class='ocrx_word' id='word_1_803' title='bbox 2140 5481 2442 5549; x_wconf 87' lang='lat' dir='ltr'>honorem,</span> <span class='ocrx_word' id='word_1_804' title='bbox 2471 5487 2529 5539; x_wconf 89' lang='lat' dir='ltr'>et</span> <span class='ocrx_word' id='word_1_805' title='bbox 2559 5483 2963 5556; x_wconf 87' lang='lat' dir='ltr'>peregrinetur</span> <span class='ocrx_word' id='word_1_806' title='bbox 2986 5502 3164 5559; x_wconf 90' lang='lat' dir='ltr'>quam</span> <span class='ocrx_word' id='word_1_807' title='bbox 3189 5483 3392 5558; x_wconf 88' lang='lat' dir='ltr'>procul</span> <span class='ocrx_word' id='word_1_808' title='bbox 3426 5503 3580 5562; x_wconf 84' lang='lat' dir='ltr'>papa</span> 
     </span>
    </p>
   </div>
   <div class='ocr_carea' id='block_1_115' title="bbox 1927 5568 3577 5646">
    <p class='ocr_par' dir='ltr' id='par_1_115' title="bbox 1927 5568 3577 5646">
     <span class='ocr_line' id='line_1_116' title="bbox 1927 5568 3577 5646; baseline 0.007 -21"><span class='ocrx_word' id='word_1_809' title='bbox 1927 5568 1979 5625; x_wconf 91' lang='lat' dir='ltr'>ei</span> <span class='ocrx_word' id='word_1_810' title='bbox 2009 5570 2451 5646; x_wconf 69' lang='lat' dir='ltr'>praescripserit,</span> <span class='ocrx_word' id='word_1_811' title='bbox 2484 5578 2540 5630; x_wconf 89' lang='lat' dir='ltr'>et</span> <span class='ocrx_word' id='word_1_812' title='bbox 2571 5572 2715 5631; x_wconf 91' lang='lat' dir='ltr'>illud</span> <span class='ocrx_word' id='word_1_813' title='bbox 2747 5573 2996 5633; x_wconf 89' lang='lat' dir='ltr'>libenter</span> <span class='ocrx_word' id='word_1_814' title='bbox 3024 5575 3314 5645; x_wconf 89' lang='lat' dir='ltr'>emendet,</span> <span class='ocrx_word' id='word_1_815' title='bbox 3339 5579 3396 5632; x_wconf 91' lang='lat' dir='ltr'>et</span> <span class='ocrx_word' id='word_1_816' title='bbox 3431 5578 3480 5633; x_wconf 91' lang='lat' dir='ltr'>si</span> <span class='ocrx_word' id='word_1_817' title='bbox 3513 5596 3577 5637; x_wconf 90' lang='lat' dir='ltr'>se</span> 
     </span>
    </p>
   </div>
   <div class='ocr_carea' id='block_1_116' title="bbox 1929 5661 3593 5740">
    <p class='ocr_par' dir='ltr' id='par_1_116' title="bbox 1929 5661 3593 5740">
     <span class='ocr_line' id='line_1_117' title="bbox 1929 5661 3593 5740; baseline 0.008 -27"><span class='ocrx_word' id='word_1_818' title='bbox 1929 5672 2181 5732; x_wconf 82' lang='lat' dir='ltr'>purgare</span> <span class='ocrx_word' id='word_1_819' title='bbox 2209 5661 2365 5731; x_wconf 85' lang='lat' dir='ltr'>velit,</span> <span class='ocrx_word' id='word_1_820' title='bbox 2399 5666 2610 5737; x_wconf 86' lang='lat' dir='ltr'>purget</span> <span class='ocrx_word' id='word_1_821' title='bbox 2629 5680 2697 5723; x_wconf 88' lang='lat' dir='ltr'>se</span> <span class='ocrx_word' id='word_1_822' title='bbox 2711 5664 2909 5740; x_wconf 88' lang='lat' dir='ltr'>triplo,</span> <span class='ocrx_word' id='word_1_823' title='bbox 2932 5670 2990 5727; x_wconf 88' lang='lat' dir='ltr'>et</span> <span class='ocrx_word' id='word_1_824' title='bbox 3011 5663 3303 5727; x_wconf 87' lang='lat' dir='ltr'>nisi&#39;intra</span> <span class='ocrx_word' id='word_1_825' title='bbox 3320 5682 3428 5725; x_wconf 78' lang='lat' dir='ltr'><strong>xxx</strong></span> <span class='ocrx_word' id='word_1_826' title='bbox 3449 5667 3593 5727; x_wconf 79' lang='lat' dir='ltr'>dies</span> 
     </span>
    </p>
   </div>
  </div>
