3924 6210
306 334 466 403 M79

1675 344 1987 410 MONUM.
2035 345 2354 412 DIPLOM.

3565 346 3728 419 1180

297 474 832 549 compensationem
863 475 1165 552 incmperit
1194 477 1346 553 apud
1370 478 1553 537 Deum
1579 482 1636 537 et
1657 479 1810 553 apud
1836 480 1942 536 ho-
1973 480 2028 548 Α
2058 480 2135 537 sit
2164 489 2412 557 occsius,
2446 497 2549 554 pro
2569 499 2636 544 eo
2659 482 2813 559 quod
2830 482 3174 558 illejustitia
3192 499 3256 542 se
3279 484 3646 560 opposuerit,
3663 485 3720 542 si

302 567 513 637 mines,
543 570 683 622 tunc
712 567 788 624 sit
818 567 999 624 exlex.

464 674 555 729 XI.
587 676 662 730 De
687 674 1009 731 ordinatum
1039 678 1313 734 vinciente
1340 686 1439 732 aut
1469 679 1790 733 verberante

913 749 1026 816 (LI.
1057 749 1186 803 Sax.
1223 750 1335 819 39).

375 835 432 890 Si
468 835 602 907 quis
633 837 815 893 sacris
846 837 1140 892 initiatum
1174 837 1390 892 vinciat
1417 837 1505 892 vel
1539 837 1821 904 verberet,
1866 838 1952 894 vel

303 923 623 980 admodum
655 923 1030 991 convicietur,
1065 929 1403 996 compenset
1431 925 1480 980 ei
1512 930 1685 997 prout
1717 926 1950 997 justum

301 1015 411 1080 est,
442 1017 498 1067 et
529 1013 799 1084 episcopo
831 1029 940 1067 ara
973 1012 1270 1083 expiandze
1303 1012 1552 1068 multam
1587 1029 1690 1085 pro
1729 1013 1951 1069 ordinis

304 1101 500 1166 modo,
523 1105 579 1156 et
601 1101 838 1157 domino
856 1100 942 1156 vel
967 1102 1087 1173 regi
1112 1118 1214 1173 pro
1235 1101 1408 1174 plena
1421 1102 1733 1158 violatione
1768 1102 1950 1174 pacis,

298 1189 384 1243 vel
420 1192 628 1262 purget
657 1189 918 1261 seipsum
951 1188 1124 1262 plena
1165 1190 1555 1246 excusatione.

473 1278 590 1333 XII.
620 1279 694 1333 De
722 1277 974 1334 ordinato
996 1281 1195 1352 capitis
1226 1296 1314 1336 reo
1348 1280 1461 1349 (LI.
1489 1280 1617 1335 Sax.
1654 1280 1765 1349 40).

369 1366 426 1421 Si
461 1365 593 1438 quis
626 1367 809 1423 sacris
838 1367 1104 1424 initiatus
1134 1366 1384 1440 capitale
1429 1368 1646 1423 crimen
1698 1367 1946 1422 commi-

299 1453 461 1522 serit,
495 1455 988 1529 apprehendatur,
1022 1461 1080 1512 et
1109 1457 1354 1514 sistatur
1383 1473 1576 1512 coram
1615 1456 1779 1512 curia
1826 1457 1946 1529 epi-

299 1544 522 1616 scopali
555 1561 658 1617 pro
685 1544 784 1600 illo
817 1547 972 1618 quod
1005 1546 1224 1602 factum
1253 1549 1361 1601 est.

367 1634 510 1690 XIII.
543 1636 618 1691 De
647 1651 735 1691 reo
766 1638 1165 1706 confessarium
1190 1639 1404 1707 petente
1428 1636 1542 1707 (L1.
1577 1635 1708 1690 Sax.
1763 1635 1873 1705 41).

369 1722 428 1778 Si
461 1722 595 1794 quis
631 1723 898 1796 capitalis
945 1723 1209 1780 criminis
1259 1741 1394 1779 reus
1441 1724 1645 1779 sedulo
1686 1723 1946 1778 conﬁteri

296 1809 454 1878 velit,
488 1827 604 1866 non
638 1816 886 1884 negetur
916 1811 1061 1866 illud
1095 1812 1207 1884 ipsi
1239 1828 1524 1884 unquam,
1559 1817 1615 1866 et
1638 1811 1687 1866 si
1723 1811 1854 1883 quis
1895 1813 1945 1866 ei

298 1899 616 1973 negaverit,
646 1905 986 1973 compenset
1016 1900 1124 1956 hoc
1155 1902 1307 1973 apud
1341 1917 1535 1974 regem
1567 1917 1672 1956 cxx
1721 1900 1945 1966 solidis,

296 1987 385 2044 vel
415 1992 624 2061 purget
654 2005 897 2045 sumens
945 1989 1205 2062 quinque
1252 1988 1544 2058 homines,
1592 1995 1649 2046 et
1696 1989 1822 2062 ipse
1874 1989 1952 2045 sit

297 2080 515 2133 sextus.

366 2184 510 2240 XIV.
566 2187 642 2241 De
700 2184 789 2242 die
851 2185 1129 2241 dominica
1194 2189 1247 2241 et
1310 2187 1468 2257 festis
1533 2185 1880 2242 observandis

899 2257 1014 2329 (LI.
1049 2258 1181 2314 Sax.
1227 2257 1341 2328 42).

367 2343 428 2401 Si
459 2344 815 2417 apprehendi
848 2349 1060 2417 potest,
1084 2363 1198 2401 non
1224 2345 1524 2402 occidatur
1547 2361 1808 2417 unquam
1832 2345 1944 2401 diei

294 2433 445 2490 Solis
490 2434 635 2491 festo
685 2433 901 2506 aliquis
950 2434 1303 2490 occidendus
1352 2435 1548 2502 homo,
1600 2433 1712 2489 nisi
1762 2434 1948 2506 fugiat

292 2522 381 2579 vel
399 2528 639 2597 pugnet,
661 2524 761 2580 sed
780 2524 1251 2596 apprehendatur
1266 2528 1324 2579 et
1340 2527 1609 2579 teneatur
1620 2539 1808 2594 usque
1821 2523 1945 2578 dies

294 2613 482 2668 festus
513 2613 806 2686 praeteriit.
840 2613 898 2669 Si
945 2612 1094 2667 liber
1138 2612 1314 2669 homo
1365 2612 1456 2668 die
1507 2612 1651 2667 festo
1700 2611 1940 2680 laboret,

293 2706 433 2757 tunc
464 2705 804 2774 compenset
829 2701 940 2756 hoc
972 2701 1236 2756 obstricti
1268 2700 1400 2756 colli
1425 2699 1629 2768 multa,
1659 2705 1715 2756 et
1735 2700 1942 2756 saltem

292 2792 448 2863 apud
481 2795 660 2846 Deum
686 2789 999 2862 diligenter
1028 2794 1384 2862 compenset,
1435 2789 1626 2861 prouti
1677 2790 1938 2845 docetur.

291 2883 503 2934 Servus
519 2878 570 2935 si
589 2877 833 2945 laboret,
851 2878 1105 2950 vapulet,
1123 2875 1211 2933 vel
1236 2877 1488 2950 pretium
1508 2879 1814 2934 verberum
1839 2896 1940 2952 pro

292 2967 514 3023 ratione
543 2967 672 3039 ejus
704 2968 859 3039 quod
901 2968 1120 3023 factum
1171 2971 1262 3023 est
1310 2966 1507 3038 (luat);
1563 2967 1612 3023 si
1664 2968 1940 3024 dominus

291 3071 489 3112 servos
522 3071 661 3112 suos
691 3055 784 3112 die
810 3056 958 3111 festo
988 3060 1157 3128 cogat
1187 3056 1259 3111 ad
1307 3054 1690 3112 laborandum
1737 3057 1940 3128 perdat

292 3159 545 3212 servum,
579 3148 637 3201 et
664 3143 739 3200 sit
766 3144 824 3198 in
858 3147 1158 3217 posterum
1189 3144 1353 3212 liber,
1387 3148 1444 3200 et
1460 3144 1734 3201 dominus
1754 3144 1939 3202 solvat

287 3231 511 3289 violata:
536 3233 682 3306 legis
732 3215 965 3305 pinnam
1017 3235 1174 3306 apud
1225 3234 1440 3303 Danos,
1491 3233 1736 3290 multam
1780 3235 1935 3306 apud
1975 3215 2018 3283 (ἶ

287 3322 524 3395 Anglos,
558 3339 662 3395 pro
693 3322 916 3380 ratione
943 3323 1070 3394 ejus
1101 3322 1258 3395 quod
1289 3323 1508 3379 factum
1540 3326 1648 3391 est,
1679 3323 1766 3380 vel
1796 3340 1934 3396 pur-

288 3413 386 3483 get
415 3428 496 3467 se.

482 3501 596 3557 XV.
630 3501 706 3557 De
724 3501 1008 3574 jejunium
1045 3501 1287 3558 violante
1317 3500 1432 3572 (LI.
1461 3501 1592 3557 Sax.
1629 3501 1736 3572 43).

357 3589 416 3644 Si
446 3588 594 3646 liber
624 3589 795 3647 homo
825 3605 1028 3645 verum
1053 3589 1352 3661 jejunium
1401 3588 1703 3657 dissolvat,
1751 3587 1938 3645 solvat

285 3677 509 3735 violatae
541 3678 685 3752 legis
706 3695 935 3750 pcenam
954 3678 1110 3750 apud
1135 3683 1347 3744 Danos,
1372 3678 1620 3734 multam
1644 3679 1798 3750 apud
1819 3680 1936 3734 An-

287 3767 414 3841 glos
445 3783 547 3840 pro
572 3767 798 3822 ratione
821 3768 951 3837 ejus
981 3767 1137 3838 quod
1171 3767 1390 3822 factum
1420 3770 1526 3823 est.
1579 3766 1797 3822 Malum
1846 3770 1937 3823 est

287 3860 549 3928 tampors
576 3854 695 3912 veri
718 3855 930 3926 jejunii
963 3860 1096 3911 ante
1119 3855 1432 3928 prandium
1457 3856 1645 3921 edere,
1669 3859 1726 3911 et
1743 3856 1936 3912 adhuc

287 3945 478 4018 pejus,
498 3943 759 4016 seipsum
777 3960 950 4000 carne
973 3945 1280 4001 defoedare.
1305 3945 1361 3999 Si
1375 3960 1577 4000 servus
1592 3943 1702 4000 hoc
1714 3945 1933 4016 fecerit,

285 4031 543 4106 vapulet,
574 4032 662 4088 vel
681 4033 930 4105 pretium
951 4035 1256 4090 verberum
1274 4050 1377 4106 pro
1396 4033 1618 4089 ratione
1634 4034 1762 4105 ejus
1780 4036 1934 4107 quod

287 4123 507 4178 factum
539 4125 629 4178 est
655 4121 844 4194 (luat).

286 4229 430 4286 XVI.
505 4231 568 4286 Ut
622 4229 1048 4301 Quadragesima
1103 4235 1158 4287 et
1222 4231 1359 4300 festa
1435 4245 1545 4284 non
1609 4234 1938 4287 temerenlur

992 4343 1004 4356 .
1031 4303 1162 4356 Sax.
1184 4302 1293 4356 44).

357 4391 413 4446 Si
447 4390 580 4463 quis
609 4390 840 4463 publice
869 4303 1391 4463 éﬁddfzgeélgam
1418 4389 1699 4446 dissolvat
1721 4407 1822 4463 per
1849 4391 1938 4446 di-

289 4479 689 4550 micationem,
718 4480 806 4537 vel
839 4496 943 4552 per
971 4478 1412 4551 patrimonium,
1435 4479 1523 4536 vel
1545 4496 1649 4553 per
1667 4481 1937 4553 rapinam

2066 580 2176 636 hoc
2205 580 2602 644 conﬁrmetur,
2628 577 2823 648 jaceat
2851 575 3096 631 inultus.

2135 669 2332 726 XVIII.
2368 669 2436 723 De
2464 683 2682 723 sacrum
2708 664 2960 721 ordinem
2979 665 3216 721 violente
3238 664 3352 735 (LI.
3377 664 3511 721 Sax.
3531 664 3646 736 46).

2135 759 2194 814 Si
2228 758 2360 830 quis
2391 772 2623 812 sacrum
2657 754 2921 810 ordinem
2951 753 3272 821 violaverit,
3295 753 3574 809 emendet
3605 753 3726 810 hoc

2061 865 2166 920 pro
2187 846 2471 919 dignitate
2492 843 2736 910 ordinis,
2761 843 2879 898 sive
2903 859 3006 915 per
3021 841 3467 905 aestimationem
3484 841 3722 914 capitis,

2062 936 2180 992 sive
2209 952 2314 1007 per
2345 932 2614 999 multam,
2647 932 2765 987 sive
2777 947 2878 1003 per
2898 929 3122 986 violatas
3145 929 3292 1002 legis
3313 946 3570 1002 pmnam,
3593 930 3723 986 sive

2061 1042 2163 1098 per
2187 1040 2420 1082 omnem
2453 1020 2910 1095 possessionem.

2379 1113 2525 1168 XIX.
2560 1113 2633 1166 De
2657 1109 2928 1164 adulterio
2962 1109 3072 1179 (LI.
3108 1109 3240 1164 Sax.
3265 1107 3377 1180 b7).

2131 1203 2191 1258 Si
2222 1202 2356 1275 quis
2388 1200 2742 1256 adulterium
2773 1197 3156 1261 commiserit,
3189 1197 3461 1253 emendet
3480 1212 3585 1269 per
3599 1196 3719 1252 hoc

2059 1293 2214 1365 quod
2246 1292 2463 1347 factum
2484 1291 2590 1344 est.
2616 1287 2835 1343 Malum
2858 1285 3217 1342 adulterium
3246 1289 3361 1353 est,
3384 1286 3538 1358 quod
3563 1301 3718 1352 uxo-

2059 1385 2223 1437 ratus
2254 1381 2428 1435 homo
2459 1395 2593 1433 cum
2626 1377 2818 1433 soluta
2848 1379 3030 1441 coeat,
3064 1378 3120 1431 et
3151 1373 3335 1430 multo
3374 1375 3544 1448 pejus
3574 1389 3717 1430 cum

2062 1469 2306 1525 alterius
2333 1483 2532 1533 uxore,
2563 1464 2648 1521 vel
2683 1481 2815 1520 cum
2851 1463 3032 1520 sacris
3063 1462 3293 1518 initiata
3319 1461 3492 1518 votis.

2359 1553 2470 1610 XX.
2508 1557 2587 1609 De
2615 1552 2928 1608 incestuosis
2961 1549 3075 1622 (LI.
3109 1549 3246 1605 Sax.
3281 1550 3394 1618 48).

2129 1646 2185 1701 Si
2222 1644 2354 1717 quis
2385 1643 2674 1698 incestum
2705 1637 3084 1709 commiserit,
3117 1639 3459 1709 compenset
3479 1636 3590 1692 hoc
3604 1652 3716 1708 pro

2057 1735 2337 1808 dignitate
2351 1730 2738 1804 cognationis,
2759 1729 2877 1784 sive
2894 1745 2996 1800 per
3011 1727 3223 1799 capitis
3235 1724 3715 1790 aestimationem,

2058 1825 2178 1880 sive
2210 1840 2312 1896 per
2343 1820 2612 1888 multam,
2637 1818 2756 1874 sive
2777 1834 2879 1890 per
2899 1820 3082 1872 totam
3106 1815 3557 1889 possessionem.
3581 1814 3714 1870 Non

2059 1917 2147 1969 est
2178 1912 2380 1968 eadem
2412 1908 2557 1966 ratio
2588 1924 2720 1964 cum
2753 1921 2950 1962 sorore
2979 1921 3046 1960 ac
3075 1920 3208 1960 cum
3255 1902 3564 1960 remotiore
3609 1919 3714 1960 co-

2059 2005 2236 2074 gnata
2264 1999 2436 2055 coire.

2269 2088 2413 2144 XXI.
2448 2088 2523 2142 De
2551 2085 2772 2141 viduam
2803 2083 3041 2139 violante
3065 2081 3178 2154 (LI.
3211 2082 3342 2138 Sax.
3375 2080 3486 2152 49).

2130 2180 2188 2236 Si
2222 2179 2355 2252 quis
2383 2177 2621 2233 viduam
2650 2175 2706 2229 vi
2735 2172 3052 2241 violaverit,
3086 2176 3425 2245 compenset
3453 2169 3565 2227 hoc
3602 2186 3716 2243 per

2057 2268 2264 2341 capitis
2282 2265 2751 2323 aestimationem.
2770 2261 2830 2318 Si
2848 2261 2983 2334 quis
3005 2259 3261 2334 puellam
3281 2258 3336 2315 vi
3349 2260 3715 2332 stupraverit

2055 2360 2397 2430 compensat
2426 2355 2536 2411 hoc
2568 2370 2670 2426 per
2698 2351 2907 2424 capitis
2935 2349 3404 2406 aestimationem.

2055 2455 2226 2510 XXII.
2261 2459 2339 2510 De
2367 2453 2557 2508 uxoris
2586 2450 2857 2506 adultera?
2872 2464 3034 2520 ptena
3062 2447 3222 2516 gravi
3252 2446 3360 2516 (LI.
3402 2445 3536 2501 Sax.
3585 2447 3708 2517 50).

2125 2553 2184 2610 Si
2218 2551 2426 2606 marito
2441 2549 2569 2605 vivo
2591 2564 2735 2602 uxor
2755 2562 2890 2602 cum
2913 2544 3027 2601 alio
3050 2541 3448 2609 concubuerit,
3477 2544 3535 2598 et
3555 2541 3708 2598 illud

2054 2641 2431 2697 manifestum
2465 2638 2646 2704 fieret,
2681 2635 2782 2691 ﬁat
2823 2635 2952 2707 ipsa
3000 2633 3059 2688 in
3109 2635 3408 2705 posterum
3455 2631 3709 2688 infamia

2051 2728 2278 2797 mundi,
2311 2731 2369 2783 et
2396 2726 2610 2781 habeat
2637 2740 2809 2780 verus
2841 2722 3091 2778 maritus
3125 2720 3326 2776 omnia
3374 2736 3504 2792 quae
3555 2719 3706 2791 (illa)

2049 2815 2410 2892 possidebat,
2437 2831 2503 2870 ac
2534 2813 2741 2886 perdat
2786 2811 2888 2866 illa
2929 2813 3266 2881 utrumque,
3313 2813 3434 2864 tam
3484 2825 3704 2865 nasum

2051 2924 2229 2980 quam
2263 2921 2454 2961 aures.
2489 2904 2556 2958 Et
2585 2903 2634 2958 si
2668 2899 2960 2958 accusatio
2993 2898 3091 2966 sit,
3123 2902 3180 2954 et
3211 2897 3480 2972 purgatio
3515 2898 3705 2955 fracta

2050 2997 2146 3064 sit,
2180 2999 2318 3050 tunc
2347 2992 2659 3065 episcopus
2688 2993 3035 3062 potestatem
3069 2987 3153 3059 (in
3185 2987 3337 3059 eam)
3367 2985 3603 3058 habeat,
3637 2990 3698 3043 et

2046 3083 2411 3141 severissime
2433 3081 2682 3153 judicet.

2047 3174 2247 3230 XXIII.
2271 3174 2347 3228 De
2365 3178 2597 3228 uxorato
2612 3174 2715 3310 [(2211
2699 3170 2940 3294 qicasnte,
3075 3165 3436 3222 concubinam
3465 3164 3702 3220 habente

2751 3283 2763 3294 .
2849 3256 2939 3294 ax.
3071 3279 3084 3293 .

2751 3283 2763 3294 .
2810 3256 2939 3294 58X.
2973 3256 3084 3294 Dll.

2115 3334 2172 3390 Si
2203 3333 2290 3388 vir
2320 3333 2598 3387 uxoratus
2630 3332 2792 3385 coeat
2837 3343 2971 3382 cum
3019 3325 3255 3399 propria
3303 3341 3412 3381 sua
3458 3322 3700 3391 ancilla,

2045 3424 2277 3481 amittat
2301 3438 2453 3488 eam,
2485 3423 2541 3475 et
2572 3435 2674 3490 pro
2704 3417 2834 3489 ipsa
2864 3418 3202 3488 compenset
3230 3415 3385 3486 apud
3417 3413 3602 3470 Deum
3639 3415 3705 3468 et

2045 3511 2201 3585 apud
2233 3509 2523 3566 homines.
2549 3508 2619 3562 Et
2636 3505 2686 3560 si
2708 3503 2842 3576 quis
2860 3502 3184 3576 legitimam
3206 3518 3445 3558 uxorem
3460 3501 3704 3569 habeat,

2045 3607 2102 3656 et
2131 3598 2520 3656 concubinam
2548 3594 2747 3660 etiam,
2769 3593 2906 3649 huic
2927 3591 3127 3648 nullus
3150 3592 3450 3665 presbyter
3466 3590 3704 3662 aliquos

2047 3690 2223 3746 faciat
2253 3688 2402 3743 ritus
2431 3685 2532 3758 qui
2563 3682 2912 3740 Christianis
2940 3680 3067 3736 ﬁeri
3099 3681 3333 3747 debent,
3369 3678 3483 3736 nisi
3505 3671 3708 3736 cessa-

2043 3777 2207 3847 verit,
2235 3781 2293 3833 et
2323 3791 2499 3848 quam
2530 3773 2781 3828 maxime
2811 3769 3101 3836 emendet,
3148 3767 3342 3841 prouti
3386 3767 3705 3841 episcopus

2045 3885 2179 3925 eum
2211 3864 2524 3931 edocuerit,
2558 3865 2616 3918 et
2645 3864 2848 3934 postea
2875 3858 3168 3915 abstineat
3195 3857 3269 3913 ab
3300 3857 3534 3913 iisdem.

2044 3963 2234 4020 XXIV.
2258 3964 2320 4018 Ut
2333 3961 2664 4031 alienigena
2679 3957 2959 4012 libidinosi
2967 3954 3316 4025 eiicicantur(
3324 3954 3413 4010 LI.
3433 3953 3567 4010 Sax.
3580 3954 3701 4026 52).

2118 4059 2178 4116 Si
2209 4056 2549 4129 alienigenas
2580 4051 2926 4110 concubitus
2957 4067 3097 4108 suos
3128 4051 3445 4106 reformare
3484 4048 3701 4120 nolint,

2046 4165 2114 4204 ex
2144 4144 2378 4218 regione
2406 4159 2538 4199 cum
2569 4139 3042 4214 possessionibus
3067 4143 3124 4195 et
3155 4138 3410 4212 peccatis
3441 4137 3568 4195 suis
3601 4155 3703 4195 ex-

2046 4233 2458 4292 terminentur.

2044 4323 2202 4380 XXV.
2262 4323 2324 4378 Ut
2378 4317 2649 4375 homicida
2704 4319 2767 4373 in
2813 4318 3148 4444 purgatione
3203 4315 3401 4373 cadens
3451 4317 3706 4389 episcopo

2508 4389 2806 4444 tradatuﬂ
2860 4391 2900 4444 I.
2943 4389 3077 4444 Sax.
3117 4389 3228 4444 53).

2508 4390 2764 4446 tradatur
2789 4389 2900 4460 (LI.
2943 4389 3077 4445 Sax.
3117 4389 3228 4458 53).

2120 4483 2180 4540 Si
2211 4480 2598 4538 homicidium
2630 4478 3010 4534 manifestum
3058 4477 3183 4545 fiat,
3237 4476 3394 4549 quod
3441 4475 3576 4548 quis
3625 4476 3712 4532 sit

288 4569 376 4626 vel
407 4587 511 4642 per
541 4569 776 4643 aliquod
809 4568 1127 4624 nefandum
1154 4568 1402 4635 facinus,
1436 4568 1615 4642 duplo
1637 4568 1748 4626 hoc
1773 4585 1936 4627 com—
1969 4585 2016 4650 ι)
2051 4571 2403 4641 trucidatus,
2435 4568 2703 4624 tradatur
2730 4566 2994 4640 cognatis
3025 4564 3386 4637 (homicida),
3418 4568 3479 4620 et
3507 4563 3556 4620 si
3601 4581 3711 4620 ac-

287 4663 584 4731 pensetur,
618 4659 704 4715 uti
734 4659 792 4714 in
828 4675 1041 4730 magno
1073 4657 1240 4727 festo,
1268 4675 1372 4731 pro
1394 4659 1615 4715 ratione
1639 4659 1768 4741 ejus
1781 4660 1937 4731 quod
2049 4660 2275 4718 cusatio
2307 4659 2386 4715 sit
2414 4661 2471 4714 et
2501 4655 2768 4730 purgatio
2803 4654 2955 4711 male
2985 4654 3281 4726 succedat,
3304 4652 3536 4725 judicet
3578 4653 3709 4726 epi-

286 4747 507 4804 fa’ctum
539 4750 644 4805 est.
668 4749 737 4804 Et
753 4747 802 4804 si
817 4747 950 4821 quis
967 4746 1122 4821 (hoc)
1140 4750 1330 4821 neget,
1349 4746 1562 4820 triplici
1587 4749 1936 4821 purgatione

288 4853 351 4894 se
378 4841 607 4912 purget.

286 4927 456 4983 XVII.
487 4929 562 4983 De
591 4928 827 4983 ecclesiae
852 4927 1034 4983 debita
1064 4929 1119 4983 vi
1147 4926 1423 4982 detinente
1471 4925 1583 4998 (LI.
1637 4926 1770 4982 Sax.
1825 4926 1936 4999 45).

359 5014 582 5088 Siquis
629 5015 686 5070 vi
735 5015 1143 5072 ecclesiasticis
1178 5014 1420 5086 judiciis
1468 5030 1530 5070 se
1579 5015 1937 5088 opposuerit,

288 5103 710 5161 solvatviolattc
723 5103 870 5177 legis
883 5121 1115 5178 pcenam
1129 5104 1282 5177 apud
1299 5103 1767 5170 Danos,multam
1782 5107 1936 5178 apud

287 5192 528 5267 Anglos,
561 5193 651 5249 vel
682 5199 893 5267 purget
924 5209 985 5248 se
1017 5209 1258 5249 sumens
1289 5193 1583 5258 undecim,
1617 5197 1672 5247 et
1706 5193 1831 5265 ipse
1862 5194 1942 5248 sit

289 5282 696 5341 duodecimus.
716 5283 777 5340 Si
793 5282 1050 5355 aliquem
1070 5281 1354 5349 vulneret,
1376 5285 1716 5353 compenset
1735 5281 1864 5348 hoc,
1885 5288 1940 5338 et

289 5372 478 5430 solvat
509 5372 743 5446 plenam
765 5371 1013 5428 multam
1043 5371 1305 5435 domino,
1330 5370 1479 5426 etab
1502 5369 1775 5441 episcopo
1815 5387 1938 5426 ma-

290 5477 433 5517 num
466 5461 736 5530 redimat,
761 5460 850 5518 vel
874 5475 1001 5515 eam
1027 5460 1250 5531 perdat.
1277 5458 1336 5514 Si
1362 5457 1617 5528 aliquem
1643 5457 1938 5527 occiderit,

291 5549 369 5605 sit
397 5551 580 5618 exlex,
611 5554 669 5605 et
698 5553 1130 5622 persequantur
1148 5565 1282 5604 eum
1307 5563 1442 5603 cum
1465 5546 1717 5603 clamore
1739 5563 1940 5604 omnes

287 5635 372 5692 illi
402 5637 503 5709 qui
525 5637 825 5708 justitiam
857 5634 1076 5694 volunt.
1109 5635 1171 5695 Si
1202 5635 1328 5712 ipse
1357 5639 1559 5697 auctor
1588 5634 1764 5692 fuerit
1784 5639 1940 5710 quod

2049 4767 2285 4823 scopus.

2046 4848 2236 4906 XXVI.
2270 4849 2344 4904 De
2372 4862 2433 4903 eo
2463 4846 2560 4917 qui
2587 4833 3120 4928 excommuwiicatum
3142 4843 3229 4928 vet
3275 4845 3338 4897 ut
3387 4840 3713 4913 exlegatum

2486 4916 2800 4972 custodierit
2831 4915 2939 4987 (LI.
2973 4915 3106 4970 Sax.
3139 4915 3252 4986 64).

2119 5017 2178 5074 Si
2211 5017 2345 5089 quis
2373 5014 2474 5072 Dei
2494 5013 2803 5087 fugitivum
2823 5011 3068 5069 retineat
3084 5011 3325 5083 injuste,
3347 5009 3543 5067 tradat
3561 5025 3710 5067 eum

2051 5108 2122 5164 ad
2146 5105 2465 5178 justitiam,
2499 5107 2553 5159 et
2585 5104 2924 5175 compenset
2943 5099 3027 5156 illi
3046 5100 3116 5156 ad
3136 5115 3312 5172 quem
3337 5098 3615 5172 pertinet,
3633 5116 3710 5155 ac

2050 5194 2322 5251 emendet
2364 5192 2484 5266 regi
2534 5207 2637 5263 per
2685 5190 2892 5263 capitis
2938 5187 3407 5245 aestimationem.
3459 5187 3520 5244 Si
3564 5187 3710 5259 quis

2049 5281 2623 5341 excommunicatum
2647 5280 2735 5337 vel
2765 5279 3024 5352 exlegem
3054 5276 3346 5345 habuerit,
3393 5279 3454 5333 et
3499 5280 3710 5334 custo-

2050 5373 2244 5439 dierit,
2276 5371 2404 5428 luat
2431 5369 2611 5426 vitam
2643 5373 2700 5425 et
2718 5385 2954 5425 omnem
2977 5383 3146 5424 suam
3168 5365 3629 5440 possessionem.

2048 5461 2276 5517 XXVII.
2329 5461 2403 5515 De
2447 5458 2826 5516 misericordia
2876 5457 3182 5514 exhibenda
3223 5455 3337 5528 (LI.
3394 5459 3527 5511 Sax.
3585 5455 3708 5526 65).

2123 5551 2193 5607 Et
2221 5548 2269 5604 si
2301 5547 2433 5621 quis
2464 5546 2772 5620 diligenter
2801 5549 2872 5604 ab
2905 5545 3194 5618 injustitia
3230 5543 3442 5600 deinde
3492 5545 3707 5600 reverti

2050 5637 2193 5696 velit
2221 5637 2292 5693 ad
2315 5635 2634 5709 justitiam,
2669 5634 3134 5694 misericordiam
3197 5635 3595 5702 consequatur
3632 5647 3708 5689 ex
