3924 6210
236 352 395 444 iis;

1497 375 1861 441 CANUTUS
1907 375 1932 442 Ῑ
1976 376 2133 441 REX
2174 377 2407 442 ANGL.

3488 354 3646 444 1182

231 513 451 571 timore
497 500 629 581 Dei,
680 528 857 586 quam
904 510 1124 585 optime
1170 514 1226 568 et
1269 510 1716 585 diligentissime
1763 511 1887 569 ﬁeri
1917 514 1972 582 Α
1996 513 2226 585 justum
2258 516 2365 580 est,
2397 516 2455 569 et
2480 510 2540 568 in
2574 514 2872 586 posterum
2901 528 3132 587 semper
3168 504 3478 573 caveamus
3508 515 3645 579 dili-

234 603 447 677 possit.

418 692 511 748 Pii
536 693 681 763 regis
706 693 803 764 pia
821 693 1098 765 peroratio
1127 691 1239 764 (Ll.
1275 691 1406 747 Sax.
1440 689 1709 763 Epilogl.

311 776 477 837 Nunc
506 780 819 855 diligenter
849 797 1009 854 rogo,
1031 785 1089 836 et
1110 779 1171 835 in
1193 779 1292 836 Dei
1315 780 1550 837 nomine
1571 796 1670 835 oro
1692 796 1890 852 quem-

231 869 384 928 libet
411 874 477 927 ut
506 887 575 927 ex
601 869 811 926 intimo
836 870 1006 925 corde
1027 869 1097 925 ad
1120 868 1433 925 Dominum
1457 884 1630 924 suum
1655 884 1888 925 conver-

232 962 422 1028 tatur,
452 964 509 1016 et
537 975 688 1031 saepe
728 975 795 1014 ac
834 959 1035 1014 crebro
1072 956 1501 1029 contempletur
1537 974 1716 1029 quam
1757 956 1888 1012 dili-

234 1047 585 1121 gentissime
616 1047 671 1103 id
706 1048 861 1119 quod
892 1046 944 1102 ei
974 1050 1063 1103 est
1092 1046 1516 1114 taciendum,et
1537 1046 1691 1117 quod
1713 1047 1890 1102 omit-

237 1137 507 1193 tendum.
535 1137 649 1192 Nos
689 1152 892 1193 omnes
923 1134 1174 1191 maxime
1216 1136 1381 1191 decet
1408 1136 1592 1191 Deum
1625 1134 1887 1208 diligere,

236 1228 299 1281 et
328 1224 431 1281 Dei
472 1224 701 1299 legibus
732 1224 994 1298 obsequi,
1018 1229 1075 1280 et
1116 1223 1525 1281 ecclesiasticis
1555 1224 1890 1280 doctoribus

237 1304 732 1383 sedulo‘obedire,
756 1314 1035 1387 quoniam
1064 1314 1102 1368 ii
1136 1330 1242 1369 nos
1282 1313 1605 1385 producent
1634 1314 1705 1369 ad
1729 1312 1889 1383 judi-

238 1404 423 1476 cium,
446 1420 583 1461 cum
606 1408 759 1461 Deus
771 1404 1065 1477 judicabit
1085 1401 1407 1476 quemlibet
1426 1419 1530 1475 pro
1552 1401 1719 1458 factis
1740 1401 1886 1457 suis.

235 1495 312 1550 Et
340 1494 547 1551 beatus
574 1497 664 1550 est
693 1496 910 1566 pastor,
939 1492 1041 1565 qui
1082 1508 1318 1565 gregem
1349 1492 1420 1547 ad
1469 1490 1570 1546 Dei
1620 1507 1887 1565 regnum,

236 1586 299 1640 et
327 1583 402 1639 ad
432 1581 663 1639 cceleste
709 1582 993 1656 gaudium
1023 1582 1219 1637 laetum
1251 1581 1461 1637 ducere
1512 1582 1702 1652 potest
1752 1597 1890 1653 pro-

234 1676 373 1747 pter
397 1674 551 1730 fecta
578 1689 705 1730 sua.
739 1677 891 1728 Bene
919 1671 1095 1728 etiam
1126 1676 1215 1727 est
1252 1670 1412 1744 gregi
1440 1669 1546 1739 illi,
1567 1670 1665 1740 qui
1698 1673 1891 1742 pasto-

236 1779 366 1820 rem
396 1763 664 1835 sequitur
703 1778 839 1818 eum
871 1761 968 1834 qui
999 1759 1168 1816 illum
1212 1777 1247 1816 a
1287 1759 1536 1816 diabolis
1566 1758 1802 1830 eripuit,
1834 1761 1890 1812 et

235 1851 359 1909 Deo
410 1850 737 1925 acquisivit.
783 1851 1070 1924 Agedum,
1122 1866 1357 1920 omnes,
1406 1847 1671 1904 unanimi
1718 1847 1889 1903 corde

237 1938 551 2013 diligenter
575 1940 824 1997 Domino
856 1941 1054 1995 nostro
1096 1936 1438 2011 placeamus
1474 1953 1608 1992 cum
1638 1952 1704 1992 eo
1732 1936 1883 2007 quod

1998 608 2202 675 genter
2231 602 2304 658 ab
2334 601 2723 659 incalescente
2764 603 3058 670 incendio,
3084 604 3238 676 quod
3283 604 3556 677 praevalet
3585 606 3644 661 in

1997 692 2223 747 inferno
2270 689 2486 747 faciant
2534 708 2690 747 nunc
2739 691 2916 749 etiam
2955 692 3221 749 doctores
3267 697 3323 748 et
3371 693 3642 750 ecclesia-

1999 778 2126 835 stici
2174 796 2487 852 praacones,
2528 781 2721 853 prouti
2767 782 3022 852 justum,
3055 785 3114 836 et
3163 780 3404 838 cuilibet
3448 799 3644 838 neces-

1998 868 2219 924 sarium
2252 872 2359 936 est,
2391 873 2683 942 exponant
2729 886 2881 943 saepe
2918 869 3341 926 ecclesiasticas
3390 872 3649 927 necessi-

1998 960 2167 1025 tates,
2200 962 2257 1014 et
2284 958 2477 1014 omnis
2508 959 2609 1032 qui
2650 958 2938 1015 discretus
2986 964 3077 1015 est
3122 960 3323 1016 audiat
3367 977 3468 1017 eas
3517 960 3646 1016 dili-

1999 1050 2219 1119 genter,
2247 1063 2312 1102 ac
2338 1047 2633 1103 doctrinas
2653 1047 3076 1105 ecclesiasticas
3099 1049 3159 1103 in
3184 1053 3381 1105 mente
3402 1049 3649 1106 retineat

2000 1150 2177 1206 quam
2226 1135 2584 1200 ﬁrmissime,
2614 1136 2675 1192 in
2723 1138 3017 1210 propriam
3071 1138 3163 1194 sui
3224 1137 3560 1205 utilitatem,
3590 1144 3648 1194 et

1999 1239 2232 1295 semper
2278 1224 2522 1296 quilibet
2575 1225 2751 1282 homo
2805 1225 2865 1281 in
2922 1227 3205 1283 honorem
3264 1227 3494 1284 Domini
3555 1226 3644 1283 sui

1998 1316 2233 1385 praestet
2279 1312 2394 1369 Deo
2445 1330 2551 1369 suo
2582 1313 2638 1369 id
2673 1315 2828 1386 quod
2880 1319 3088 1388 potest,
3140 1316 3315 1373 verbo
3364 1320 3422 1372 et
3472 1316 3642 1383 facto,

1998 1399 2264 1457 hilariter
2302 1418 2552 1474 semper.
2584 1407 2743 1459 Tunc
2789 1404 2958 1461 nobis
3000 1405 3275 1462 omnibus
3322 1406 3419 1462 Dei
3465 1407 3645 1463 mise-

1999 1490 2249 1547 ricordia
2295 1492 2552 1565 paratior
2589 1493 2716 1549 erit.
2770 1495 3012 1567 Semper
3058 1495 3135 1552 sit
3181 1512 3394 1552 nomen
3436 1496 3537 1552 Dei
3584 1497 3644 1550 in

1998 1583 2280 1636 aeternum
2312 1581 2701 1652 benedictum,
2736 1599 2802 1638 ac
2835 1582 3021 1656 gloria
3049 1584 3123 1655 ei,
3156 1588 3212 1639 et
3238 1584 3369 1639 laus
3398 1588 3455 1640 et
3481 1600 3647 1640 vene-

2000 1668 2145 1725 ratio
2172 1668 2248 1725 sit
2278 1687 2509 1742 semper
2553 1669 2613 1726 in
2646 1670 2925 1728 saculum
2956 1670 3171 1728 saeculi.
3197 1673 3351 1728 Deus
3381 1673 3647 1745 omnipo~

1998 1761 2129 1814 teus
2161 1757 2238 1813 sit
2269 1758 2436 1814 nobis
2467 1759 2744 1816 omnibus
2776 1759 3128 1827 misericors,
3154 1760 3346 1833 prouti
3377 1760 3487 1833 ipsi
3523 1759 3647 1832 pla-

2000 1847 2204 1912 cuerit,
2238 1851 2294 1902 et
2333 1852 2635 1904 conservet
2682 1866 2789 1905 nos
2836 1866 3070 1922 semper
3114 1850 3186 1905 ad
3244 1848 3645 1906 aeternitatem.

1999 1934 2141 1992 Fiat.
2174 1936 2379 1992 Amen.

1525 2195 1948 2284 CANUTI
2031 2194 2363 2283 REGIS

235 2372 629 2435 EPISTOLA
670 2372 772 2432 AD
800 2369 1237 2432 ANGLORUM
1270 2367 1681 2429 PROGERES
1715 2365 1952 2427 MISSA
1985 2363 2200 2425 ROMA
2236 2366 2449 2426 ANNO
2480 2367 2717 2428 REGNI
2762 2367 2950 2431 EJUS
2984 2370 3113 2445 XV,
3146 2351 3431 2433 DOMINI
3463 2372 3645 2435 1031.

232 2525 651 2606 Βείενιλιιαηςα
682 2522 1304 2606 θετιίθηίιαεθ.α]οα.ηηε
1327 2535 1496 2606 nepa.
1520 2515 1769 2606 Caritate
1788 2516 2226 2606 ἑῐῖξρςίξξΞοξθίξε,
2240 2515 2666 2606 Madent"
2691 2519 2978 2606 φῖηριεῐεειξδ
3003 2529 3101 2606 at;
3118 2520 3192 2604 ,δε
3215 2522 3434 2606 ηρηιαῖπ
3458 2525 3647 2606 trans-

305 2589 563 2651 euntibus
595 2589 914 2677 impetrasse
981 2592 1233 2661 rivilegia
1262 2608 1280 2643 :
1310 2589 1542 2671 uitaeque
1569 2602 1687 2644 suae
1718 2589 2033 2670 institutum
2072 2591 2450 2642 correcturum
2480 2597 2645 2671 vovet.
2680 2589 2868 2646 Monet
2897 2596 2959 2648 ut
2986 2592 3262 2649 declinent
3310 2594 3645 2666 injustitiam

308 2674 363 2723 et
391 2666 519 2735 ﬁsco
545 2665 632 2720 nil
660 2663 895 2720 indebzte
923 2609 1123 2735 [erant
1156 2662 1235 2718 Ad
1264 2662 1561 2717 Ecclesium
1586 2663 1927 2732 pertinentia
1954 2656 2140 2712 sedulo
2167 2674 2389 2730 quaeque
2419 2658 2571 2715 reddi
2591 2661 2769 2732 jubet.

308 2674 363 2723 et
391 2666 519 2737 ﬁsco
545 2665 632 2720 nil
660 2663 895 2720 indebite

947 2656 1123 2719 Lerant.
1141 2656 1235 2718 'Ad
1264 2656 1561 2717 Ecclesium
1586 2658 1927 2732 pertinentia
1954 2656 2140 2712 sedulo
2167 2674 2389 2730 quaeque
2419 2658 2573 2715 reddi
2591 2661 2769 2732 jubet.

307 2901 524 2963 Gauro,
557 2912 656 2952 rex
703 2895 884 2952 totius
927 2894 1171 2968 Angliae,
1220 2898 1277 2950 et
1325 2890 1785 2959 Danamarchiae,
1832 2904 1857 2944 e

2085 2906 2375 2996 argenteis
2405 2925 2583 2980 quam
2613 2909 2672 2966 in
2706 2912 2899 2985 palliis
2937 2888 2995 2971 et
3030 2918 3292 2975 vestibus
3319 2885 3485 2980 valde
3516 2900 3644 2996 pre-

234 2986 580 3060 Norwegiaa,
604 2989 661 3042 et
686 2984 870 3058 partis
891 2984 1236 3051 Suavorum,
1256 2984 1543 3039 AILNOTHO
1569 2982 1693 3056 [al.,
1718 2982 1889 3036 EGEL—

234 3076 447 3148 κστ-διο]
480 3073 950 3147 metropolitano,
983 3076 1041 3128 et
1076 3075 1325 3128 ALFRICO
1366 3070 1737 3138 Eboracensi,
1762 3086 1886 3127 om-

233 3165 533 3237 nibusque
563 3162 853 3237 episcopis
882 3165 936 3217 et
968 3160 1340 3234 primatibus,
1361 3164 1419 3216 et
1447 3159 1554 3217 toti
1584 3159 1742 3233 genti
1771 3161 1885 3214 An-

232 3254 492 3329 glorum,
522 3256 643 3308 tam
675 3250 971 3308 nobilibus
1003 3266 1179 3323 quam
1210 3248 1474 3322 plebeiis,
1507 3251 1778 3305 salutem.

307 3342 387 3413 (1)
419 3341 665 3398 Notiﬁco
685 3340 849 3397 vobis
870 3356 964 3395 me
986 3339 1213 3394 noviter
1232 3338 1372 3395 iisse
1392 3338 1635 3393 Romam
1658 3341 1886 3393 oratum

234 3447 344 3505 pro
363 3430 761 3502 redemptione
782 3427 1187 3501 peccaminum
1204 3443 1490 3497 meorum,
1505 3430 1561 3481 et
1578 3443 1680 3499 pro
1698 3425 1887 3483 salute

234 3517 812 3593 regnorum,quique
841 3533 970 3573 meo
1001 3517 1306 3587 subjacent
1341 3515 1612 3588 regimini
1643 3515 1884 3589 populo-

232 3625 392 3665 rum.
422 3608 582 3664 Hanc
612 3606 847 3679 quidem
881 3605 1295 3680 profectionem
1326 3604 1441 3660 Deo
1463 3604 1589 3676 jam
1620 3604 1761 3660 olim
1793 3606 1886 3662 de-

227 3713 526 3764 voveram,
559 3697 661 3752 sed
709 3712 813 3769 pro
859 3695 1108 3769 negotiis
1139 3694 1302 3767 regni
1349 3698 1407 3750 et
1458 3694 1651 3751 causis
1698 3693 1883 3766 impe-

228 3785 553 3848 dientibus.
582 3785 890 3857 hucusque
933 3801 1047 3840 non
1088 3787 1350 3856 poteram
1394 3783 1688 3856 perﬁcere.
1716 3784 1882 3839 Nunc

227 3878 429 3932 autem
469 3873 584 3948 ipsi
614 3874 730 3931 Deo
781 3891 909 3930 meo
955 3872 1340 3945 omnipotenti
1368 3871 1536 3928 valde
1584 3871 1885 3928 humiliter

227 3964 453 4038 gratias
482 3979 591 4036 ago
629 3964 786 4037 quod
830 3962 1118 4019 concessit
1159 3962 1218 4016 in
1248 3961 1370 4016 vita
1400 3977 1531 4017 mea
1560 3961 1791 4017 Petrum
1826 3964 1884 4017 et

226 4050 480 4109 Paulum
529 4053 729 4108 beatos
777 4050 1092 4124 apostolos,
1125 4055 1183 4106 et
1228 4066 1403 4106 omne
1455 4050 1879 4117 sanctuarium,

225 4142 388 4214 quod
412 4141 568 4196 intra
589 4141 794 4197 urbem
817 4141 1063 4197 Romam
1080 4143 1182 4196 aut
1196 4142 1360 4195 extra
1374 4138 1673 4195 addiscere
1695 4139 1878 4212 potui,

1996 2994 2183 3083 tiosis.
2221 2996 2478 3054 Locutus
2506 3016 2639 3057 sum
2670 3000 2851 3075 igitur
2878 3021 3013 3061 cum
3053 3007 3182 3080 ipso
3211 2994 3560 3083 imperatore
3588 3018 3647 3070 et

1996 3082 2232 3139 domino
2265 3102 2433 3158 papa,
2454 3090 2511 3142 et
2538 3087 2905 3163 principibus
2927 3093 3025 3165 qui
3050 3094 3131 3151 ibi
3153 3082 3338 3165 erant,
3359 3100 3430 3156 dc
3451 3118 3648 3158 neces-

1997 3171 2272 3228 sitatibus
2307 3175 2487 3232 totius
2516 3177 2712 3251 populi
2750 3179 2886 3248 mei,
2904 3184 3025 3237 tam
3069 3185 3241 3260 Angli
3273 3190 3646 3260 quamani,se

1996 3265 2062 3316 ut
2089 3261 2173 3317 eis
2194 3264 2608 3321 concederetur
2637 3266 2729 3323 lex
2749 3270 2971 3342 aequior
2989 3276 3046 3328 et
3065 3290 3175 3345 pax
3195 3277 3456 3335 securior
3475 3278 3535 3337 in
3551 3280 3646 3336 via

1996 3348 2241 3406 Romam
2275 3352 2548 3421 adeundi,
2567 3359 2624 3410 et
2653 3373 2724 3412 ne
2752 3361 2834 3413 tot
2866 3358 3155 3418 clausuris
3180 3380 3283 3436 per
3310 3354 3464 3422 viam
3490 3384 3645 3425 arce-

1994 3440 2213 3507 rentur,
2246 3443 2304 3495 et
2333 3446 2568 3514 propter
2594 3442 2884 3521 injustam
2914 3447 3197 3507 telonium
3237 3453 3638 3527 fatigarentur.

1992 3527 2331 3601 Annuitque
2354 3531 2664 3604 postulatis
2692 3534 3027 3608 imperator,
3060 3544 3117 3605 et
3147 3541 3490 3616 Rodulphus
3521 3562 3640 3615 rex,

1994 3616 2090 3687 qui
2126 3618 2375 3675 maxime
2405 3619 2666 3693 ipsarum
2699 3624 3106 3703 clausurarum
3132 3630 3482 3703 dominator,
3506 3651 3645 3699 cun-

1992 3704 2184 3778 ctique
2215 3708 2510 3782 principes
2530 3712 2737 3770 edictis
2759 3714 3090 3787 ﬁrmarunt,
3113 3723 3178 3775 ut
3207 3719 3475 3779 homines
3502 3725 3639 3794 mei,

1989 3798 2111 3849 tam
2142 3809 2492 3854 mercatores
2521 3816 2701 3871 quam
2753 3801 2852 3858 alii
2897 3806 3102 3863 orandi
3152 3809 3337 3881 gratia
3366 3811 3640 3881 viatores,

1992 3883 2213 3956 absque
2229 3887 2387 3942 omni
2408 3889 2647 3963 angaria
2663 3890 3072 3951 clausurarum
3090 3900 3149 3953 et
3164 3882 3614 3958 teloneariorum
3626 3945 3639 3971 ,

1990 3972 2163 4028 firma
2194 3991 2333 4047 pace
2366 3976 2612 4035 Romam
2643 3985 2779 4037 eant
2806 3986 2864 4037 et
2892 3984 3152 4042 redeant.

2061 4061 2431 4154 Donquestus
2464 4085 2596 4124 sum
2629 4070 2841 4127 iterum
2887 4089 3082 4130 coram
3115 4076 3354 4134 domino
3384 4096 3553 4154 papa,
3584 4086 3646 4139 et

1991 4150 2135 4206 mihi
2161 4153 2329 4209 valde
2355 4155 2665 4229 displicere
2686 4160 2805 4216 dixi
2828 4163 2984 4233 quod
3008 4165 3119 4220 mei
3145 4150 3564 4242 archiepiscopi
3581 4169 3643 4227 in

224 4232 517 4330 expetere,
541 4232 616 4296 et,
641 4229 965 4329 secundum
987 4228 1346 4330 ἀθείάθξὶυξξλ
1379 4244 1597 4330 mella},
1622 4244 1880 4327 Pmsfm-
1988 4244 2221 4297 tantum
2236 4228 3103 4316 angariabanturimmensitate
3121 4228 3644 4330 pecuniarumquas

224 4317 450 4418 tialiter
493 4318 755 4418 venerari
784 4321 854 4418 et.
889 4316 1404 4418 adorare-.Ef'ifieo
1463 4317 1572 4418 11.00
1627 4317 1881 4418 ῐξξθιξίίῐῐιθ
1909 4322 1958 4388 D
1989 4330 2061 4386 ab
2105 4330 2190 4387 eis
2244 4334 2682 4405 expetebantur,
2713 4337 2855 4392 dum
2908 4354 3011 4410 pro
3070 4316 3246 4412 pallio
3303 4316 3644 4418 accipiendo

224 4407 476 4482 patravi,
499 4406 640 4480 quia
667 4424 702 4463 a
731 4406 1096 4480 sapientibus
1136 4406 1313 4462 didici
1345 4410 1612 4461 sanctum
1644 4406 1879 4462 Petrum

224 4495 561 4570 apostolum
588 4512 863 4569 magnam
895 4499 1239 4570 potestatem
1264 4494 1558 4567 accepisse
1579 4511 1612 4550 a
1631 4494 1878 4551 Domino

222 4584 450 4659 ligandi
482 4588 657 4657 atque
699 4584 982 4656 solvendi,
1014 4583 1369 4657 clavigerum
1401 4599 1529 4639 esse
1576 4583 1738 4656 regni
1770 4600 1878 4638 cm-

219 4673 411 4743 lestis,
444 4676 503 4729 et
540 4672 670 4730 ideo
720 4673 1047 4746 specialiter
1096 4674 1225 4744 ejus
1278 4671 1668 4745 patrocinium
1719 4672 1874 4745 apud

220 4762 411 4821 Deum
442 4765 707 4836 expetere
736 4762 905 4820 valde
939 4763 1080 4819 utile
1109 4763 1267 4819 duxi.

292 4851 383 4909 Sit
413 4855 609 4909 autem
638 4852 804 4909 vobis
843 4856 1044 4909 notum
1079 4852 1218 4926 quia
1249 4868 1465 4925 magna
1505 4851 1875 4925 congregatio

218 4940 533 5011 nobilium,
566 4940 627 4996 in
658 4941 789 5014 ipsa
816 4941 1183 4999 solemnitate
1205 4940 1488 5014 paschali,
1513 4940 1590 4997 ibi
1617 4956 1753 4996 cum
1778 4941 1875 4997 do-

214 5030 403 5087 mino
440 5046 595 5103 papa
647 5029 875 5088 Joanne
924 5034 982 5087 et
1029 5031 1379 5104 imperatore
1408 5030 1678 5087 Conrado
1725 5036 1869 5100 erat,

215 5118 447 5175 scilicet
475 5135 682 5175 omnes
708 5119 1001 5194 principes
1019 5120 1303 5194 gentium,
1323 5139 1357 5176 a
1379 5125 1576 5178 monte
1604 5121 1871 5195 Gargano

214 5224 420 5281 usque
441 5209 512 5264 ad
547 5208 709 5265 istud
739 5210 1071 5282 proximum
1108 5228 1289 5278 mare,
1314 5211 1412 5283 qui
1459 5228 1663 5267 omnes
1695 5228 1785 5266 me
1816 5216 1875 5267 et

212 5295 537 5353 honoriﬁce
557 5301 950 5371 suscepere,et
964 5299 1294 5372 magnificis
1310 5300 1479 5357 donis
1496 5301 1870 5358 honoravere.

214 5384 481 5442 Maxime
502 5384 701 5442 autem
732 5388 803 5443 ab
833 5387 1183 5461 imperatore
1212 5389 1383 5447 donis
1402 5391 1577 5447 variis
1597 5395 1655 5446 et
1673 5407 1874 5447 mune-

210 5473 381 5532 ribus
412 5474 690 5548 pretiosis
720 5475 1040 5536 honoratus
1067 5494 1223 5550 sum,
1257 5484 1374 5536 tam
1398 5479 1460 5536 in
1489 5480 1645 5538 vasis
1680 5480 1873 5538 aureis

266 5653 364 5726 -(i)
394 5651 602 5709 Malm.
633 5653 789 5712 Gest.
822 5649 943 5728 reg.
972 5654 1072 5712 lib.
1102 5674 1163 5726 Π,
1196 5674 1322 5731 cap.
1357 5660 1444 5715 11.
1540 5648 1549 5656 ’

1989 4420 2314 4475 secundum
2346 4436 2572 4478 morem
2617 4424 3000 4497 apostolicam
3033 4429 3231 4495 sedem
3271 4425 3641 4507 expeterent;

1986 4507 2406 4580 decretumque
2436 4514 2527 4566 est
2569 4529 2640 4569 ne
2672 4512 2728 4568 id
2760 4513 3035 4587 deinceps
3080 4517 3198 4573 ﬁat.
3231 4518 3453 4576 Cuncta
3482 4524 3641 4582 enim

1988 4611 2115 4687 quae
2146 4613 2181 4687 a
2207 4595 2444 4687 domino
2493 4616 2667 4673 papa,
2699 4606 2757 4657 et
2811 4603 2883 4658 ab
2942 4602 3314 4677 imperatore,
3348 4612 3406 4664 et
3442 4626 3477 4664 a
3507 4628 3643 4687 rege

1987 4684 2295 4758 Rodulpbo
2313 4688 2652 4762 ceterisque
2666 4690 3053 4764 principibus,
3070 4710 3172 4766 per
3184 4712 3434 4768 quorum
3452 4684 3642 4759 terras
3666 4739 3675 4749 -

1984 4773 2154 4829 nobis
2186 4773 2476 4831 transitus
2502 4782 2593 4833 est
2616 4778 2688 4834 ad
2717 4779 2983 4848 Romam,
3007 4798 3112 4853 pro
3138 4799 3280 4839 mea;
3306 4786 3498 4857 gentis
3530 4790 3643 4846 uti-

1980 4860 2145 4918 litate
2175 4860 2568 4935 postulabam,
2600 4865 2850 4923 lihenter
2889 4876 3241 4941 annuerunt,
3274 4877 3332 4930 et
3361 4890 3643 4937 concessa

1980 4951 2159 5008 etiam
2187 4957 2555 5040 sacramento
2579 4955 2981 5028 ﬁrmaverunt,
3004 4960 3115 5016 sub
3138 4962 3472 5021 testimonio
3500 4983 3642 5040 qua-

1978 5052 2116 5106 tuor
2144 5039 2715 5115 archiepiscoporum
2761 5050 2818 5102 et
2861 5047 3064 5122 viginti
3119 5039 3551 5125 episcoporum,
3583 5062 3643 5114 et

1979 5130 2303 5187 innumerae
2361 5130 2762 5192 multitudinis
2822 5137 3039 5194 ducum
3084 5144 3144 5196 et
3191 5141 3475 5198 nobilium
3508 5163 3638 5219 quas

1983 5220 2201 5276 aderat.
2222 5221 2585 5292 Quapropter
2605 5223 2720 5279 Deo
2746 5225 3131 5298 omnipotenti
3163 5230 3384 5301 gratias
3416 5237 3642 5306 magni-

1983 5309 2123 5365 ﬁcas
2154 5308 2353 5376 reddo,
2377 5310 2517 5382 quia
2551 5312 2749 5369 omnia
2777 5330 2906 5386 qua
2944 5315 3428 5388 desideraveram,
3461 5328 3639 5393 prout

1982 5400 2177 5454 mente
2201 5399 2591 5472 decreveram,
2624 5417 2900 5476 prospere
2931 5405 3140 5478 perfeci
3152 5407 3450 5481 ,votisque
3486 5412 3636 5471 meis

1984 5489 2055 5544 ad
2087 5487 2234 5546 velle
2264 5489 2540 5550 satisfeci.
2712 5494 2719 5502 ’
