3924 6210
263 345 416 414 1183
1613 352 1812 418 ΜΟΝῐ

2123 351 2300 417 LOM.
3511 355 3672 422 1184

329 491 494 547 Nunc
524 488 724 564 itaque
752 489 829 546 sit
858 492 1062 546 notum
1082 487 1222 562 quia
1252 485 1362 561 ipsi
1384 487 1498 545 Deo
1522 484 1768 562 supplex
1798 489 1902 544 de-
1931 495 1986 562 Α
2015 491 2072 546 et
2111 487 2329 546 honore
2359 493 2680 561 conservet,
2711 487 3096 564 omniumque
3139 489 3519 551 inimicorum
3564 508 3674 550 no-

257 579 385 636 vovi
406 579 584 636 vitam
623 596 815 636 meam
851 579 1058 635 amodo
1089 578 1148 634 in
1178 579 1453 635 omnibus
1473 578 1820 649 justiﬁcare,
1852 583 1907 634 et
2017 583 2273 633 atrorum
2325 579 2640 650 petentiam
2694 579 2998 638 annihilet.
3031 580 3368 655 Composita
3415 582 3678 655 denique

258 686 439 743 regna
469 669 614 726 mihi
638 669 876 725 subdita
898 669 1260 741 populosque
1284 668 1445 738 juste
1477 671 1532 722 et
1563 667 1654 738 pie
1686 683 1906 738 regere,
2017 683 2154 738 pace
2199 683 2332 721 cum
2390 667 2662 740 gentibus
2693 685 2822 742 quae
2868 669 2930 724 in
2979 670 3226 727 circuitu
3275 675 3474 728 nostro
3506 676 3676 740 sunt,

256 775 607 833 aequumque
621 758 912 830 judicium
937 775 1040 830 per
1063 757 1260 813 omnia
1282 757 1670 824 observare,et
1695 755 1743 811 si
1766 755 1906 828 quid
2017 755 2417 828 dispositoque
2469 761 2527 813 et
2565 763 2769 830 pacato
2799 759 2960 815 omni
3014 775 3192 832 regno
3248 764 3450 818 nostro
3480 759 3579 816 hic
3611 761 3674 816 in

257 867 360 922 per
390 866 529 905 meae
554 847 880 919 juventutis
923 846 1435 918 intemperantiam
1477 849 1579 900 aut
1610 844 1905 917 negligcn-
2016 843 2255 914 oriente,
2290 845 2372 900 ita
2399 851 2464 901 ut
2493 863 2528 902 a
2561 845 2723 905 nulla
2751 852 2915 920 parte
2946 847 3163 905 bellum
3194 852 3298 905 aut
3328 848 3679 906 inimicitias

255 939 398 994 tiam
430 938 738 1002 hactenus,
761 941 970 1009 praeter
999 935 1055 990 id
1089 934 1244 1006 quod
1277 935 1499 1004 justum
1531 939 1674 1000 erat,
1702 939 1790 990 est
1819 951 1910 991 ac-
2016 932 2349 1006 aliquorum
2406 934 2611 991 timere
2677 935 3031 1006 habeamus,
3092 954 3269 1010 quam
3327 937 3502 994 citius
3559 938 3679 994 hac

256 1032 403 1095 tum,
429 1030 616 1082 totum
657 1025 772 1080 Deo
825 1023 1136 1079 auxiliante
1167 1023 1412 1095 dispono
1461 1024 1790 1079 emendare.
1816 1024 1905 1078 Id-
2015 1027 2213 1079 aestate
2250 1029 2597 1096 apparatum
2657 1025 2872 1099 navigii
2933 1027 3146 1084 habere
3203 1031 3424 1099 potero,
3459 1029 3521 1083 in
3551 1029 3678 1084 An-

255 1117 408 1171 circo
440 1117 698 1171 obtestor
731 1118 786 1168 et
815 1113 1087 1185 praecipio
1118 1113 1266 1168 meis
1295 1111 1664 1181 consiliariis,
1689 1112 1907 1184 quibus
2015 1109 2195 1184 gliam
2223 1111 2419 1167 venire
2450 1113 2715 1185 dispono.

253 1205 416 1277 regni
447 1201 692 1259 consilia
745 1201 985 1268 credidi,
1020 1219 1091 1258 ne
1139 1201 1258 1257 ullo
1309 1203 1502 1267 modo,
1525 1206 1621 1257 aut
1673 1205 1906 1273 propter
2085 1200 2245 1256 Hanc
2272 1206 2469 1257 autem
2500 1201 2806 1274 epistolam
2838 1204 2965 1275 jam
2994 1204 3274 1276 premisi,
3306 1209 3372 1261 ut
3419 1205 3491 1261 de
3535 1221 3677 1263 mea

253 1310 450 1350 meum
478 1291 770 1357 timorem,
796 1295 895 1345 aut
916 1289 1168 1362 alicujus
1192 1291 1444 1362 potentis
1475 1307 1734 1362 personae
1756 1291 1906 1346 favo-
2013 1289 2397 1362 prosperitate
2445 1292 2638 1348 omnis
2667 1291 2919 1365 populus
2951 1293 3112 1366 regni
3155 1294 3272 1350 mei
3301 1293 3672 1364 lmtiﬁcetur;

253 1400 399 1450 rem,
423 1380 683 1453 aliquam
715 1379 1068 1451 injustitiam
1091 1381 1301 1436 amodo
1322 1379 1688 1435 consentiant
1709 1378 1795 1435 vel
1826 1379 1906 1434 fa-
2015 1377 2174 1451 quia,
2200 1383 2264 1433 ut
2287 1395 2386 1434 vos
2418 1377 2528 1452 ipsi
2559 1379 2744 1448 scitis,
2767 1398 3073 1454 nunquam
3105 1383 3543 1456 memetipsum,
3562 1400 3677 1441 nec

251 1471 408 1528 ciant
432 1469 721 1543 pullulare
753 1468 810 1524 in
843 1469 1004 1525 omni
1037 1485 1214 1541 regno
1247 1484 1398 1523 meo.
1424 1468 1698 1540 Praecipio
1729 1468 1903 1523 etiam
2014 1483 2210 1523 meum
2244 1466 2504 1524 laborem
2535 1470 2818 1538 abstinui,
2850 1486 2956 1527 nec
2995 1471 3188 1528 adhuc
3217 1472 3525 1531 abstinebo
3555 1474 3675 1529 im-

250 1560 525 1618 omnibus
545 1558 986 1615 vicecomitibus
1010 1562 1066 1613 et
1095 1555 1421 1630 praepositis
1452 1557 1708 1613 universi
1741 1559 1902 1629 regni
2013 1557 2264 1629 pendere
2295 1574 2397 1629 pro
2429 1557 2618 1613 omnis
2650 1558 2851 1633 populi
2880 1559 2994 1616 mei
3027 1559 3361 1618 necessaria
3389 1546 3674 1619 utilitate.

251 1650 388 1718 mei,
411 1651 562 1706 sicut
584 1664 773 1704 meam
796 1646 998 1702 volunt
1022 1647 1237 1702 habere
1259 1645 1598 1714 amicitiam,
1613 1651 1715 1702 aut
1735 1664 1904 1702 suam
2013 1646 2177 1701 Nunc
2204 1645 2382 1718 igitur
2403 1647 2663 1703 obtestor
2687 1663 2892 1704 omnes
2907 1648 3212 1722 episcopos
3228 1655 3482 1719 meos,et
3497 1652 3678 1724 regni

251 1737 602 1804 salutem,ut
624 1735 766 1792 nulli
789 1735 1034 1802 homini,
1058 1752 1164 1791 nec
1191 1734 1374 1805 diviti,
1399 1751 1499 1790 nec
1519 1736 1904 1808 pauperi,vim
2014 1733 2127 1788 mei
2162 1733 2527 1806 praepositos,
2551 1752 2654 1808 per
2711 1736 2885 1792 ﬁdem
2927 1753 3106 1809 quam
3163 1737 3310 1795 mihi
3338 1739 3569 1796 debetis
3587 1743 3593 1750 ’
3613 1743 3682 1797 et

250 1826 536 1897 injustam
585 1825 859 1892 inferant,
911 1825 1014 1880 sed
1073 1825 1369 1892 omnibus,
1429 1829 1549 1880 tam
1609 1824 1904 1881 nobilibus
1935 1871 1982 1936 B
2013 1826 2148 1891 Deo,
2183 1827 2474 1895 quatenus
2527 1825 2757 1881 faciatis
2801 1829 2885 1894 ut,
2919 1830 3239 1899 antequam
3289 1827 3351 1885 in
3395 1828 3680 1902 Angliam

254 1931 420 1936 ______.
461 1913 818 1936 :__-L:I!L--_
865 1913 935 1936 ,ει
967 1914 1049 1936 ιι-..
1083 1915 1232 1936 2---Δ-
1271 1912 1392 1936 1-..-
1428 1914 1690 1936 ..-ιε--..,ιξ
1737 1931 1759 1936 -
1792 1930 1894 1936 ----
2013 1912 2234 1936 ..Α-ιζ-...
2289 1913 2546 1936 -..ηε--..Α
2585 1914 2768 1936 Δ-ι.2ι-
2829 1931 2946 1936 ---μ
2985 1917 3300 1936 ...ημΛιημΔ
3342 1916 3518 1936 1-Α4--Α
3574 1935 3625 1936 γη

249 1931 426 1986 quam
461 1913 840 1987 ignobilibus,
864 1913 939 1968 sit
967 1914 1050 1969 fas
1075 1915 1240 1984 justa
1270 1912 1395 1984 lege
1428 1914 1715 1984 potiundi,
1735 1931 1767 1968 a
1787 1930 1904 1985 qua
1935 1912 1982 1936 ν
2013 1912 2261 1980 veniam,
2286 1913 2552 1969 omnium
2579 1914 2796 1981 debita,
2824 1931 2950 1986 quae
2983 1917 3310 1972 secundum
3341 1916 3530 1990 legem
3563 1935 3677 1974 ano

248 2020 352 2060 nec
392 2007 627 2076 propter
658 2003 910 2058 favorem
956 2001 1205 2073 regium,
1237 2018 1341 2056 nec
1388 2005 1622 2073 propter
1651 2000 1899 2071 alicujus
2007 2000 2232 2072 tiquam
2268 2001 2570 2068 debemus,
2605 2003 2723 2058 sint
2751 2003 3068 2076 persoluta,
3099 2004 3323 2062 scilicet
3351 2005 3680 2081 eleemosy-

246 2093 500 2164 potentis
531 2108 864 2164 personam,
893 2107 996 2146 nec
1030 2094 1264 2163 propter
1295 2090 1438 2145 mihi
1470 2091 1897 2162 congerendam
2008 2106 2083 2144 na
2132 2105 2234 2160 pro
2267 2090 2499 2161 aratris,
2531 2097 2588 2145 et
2633 2091 2872 2147 decimis
2922 2093 3268 2150 animalium
3328 2095 3454 2167 ipso
3511 2113 3675 2153 anno

245 2181 574 2254 pecuniam,
593 2180 709 2236 ullo
732 2181 904 2235 modo
926 2179 1176 2246 devient,
1197 2180 1334 2251 quia
1357 2179 1516 2234 nulla
1539 2179 1681 2233 mihi
1706 2196 1899 2235 neces-
2009 2183 2463 2249 procreatorum,
2483 2183 2538 2234 et
2567 2180 2812 2247 denarii,
2830 2197 2978 2252 quos
3010 2181 3258 2238 Romam
3288 2183 3360 2239 ad
3393 2189 3673 2240 sanctum

244 2270 389 2326 sitas
418 2275 506 2325 est
537 2274 600 2324 ut
621 2269 823 2340 iniqua
847 2267 1144 2324 exactione
1173 2269 1422 2339 pecunia
1450 2267 1597 2322 mihi
1627 2284 1898 2340 congera-
2007 2266 2242 2322 Petrum
2290 2267 2534 2334 debetis,
2555 2268 2675 2323 sive
2704 2285 2773 2324 ex
2803 2269 3071 2338 urbibus,
3105 2270 3225 2326 sive
3279 2287 3349 2327 ex
3399 2273 3576 2340 villis,
3608 2279 3676 2330 et

242 2363 356 2414 tur.
377 2359 496 2431 Ego
526 2358 720 2430 itaque
753 2362 956 2413 notum
987 2356 1151 2412 vobis
1177 2356 1296 2411 ﬁeri
1321 2355 1450 2411 volo
1484 2356 1662 2428 quod,
1691 2357 1896 2412 eadem
2007 2354 2301 2411 mediante
2329 2357 2592 2428 Augusto
2623 2357 2862 2413 decima:
2893 2359 3152 2430 frugum,
3171 2363 3230 2415 et
3261 2358 3322 2416 in
3354 2360 3675 2420 festivitate

241 2448 335 2503 via
387 2463 504 2519 qua
558 2446 703 2501 exivi
764 2446 1123 2518 regrediens,
1177 2445 1668 2510 Danamarchiam
1728 2445 1893 2512 vado,
2005 2443 2190 2500 sancti
2220 2444 2452 2499 Martini
2480 2444 2756 2517 primitiae
2776 2446 3188 2515 seminum,ad
3221 2446 3529 2505 ecclesiam
3554 2451 3671 2506 sub

242 2552 442 2610 pacem
475 2540 532 2592 et
561 2537 798 2590 firmum
842 2539 1098 2606 pactum,
1133 2535 1397 2590 omnium
1430 2535 1725 2590 Danorum
1758 2551 1895 2589 con-
2005 2533 2174 2605 cujus
2201 2532 2480 2604 parocbia
2505 2535 2760 2606 quisque
2782 2534 3109 2607 degit,quae
3129 2534 3368 2609 Anglice
3389 2540 3673 2594 Curescet

241 2624 391 2693 silio,
425 2624 858 2697 compositurus
911 2640 1044 2679 cum
1099 2624 1184 2679 eis
1229 2623 1502 2696 gentibus
1533 2640 1660 2695 quas
1701 2639 1808 2679 nos
1839 2627 1896 2678 et
2005 2623 2127 2693 [al.,
2159 2621 2480 2694 Cbiresetb]
2545 2622 2906 2678 nominatur.
2931 2622 3060 2678 Haec
3091 2628 3148 2679 et
3175 2622 3294 2680 alia
3321 2624 3372 2681 si
3402 2642 3538 2682 cum
3571 2643 3671 2684 ve-

239 2713 356 2769 vita
384 2719 439 2768 et
471 2729 647 2784 regno
703 2711 948 2784 privare,
979 2711 1028 2767 si
1067 2712 1152 2767 eis
1201 2715 1357 2766 esset
1409 2711 1707 2782 possibile,
1738 2709 1892 2766 vole-
2004 2728 2141 2766 nero
2174 2727 2288 2765 non
2329 2715 2500 2766 erunt
2549 2711 2864 2783 persoluta,
2901 2713 3060 2784 regia
3108 2713 3406 2772 exactione
3455 2731 3667 2771 secun-

241 2803 413 2869 bant;
464 2802 564 2856 sed
616 2818 730 2857 non
791 2805 1127 2872 potuerunt,
1159 2801 1274 2855 Deo
1333 2799 1556 2855 scilicet
1617 2800 1892 2855 virtutem
2003 2799 2144 2855 dum
2175 2797 2352 2871 leges,
2386 2798 2443 2853 in
2477 2811 2650 2872 quem
2683 2798 2855 2872 culpa
2910 2798 3084 2868 cadit,
3114 2800 3378 2858 districto
3435 2803 3670 2878 absque

241 2906 443 2946 eorum
471 2889 826 2958 destruente,
847 2889 948 2962 qui
970 2905 1078 2945 nos
1103 2905 1212 2945 sua
1243 2887 1601 2962 benignitate
1622 2888 1681 2944 in
1713 2905 1891 2962 regno
2000 2887 2169 2944 venia
2197 2887 2580 2959 comparabit.

1099 3181 1556 3276 CANUTI
1625 3179 1997 3276 REGIS
2079 3177 2803 3274 DIPLOMATA

1045 3518 1088 3570 Ι.
1926 3517 1970 3584 ί]
2075 3509 2194 3580 Ego
2225 3507 2514 3579 Levingus
2545 3503 3028 3579 metropolitanus
3057 3506 3436 3580 archiprasnl
3466 3508 3662 3569 liben-

241 3587 537 3644 Ecclesium
562 3585 862 3642 Saluatoris
893 3588 947 3641 in
982 3587 1315 3642 Dorobernia
1345 3587 1592 3642 omnium
1621 3584 1892 3641 Ecclesia-
2006 3601 2096 3653 ter
2125 3612 2342 3651 annuo,

313 3676 437 3758 2ιῖιῖ
467 3660 628 3728 regni
674 3659 964 3728 Angligeni
992 3661 1224 3714 matrem
1271 3666 1322 3713 et
1362 3658 1644 3714 dominam
1689 3655 1892 3725 conﬁr-
2076 3687 2194 3758 Ego
2228 3685 2432 3740 ΕΠ)ωᾶ
2461 3683 2662 3756 regina
2691 3683 2861 3755 signa
2887 3683 3078 3740 crucis
3109 3687 3414 3744 conﬁrmo.

311 3735 446 3786 τηαι.
868 3801 1054 3868 (Am
1088 3801 1270 3868 10,8,
2076 3735 3390 3846 ig;sanguissanguis:essent

312 3874 544 3946 [LABBE,
580 3871 810 3940 Concil.,
846 3861 886 3926 t‘.
920 3871 1010 3938 IX,
1034 3871 1140 3946 col.
1167 3861 1294 3946 817,
1317 3889 1347 3929 e
1376 3873 1605 3927 vetusto
1628 3869 1823 3926 codice
1948 3904 1968 3922 ι
2079 3861 2410 3918 Ealdelmus
2441 3861 2752 3934 episcopus
2783 3865 3018 3935 gratum
3047 3862 3292 3920 habens.

847 3943 1294 4012 Cantuariensi.]
2079 3953 2194 4023 Ego
2223 3950 2396 4023 Algar

2079 3953 2194 4023 Ego
2223 3950 2494 4023 Algarius
2524 3951 2836 4023 episcopus
2868 3952 3141 4008 concedo.

311 4035 430 4106 Ego
479 4031 732 4103 denique
778 4033 1097 4105 imperator
1138 4037 1362 4098 Kuuro,
1398 4049 1432 4088 a
1461 4030 1687 4086 Christo
1745 4032 1896 4103 Rege
2077 4040 2195 4113 Ego
2229 4039 2527 4096 Leoi‘ricus
2557 4039 2868 4112 episcopus
2897 4042 3201 4098 conﬁrmo.

242 4137 447 4195 regum
479 4119 783 4193 regiminis
813 4120 1039 4194 Anglici
1071 4121 1130 4176 in
1163 4121 1356 4176 insula
1386 4119 1626 4192 potitus,
1653 4119 1898 4175 audiens
2078 4129 2193 4202 Ego
2222 4128 2523 4186 Haldenne
2556 4129 2828 4202 princeps
2857 4130 3012 4204 regis
3056 4148 3160 4203 pro
3203 4130 3428 4189 viribus
3460 4149 3668 4190 asaen-

242 4210 525 4268 beneﬁcia
571 4209 1064 4282 praedecessorum
1101 4227 1368 4266 meorum
1409 4225 1636 4281 regum,
1677 4208 1901 4265 scilicet
2007 4235 2140 4275 sum
2173 4218 2420 4290 praebeo,

243 4299 463 4374 regalia
491 4297 814 4373 privilegia,
843 4299 1117 4356 similiter
1147 4315 1390 4355 cernens
1419 4298 1745 4354 libertatem
1781 4314 1901 4353 mo-
2081 4307 2152 4362 Et,
2177 4321 2284 4378 ego
2313 4305 2609 4362 Turkillus
2640 4307 2760 4362 dux
2789 4308 3060 4364 concedo.

244 4387 804 4446 nasteriorumintra
825 4390 1087 4445 Cantiam
1136 4386 1481 4461 positorum,
1514 4387 1901 4460 archiprmsu-
2081 4397 2254 4452 Facta
2285 4399 2376 4450 est
2413 4399 2606 4451 autem
2659 4395 2773 4452 ista
2823 4396 3124 4454 concessio
3155 4412 3311 4456 anno
3336 4399 3662 4457 Dominicm

243 4478 432 4551 lisque
454 4478 708 4553 piissimi
733 4477 959 4551 Livingi
989 4477 1470 4547 admonitionem,
1495 4477 1718 4550 placuit
1737 4476 1898 4534 cordi
2008 4482 2435 4540 Incarnationis
2467 4484 2622 4540 1018.

244 4569 553 4625 amborum
584 4571 931 4641 praesentem
963 4565 1291 4623 chartulam
1322 4568 1720 4634 corroborare,
1749 4567 1901 4624 vide-
2807 4601 2873 4657 IL

245 4657 383 4713 licet
407 4657 650 4714 ecclesia
675 4656 1012 4724 Salvatoris,
1028 4656 1086 4711 in
1110 4655 1464 4713 Dorobernia
1486 4656 1618 4728 sita,
1634 4657 1899 4713 omnium

246 4746 626 4803 ecclesiarum
658 4745 822 4819 regni
848 4743 1153 4820 Angligeni
1183 4751 1371 4802 mater
1395 4753 1452 4803 et
1480 4747 1739 4814 domina,
1765 4762 1898 4801 cum

247 4836 524 4893 omnibus
582 4837 654 4892 ad
711 4835 874 4891 illam
935 4834 1380 4907 pertinentibus,
1415 4835 1492 4891 sit
1521 4833 1732 4906 libera;
1790 4851 1897 4891 nec

245 4926 561 4998 quisquam
585 4924 894 4980 hominum
927 4924 985 4979 in
1007 4941 1076 4980 ea
1096 4928 1152 4980 et
1177 4924 1350 4981 rebus
1380 4924 1528 4993 suis,
1550 4924 1770 4997 aliquid
1796 4925 1896 4996 ju-

246 5015 326 5070 ris
351 5014 437 5070 vel
463 5013 924 5080 consuetudinis,
949 5017 1157 5086 praater
1176 5013 1678 5086 archiepiscopum
1699 5017 1757 5070 et
1777 5029 1897 5070 mo-
2078 5019 2310 5076 Christo
2327 5019 2737 5092 omnipotenti,
2753 5019 2855 5092 qui
2872 5025 2965 5078 est
2976 5020 3243 5079 omnium
3259 5037 3470 5095 regum
3518 5022 3666 5092 Rex,

247 5103 468 5160 nacbos
497 5102 713 5158 ibidem
739 5103 852 5158 Deo
874 5101 1271 5170 famultantes,
1295 5101 1487 5174 exigat
1508 5102 1594 5158 vel
1617 5103 1894 5158 obtineat.
2007 5107 2246 5166 omnino
2288 5107 2683 5180 persolvendae
2715 5113 2855 5166 sunt
2882 5109 3205 5183 gratiarum
3253 5110 3515 5170 actiones
3560 5129 3667 5186 pro

2045 4707 2248 4764 Charta
2279 4707 2481 4764 Canuti
2504 4709 2650 4776 regis
2681 4723 2784 4779 pro
2822 4707 3063 4764 camobio
3094 4708 3148 4765 S.
3181 4708 3464 4766 Benedicti
3491 4711 3633 4767 Hui-

2420 4781 2600 4834 mensi
2628 4781 2690 4834 in
2713 4795 2850 4848 agro
2882 4780 3247 4852 Suﬁolciensi.

1927 4885 1975 4951 Ι)
2395 4894 2752 4964 (Monasticon
2787 4895 3170 4967 Anglicanam,
3202 4895 3272 4969 Ι.)

247 5194 312 5248 ln
345 5191 773 5264 sempiternum
805 5191 911 5246 hoc
946 5195 1208 5246 nostrum
1233 5191 1531 5247 decretum
1563 5191 1898 5246 inviolabile
2008 5197 2285 5253 omnibus
2307 5195 2582 5254 indebitis
2615 5197 2912 5256 beneﬁciis
2932 5199 3149 5272 quibus
3177 5199 3670 5270 hominibus,sua

244 5288 504 5355 tempore
535 5297 664 5338 meo
695 5285 752 5336 et
783 5296 1191 5339 successorum
1221 5296 1509 5346 meorum,
1541 5297 1644 5353 pro
1677 5297 1780 5352 spe
1811 5298 1900 5336 sa-
2007 5285 2134 5343 sola
2155 5285 2371 5360 pietate
2399 5286 2813 5356 intercedente,
2837 5289 3215 5361 suffragatur,
3239 5287 3422 5347 nullis
3441 5291 3667 5348 nostris

245 5371 388 5427 Iutis
415 5375 664 5440 aeternae,
697 5368 906 5426 stabile
949 5373 1294 5441 perseveret,
1329 5367 1422 5423 his
1468 5368 1719 5425 testibus
1751 5386 1899 5441 quo-
2007 5374 2479 5448 promerentibus
2500 5374 2747 5432 meritis.
2767 5377 2850 5435 Ne
2869 5393 3008 5451 ergo
3037 5377 3226 5435 simus
3247 5377 3473 5450 ingrati
3487 5379 3663 5436 bene-

248 5475 382 5518 rum
413 5460 583 5532 signa
613 5458 826 5514 subtus
854 5457 1226 5513 adnotantur.
2008 5464 2278 5522 ﬁciorum
2310 5466 2609 5520 tantorum
2637 5465 2790 5538 ejus,
2804 5482 3060 5538 cumque
3089 5478 3303 5540 magno
3333 5475 3511 5539 opere
3539 5472 3664 5524 stu-

320 5548 439 5618 Ego
455 5548 646 5602 Knuto
663 5546 1021 5621 gubernator
1035 5544 1258 5617 Anglici
1275 5545 1434 5604 orbis
1462 5545 1695 5618 propria
1717 5563 1897 5606 manu
2008 5553 2267 5610 dendum
2287 5555 2378 5608 est
2398 5557 2668 5610 nostrum
2685 5559 2752 5611 ut
2770 5553 3009 5629 aliquod
3026 5555 3398 5613 conferamus
3419 5555 3472 5613 ei
3493 5559 3586 5630 cui
3596 5575 3662 5614 us

252 5633 554 5693 conﬁrmo.
2009 5645 2149 5701 sunt
2176 5640 2393 5711 omnia,
2427 5645 2484 5700 et
2523 5642 2622 5715 qui
2655 5643 2825 5703 nobis
2856 5659 2973 5704 non
3013 5644 3217 5703 habita
3261 5643 3517 5704 contulit
3557 5647 3662 5707 ha-
