3924 6210
231 335 396 402 MSS

1487 328 1846 400 CANU’I‘US
1892 332 1918 397 l
1963 333 2120 399 REX
2165 333 2396 400 ANGL.

3491 337 3521 404 l
3533 341 3646 404 1-86

225 470 392 542 bere,
408 469 620 544 cuique
650 489 765 528 non
797 486 1114 545 possumus
1146 465 1282 527 dare
1304 469 1415 526 nisi
1449 470 1700 543 propria:
1724 474 1781 525 et
1810 471 1880 525 de
1909 474 1964 541 Α
1994 470 2228 541 gustino
2253 475 2497 543 patrono
2515 488 2644 529 meo
2664 489 2874 546 corpus
2893 463 3105 530 sanctis
3130 471 3423 532 Mildredae
3446 476 3652 549 gloria-

228 574 340 614 suo
370 561 607 632 proprio
639 559 846 616 tribuit
886 561 1054 617 nobis
1095 559 1364 627 mercari,
1386 563 1442 616 et
1471 559 1530 614 in
1562 577 1705 614 usus
1755 575 1884 630 pro-

224 646 390 717 prios
420 648 527 714 uti,
561 665 689 720 quae
739 647 979 705 minime
1017 648 1254 722 proprio
1301 665 1412 704 usu
1459 647 1759 720 potuimus
1787 646 1889 701 ha-

225 733 387 802 bere,
420 735 532 792 nisi
566 737 695 808 ejus
725 737 1005 793 tribueret
1034 737 1242 810 gratia,
1278 735 1500 792 scilicet
1528 736 1694 808 regni
1724 734 1890 790 cmlo-

227 839 366 878 rum
399 823 794 880 cmlicolorum
827 824 1302 880 contubernium.

306 911 449 983 Ejus
499 912 715 986 quippe
764 913 1034 986 largiflua
1081 913 1364 980 bonitate,
1399 914 1559 985 regia
1606 913 1891 985 dignitate

233 999 738 1080 subth'rOnizatus,
770 1019 876 1074 ego
908 1007 1068 1058 Knut
1106 1019 1206 1058 rex
1246 1000 1579 1075 Angligenaa
1612 1002 1888 1072 nationis,

235 1104 343 1160 pro
388 1089 778 1148 nanciscendo
827 1092 956 1163 ejus
1008 1090 1426 1148 immensitatis
1479 1089 1890 1147 misericordiae

236 1178 414 1248 dono,
431 1179 681 1236 concedo
703 1179 813 1235 sibi
837 1181 908 1236 de
931 1197 1036 1236 suo
1058 1179 1291 1253 pr0prio
1313 1196 1440 1251 quae
1467 1179 1612 1235 mihi
1637 1179 1891 1253 gratuito

235 1267 549 1339 concessit,
572 1267 770 1324 villam
803 1273 938 1326 noto
971 1269 1228 1336 nomine,
1249 1268 1720 1342 cognominatam
1753 1269 1893 1324 Bor-

235 1356 440 1429 ninga,
457 1373 593 1412 cum
623 1357 882 1429 pascuis,
904 1357 1064 1414 silvis
1087 1363 1261 1430 atque
1281 1356 1614 1414 conﬁnibus
1641 1357 1752 1412 sibi
1786 1356 1894 1412 rite

232 1445 445 1500 subter
456 1446 814 1517 jacentibus,
830 1445 1052 1502 scilicet
1068 1446 1337 1502 Ludham
1352 1463 1485 1502 cum
1504 1446 1892 1518 pertinentiis,

234 1533 615 1590 Retheshirth
647 1551 783 1591 cum
813 1535 937 1591 suis
966 1535 1355 1607 pertinentiis.
1380 1535 1481 1590 Est
1510 1534 1762 1607 denique
1792 1552 1892 1591 no-

235 1627 430 1678 strum
459 1623 683 1680 donum
716 1642 750 1679 a
778 1623 1008 1680 Christo
1040 1625 1209 1680 nobis
1239 1624 1540 1694 collatum,
1565 1625 1656 1679 cui
1688 1625 1896 1680 dantes

235 1712 570 1768 feneratum
615 1712 986 1786 exposcimus
1027 1716 1092 1768 ut
1131 1731 1365 1783 rursum
1409 1730 1526 1768 suae
1568 1712 1896 1785 largitionis

237 1801 614 1858 donationem
645 1802 907 1874 excipere
941 1800 1213 1874 dignetur
1242 1819 1275 1856 a
1300 1801 1468 1858 nobis
1511 1802 1669 1857 omni
1703 1802 1888 1857 inten-

237 1889 421 1946 tionis
452 1891 658 1946 aﬂ‘ectu
705 1889 980 1959 oblatam,
1003 1895 1293 1962 quatenus
1325 1890 1621 1962 possimus
1654 1907 1757 1962 per
1785 1905 1893 1945 sua

237 1978 354 2033 sibi
384 1978 523 2034 data
549 1979 845 2050 consequi,
865 1995 991 2050 quae
1023 1995 1056 2034 a
1085 1978 1254 2034 nobis
1282 1994 1397 2034 non
1430 1983 1677 2052 possunt
1705 1977 1892 2051 possi-

237 2066 365 2122 deri
394 2067 511 2122 nisi
543 2083 578 2122 a
606 2084 670 2124 se
717 2067 944 2124 collata.
971 2068 1027 2124 Si
1071 2067 1408 2140 quisquam,
1435 2068 1592 2139 quod
1639 2067 1827 2123 absit!
1861 2083 1896 2121 a

237 2155 460 2212 diaboli
501 2155 838 2213 incitatione
882 2156 1056 2212 fuerit
1085 2156 1342 2225 inﬂatus,
1378 2161 1441 2211 ut
1482 2162 1594 2213 Deo
1625 2158 1892 2212 omnium

237 2261 438 2301 rerum
470 2245 793 2318 possidenti
825 2262 1000 2302 suum
1045 2244 1372 2314 tentaverit,
1395 2247 1550 2318 quod
1586 2246 1752 2302 nobis
1783 2245 1894 2302 sibi

237 2334 532 2390 concessit
549 2335 827 2407 tribuere,
845 2334 1181 2390 abstrahere
1201 2334 1254 2389 vi
1278 2334 1366 2390 vel
1389 2335 1592 2390 fraude
1613 2334 1892 2406 qualibet,

240 2422 470 2478 utinam
493 2427 790 2478 remaneat
812 2422 980 2479 nobis
1003 2423 1072 2478 ad
1097 2423 1346 2496 gratiam
1369 2423 1496 2494 ejus
1514 2431 1643 2495 qua:
1665 2439 1896 2478 conces-

240 2511 452 2580 simus,
477 2515 536 2567 et
565 2512 643 2568 sit
669 2511 721 2568 ei
751 2512 824 2568 ad
853 2511 1156 2567 interitum
1211 2516 1434 2568 eterna:
1475 2513 1892 2583 damnationis,

243 2601 346 2673 qui
380 2617 567 2672 prava
608 2601 842 2671 mentis,
866 2605 967 2656 aut
994 2601 1108 2656 nisi
1142 2601 1251 2656 hoc
1294 2601 1406 2658 alio
1438 2603 1754 2658 transferre
1800 2618 1894 2658 co-

244 2692 439 2758 natur,
473 2689 588 2746 nisi
617 2689 915 2762 plenitudo
960 2690 1378 2746 satisl'actionis
1408 2691 1536 2762 ejus
1566 2691 1893 2747 subveniat.

314 2779 435 2851 Ego
466 2779 624 2834 Knut
661 2796 777 2846 rex,
813 2779 963 2834 hanc
1001 2779 1374 2835 donationem
1404 2779 1631 2834 Christo
1677 2779 1896 2835 contuli

243 2883 351 2940 pro
381 2868 792 2940 consequendo
822 2868 1062 2940 praemia
1091 2867 1341 2924 ccalestis
1372 2868 1751 2925 haereditatis.

315 2957 436 3029 Ego
464 2956 656 3030 Elgifu
695 2957 916 3030 regina,
949 2957 1100 3013 hanc
1135 2956 1355 3030 regiam
1387 2958 1760 3014 donationem
1793 2975 1897 3014 au-

243 3046 436 3118 gendo
471 3045 826 3102 confirmavi.

314 3135 433 3208 Ego
463 3133 772 3191 Wlstanus
800 3135 1278 3208 archiepiscopus
1308 3135 1694 3191 corroboravi.

315 3225 438 3297 Ego
466 3223 840 3280 Etheluthus
872 3224 1348 3296 archiepiscopus
1378 3224 1737 3280 conﬁrmavi.

321 3313 437 3385 Ego
467 3313 792 3370 Godwinus
823 3312 1134 3385 episcopus
1165 3313 1554 3368 corroboravi.

319 3405 438 3475 Eg!)
468 3401 758 3458 Elwinus
786 3401 1094 3474 episcopus
1121 3418 1430 3457 assensum
1462 3403 1615 3457 dedi.

322 3491 440 3564 Ego
469 3490 761 3547 Alfwinus
789 3492 1098 3564 episcopus
1129 3491 1486 3564 consignavi.

313 3568 762 3653 Ego-Etherieus
792 3581 1101 3653 episcopus
1135 3580 1416 3636 conclusi.

312 3671 438 3743 Ego
462 3669 740 3726 [Elswius
775 3670 1084 3742 episcopus
1116 3669 1502 3725 corroboravi.

314 3759 434 3831 Ego
464 3758 589 3814 Hac
619 3758 756 3814 dux.

312 3847 434 3920 Ego
463 3846 742 3903 Godwin.
776 3847 912 3902 dux.

311 3937 430 4010 Ego
461 3935 563 3992 Ult‘
587 3937 725 3991 dux.

311 4027 426 4099 Ego
457 4025 630 4098 Eglaf
646 4026 781 4081 dux.

314 4116 436 4188 Ego
465 4115 665 4172 Hacun
693 4115 830 4172 dux.

312 4205 431 4276 Ego
464 4203 762 4261 Leofwinc
792 4204 927 4259 dux.

311 4293 433 4365 Ego
462 4292 676 4348 Godrjc
705 4293 842 4348 dux.

305 4385 425 4454 Ego
455 4380 858 4438 Brithwaldus
887 4382 1196 4454 episcopus
1227 4381 1517 4438 consensi».

304 4471 427 4542 Ego
457 4469 736 4526 Brithwiz
759 4470 962 4527 abbas.

306 4559 432 4631 Ego
456 4558 698 4615 Leofric.

305 4649 426 4720 Ego
452 4647 754 4706 Elfwar'd.

301 4737 423 4809 Ego
451 4737 795 4794 Ethelstan.

229 4917 438 4974 Charta
487 4916 688 4972 Canuti
730 4919 874 4988 regis
929 4917 994 4972 de
1046 4917 1284 4987 corporis
1339 4915 1395 4971 8.
1433 4913 1728 4981 Μίῑάνεάδε,
1757 4931 1882 4970 cum

304 4993 418 5044 tota
445 4997 592 5046 terra
619 5005 743 5058 sua,
778 4987 836 5045 in
856 4989 1136 5046 abbltiam
1163 4989 1220 5044 S.
1247 4987 1539 5058 Angustini
1571 4988 1883 5043 Cantuariw

304 5059 686 5117 translatione.

725 5167 1026 5238 ('Monastic.
1056 5166 1296 5236 Anglic.,
1329 5165 1396 5236 Ι.)

311 5273 428 5345 Ego
460 5277 642 5341 CNUD,
668 5289 772 5345 per
796 5272 898 5328 Dei
926 5270 1387 5328 misericordiam
1411 5269 1690 5344 basileus,
1711 5274 1890 5328 Acer.-

231 5379 378 5418 NOTO
409 5362 869 5436 archiepiscopo,
892 5364 949 5417 et
977 5361 1252 5418 omnibus
1279 5360 1588 5433 episcopis,
1623 5365 1681 5416 et
1710 5361 1888 5417 abba-

232 5451 412 5521 tibus,
437 5456 495 5508 et
520 5449 858 5517 comitibus,
878 5448 1339 5518 vicecomitibus,
1364 5453 1422 5505 et
1449 5448 1726 5505 omnibus
1753 5449 1891 5506 fide-

233 5538 388 5596 libus
418 5540 601 5598 totius
629 5539 852 5612 Angliaa
883 5537 1136 5594 salutem
1169 5541 1226 5594 et
1255 5536 1593 5593 amicitiam.

304 5628 518 5692 Notum
550 5627 630 5686 sit
657 5627 822 5687 vobis
853 5625 1131 5686 omnibus
1161 5640 1254 5691 me
1292 5625 1512 5683 didisse
1542 5630 1744 5686 sancto
1771 5627 1896 5686 Aa-

1997 576 2071 614 sa':
2092 559 2333 633 virginis
2357 578 2489 616 cum
2513 566 2633 618 tota
2654 566 2808 618 terra
2830 578 2937 618 sua
2959 563 3110 618 infra
3129 564 3381 620 insulam
3403 566 3649 621 Thaneti

1996 652 2052 703 et
2080 654 2260 715 extra,
2293 667 2426 706 cum
2478 651 2754 708 omnibus
2804 652 3328 709 consuetudinibus
3367 656 3436 709 ad
3481 672 3649 710 suam

1996 734 2313 793 Ecclesiam
2356 739 2805 811 pertinentibus.
2847 741 2978 796 Haec
3021 741 3218 795 omnia
3257 742 3339 796 ita
3375 741 3558 798 libera
3595 747 3653 799 et

1998 825 2196 895 quieta
2217 827 2396 883 reddo
2427 833 2538 883 Deo
2561 834 2617 883 et
2639 830 2834 885 abbati
2858 829 3116 885 [Elstano
3141 836 3198 885 et
3222 830 3498 886 fratribus
3519 831 3652 898 loci,

1999 912 2150 969 sicut
2179 931 2284 988 ego
2316 933 2578 988 unquam
2615 917 2828 975 melius
2857 918 3038 974 habui
3071 923 3191 974 tam
3216 919 3274 973 in
3297 924 3452 974 terra
3477 935 3654 991 quam

1999 1000 2058 1056 in
2091 1004 2234 1058 mari
2269 1009 2325 1060 et
2360 1004 2419 1060 in
2476 1006 2689 1074 littore,
2724 1011 2789 1063 ut
2816 1008 3072 1064 habeant
3115 1013 3172 1064 et
3225 1008 3567 1080 possideant
3594 1010 3653 1064 in

1999 1098 2364 1164 perpetuum.
2398 1095 2468 1150 Et
2495 1095 2595 1168 qui
2637 1096 2788 1152 hanc
2818 1097 3192 1153 donationem
3224 1115 3414 1154 meam
3446 1098 3652 1154 infrin-

2000 1194 2132 1251 gere
2163 1181 2250 1237 vel
2283 1181 2511 1239 irritam
2564 1184 2751 1240 facere
2781 1186 3113 1254 tentaverit,
3145 1203 3178 1241 a
3224 1186 3340 1243 Deo
3386 1188 3656 1260 omnipo-

2001 1272 2159 1324 tente
2189 1273 2245 1324 et
2275 1271 2432 1326 omni
2466 1278 2668 1328 sancta
2693 1273 2953 1330 Ecclesia
2980 1276 3521 1333 excommunicatus
3553 1277 3650 1333 sit.

2001 1359 2205 1414 Amen.

2779 1453 2868 1508 lV.
2973 1485 2978 1495 -

2091 1537 2145 1591 S.
2181 1536 2378 1593 Canuti
2408 1540 2551 1609 regis
2575 1541 2932 1668 privilegitqlnt
2958 1558 3056 1613 pro
3086 1544 3311 1598 ecclesia
3339 1543 3393 1599 S.
3426 1546 3563 1600 Εαιι-

2714 1629 2806 1666 mu
2898 1631 2938 1667 κ.

2714 1629 2938 1667 manat.

2318 1700 2667 1768 [Monasticcn
2699 1702 3082 1771 Anglicanam,
3117 1703 3158 1772 Ι,
3190 1702 3340 1775 287.]

2078 1803 2140 1858 In
2162 1805 2396 1861 nomine
2414 1805 2879 1877 poliarchisJesu
2895 1808 3434 1884 Christi‘Salvatoris
3452 1810 3657 1866 mundi

2001 1891 2299 1965 totiusque
2331 1899 2606 1950 creatura:
2630 1896 2940 1963 Creatoris,
2962 1898 3131 1969 cujus
3160 1898 3356 1954 divino
3385 1899 3656 1955 domina-

2001 1981 2086 2035 tui
2120 1997 2365 2055 quaeque
2413 1984 2844 2041 dominationes
2884 1987 3080 2042 debito
3130 1986 3365 2044 servitio
3416 1988 3661 2044 subnixe

2003 2070 2354 2139 deserviunt,
2375 2074 2544 2144 cujus
2566 2073 2742 2129 etiam
2768 2075 3262 2146 omnipotentatui
3286 2077 3541 2134 universi
3565 2093 3664 2150 po-

2003 2163 2260 2215 tentatus
2283 2161 2666 2217 obsecundari
2690 2165 3046 2227 examussim
3067 2166 3667 2238 praeproperant,quia

2002 2248 2233 2304 bonitas
2254 2250 2382 2320 ejus
2404 2250 2684 2306 bonitatis
2707 2256 2794 2306 est
2815 2252 3454 2324 incomprehensibilis,
3480 2260 3538 2310 et
3559 2255 3664 2310 mi-

2004 2336 2213 2392 seratio
2244 2337 2718 2406 interminabilis,
2742 2340 3051 2412 dapsilitas
3082 2342 3362 2398 bonitatis
3392 2343 3660 2400 ineffabi-

2003 2425 2096 2492 lis,
2122 2424 2535 2499 longanimitas
2561 2444 2792 2500 quoque
2824 2446 3001 2501 super
3026 2447 3338 2501 pravorum
3363 2432 3670 2505 nequitias-

2006 2516 2350 2586 quantitatis
2380 2516 2708 2588 prolixitate
2729 2517 3045 2590 cujuslibet
3067 2519 3314 2592 longior,
3339 2521 3438 2593 qui
3463 2521 3660 2594 quoti-

2005 2602 2195 2658 dianis
2238 2604 2737 2662 admonitionibus
2780 2606 3113 2680 religiosam
3161 2610 3661 2667 conversationem

2007 2692 2286 2748 ducentes
2319 2699 2515 2749 monet
2537 2699 2602 2749 ut
2630 2695 2736 2766 pia:
2763 2696 3037 2751 sectando
3059 2696 3307 2767 justitize
3339 2696 3658 2766 culturam,

2007 2797 2120 2836 non
2153 2798 2281 2837 eam
2315 2783 2634 2839 deserendo
2666 2783 2957 2856 linquant,
2984 2784 3124 2856 quin
3160 2787 3354 2857 potius
3397 2804 3660 2860 perseve-

2008 2869 2176 2925 rabili
2208 2871 2490 2927 instantia
2522 2872 2581 2927 in
2614 2872 2742 2943 ejus
2771 2871 3002 2928 cultura
3041 2877 3106 2928 ut
3146 2880 3530 2945 permaneant
3559 2893 3659 2950 pa-

2005 2962 2171 3014 terno
2203 2961 2408 3015 affectu
2455 2960 2742 3029 hortatur,
2778 2962 2878 3033 qui
2928 2961 3314 3019 nihilominus
3344 2965 3546 3020 eadem
3577 2965 3660 3021 af-

2007 3048 2253 3104 fectione
2285 3049 2527 3105 mandat
2563 3049 2966 3122 peccatoribus
2999 3055 3064 3106 ut
3095 3052 3440 3124 resipiscant
3475 3071 3509 3109 a
3537 3054 3662 3110 suis

2007 3136 2418 3208 iniquitatibus
2466 3143 2892 3208 convertentes,
2924 3139 3064 3212 quia
3094 3157 3296 3196 eorum
3328 3148 3664 3199 exsecratur

1930 3217 1972 3282 C
2014 3231 2282 3282 mortem.

2081 3316 2219 3386 Ejus
2242 3317 2459 3371 amoris
2487 3315 2725 3372 stimulo
2749 3320 2805 3372 et
2827 3316 2940 3372 fide
2962 3317 3260 3387 sull'ultus,
3285 3320 3456 3391 cujus
3485 3319 3661 3394 largi-

2013 3405 2131 3458 flua
2153 3403 2529 3461 miseratione
2554 3421 2659 3477 ego
2682 3407 2956 3472 Cnut,rex
2977 3407 3157 3462 totius
3169 3405 3434 3464 Albionis
3455 3407 3660 3465 insula)

2009 3492 2376 3566 aliarumque
2406 3495 2711 3550 nationum
2745 3494 3154 3568 plurimarum,
3181 3497 3240 3551 in
3272 3497 3549 3554 cathedra
3579 3515 3662 3554 re-

2006 3581 2121 3654 gali
2156 3588 2480 3654 promotus,
2506 3600 2640 3638 cum
2672 3583 2917 3640 consilio
2939 3588 2995 3640 et
3017 3585 3245 3640 decreto
3275 3585 3662 3659 archiepisco-

2005 3687 2236 3742 porum,
2259 3672 2692 3745 episcoporum,
2716 3673 3016 3740 abbatum,
3042 3675 3346 3742 comitum,
3375 3675 3661 3732 aliorum-

2004 3777 2118 3832 que
2155 3760 2419 3816 omnium
2464 3778 2728 3818 meorum
2769 3762 3032 3818 ﬁdelium
3073 3763 3220 3836 elegi
3252 3765 3656 3833 sanciendum,

2004 3855 2176 3922 atque
2209 3849 2430 3922 perpeti
2461 3850 2859 3907 stabilimento
2891 3852 2964 3907 ab
2996 3853 3275 3909 omnibus
3306 3853 3657 3910 conﬁrman-

2001 3939 2166 4007 dum,
2191 3944 2255 3994 ut
2285 3940 2708 3996 monasterium
2737 3942 2892 4014 quod
2933 3941 3401 3999 Badricelmorde
3433 3959 3658 3999 nuncu~

2000 4031 2192 4099 patur,
2217 4028 2296 4084 sit
2328 4045 2430 4101 per
2471 4046 2644 4085 omne
2675 4046 2860 4086 aevum
2911 4031 3334 4087 monachorum
3385 4032 3660 4104 gregibus

1999 4117 2347 4189 deputatum
2379 4117 2451 4172 ad
2496 4117 2971 4187 inhabitandum,
3005 4123 3062 4175 et
3091 4120 3164 4176 ab
3195 4120 3354 4176 omni
3386 4120 3655 4176 domina-

2000 4206 2156 4262 tione
2171 4207 2435 4262 omnium
2454 4207 2863 4278 episcoporum
2877 4209 3193 4264 comitatus
3214 4209 3371 4264 illius
3390 4209 3659 4266 funditus

1997 4294 2342 4362 liberum,ut
2358 4295 2417 4350 in
2434 4313 2500 4350 eo
2517 4296 2756 4352 domino
2772 4297 3086 4353 servientes
3107 4296 3377 4352 monachi
3397 4296 3525 4352 sine
3539 4296 3660 4354 ulla

1997 4384 2402 4455 inquietudine
2433 4400 2537 4455 pro
2571 4387 2728 4439 statu
2761 4384 2921 4455 regni
2954 4385 3270 4440 Dominum
3302 4384 3656 4458 praevaleant

1996 4471 2255 4544 praecari.
2269 4471 2493 4527 Placuit
2507 4471 2683 4527 etiam
2702 4471 2849 4527 mihi
2869 4472 3018 4528 hanc
3041 4472 3294 4544 optionis
3310 4473 3654 4531 electionem

1917 4583 1965 4647 D
1997 4562 2201 4618 robare
2219 4560 2518 4633 privilegio
2537 4559 2670 4628 isto,
2687 4559 2745 4615 in
2760 4577 2874 4632 quo
2886 4561 3083 4616 videre
3101 4561 3343 4633 praecepi
3363 4559 3654 4619 libertatis

1996 4651 2214 4704 donum
2230 4649 2521 4721 quodjam
2535 4647 2676 4704 olim
2689 4649 3072 4706 Eadmundus
3087 4666 3186 4705 rex
3198 4648 3651 4708 occidentalium

1991 4740 2285 4795 Saxonum
2309 4737 2556 4811 largitus
2577 4741 2668 4792 est
2692 4754 2798 4793 suo
2819 4739 3109 4808 aequivoco
3133 4755 3236 4811 pro
3258 4736 3653 4797 nanciscenda

1993 4828 2121 4898 ejus
2140 4826 2328 4897 gratia
2348 4831 2403 4882 et
2425 4825 2691 4880 mercede
2714 4831 2948 4895 aitet-na,
2964 4827 3184 4883 scilicet
3203 4827 3544 4883 Eadmundo
3568 4847 3655 4889 re.

1991 4915 2047 4988 gi
2071 4919 2127 4969 et
2142 4914 2378 4986 martyri
2391 4914 2566 4985 ,quod
2590 4914 2753 4969 bona:
2771 4913 3086 4972 voluntatis
3103 4920 3234 4972 voto
3252 4932 3466 4989 augere
3484 4919 3650 4991 cupi-

1994 5008 2448 5074 mus,quatenus
2470 5004 2597 5074 ejus
2623 5005 2937 5074 promereri
2961 5006 3233 5077 precibus
3261 5023 3486 5062 merear
3511 5025 3646 5081 por-

1995 5093 2210 5148 tionem
2241 5092 2370 5163 ejus
2400 5090 2779 5146 beatitudinis
2810 5097 2944 5165 post
2973 5093 3150 5166 hujus
3181 5111 3417 5152 cursum
3451 5096 3601 5153 vita.

2066 5179 2191 5237 Tali
2217 5180 2486 5236 libertate
2508 5180 2760 5235 concedo
2784 5181 2965 5238 fundo
2997 5184 3112 5239 frui
3143 5183 3248 5253 illi,
3274 5185 3331 5239 in
3356 5201 3470 5256 quo
3493 5185 3647 5242 idem

1997 5273 2235 5328 sanctus
2257 5272 2468 5342 pausat
2488 5271 2554 5323 ut
2575 5269 2804 5340 quoties
2824 5271 3078 5342 populus
3101 5272 3408 5328 universus
3428 5273 3646 5344 persol-

1995 5362 2079 5418 vit
2107 5376 2346 5416 censum
2381 5357 2579 5426 Danis,
2612 5356 2701 5412 vel
2733 5359 2806 5414 ad
2839 5377 3033 5429 naves,
3067 5378 3172 5416 seu
3203 5361 3275 5417 ad
3307 5377 3490 5426 arma,
3525 5379 3650 5434 per-

1999 5451 2225 5507 solvant
2253 5447 2644 5504 inhabitantes
2683 5446 2744 5502 in
2791 5449 2919 5521 ipso
2951 5449 3132 5506 fundo
3162 5450 3365 5506 eadem
3396 5449 3467 5506 ad
3501 5465 3646 5506 usus

1999 5556 2147 5612 quos
2177 5537 2455 5612 elegerint
2491 5537 2701 5592 fratres
2733 5537 2895 5595 illius
2939 5538 3070 5596 loci.
3101 5539 3308 5612 Sitque
3351 5537 3520 5595 nobis
3551 5556 3647 5595 re-

2001 5628 2194 5687 medio
2240 5627 2371 5698 hoc,
2395 5625 2542 5686 mihi
2562 5624 2779 5704 quippe
2798 5644 2962 5707 aque
2991 5628 3203 5710 regina:
3229 5645 3370 5690 meas
3397 5627 3643 5711 Alfgifae,
