  <div class='ocr_page' id='page_1' title='image "/cluster/home/n/w/nwhite01/storage/ocr_20150623/151/uva.x000829795/643.png"; bbox 0 0 3924 6210; ppageno 0'>
   <div class='ocr_carea' id='block_1_1' title="bbox 295 309 3732 399">
    <p class='ocr_par' dir='ltr' id='par_1_1' title="bbox 295 309 3732 399">
     <span class='ocr_line' id='line_1_1' title="bbox 295 309 3732 399; baseline 0.002 -25"><span class='ocrx_word' id='word_1_1' title='bbox 295 313 446 399; x_wconf 71' lang='grc' dir='ltr'><strong>ηδτ</strong></span> <span class='ocrx_word' id='word_1_2' title='bbox 1650 310 1962 376; x_wconf 84' lang='lat' dir='ltr'><strong>MONUM.</strong></span> <span class='ocrx_word' id='word_1_3' title='bbox 2017 309 2342 377; x_wconf 84' lang='lat' dir='ltr'><strong>DIPLOM.</strong></span> <span class='ocrx_word' id='word_1_4' title='bbox 3557 319 3732 383; x_wconf 70' lang='lat' dir='ltr'><strong>“se</strong></span> 
     </span>
    </p>
   </div>
   <div class='ocr_carea' id='block_1_2' title="bbox 293 444 2587 520">
    <p class='ocr_par' dir='ltr' id='par_1_2' title="bbox 293 444 2587 520">
     <span class='ocr_line' id='line_1_2' title="bbox 293 444 2587 520; baseline -0.002 -14"><span class='ocrx_word' id='word_1_5' title='bbox 293 466 356 506; x_wconf 87' lang='lat' dir='ltr'><strong>ac</strong></span> <span class='ocrx_word' id='word_1_6' title='bbox 389 446 526 503; x_wconf 83' lang='lat' dir='ltr'><strong>filiis</strong></span> <span class='ocrx_word' id='word_1_7' title='bbox 557 446 775 503; x_wconf 81' lang='lat' dir='ltr'><strong>nostris</strong></span> <span class='ocrx_word' id='word_1_8' title='bbox 804 444 1196 518; x_wconf 88' lang='lat' dir='ltr'><strong>omnibusque</strong></span> <span class='ocrx_word' id='word_1_9' title='bbox 1221 447 1321 519; x_wconf 90' lang='lat' dir='ltr'><strong>qui</strong></span> <span class='ocrx_word' id='word_1_10' title='bbox 1342 447 1568 520; x_wconf 88' lang='lat' dir='ltr'><strong>pridem</strong></span> <span class='ocrx_word' id='word_1_11' title='bbox 1600 447 1650 501; x_wconf 92' lang='lat' dir='ltr'><strong>ei</strong></span> <span class='ocrx_word' id='word_1_12' title='bbox 1683 446 1790 501; x_wconf 91' lang='lat' dir='ltr'><strong>hoc</strong></span> <span class='ocrx_word' id='word_1_13' title='bbox 1819 462 1950 500; x_wconf 91' lang='lat' dir='ltr'><strong>con-</strong></span> <span class='ocrx_word' id='word_1_14' title='bbox 1978 449 2031 511; x_wconf 82' lang='grc' dir='ltr'><strong>Α</strong></span> <span class='ocrx_word' id='word_1_15' title='bbox 2133 447 2249 518; x_wconf 87' lang='lat' dir='ltr'><strong>Ego</strong></span> <span class='ocrx_word' id='word_1_16' title='bbox 2279 445 2587 503; x_wconf 84' lang='lat' dir='ltr'><strong>Alfwinus.</strong></span> 
     </span>
    </p>
   </div>
   <div class='ocr_carea' id='block_1_3' title="bbox 288 534 2546 607">
    <p class='ocr_par' dir='ltr' id='par_1_3' title="bbox 288 534 2546 607">
     <span class='ocr_line' id='line_1_3' title="bbox 288 534 2546 607; baseline -0.001 -14"><span class='ocrx_word' id='word_1_17' title='bbox 288 537 568 593; x_wconf 90' lang='lat' dir='ltr'><strong>tulerunt.</strong></span> <span class='ocrx_word' id='word_1_18' title='bbox 620 535 765 591; x_wconf 88' lang='lat' dir='ltr'><strong>Huic</strong></span> <span class='ocrx_word' id='word_1_19' title='bbox 827 534 1081 592; x_wconf 80' lang='lat' dir='ltr'><strong>libertati</strong></span> <span class='ocrx_word' id='word_1_20' title='bbox 1142 536 1392 592; x_wconf 87' lang='lat' dir='ltr'><strong>concedo</strong></span> <span class='ocrx_word' id='word_1_21' title='bbox 1452 535 1937 603; x_wconf 81' lang='lat' dir='ltr'><strong>additamentum,</strong></span> <span class='ocrx_word' id='word_1_22' title='bbox 2130 536 2243 607; x_wconf 80' lang='lat' dir='ltr'><strong>Ego</strong></span> <span class='ocrx_word' id='word_1_23' title='bbox 2274 536 2546 592; x_wconf 82' lang='lat' dir='ltr'><strong>Alfricus.</strong></span> 
     </span>
    </p>
   </div>
   <div class='ocr_carea' id='block_1_4' title="bbox 289 623 2543 697">
    <p class='ocr_par' dir='ltr' id='par_1_4' title="bbox 289 623 2543 697">
     <span class='ocr_line' id='line_1_4' title="bbox 289 623 2543 697; baseline -0.002 -13"><span class='ocrx_word' id='word_1_24' title='bbox 289 626 510 684; x_wconf 89' lang='lat' dir='ltr'><strong>scilicet</strong></span> <span class='ocrx_word' id='word_1_25' title='bbox 542 624 869 681; x_wconf 88' lang='lat' dir='ltr'><strong>maritimos</strong></span> <span class='ocrx_word' id='word_1_26' title='bbox 919 626 1109 697; x_wconf 85' lang='lat' dir='ltr'><strong>pisces</strong></span> <span class='ocrx_word' id='word_1_27' title='bbox 1142 625 1241 696; x_wconf 89' lang='lat' dir='ltr'><strong>qui</strong></span> <span class='ocrx_word' id='word_1_28' title='bbox 1296 625 1438 680; x_wconf 90' lang='lat' dir='ltr'><strong>mihi</strong></span> <span class='ocrx_word' id='word_1_29' title='bbox 1472 623 1809 696; x_wconf 89' lang='lat' dir='ltr'><strong>contingere</strong></span> <span class='ocrx_word' id='word_1_30' title='bbox 1839 623 1938 678; x_wconf 90' lang='lat' dir='ltr'><strong>de-</strong></span> <span class='ocrx_word' id='word_1_31' title='bbox 2127 625 2242 696; x_wconf 82' lang='lat' dir='ltr'><strong>Ego</strong></span> <span class='ocrx_word' id='word_1_32' title='bbox 2271 624 2543 681; x_wconf 83' lang='lat' dir='ltr'><strong>Alfricus.</strong></span> 
     </span>
    </p>
   </div>
   <div class='ocr_carea' id='block_1_5' title="bbox 287 713 2542 786">
    <p class='ocr_par' dir='ltr' id='par_1_5' title="bbox 287 713 2542 786">
     <span class='ocr_line' id='line_1_5' title="bbox 287 713 2542 786; baseline -0.001 -14"><span class='ocrx_word' id='word_1_33' title='bbox 287 717 428 772; x_wconf 84' lang='lat' dir='ltr'><strong>bent</strong></span> <span class='ocrx_word' id='word_1_34' title='bbox 457 714 786 771; x_wconf 89' lang='lat' dir='ltr'><strong>annualiter</strong></span> <span class='ocrx_word' id='word_1_35' title='bbox 815 731 918 786; x_wconf 88' lang='lat' dir='ltr'><strong>per</strong></span> <span class='ocrx_word' id='word_1_36' title='bbox 949 713 1155 769; x_wconf 88' lang='lat' dir='ltr'><strong>telonei</strong></span> <span class='ocrx_word' id='word_1_37' title='bbox 1189 714 1436 780; x_wconf 87' lang='lat' dir='ltr'><strong>lucrum,</strong></span> <span class='ocrx_word' id='word_1_38' title='bbox 1471 718 1526 768; x_wconf 91' lang='lat' dir='ltr'><strong>et</strong></span> <span class='ocrx_word' id='word_1_39' title='bbox 1557 713 1936 785; x_wconf 89' lang='lat' dir='ltr'><strong>piscationem</strong></span> <span class='ocrx_word' id='word_1_40' title='bbox 2125 713 2242 784; x_wconf 84' lang='lat' dir='ltr'><strong>Ego</strong></span> <span class='ocrx_word' id='word_1_41' title='bbox 2275 715 2542 770; x_wconf 79' lang='lat' dir='ltr'><strong>Leoffius.</strong></span> 
     </span>
    </p>
   </div>
   <div class='ocr_carea' id='block_1_6' title="bbox 286 801 2586 877">
    <p class='ocr_par' dir='ltr' id='par_1_6' title="bbox 286 801 2586 877">
     <span class='ocr_line' id='line_1_6' title="bbox 286 801 2586 877; baseline -0.002 -15"><span class='ocrx_word' id='word_1_42' title='bbox 286 822 464 877; x_wconf 90' lang='lat' dir='ltr'><strong>quam</strong></span> <span class='ocrx_word' id='word_1_43' title='bbox 498 803 732 860; x_wconf 72' lang='lat' dir='ltr'><strong>Ull’kitel</strong></span> <span class='ocrx_word' id='word_1_44' title='bbox 786 803 992 858; x_wconf 82' lang='lat' dir='ltr'><strong>habuit</strong></span> <span class='ocrx_word' id='word_1_45' title='bbox 1037 803 1092 856; x_wconf 91' lang='lat' dir='ltr'><strong>in</strong></span> <span class='ocrx_word' id='word_1_46' title='bbox 1123 802 1261 857; x_wconf 89' lang='lat' dir='ltr'><strong>villa</strong></span> <span class='ocrx_word' id='word_1_47' title='bbox 1290 807 1342 857; x_wconf 91' lang='lat' dir='ltr'><strong>et</strong></span> <span class='ocrx_word' id='word_1_48' title='bbox 1376 802 1573 857; x_wconf 83' lang='lat' dir='ltr'><strong>omnia</strong></span> <span class='ocrx_word' id='word_1_49' title='bbox 1617 803 1756 872; x_wconf 84' lang='lat' dir='ltr'><strong>jura</strong></span> <span class='ocrx_word' id='word_1_50' title='bbox 1785 818 1937 872; x_wconf 85' lang='lat' dir='ltr'><strong>qua-</strong></span> <span class='ocrx_word' id='word_1_51' title='bbox 2123 801 2237 873; x_wconf 87' lang='lat' dir='ltr'><strong>Ego</strong></span> <span class='ocrx_word' id='word_1_52' title='bbox 2273 802 2586 859; x_wconf 84' lang='lat' dir='ltr'><strong>Leofricus.</strong></span> 
     </span>
    </p>
   </div>
   <div class='ocr_carea' id='block_1_7' title="bbox 285 890 2903 965">
    <p class='ocr_par' dir='ltr' id='par_1_7' title="bbox 285 890 2903 965">
     <span class='ocr_line' id='line_1_7' title="bbox 285 890 2903 965; baseline -0.003 -15"><span class='ocrx_word' id='word_1_53' title='bbox 285 910 653 965; x_wconf 91' lang='lat' dir='ltr'><strong>rumcunque</strong></span> <span class='ocrx_word' id='word_1_54' title='bbox 683 909 996 948; x_wconf 80' lang='lat' dir='ltr'><strong>causarum</strong></span> <span class='ocrx_word' id='word_1_55' title='bbox 1029 893 1086 947; x_wconf 90' lang='lat' dir='ltr'><strong>in</strong></span> <span class='ocrx_word' id='word_1_56' title='bbox 1114 890 1268 946; x_wconf 85' lang='lat' dir='ltr'><strong>villis</strong></span> <span class='ocrx_word' id='word_1_57' title='bbox 1289 908 1420 962; x_wconf 69' lang='lat' dir='ltr'><strong>quas</strong></span> <span class='ocrx_word' id='word_1_58' title='bbox 1452 891 1806 946; x_wconf 88' lang='lat' dir='ltr'><strong>monasterio</strong></span> <span class='ocrx_word' id='word_1_59' title='bbox 1837 891 1936 945; x_wconf 91' lang='lat' dir='ltr'><strong>ad-</strong></span> <span class='ocrx_word' id='word_1_60' title='bbox 2837 902 2903 957; x_wconf 62' lang='grc' dir='ltr'><strong>ν,</strong></span> 
     </span>
    </p>
   </div>
   <div class='ocr_carea' id='block_1_8' title="bbox 281 979 3714 1062">
    <p class='ocr_par' dir='ltr' id='par_1_8' title="bbox 281 979 3714 1062">
     <span class='ocr_line' id='line_1_8' title="bbox 281 979 3714 1062; baseline 0.003 -24"><span class='ocrx_word' id='word_1_61' title='bbox 281 985 476 1054; x_wconf 88' lang='lat' dir='ltr'><strong>jacent</strong></span> <span class='ocrx_word' id='word_1_62' title='bbox 525 987 582 1038; x_wconf 92' lang='lat' dir='ltr'><strong>et</strong></span> <span class='ocrx_word' id='word_1_63' title='bbox 631 998 759 1053; x_wconf 67' lang='lat' dir='ltr'><strong>quae</strong></span> <span class='ocrx_word' id='word_1_64' title='bbox 793 981 1133 1050; x_wconf 59' lang='lat' dir='ltr'><strong>adjiciendae</strong></span> <span class='ocrx_word' id='word_1_65' title='bbox 1166 985 1305 1036; x_wconf 88' lang='lat' dir='ltr'><strong>sunt</strong></span> <span class='ocrx_word' id='word_1_66' title='bbox 1359 997 1460 1052; x_wconf 90' lang='lat' dir='ltr'><strong>per</strong></span> <span class='ocrx_word' id='word_1_67' title='bbox 1512 980 1759 1053; x_wconf 82' lang='lat' dir='ltr'><strong>gratiam</strong></span> <span class='ocrx_word' id='word_1_68' title='bbox 1813 979 1932 1034; x_wconf 84' lang='lat' dir='ltr'><strong>Dei.</strong></span> <span class='ocrx_word' id='word_1_69' title='bbox 2045 986 2257 1062; x_wconf 11' lang='lat' dir='ltr'><strong>Charta,</strong></span> <span class='ocrx_word' id='word_1_70' title='bbox 2292 991 2434 1058; x_wconf 73' lang='lat' dir='ltr'><strong>regis</strong></span> <span class='ocrx_word' id='word_1_71' title='bbox 2466 989 2684 1055; x_wconf 76' lang='lat' dir='ltr'><strong>Canuti,</strong></span> <span class='ocrx_word' id='word_1_72' title='bbox 2720 1007 2826 1062; x_wconf 88' lang='lat' dir='ltr'><strong>qua</strong></span> <span class='ocrx_word' id='word_1_73' title='bbox 2873 1007 3057 1047; x_wconf 81' lang='lat' dir='ltr'><strong>omnes</strong></span> <span class='ocrx_word' id='word_1_74' title='bbox 3094 1009 3288 1049; x_wconf 72' lang='lat' dir='ltr'><strong>causas</strong></span> <span class='ocrx_word' id='word_1_75' title='bbox 3332 996 3532 1050; x_wconf 70' lang='lat' dir='ltr'><strong>insula:</strong></span> <span class='ocrx_word' id='word_1_76' title='bbox 3583 995 3714 1050; x_wconf 78' lang='lat' dir='ltr'><strong>Gla-</strong></span> 
     </span>
    </p>
   </div>
   <div class='ocr_carea' id='block_1_9' title="bbox 284 1061 3714 1146">
    <p class='ocr_par' dir='ltr' id='par_1_9' title="bbox 284 1061 3714 1146">
     <span class='ocr_line' id='line_1_9' title="bbox 284 1061 3714 1146; baseline 0 -18"><span class='ocrx_word' id='word_1_77' title='bbox 284 1073 424 1128; x_wconf 92' lang='lat' dir='ltr'><strong>Dedi</strong></span> <span class='ocrx_word' id='word_1_78' title='bbox 459 1086 690 1143; x_wconf 87' lang='lat' dir='ltr'><strong>quoque</strong></span> <span class='ocrx_word' id='word_1_79' title='bbox 723 1069 933 1140; x_wconf 79' lang='lat' dir='ltr'><strong>reginae</strong></span> <span class='ocrx_word' id='word_1_80' title='bbox 986 1084 1125 1124; x_wconf 77' lang='lat' dir='ltr'><strong>meae</strong></span> <span class='ocrx_word' id='word_1_81' title='bbox 1175 1085 1505 1136; x_wconf 81' lang='lat' dir='ltr'><strong>assensum,</strong></span> <span class='ocrx_word' id='word_1_82' title='bbox 1530 1069 1853 1124; x_wconf 87' lang='lat' dir='ltr'><strong>concedens</strong></span> <span class='ocrx_word' id='word_1_83' title='bbox 1884 1067 1936 1122; x_wconf 90' lang='lat' dir='ltr'><strong>ei</strong></span> <span class='ocrx_word' id='word_1_84' title='bbox 2114 1061 2906 1146; x_wconf 33' lang='lat' dir='ltr'><strong>stom&#39;az,.tayn‘eqelesidfsliqas</strong></span> <span class='ocrx_word' id='word_1_85' title='bbox 2945 1080 3109 1146; x_wconf 56' lang='lat' dir='ltr'><strong>qaan;</strong></span> <span class='ocrx_word' id='word_1_86' title='bbox 3153 1065 3463 1146; x_wconf 48' lang='lat' dir='ltr'><strong>segniores.</strong></span> <span class='ocrx_word' id='word_1_87' title='bbox 3492 1067 3714 1123; x_wconf 74' lang='lat' dir='ltr'><strong>abbatis</strong></span> 
     </span>
    </p>
   </div>
   <div class='ocr_carea' id='block_1_10' title="bbox 282 1132 1831 1232">
    <p class='ocr_par' dir='ltr' id='par_1_10' title="bbox 282 1132 1820 1232">
     <span class='ocr_line' id='line_1_10' title="bbox 282 1132 1820 1232; baseline -0.004 -16"><span class='ocrx_word' id='word_1_88' title='bbox 282 1178 386 1232; x_wconf 90' lang='lat' dir='ltr'><strong>pro</strong></span> <span class='ocrx_word' id='word_1_89' title='bbox 418 1132 526 1215; x_wconf 73' lang='lat' dir='ltr'><strong>sua</strong></span> <span class='ocrx_word' id='word_1_90' title='bbox 554 1158 922 1230; x_wconf 86' lang='lat' dir='ltr'><strong>eleemosyna</strong></span> <span class='ocrx_word' id='word_1_91' title='bbox 953 1157 1090 1214; x_wconf 89' lang='lat' dir='ltr'><strong>dare</strong></span> <span class='ocrx_word' id='word_1_92' title='bbox 1135 1161 1388 1230; x_wconf 83' lang='lat' dir='ltr'><strong>quatuor</strong></span> <span class='ocrx_word' id='word_1_93' title='bbox 1432 1156 1618 1212; x_wconf 89' lang='lat' dir='ltr'><strong>millia</strong></span> <span class='ocrx_word' id='word_1_94' title='bbox 1648 1156 1820 1231; x_wconf 85' lang='lat' dir='ltr'><strong>angui</strong></span> 
     </span>
    </p>
   </div>
   <div class='ocr_carea' id='block_1_11' title="bbox 1989 1132 3538 1232">
    <p class='ocr_par' dir='ltr' id='par_1_11' title="bbox 2113 1132 3538 1207">
     <span class='ocr_line' id='line_1_11' title="bbox 2113 1132 3538 1207; baseline 0.008 -24"><span class='ocrx_word' id='word_1_95' title='bbox 2113 1133 2372 1202; x_wconf 82' lang='lat' dir='ltr'><strong>supponit</strong></span> <span class='ocrx_word' id='word_1_96' title='bbox 2395 1132 2626 1202; x_wconf 74' lang='lat' dir='ltr'><strong>judicio,</strong></span> <span class='ocrx_word' id='word_1_97' title='bbox 2650 1136 2863 1190; x_wconf 59' lang='lat' dir='ltr'><strong>carioris</strong></span> <span class='ocrx_word' id='word_1_98' title='bbox 2892 1132 3130 1189; x_wconf 40' lang='lat' dir='ltr'><strong>occlusis</strong></span> <span class='ocrx_word' id='word_1_99' title='bbox 3154 1138 3538 1207; x_wconf 68' lang='lat' dir='ltr'><strong>potestatibus.</strong></span> 
     </span>
    </p>
   </div>
   <div class='ocr_carea' id='block_1_12' title="bbox 281 1245 3709 1324">
    <p class='ocr_par' dir='ltr' id='par_1_12' title="bbox 281 1245 3709 1324">
     <span class='ocr_line' id='line_1_12' title="bbox 281 1245 3709 1324; baseline 0.002 -20"><span class='ocrx_word' id='word_1_100' title='bbox 281 1265 412 1304; x_wconf 91' lang='lat' dir='ltr'><strong>rum</strong></span> <span class='ocrx_word' id='word_1_101' title='bbox 462 1263 594 1303; x_wconf 92' lang='lat' dir='ltr'><strong>cum</strong></span> <span class='ocrx_word' id='word_1_102' title='bbox 655 1246 999 1302; x_wconf 82' lang='lat' dir='ltr'><strong>muneribus</strong></span> <span class='ocrx_word' id='word_1_103' title='bbox 1031 1263 1157 1318; x_wconf 70' lang='lat' dir='ltr'><strong>qua:</strong></span> <span class='ocrx_word' id='word_1_104' title='bbox 1191 1247 1484 1319; x_wconf 86' lang='lat' dir='ltr'><strong>pertinent</strong></span> <span class='ocrx_word' id='word_1_105' title='bbox 1521 1246 1594 1302; x_wconf 88' lang='lat' dir='ltr'><strong>ad</strong></span> <span class='ocrx_word' id='word_1_106' title='bbox 1648 1245 1778 1301; x_wconf 86' lang='lat' dir='ltr'><strong>illas</strong></span> <span class='ocrx_word' id='word_1_107' title='bbox 1831 1262 1934 1316; x_wconf 91' lang='lat' dir='ltr'><strong>pro</strong></span> <span class='ocrx_word' id='word_1_108' title='bbox 2115 1246 2192 1314; x_wconf 81' lang='grc'><strong>(2)</strong></span> <span class='ocrx_word' id='word_1_109' title='bbox 2227 1245 2526 1318; x_wconf 83' lang='lat' dir='ltr'><strong>Regnante</strong></span> <span class='ocrx_word' id='word_1_110' title='bbox 2560 1248 2616 1303; x_wconf 91' lang='lat' dir='ltr'><strong>in</strong></span> <span class='ocrx_word' id='word_1_111' title='bbox 2641 1254 2987 1320; x_wconf 90' lang='lat' dir='ltr'><strong>perpetuum</strong></span> <span class='ocrx_word' id='word_1_112' title='bbox 3013 1251 3396 1324; x_wconf 90' lang='lat' dir='ltr'><strong>Domino,qui</strong></span> <span class='ocrx_word' id='word_1_113' title='bbox 3423 1270 3533 1310; x_wconf 92' lang='lat' dir='ltr'><strong>sua</strong></span> <span class='ocrx_word' id='word_1_114' title='bbox 3562 1255 3709 1311; x_wconf 83' lang='lat' dir='ltr'><strong>inef-</strong></span> 
     </span>
    </p>
   </div>
   <div class='ocr_carea' id='block_1_13' title="bbox 283 1332 3702 1414">
    <p class='ocr_par' dir='ltr' id='par_1_13' title="bbox 283 1332 3702 1414">
     <span class='ocr_line' id='line_1_13' title="bbox 283 1332 3702 1414; baseline 0.002 -21"><span class='ocrx_word' id='word_1_115' title='bbox 283 1335 523 1394; x_wconf 87' lang='lat' dir='ltr'><strong>annuali</strong></span> <span class='ocrx_word' id='word_1_116' title='bbox 556 1352 734 1392; x_wconf 89' lang='lat' dir='ltr'><strong>censu</strong></span> <span class='ocrx_word' id='word_1_117' title='bbox 769 1335 827 1389; x_wconf 91' lang='lat' dir='ltr'><strong>in</strong></span> <span class='ocrx_word' id='word_1_118' title='bbox 858 1334 997 1390; x_wconf 90' lang='lat' dir='ltr'><strong>villa</strong></span> <span class='ocrx_word' id='word_1_119' title='bbox 1026 1352 1153 1407; x_wconf 70' lang='lat' dir='ltr'><strong>quas</strong></span> <span class='ocrx_word' id='word_1_120' title='bbox 1186 1335 1634 1408; x_wconf 85' lang='lat' dir='ltr'><strong>cognominatur</strong></span> <span class='ocrx_word' id='word_1_121' title='bbox 1663 1334 1935 1406; x_wconf 90' lang='lat' dir='ltr'><strong>Lacinga-</strong></span> <span class='ocrx_word' id='word_1_122' title='bbox 2043 1332 2203 1387; x_wconf 79' lang='lat' dir='ltr'><strong>fabili</strong></span> <span class='ocrx_word' id='word_1_123' title='bbox 2239 1336 2497 1406; x_wconf 87' lang='lat' dir='ltr'><strong>potentia</strong></span> <span class='ocrx_word' id='word_1_124' title='bbox 2541 1337 2742 1392; x_wconf 89' lang='lat' dir='ltr'><strong>omnia</strong></span> <span class='ocrx_word' id='word_1_125' title='bbox 2770 1338 3031 1410; x_wconf 90' lang='lat' dir='ltr'><strong>disponit</strong></span> <span class='ocrx_word' id='word_1_126' title='bbox 3071 1344 3246 1412; x_wconf 90' lang='lat' dir='ltr'><strong>atque</strong></span> <span class='ocrx_word' id='word_1_127' title='bbox 3276 1342 3587 1414; x_wconf 83' lang='lat' dir='ltr'><strong>gubernat,</strong></span> <span class='ocrx_word' id='word_1_128' title='bbox 3618 1345 3702 1400; x_wconf 87' lang='lat' dir='ltr'><strong>vi-</strong></span> 
     </span>
    </p>
   </div>
   <div class='ocr_carea' id='block_1_14' title="bbox 280 1424 3702 1499">
    <p class='ocr_par' dir='ltr' id='par_1_14' title="bbox 280 1424 3702 1499">
     <span class='ocr_line' id='line_1_14' title="bbox 280 1424 3702 1499; baseline 0.002 -17"><span class='ocrx_word' id='word_1_129' title='bbox 280 1427 478 1499; x_wconf 82' lang='lat' dir='ltr'><strong>hythe.</strong></span> <span class='ocrx_word' id='word_1_130' title='bbox 2040 1437 2252 1494; x_wconf 89' lang='lat' dir='ltr'><strong>cesque</strong></span> <span class='ocrx_word' id='word_1_131' title='bbox 2283 1426 2611 1494; x_wconf 87' lang='lat' dir='ltr'><strong>temporum</strong></span> <span class='ocrx_word' id='word_1_132' title='bbox 2645 1424 3073 1499; x_wconf 87' lang='lat' dir='ltr'><strong>hominumque</strong></span> <span class='ocrx_word' id='word_1_133' title='bbox 3104 1427 3452 1486; x_wconf 86' lang='lat' dir='ltr'><strong>mirabiliter</strong></span> <span class='ocrx_word' id='word_1_134' title='bbox 3477 1431 3702 1488; x_wconf 84' lang='lat' dir='ltr'><strong>discer-</strong></span> 
     </span>
    </p>
   </div>
   <div class='ocr_carea' id='block_1_15' title="bbox 346 1511 3700 1592">
    <p class='ocr_par' dir='ltr' id='par_1_15' title="bbox 346 1511 3700 1592">
     <span class='ocr_line' id='line_1_15' title="bbox 346 1511 3700 1592; baseline 0.002 -21"><span class='ocrx_word' id='word_1_135' title='bbox 346 1516 410 1572; x_wconf 90' lang='lat' dir='ltr'><strong>Si</strong></span> <span class='ocrx_word' id='word_1_136' title='bbox 440 1514 739 1587; x_wconf 87' lang='lat' dir='ltr'><strong>quislibet,</strong></span> <span class='ocrx_word' id='word_1_137' title='bbox 773 1513 928 1585; x_wconf 90' lang='lat' dir='ltr'><strong>quod</strong></span> <span class='ocrx_word' id='word_1_138' title='bbox 970 1513 1153 1569; x_wconf 84' lang='lat' dir='ltr'><strong>absit!</strong></span> <span class='ocrx_word' id='word_1_139' title='bbox 1203 1512 1378 1568; x_wconf 87' lang='lat' dir='ltr'><strong>istam</strong></span> <span class='ocrx_word' id='word_1_140' title='bbox 1423 1511 1749 1567; x_wconf 90' lang='lat' dir='ltr'><strong>libertatem</strong></span> <span class='ocrx_word' id='word_1_141' title='bbox 1783 1527 1929 1582; x_wconf 86' lang='lat' dir='ltr'><strong>quo-</strong></span> <span class='ocrx_word' id='word_1_142' title='bbox 2042 1527 2207 1572; x_wconf 90' lang='lat' dir='ltr'><strong>nens.</strong></span> <span class='ocrx_word' id='word_1_143' title='bbox 2240 1512 2680 1585; x_wconf 89' lang='lat' dir='ltr'><strong>terminumque</strong></span> <span class='ocrx_word' id='word_1_144' title='bbox 2712 1514 3020 1583; x_wconf 89' lang='lat' dir='ltr'><strong>incertum,</strong></span> <span class='ocrx_word' id='word_1_145' title='bbox 3055 1522 3228 1588; x_wconf 88' lang='lat' dir='ltr'><strong>prout</strong></span> <span class='ocrx_word' id='word_1_146' title='bbox 3260 1517 3402 1587; x_wconf 91' lang='lat' dir='ltr'><strong>vult,</strong></span> <span class='ocrx_word' id='word_1_147' title='bbox 3436 1522 3700 1592; x_wconf 66' lang='lat' dir='ltr'><strong>aequani-</strong></span> 
     </span>
    </p>
   </div>
   <div class='ocr_carea' id='block_1_16' title="bbox 276 1599 3702 1682">
    <p class='ocr_par' dir='ltr' id='par_1_16' title="bbox 276 1599 3702 1682">
     <span class='ocr_line' id='line_1_16' title="bbox 276 1599 3702 1682; baseline 0.002 -23"><span class='ocrx_word' id='word_1_148' title='bbox 276 1604 541 1676; x_wconf 88' lang='lat' dir='ltr'><strong>quolibet</strong></span> <span class='ocrx_word' id='word_1_149' title='bbox 569 1608 780 1659; x_wconf 86' lang='lat' dir='ltr'><strong>conatu</strong></span> <span class='ocrx_word' id='word_1_150' title='bbox 810 1601 1018 1656; x_wconf 87' lang='lat' dir='ltr'><strong>nititur</strong></span> <span class='ocrx_word' id='word_1_151' title='bbox 1043 1601 1338 1657; x_wconf 84' lang='lat' dir='ltr'><strong>servitutis</strong></span> <span class='ocrx_word' id='word_1_152' title='bbox 1361 1602 1505 1672; x_wconf 90' lang='lat' dir='ltr'><strong>jugo</strong></span> <span class='ocrx_word' id='word_1_153' title='bbox 1531 1600 1820 1672; x_wconf 85' lang='lat' dir='ltr'><strong>subigere,</strong></span> <span class='ocrx_word' id='word_1_154' title='bbox 1843 1599 1928 1654; x_wconf 89' lang='lat' dir='ltr'><strong>vel</strong></span> <span class='ocrx_word' id='word_1_155' title='bbox 2041 1599 2212 1655; x_wconf 91' lang='lat' dir='ltr'><strong>miter</strong></span> <span class='ocrx_word' id='word_1_156' title='bbox 2242 1599 2573 1672; x_wconf 89' lang='lat' dir='ltr'><strong>imponens,</strong></span> <span class='ocrx_word' id='word_1_157' title='bbox 2607 1609 2664 1658; x_wconf 90' lang='lat' dir='ltr'><strong>et</strong></span> <span class='ocrx_word' id='word_1_158' title='bbox 2712 1605 2783 1659; x_wconf 92' lang='lat' dir='ltr'><strong>de</strong></span> <span class='ocrx_word' id='word_1_159' title='bbox 2838 1605 3076 1661; x_wconf 89' lang='lat' dir='ltr'><strong>secretis</strong></span> <span class='ocrx_word' id='word_1_160' title='bbox 3129 1610 3350 1662; x_wconf 63' lang='lat' dir='ltr'><strong>natura:</strong></span> <span class='ocrx_word' id='word_1_161' title='bbox 3403 1611 3702 1682; x_wconf 81' lang='lat' dir='ltr'><strong>mysteriis</strong></span> 
     </span>
    </p>
   </div>
   <div class='ocr_carea' id='block_1_17' title="bbox 277 1687 3701 1766">
    <p class='ocr_par' dir='ltr' id='par_1_17' title="bbox 277 1687 3701 1766">
     <span class='ocr_line' id='line_1_17' title="bbox 277 1687 3701 1766; baseline 0.003 -20"><span class='ocrx_word' id='word_1_162' title='bbox 277 1709 452 1766; x_wconf 88' lang='lat' dir='ltr'><strong>prava</strong></span> <span class='ocrx_word' id='word_1_163' title='bbox 481 1691 801 1746; x_wconf 89' lang='lat' dir='ltr'><strong>intentione</strong></span> <span class='ocrx_word' id='word_1_164' title='bbox 832 1694 1249 1757; x_wconf 86' lang='lat' dir='ltr'><strong>transmutare,</strong></span> <span class='ocrx_word' id='word_1_165' title='bbox 1277 1694 1340 1744; x_wconf 90' lang='lat' dir='ltr'><strong>ut</strong></span> <span class='ocrx_word' id='word_1_166' title='bbox 1366 1706 1572 1744; x_wconf 89' lang='lat' dir='ltr'><strong>rursus</strong></span> <span class='ocrx_word' id='word_1_167' title='bbox 1598 1688 1837 1744; x_wconf 88' lang='lat' dir='ltr'><strong>clericos</strong></span> <span class='ocrx_word' id='word_1_168' title='bbox 1871 1687 1927 1743; x_wconf 93' lang='lat' dir='ltr'><strong>in</strong></span> <span class='ocrx_word' id='word_1_169' title='bbox 2040 1687 2495 1744; x_wconf 86' lang='lat' dir='ltr'><strong>misericorditer</strong></span> <span class='ocrx_word' id='word_1_170' title='bbox 2526 1691 2715 1758; x_wconf 90' lang='lat' dir='ltr'><strong>docet,</strong></span> <span class='ocrx_word' id='word_1_171' title='bbox 2748 1696 2813 1746; x_wconf 91' lang='lat' dir='ltr'><strong>ut</strong></span> <span class='ocrx_word' id='word_1_172' title='bbox 2857 1693 2927 1748; x_wconf 91' lang='lat' dir='ltr'><strong>de</strong></span> <span class='ocrx_word' id='word_1_173' title='bbox 2960 1693 3242 1766; x_wconf 84' lang='lat' dir='ltr'><strong>fugitivis,</strong></span> <span class='ocrx_word' id='word_1_174' title='bbox 3275 1699 3332 1751; x_wconf 91' lang='lat' dir='ltr'><strong>et</strong></span> <span class='ocrx_word' id='word_1_175' title='bbox 3361 1697 3488 1753; x_wconf 91' lang='lat' dir='ltr'><strong>sine</strong></span> <span class='ocrx_word' id='word_1_176' title='bbox 3520 1699 3701 1755; x_wconf 91' lang='lat' dir='ltr'><strong>dubio</strong></span> 
     </span>
    </p>
   </div>
   <div class='ocr_carea' id='block_1_18' title="bbox 273 1777 3696 1876">
    <p class='ocr_par' dir='ltr' id='par_1_18' title="bbox 273 1777 3696 1876">
     <span class='ocr_line' id='line_1_18' title="bbox 273 1777 3696 1876; baseline 0.002 -38"><span class='ocrx_word' id='word_1_177' title='bbox 273 1801 339 1838; x_wconf 90' lang='lat' dir='ltr'><strong>eo</strong></span> <span class='ocrx_word' id='word_1_178' title='bbox 367 1781 626 1846; x_wconf 86' lang='lat' dir='ltr'><strong>collocet,</strong></span> <span class='ocrx_word' id='word_1_179' title='bbox 651 1780 724 1836; x_wconf 85' lang='lat' dir='ltr'><strong>sit</strong></span> <span class='ocrx_word' id='word_1_180' title='bbox 768 1781 1035 1836; x_wconf 89' lang='lat' dir='ltr'><strong>addictus</strong></span> <span class='ocrx_word' id='word_1_181' title='bbox 1079 1779 1398 1851; x_wconf 85' lang='lat' dir='ltr'><strong>captivitati</strong></span> <span class='ocrx_word' id='word_1_182' title='bbox 1432 1784 1681 1843; x_wconf 63' lang='lat' dir='ltr'><strong>reternae,</strong></span> <span class='ocrx_word' id='word_1_183' title='bbox 1725 1795 1929 1833; x_wconf 89' lang='lat' dir='ltr'><strong>carens</strong></span> <span class='ocrx_word' id='word_1_184' title='bbox 1961 1811 2006 1876; x_wconf 80' lang='grc' dir='ltr'><strong>Β</strong></span> <span class='ocrx_word' id='word_1_185' title='bbox 2043 1777 2416 1846; x_wconf 89' lang='lat' dir='ltr'><strong>transitoriis,</strong></span> <span class='ocrx_word' id='word_1_186' title='bbox 2448 1796 2726 1836; x_wconf 87' lang='lat' dir='ltr'><strong>mansura</strong></span> <span class='ocrx_word' id='word_1_187' title='bbox 2747 1797 2926 1854; x_wconf 88' lang='lat' dir='ltr'><strong>regna</strong></span> <span class='ocrx_word' id='word_1_188' title='bbox 2947 1782 3046 1838; x_wconf 91' lang='lat' dir='ltr'><strong>Dei</strong></span> <span class='ocrx_word' id='word_1_189' title='bbox 3069 1784 3347 1857; x_wconf 75' lang='lat' dir='ltr'><strong>suffragio</strong></span> <span class='ocrx_word' id='word_1_190' title='bbox 3369 1786 3696 1859; x_wconf 80' lang='lat' dir='ltr'><strong>adipiscen-</strong></span> 
     </span>
    </p>
   </div>
   <div class='ocr_carea' id='block_1_19' title="bbox 275 1866 2283 1944">
    <p class='ocr_par' dir='ltr' id='par_1_19' title="bbox 275 1866 2283 1944">
     <span class='ocr_line' id='line_1_19' title="bbox 275 1866 2283 1944; baseline -0.003 -16"><span class='ocrx_word' id='word_1_191' title='bbox 275 1872 631 1944; x_wconf 87' lang='lat' dir='ltr'><strong>sempiterna</strong></span> <span class='ocrx_word' id='word_1_192' title='bbox 662 1869 925 1925; x_wconf 89' lang='lat' dir='ltr'><strong>libertate</strong></span> <span class='ocrx_word' id='word_1_193' title='bbox 955 1873 1012 1923; x_wconf 83' lang='lat' dir='ltr'><strong>et</strong></span> <span class='ocrx_word' id='word_1_194' title='bbox 1043 1869 1412 1941; x_wconf 88' lang='lat' dir='ltr'><strong>mancipatus</strong></span> <span class='ocrx_word' id='word_1_195' title='bbox 1445 1868 1678 1923; x_wconf 89' lang='lat' dir='ltr'><strong>servitio</strong></span> <span class='ocrx_word' id='word_1_196' title='bbox 1709 1867 1922 1922; x_wconf 88' lang='lat' dir='ltr'><strong>diaboli</strong></span> <span class='ocrx_word' id='word_1_197' title='bbox 1961 1866 2003 1876; x_wconf 80' lang='grc'><strong>”</strong></span> <span class='ocrx_word' id='word_1_198' title='bbox 2040 1866 2115 1920; x_wconf 93' lang='lat' dir='ltr'><strong>da</strong></span> <span class='ocrx_word' id='word_1_199' title='bbox 2145 1867 2283 1921; x_wconf 88' lang='lat' dir='ltr'><strong>sint.</strong></span> 
     </span>
    </p>
   </div>
   <div class='ocr_carea' id='block_1_20' title="bbox 272 1955 3693 2035">
    <p class='ocr_par' dir='ltr' id='par_1_20' title="bbox 272 1955 3693 2035">
     <span class='ocr_line' id='line_1_20' title="bbox 272 1955 3693 2035; baseline 0.002 -19"><span class='ocrx_word' id='word_1_200' title='bbox 272 1963 515 2030; x_wconf 71' lang='lat' dir='ltr'><strong>ejusque</strong></span> <span class='ocrx_word' id='word_1_201' title='bbox 547 1958 836 2030; x_wconf 90' lang='lat' dir='ltr'><strong>consortio</strong></span> <span class='ocrx_word' id='word_1_202' title='bbox 869 1958 944 2013; x_wconf 88' lang='lat' dir='ltr'><strong>sit</strong></span> <span class='ocrx_word' id='word_1_203' title='bbox 975 1956 1471 2013; x_wconf 80' lang='lat' dir='ltr'><strong>inextricabilibus</strong></span> <span class='ocrx_word' id='word_1_204' title='bbox 1506 1955 1751 2012; x_wconf 88' lang='lat' dir='ltr'><strong>habenis</strong></span> <span class='ocrx_word' id='word_1_205' title='bbox 1781 1973 1922 2011; x_wconf 91' lang='lat' dir='ltr'><strong>con—</strong></span> <span class='ocrx_word' id='word_1_206' title='bbox 2106 1956 2470 2029; x_wconf 88' lang='lat' dir='ltr'><strong>Quapropter</strong></span> <span class='ocrx_word' id='word_1_207' title='bbox 2522 1973 2626 2028; x_wconf 86' lang='lat' dir='ltr'><strong>ego</strong></span> <span class='ocrx_word' id='word_1_208' title='bbox 2683 1962 2868 2015; x_wconf 76' lang='lat' dir='ltr'><strong>Cnuto</strong></span> <span class='ocrx_word' id='word_1_209' title='bbox 2921 1977 3018 2016; x_wconf 83' lang='lat' dir='ltr'><strong>rex</strong></span> <span class='ocrx_word' id='word_1_210' title='bbox 3069 1961 3413 2035; x_wconf 88' lang='lat' dir='ltr'><strong>Anglorum,</strong></span> <span class='ocrx_word' id='word_1_211' title='bbox 3458 1971 3693 2024; x_wconf 62' lang='lat' dir='ltr'><strong>cetera-</strong></span> 
     </span>
    </p>
   </div>
   <div class='ocr_carea' id='block_1_21' title="bbox 273 2045 3690 2126">
    <p class='ocr_par' dir='ltr' id='par_1_21' title="bbox 273 2045 3690 2126">
     <span class='ocr_line' id='line_1_21' title="bbox 273 2045 3690 2126; baseline 0.002 -22"><span class='ocrx_word' id='word_1_212' title='bbox 273 2049 529 2115; x_wconf 90' lang='lat' dir='ltr'><strong>strictus,</strong></span> <span class='ocrx_word' id='word_1_213' title='bbox 554 2047 667 2102; x_wconf 92' lang='lat' dir='ltr'><strong>nisi</strong></span> <span class='ocrx_word' id='word_1_214' title='bbox 691 2046 1013 2102; x_wconf 83' lang='lat' dir='ltr'><strong>satisfactio</strong></span> <span class='ocrx_word' id='word_1_215' title='bbox 1045 2047 1173 2117; x_wconf 86' lang='lat' dir='ltr'><strong>ejus</strong></span> <span class='ocrx_word' id='word_1_216' title='bbox 1195 2046 1412 2101; x_wconf 85' lang='lat' dir='ltr'><strong>erratui</strong></span> <span class='ocrx_word' id='word_1_217' title='bbox 1445 2046 1746 2101; x_wconf 88' lang='lat' dir='ltr'><strong>subveniat</strong></span> <span class='ocrx_word' id='word_1_218' title='bbox 1769 2046 1920 2117; x_wconf 93' lang='lat' dir='ltr'><strong>quod</strong></span> <span class='ocrx_word' id='word_1_219' title='bbox 2033 2059 2280 2115; x_wconf 89' lang='lat' dir='ltr'><strong>rumque</strong></span> <span class='ocrx_word' id='word_1_220' title='bbox 2313 2045 2575 2116; x_wconf 90' lang='lat' dir='ltr'><strong>gentium</strong></span> <span class='ocrx_word' id='word_1_221' title='bbox 2621 2047 2678 2102; x_wconf 92' lang='lat' dir='ltr'><strong>in</strong></span> <span class='ocrx_word' id='word_1_222' title='bbox 2711 2049 2955 2103; x_wconf 89' lang='lat' dir='ltr'><strong>circuitu</strong></span> <span class='ocrx_word' id='word_1_223' title='bbox 3003 2050 3444 2122; x_wconf 85' lang='lat' dir='ltr'><strong>persistentium</strong></span> <span class='ocrx_word' id='word_1_224' title='bbox 3476 2055 3690 2126; x_wconf 82' lang='lat' dir='ltr'><strong>guber-</strong></span> 
     </span>
    </p>
   </div>
   <div class='ocr_carea' id='block_1_22' title="bbox 273 2136 3693 2215">
    <p class='ocr_par' dir='ltr' id='par_1_22' title="bbox 273 2136 3693 2215">
     <span class='ocr_line' id='line_1_22' title="bbox 273 2136 3693 2215; baseline 0.002 -23"><span class='ocrx_word' id='word_1_225' title='bbox 273 2154 515 2210; x_wconf 88' lang='lat' dir='ltr'><strong>prorsus</strong></span> <span class='ocrx_word' id='word_1_226' title='bbox 542 2141 833 2209; x_wconf 89' lang='lat' dir='ltr'><strong>optamus.</strong></span> <span class='ocrx_word' id='word_1_227' title='bbox 2032 2136 2198 2187; x_wconf 87' lang='lat' dir='ltr'><strong>nator</strong></span> <span class='ocrx_word' id='word_1_228' title='bbox 2228 2137 2284 2187; x_wconf 90' lang='lat' dir='ltr'><strong>et</strong></span> <span class='ocrx_word' id='word_1_229' title='bbox 2315 2139 2522 2202; x_wconf 89' lang='lat' dir='ltr'><strong>rector,</strong></span> <span class='ocrx_word' id='word_1_230' title='bbox 2547 2151 2679 2190; x_wconf 90' lang='lat' dir='ltr'><strong>cum</strong></span> <span class='ocrx_word' id='word_1_231' title='bbox 2703 2136 2945 2193; x_wconf 86' lang='lat' dir='ltr'><strong>consilio</strong></span> <span class='ocrx_word' id='word_1_232' title='bbox 2973 2143 3030 2194; x_wconf 89' lang='lat' dir='ltr'><strong>et</strong></span> <span class='ocrx_word' id='word_1_233' title='bbox 3050 2139 3278 2196; x_wconf 89' lang='lat' dir='ltr'><strong>decreto</strong></span> <span class='ocrx_word' id='word_1_234' title='bbox 3309 2142 3693 2215; x_wconf 64' lang='lat' dir='ltr'><strong>archipresu-</strong></span> 
     </span>
    </p>
   </div>
   <div class='ocr_carea' id='block_1_23' title="bbox 343 2219 3690 2298">
    <p class='ocr_par' dir='ltr' id='par_1_23' title="bbox 343 2219 3690 2298">
     <span class='ocr_line' id='line_1_23' title="bbox 343 2219 3690 2298; baseline 0.001 -17"><span class='ocrx_word' id='word_1_235' title='bbox 343 2227 459 2298; x_wconf 87' lang='lat' dir='ltr'><strong>Ego</strong></span> <span class='ocrx_word' id='word_1_236' title='bbox 491 2226 661 2292; x_wconf 89' lang='lat' dir='ltr'><strong>Cnut,</strong></span> <span class='ocrx_word' id='word_1_237' title='bbox 689 2241 784 2280; x_wconf 87' lang='lat' dir='ltr'><strong>rex</strong></span> <span class='ocrx_word' id='word_1_238' title='bbox 814 2224 1005 2296; x_wconf 88' lang='lat' dir='ltr'><strong>gentis</strong></span> <span class='ocrx_word' id='word_1_239' title='bbox 1027 2222 1349 2296; x_wconf 86' lang='lat' dir='ltr'><strong>Anglorum</strong></span> <span class='ocrx_word' id='word_1_240' title='bbox 1379 2224 1742 2296; x_wconf 88' lang='lat' dir='ltr'><strong>aliarumque</strong></span> <span class='ocrx_word' id='word_1_241' title='bbox 1774 2224 1922 2279; x_wconf 88' lang='lat' dir='ltr'><strong>nihi-</strong></span> <span class='ocrx_word' id='word_1_242' title='bbox 2029 2219 2102 2274; x_wconf 87' lang='lat' dir='ltr'><strong>lis</strong></span> <span class='ocrx_word' id='word_1_243' title='bbox 2129 2221 2310 2276; x_wconf 86' lang='lat' dir='ltr'><strong>nostri</strong></span> <span class='ocrx_word' id='word_1_244' title='bbox 2340 2222 2664 2290; x_wconf 89' lang='lat' dir='ltr'><strong>Edelnothi,</strong></span> <span class='ocrx_word' id='word_1_245' title='bbox 2689 2225 2983 2297; x_wconf 91' lang='lat' dir='ltr'><strong>simulque</strong></span> <span class='ocrx_word' id='word_1_246' title='bbox 3006 2232 3350 2285; x_wconf 89' lang='lat' dir='ltr'><strong>cunctorum</strong></span> <span class='ocrx_word' id='word_1_247' title='bbox 3376 2230 3478 2287; x_wconf 90' lang='lat' dir='ltr'><strong>Dei</strong></span> <span class='ocrx_word' id='word_1_248' title='bbox 3501 2248 3690 2288; x_wconf 82' lang='lat' dir='ltr'><strong>sacer-</strong></span> 
     </span>
    </p>
   </div>
   <div class='ocr_carea' id='block_1_24' title="bbox 271 2310 3685 2386">
    <p class='ocr_par' dir='ltr' id='par_1_24' title="bbox 271 2310 3685 2386">
     <span class='ocr_line' id='line_1_24' title="bbox 271 2310 3685 2386; baseline 0.002 -16"><span class='ocrx_word' id='word_1_249' title='bbox 271 2315 528 2370; x_wconf 92' lang='lat' dir='ltr'><strong>lominus</strong></span> <span class='ocrx_word' id='word_1_250' title='bbox 559 2313 668 2369; x_wconf 90' lang='lat' dir='ltr'><strong>hoc</strong></span> <span class='ocrx_word' id='word_1_251' title='bbox 709 2313 1076 2385; x_wconf 88' lang='lat' dir='ltr'><strong>privilegium</strong></span> <span class='ocrx_word' id='word_1_252' title='bbox 1115 2313 1270 2385; x_wconf 89' lang='lat' dir='ltr'><strong>jussi</strong></span> <span class='ocrx_word' id='word_1_253' title='bbox 1301 2330 1648 2386; x_wconf 85' lang='lat' dir='ltr'><strong>componere</strong></span> <span class='ocrx_word' id='word_1_254' title='bbox 1677 2319 1733 2369; x_wconf 88' lang='lat' dir='ltr'><strong>et</strong></span> <span class='ocrx_word' id='word_1_255' title='bbox 1762 2331 1919 2369; x_wconf 88' lang='lat' dir='ltr'><strong>com-</strong></span> <span class='ocrx_word' id='word_1_256' title='bbox 2033 2310 2331 2376; x_wconf 90' lang='lat' dir='ltr'><strong>dotum,et</strong></span> <span class='ocrx_word' id='word_1_257' title='bbox 2348 2328 2636 2368; x_wconf 83' lang='lat' dir='ltr'><strong>consensu</strong></span> <span class='ocrx_word' id='word_1_258' title='bbox 2655 2314 3004 2386; x_wconf 88' lang='lat' dir='ltr'><strong>optimatum</strong></span> <span class='ocrx_word' id='word_1_259' title='bbox 3024 2319 3400 2386; x_wconf 90' lang='lat' dir='ltr'><strong>meorum,ob</strong></span> <span class='ocrx_word' id='word_1_260' title='bbox 3422 2336 3685 2377; x_wconf 89' lang='lat' dir='ltr'><strong>amorem</strong></span> 
     </span>
    </p>
   </div>
   <div class='ocr_carea' id='block_1_25' title="bbox 267 2397 3684 2480">
    <p class='ocr_par' dir='ltr' id='par_1_25' title="bbox 267 2397 3684 2480">
     <span class='ocr_line' id='line_1_25' title="bbox 267 2397 3684 2480; baseline 0.001 -21"><span class='ocrx_word' id='word_1_261' title='bbox 267 2403 525 2475; x_wconf 87' lang='lat' dir='ltr'><strong>positum</strong></span> <span class='ocrx_word' id='word_1_262' title='bbox 557 2420 691 2457; x_wconf 90' lang='lat' dir='ltr'><strong>cum</strong></span> <span class='ocrx_word' id='word_1_263' title='bbox 725 2402 890 2473; x_wconf 88' lang='lat' dir='ltr'><strong>signo</strong></span> <span class='ocrx_word' id='word_1_264' title='bbox 932 2401 1244 2458; x_wconf 73' lang='lat' dir='ltr'><strong>Dominica:</strong></span> <span class='ocrx_word' id='word_1_265' title='bbox 1282 2401 1472 2457; x_wconf 91' lang='lat' dir='ltr'><strong>crucis</strong></span> <span class='ocrx_word' id='word_1_266' title='bbox 1519 2404 1919 2459; x_wconf 71' lang='lat' dir='ltr'><strong>confirmando</strong></span> <span class='ocrx_word' id='word_1_267' title='bbox 2031 2397 2286 2454; x_wconf 65' lang='lat' dir='ltr'><strong>cwlestis</strong></span> <span class='ocrx_word' id='word_1_268' title='bbox 2310 2399 2494 2472; x_wconf 77' lang='lat' dir='ltr'><strong>regni,</strong></span> <span class='ocrx_word' id='word_1_269' title='bbox 2518 2404 2574 2456; x_wconf 77' lang='lat' dir='ltr'><strong>et</strong></span> <span class='ocrx_word' id='word_1_270' title='bbox 2598 2400 3025 2475; x_wconf 84' lang='lat' dir='ltr'><strong>indulgentiam</strong></span> <span class='ocrx_word' id='word_1_271' title='bbox 3057 2405 3371 2463; x_wconf 88' lang='lat' dir='ltr'><strong>criminum</strong></span> <span class='ocrx_word' id='word_1_272' title='bbox 3394 2425 3684 2480; x_wconf 86' lang='lat' dir='ltr'><strong>meorum,</strong></span> 
     </span>
    </p>
   </div>
   <div class='ocr_carea' id='block_1_26' title="bbox 269 2485 3683 2569">
    <p class='ocr_par' dir='ltr' id='par_1_26' title="bbox 269 2485 3683 2569">
     <span class='ocr_line' id='line_1_26' title="bbox 269 2485 3683 2569; baseline 0.006 -34"><span class='ocrx_word' id='word_1_273' title='bbox 269 2491 562 2564; x_wconf 64' lang='lat' dir='ltr'><strong>impressi,</strong></span> <span class='ocrx_word' id='word_1_274' title='bbox 2028 2489 2084 2541; x_wconf 87' lang='lat' dir='ltr'><strong>et</strong></span> <span class='ocrx_word' id='word_1_275' title='bbox 2116 2485 2530 2544; x_wconf 84' lang='lat' dir='ltr'><strong>relaxationem</strong></span> <span class='ocrx_word' id='word_1_276' title='bbox 2563 2491 2969 2561; x_wconf 88' lang='lat' dir='ltr'><strong>peccaminum</strong></span> <span class='ocrx_word' id='word_1_277' title='bbox 3001 2493 3198 2550; x_wconf 86' lang='lat' dir='ltr'><strong>fratris</strong></span> <span class='ocrx_word' id='word_1_278' title='bbox 3243 2497 3357 2550; x_wconf 90' lang='lat' dir='ltr'><strong>mei</strong></span> <span class='ocrx_word' id='word_1_279' title='bbox 3385 2497 3543 2569; x_wconf 89' lang='lat' dir='ltr'><strong>regis</strong></span> <span class='ocrx_word' id='word_1_280' title='bbox 3573 2499 3683 2554; x_wconf 89' lang='lat' dir='ltr'><strong>Ed-</strong></span> 
     </span>
    </p>
   </div>
   <div class='ocr_carea' id='block_1_27' title="bbox 340 2575 3682 2658">
    <p class='ocr_par' dir='ltr' id='par_1_27' title="bbox 340 2575 3682 2658">
     <span class='ocr_line' id='line_1_27' title="bbox 340 2575 3682 2658; baseline 0.005 -33"><span class='ocrx_word' id='word_1_281' title='bbox 340 2583 455 2654; x_wconf 75' lang='lat' dir='ltr'><strong>Ego</strong></span> <span class='ocrx_word' id='word_1_282' title='bbox 484 2579 698 2654; x_wconf 71' lang='lat' dir='ltr'><strong>Alfgifa</strong></span> <span class='ocrx_word' id='word_1_283' title='bbox 739 2581 942 2653; x_wconf 74' lang='lat' dir='ltr'><strong>regina</strong></span> <span class='ocrx_word' id='word_1_284' title='bbox 979 2580 1139 2636; x_wconf 81' lang='lat' dir='ltr'><strong>omni</strong></span> <span class='ocrx_word' id='word_1_285' title='bbox 1193 2579 1492 2637; x_wconf 69' lang='lat' dir='ltr'><strong>alacritate</strong></span> <span class='ocrx_word' id='word_1_286' title='bbox 1545 2581 1758 2637; x_wconf 71' lang='lat' dir='ltr'><strong>mentis</strong></span> <span class='ocrx_word' id='word_1_287' title='bbox 1811 2582 1918 2638; x_wconf 77' lang='lat' dir='ltr'><strong>hoc</strong></span> <span class='ocrx_word' id='word_1_288' title='bbox 2031 2575 2256 2643; x_wconf 91' lang='lat' dir='ltr'><strong>mundi,</strong></span> <span class='ocrx_word' id='word_1_289' title='bbox 2318 2578 2568 2633; x_wconf 90' lang='lat' dir='ltr'><strong>concedo</strong></span> <span class='ocrx_word' id='word_1_290' title='bbox 2625 2579 2880 2636; x_wconf 71' lang='lat' dir='ltr'><strong>ecclesia:</strong></span> <span class='ocrx_word' id='word_1_291' title='bbox 2940 2582 3165 2638; x_wconf 58' lang='lat' dir='ltr'><strong>Sanctae</strong></span> <span class='ocrx_word' id='word_1_292' title='bbox 3222 2583 3323 2640; x_wconf 89' lang='lat' dir='ltr'><strong>Dei</strong></span> <span class='ocrx_word' id='word_1_293' title='bbox 3381 2587 3682 2658; x_wconf 87' lang='lat' dir='ltr'><strong>genitricis</strong></span> 
     </span>
    </p>
   </div>
   <div class='ocr_carea' id='block_1_28' title="bbox 269 2662 3684 2738">
    <p class='ocr_par' dir='ltr' id='par_1_28' title="bbox 269 2662 3684 2738">
     <span class='ocr_line' id='line_1_28' title="bbox 269 2662 3684 2738; baseline 0.002 -12"><span class='ocrx_word' id='word_1_294' title='bbox 269 2671 629 2726; x_wconf 77' lang='lat' dir='ltr'><strong>confirmavi.</strong></span> <span class='ocrx_word' id='word_1_295' title='bbox 2028 2662 2220 2718; x_wconf 67' lang='lat' dir='ltr'><strong>Mariis</strong></span> <span class='ocrx_word' id='word_1_296' title='bbox 2245 2663 2554 2721; x_wconf 82' lang='lat' dir='ltr'><strong>Glastoniae</strong></span> <span class='ocrx_word' id='word_1_297' title='bbox 2577 2667 2717 2738; x_wconf 90' lang='lat' dir='ltr'><strong>jura</strong></span> <span class='ocrx_word' id='word_1_298' title='bbox 2745 2672 2802 2724; x_wconf 86' lang='lat' dir='ltr'><strong>et</strong></span> <span class='ocrx_word' id='word_1_299' title='bbox 2821 2671 3280 2728; x_wconf 87' lang='lat' dir='ltr'><strong>consuetudines</strong></span> <span class='ocrx_word' id='word_1_300' title='bbox 3311 2672 3372 2728; x_wconf 89' lang='lat' dir='ltr'><strong>in</strong></span> <span class='ocrx_word' id='word_1_301' title='bbox 3403 2676 3566 2731; x_wconf 89' lang='lat' dir='ltr'><strong>omni</strong></span> <span class='ocrx_word' id='word_1_302' title='bbox 3600 2693 3684 2733; x_wconf 88' lang='lat' dir='ltr'><strong>re-</strong></span> 
     </span>
    </p>
   </div>
   <div class='ocr_carea' id='block_1_29' title="bbox 337 2755 3682 2832">
    <p class='ocr_par' dir='ltr' id='par_1_29' title="bbox 337 2755 3682 2832">
     <span class='ocr_line' id='line_1_29' title="bbox 337 2755 3682 2832; baseline 0.01 -45"><span class='ocrx_word' id='word_1_303' title='bbox 337 2761 454 2832; x_wconf 70' lang='lat' dir='ltr'><strong>Ego</strong></span> <span class='ocrx_word' id='word_1_304' title='bbox 484 2758 793 2814; x_wconf 63' lang='lat' dir='ltr'><strong>Wlstanus</strong></span> <span class='ocrx_word' id='word_1_305' title='bbox 825 2758 1302 2830; x_wconf 62' lang='lat' dir='ltr'><strong>archiepiscopus</strong></span> <span class='ocrx_word' id='word_1_306' title='bbox 1331 2760 1619 2815; x_wconf 59' lang='lat' dir='ltr'><strong>consensi,</strong></span> <span class='ocrx_word' id='word_1_307' title='bbox 2025 2767 2138 2822; x_wconf 90' lang='lat' dir='ltr'><strong>gno</strong></span> <span class='ocrx_word' id='word_1_308' title='bbox 2171 2769 2321 2821; x_wconf 89' lang='lat' dir='ltr'><strong>meo,</strong></span> <span class='ocrx_word' id='word_1_309' title='bbox 2347 2758 2405 2808; x_wconf 91' lang='lat' dir='ltr'><strong>et</strong></span> <span class='ocrx_word' id='word_1_310' title='bbox 2437 2770 2642 2810; x_wconf 89' lang='lat' dir='ltr'><strong>omnes</strong></span> <span class='ocrx_word' id='word_1_311' title='bbox 2667 2755 3070 2816; x_wconf 82' lang='lat' dir='ltr'><strong>forisfacturas</strong></span> <span class='ocrx_word' id='word_1_312' title='bbox 3096 2761 3362 2818; x_wconf 91' lang='lat' dir='ltr'><strong>omnium</strong></span> <span class='ocrx_word' id='word_1_313' title='bbox 3393 2767 3682 2821; x_wconf 85' lang='lat' dir='ltr'><strong>terrarum</strong></span> 
     </span>
    </p>
   </div>
   <div class='ocr_carea' id='block_1_30' title="bbox 337 2843 3681 2920">
    <p class='ocr_par' dir='ltr' id='par_1_30' title="bbox 337 2843 3681 2920">
     <span class='ocr_line' id='line_1_30' title="bbox 337 2843 3681 2920; baseline 0.002 -17"><span class='ocrx_word' id='word_1_314' title='bbox 337 2849 454 2920; x_wconf 88' lang='lat' dir='ltr'><strong>Ego</strong></span> <span class='ocrx_word' id='word_1_315' title='bbox 483 2847 818 2902; x_wconf 88' lang='lat' dir='ltr'><strong>Adelnodus</strong></span> <span class='ocrx_word' id='word_1_316' title='bbox 849 2845 1322 2918; x_wconf 88' lang='lat' dir='ltr'><strong>archiepiscopus</strong></span> <span class='ocrx_word' id='word_1_317' title='bbox 1353 2849 1711 2903; x_wconf 81' lang='lat' dir='ltr'><strong>conﬁrmavi.</strong></span> <span class='ocrx_word' id='word_1_318' title='bbox 2025 2857 2292 2912; x_wconf 88' lang='lat' dir='ltr'><strong>suarum,</strong></span> <span class='ocrx_word' id='word_1_319' title='bbox 2324 2848 2379 2898; x_wconf 90' lang='lat' dir='ltr'><strong>et</strong></span> <span class='ocrx_word' id='word_1_320' title='bbox 2413 2843 2528 2898; x_wconf 89' lang='lat' dir='ltr'><strong>sint</strong></span> <span class='ocrx_word' id='word_1_321' title='bbox 2557 2848 2720 2899; x_wconf 55' lang='lat' dir='ltr'><strong>terra).</strong></span> <span class='ocrx_word' id='word_1_322' title='bbox 2752 2847 2879 2916; x_wconf 88' lang='lat' dir='ltr'><strong>ejus</strong></span> <span class='ocrx_word' id='word_1_323' title='bbox 2907 2847 3019 2902; x_wconf 90' lang='lat' dir='ltr'><strong>sibi</strong></span> <span class='ocrx_word' id='word_1_324' title='bbox 3053 2848 3265 2920; x_wconf 73' lang='lat' dir='ltr'><strong>liberte,</strong></span> <span class='ocrx_word' id='word_1_325' title='bbox 3288 2856 3345 2908; x_wconf 89' lang='lat' dir='ltr'><strong>et</strong></span> <span class='ocrx_word' id='word_1_326' title='bbox 3375 2851 3579 2909; x_wconf 68' lang='lat' dir='ltr'><strong>solutae</strong></span> <span class='ocrx_word' id='word_1_327' title='bbox 3611 2855 3681 2910; x_wconf 86' lang='lat' dir='ltr'><strong>ab</strong></span> 
     </span>
    </p>
   </div>
   <div class='ocr_carea' id='block_1_31' title="bbox 338 2929 3678 3008">
    <p class='ocr_par' dir='ltr' id='par_1_31' title="bbox 338 2929 3678 3008">
     <span class='ocr_line' id='line_1_31' title="bbox 338 2929 3678 3008; baseline 0.006 -30"><span class='ocrx_word' id='word_1_328' title='bbox 338 2937 453 3008; x_wconf 59' lang='grc' dir='ltr'><strong>ΕΞ)</strong></span> <span class='ocrx_word' id='word_1_329' title='bbox 483 2934 809 2990; x_wconf 78' lang='lat' dir='ltr'><strong>Godwinus</strong></span> <span class='ocrx_word' id='word_1_330' title='bbox 841 2933 1151 3006; x_wconf 80' lang='lat' dir='ltr'><strong>episcopus</strong></span> <span class='ocrx_word' id='word_1_331' title='bbox 1179 2935 1561 2992; x_wconf 67' lang='lat' dir='ltr'><strong>cor-roboravi.</strong></span> <span class='ocrx_word' id='word_1_332' title='bbox 2027 2929 2188 2983; x_wconf 89' lang='lat' dir='ltr'><strong>omni</strong></span> <span class='ocrx_word' id='word_1_333' title='bbox 2221 2929 2518 2988; x_wconf 77' lang='lat' dir='ltr'><strong>calumnia</strong></span> <span class='ocrx_word' id='word_1_334' title='bbox 2555 2938 2610 2988; x_wconf 91' lang='lat' dir='ltr'><strong>et</strong></span> <span class='ocrx_word' id='word_1_335' title='bbox 2651 2934 3094 3006; x_wconf 72' lang='lat' dir='ltr'><strong>inquietatione,</strong></span> <span class='ocrx_word' id='word_1_336' title='bbox 3136 2937 3309 2994; x_wconf 89' lang='lat' dir='ltr'><strong>sicuti</strong></span> <span class='ocrx_word' id='word_1_337' title='bbox 3351 2956 3493 2997; x_wconf 69' lang='lat' dir='ltr'><strong>mese</strong></span> <span class='ocrx_word' id='word_1_338' title='bbox 3533 2943 3678 2999; x_wconf 88' lang='lat' dir='ltr'><strong>mihi</strong></span> 
     </span>
    </p>
   </div>
   <div class='ocr_carea' id='block_1_32' title="bbox 339 3017 2331 3096">
    <p class='ocr_par' dir='ltr' id='par_1_32' title="bbox 339 3017 2331 3096">
     <span class='ocr_line' id='line_1_32' title="bbox 339 3017 2331 3096; baseline -0.001 -17"><span class='ocrx_word' id='word_1_339' title='bbox 339 3025 452 3096; x_wconf 88' lang='lat' dir='ltr'><strong>Ego</strong></span> <span class='ocrx_word' id='word_1_340' title='bbox 482 3022 774 3078; x_wconf 83' lang='lat' dir='ltr'><strong>Allwinus</strong></span> <span class='ocrx_word' id='word_1_341' title='bbox 804 3021 1114 3094; x_wconf 88' lang='lat' dir='ltr'><strong>episcopus</strong></span> <span class='ocrx_word' id='word_1_342' title='bbox 1141 3040 1450 3080; x_wconf 88' lang='lat' dir='ltr'><strong>assensum</strong></span> <span class='ocrx_word' id='word_1_343' title='bbox 1481 3024 1634 3080; x_wconf 92' lang='lat' dir='ltr'><strong>dedi.</strong></span> <span class='ocrx_word' id='word_1_344' title='bbox 2024 3017 2331 3074; x_wconf 81' lang='lat' dir='ltr'><strong>habentur.</strong></span> 
     </span>
    </p>
   </div>
   <div class='ocr_carea' id='block_1_33' title="bbox 2091 3107 3677 3190">
    <p class='ocr_par' dir='ltr' id='par_1_33' title="bbox 2091 3107 3677 3190">
     <span class='ocr_line' id='line_1_33' title="bbox 2091 3107 3677 3190; baseline 0.011 -29"><span class='ocrx_word' id='word_1_345' title='bbox 2091 3107 2304 3163; x_wconf 85' lang='lat' dir='ltr'><strong>Verum</strong></span> <span class='ocrx_word' id='word_1_346' title='bbox 2337 3108 2480 3164; x_wconf 92' lang='lat' dir='ltr'><strong>illud</strong></span> <span class='ocrx_word' id='word_1_347' title='bbox 2513 3112 2800 3184; x_wconf 79' lang='lat' dir='ltr'><strong>praecipue</strong></span> <span class='ocrx_word' id='word_1_348' title='bbox 2830 3130 2898 3168; x_wconf 83' lang='lat' dir='ltr'><strong>ex</strong></span> <span class='ocrx_word' id='word_1_349' title='bbox 2927 3115 3347 3188; x_wconf 88' lang='lat' dir='ltr'><strong>omnipotentis</strong></span> <span class='ocrx_word' id='word_1_350' title='bbox 3380 3119 3590 3190; x_wconf 82' lang='lat' dir='ltr'><strong>Patris,</strong></span> <span class='ocrx_word' id='word_1_351' title='bbox 3623 3127 3677 3179; x_wconf 86' lang='lat' dir='ltr'><strong>et</strong></span> 
     </span>
    </p>
   </div>
   <div class='ocr_carea' id='block_1_34' title="bbox 333 3176 3676 3280">
    <p class='ocr_par' dir='ltr' id='par_1_34' title="bbox 333 3176 3676 3280">
     <span class='ocr_line' id='line_1_34' title="bbox 333 3176 3676 3280; baseline 0.003 -23"><span class='ocrx_word' id='word_1_352' title='bbox 333 3176 451 3275; x_wconf 71' lang='lat' dir='ltr'><strong>Ego</strong></span> <span class='ocrx_word' id='word_1_353' title='bbox 481 3176 1133 3273; x_wconf 45' lang='lat' dir='ltr'><strong>Athericus-episc-opus</strong></span> <span class='ocrx_word' id='word_1_354' title='bbox 1167 3176 1447 3257; x_wconf 64' lang='lat' dir='ltr'><strong>conclusi.</strong></span> <span class='ocrx_word' id='word_1_355' title='bbox 1944 3176 1996 3260; x_wconf 67' lang='grc' dir='ltr'><strong>Ο,</strong></span> <span class='ocrx_word' id='word_1_356' title='bbox 2025 3196 2173 3268; x_wconf 83' lang='lat' dir='ltr'><strong>Filii,</strong></span> <span class='ocrx_word' id='word_1_357' title='bbox 2191 3202 2246 3252; x_wconf 91' lang='lat' dir='ltr'><strong>et</strong></span> <span class='ocrx_word' id='word_1_358' title='bbox 2265 3176 2532 3269; x_wconf 46' lang='lat' dir='ltr'><strong>Spiritus-</strong></span> <span class='ocrx_word' id='word_1_359' title='bbox 2548 3176 2736 3256; x_wconf 73' lang='lat' dir='ltr'><strong>sancti</strong></span> <span class='ocrx_word' id='word_1_360' title='bbox 2767 3176 3129 3272; x_wconf 75' lang='lat' dir='ltr'><strong>auctoritate,</strong></span> <span class='ocrx_word' id='word_1_361' title='bbox 3144 3210 3201 3261; x_wconf 89' lang='lat' dir='ltr'><strong>et</strong></span> <span class='ocrx_word' id='word_1_362' title='bbox 3229 3212 3520 3280; x_wconf 66' lang='lat' dir='ltr'><strong>perpetuae</strong></span> 
     </span>
    </p>
   </div>
   <div class='ocr_carea' id='block_1_35' title="bbox 334 3284 3672 3370">
    <p class='ocr_par' dir='ltr' id='par_1_35' title="bbox 334 3284 3672 3370">
     <span class='ocr_line' id='line_1_35' title="bbox 334 3284 3672 3370; baseline 0.002 -24"><span class='ocrx_word' id='word_1_363' title='bbox 334 3292 451 3363; x_wconf 88' lang='lat' dir='ltr'><strong>Ego</strong></span> <span class='ocrx_word' id='word_1_364' title='bbox 483 3289 730 3346; x_wconf 83' lang='lat' dir='ltr'><strong>Alfwius</strong></span> <span class='ocrx_word' id='word_1_365' title='bbox 762 3290 1071 3362; x_wconf 90' lang='lat' dir='ltr'><strong>episcopus</strong></span> <span class='ocrx_word' id='word_1_366' title='bbox 1103 3289 1385 3346; x_wconf 90' lang='lat' dir='ltr'><strong>roboravi.</strong></span> <span class='ocrx_word' id='word_1_367' title='bbox 2020 3284 2175 3358; x_wconf 83' lang='lat' dir='ltr'><strong>ginis</strong></span> <span class='ocrx_word' id='word_1_368' title='bbox 2208 3286 2616 3345; x_wconf 89' lang='lat' dir='ltr'><strong>interdictione</strong></span> <span class='ocrx_word' id='word_1_369' title='bbox 2646 3290 2947 3364; x_wconf 87' lang='lat' dir='ltr'><strong>prohibeo,</strong></span> <span class='ocrx_word' id='word_1_370' title='bbox 2969 3297 3024 3348; x_wconf 90' lang='lat' dir='ltr'><strong>et</strong></span> <span class='ocrx_word' id='word_1_371' title='bbox 3055 3295 3344 3352; x_wconf 89' lang='lat' dir='ltr'><strong>universis</strong></span> <span class='ocrx_word' id='word_1_372' title='bbox 3369 3299 3535 3370; x_wconf 84' lang='lat' dir='ltr'><strong>regni</strong></span> <span class='ocrx_word' id='word_1_373' title='bbox 3559 3301 3672 3356; x_wconf 88' lang='lat' dir='ltr'><strong>mei</strong></span> 
     </span>
    </p>
   </div>
   <div class='ocr_carea' id='block_1_36' title="bbox 332 3375 3675 3461">
    <p class='ocr_par' dir='ltr' id='par_1_36' title="bbox 332 3375 3675 3461">
     <span class='ocr_line' id='line_1_36' title="bbox 332 3375 3675 3461; baseline 0.003 -26"><span class='ocrx_word' id='word_1_374' title='bbox 332 3381 449 3452; x_wconf 88' lang='lat' dir='ltr'><strong>Ego</strong></span> <span class='ocrx_word' id='word_1_375' title='bbox 479 3377 877 3435; x_wconf 86' lang='lat' dir='ltr'><strong>Brihtwaldus</strong></span> <span class='ocrx_word' id='word_1_376' title='bbox 903 3377 1229 3451; x_wconf 88' lang='lat' dir='ltr'><strong>episcopus.</strong></span> <span class='ocrx_word' id='word_1_377' title='bbox 2017 3375 2346 3446; x_wconf 77' lang='lat' dir='ltr'><strong>praepositis</strong></span> <span class='ocrx_word' id='word_1_378' title='bbox 2377 3381 2434 3432; x_wconf 93' lang='lat' dir='ltr'><strong>et</strong></span> <span class='ocrx_word' id='word_1_379' title='bbox 2461 3378 2816 3448; x_wconf 86' lang='lat' dir='ltr'><strong>primatibus</strong></span> <span class='ocrx_word' id='word_1_380' title='bbox 2849 3398 3025 3453; x_wconf 87' lang='lat' dir='ltr'><strong>super</strong></span> <span class='ocrx_word' id='word_1_381' title='bbox 3049 3399 3219 3438; x_wconf 89' lang='lat' dir='ltr'><strong>suam</strong></span> <span class='ocrx_word' id='word_1_382' title='bbox 3249 3385 3502 3443; x_wconf 86' lang='lat' dir='ltr'><strong>salutem</strong></span> <span class='ocrx_word' id='word_1_383' title='bbox 3533 3405 3675 3461; x_wconf 65' lang='lat' dir='ltr'><strong>pra:-</strong></span> 
     </span>
    </p>
   </div>
   <div class='ocr_carea' id='block_1_37' title="bbox 335 3109 1463 3185">
    <p class='ocr_par' dir='ltr' id='par_1_37' title="bbox 335 3109 1463 3185">
     <span class='ocr_line' id='line_1_37' title="bbox 335 3109 1463 3185; baseline 0 -17"><span class='ocrx_word' id='word_1_384' title='bbox 335 3114 454 3185; x_wconf 87' lang='lat' dir='ltr'><strong>Ego</strong></span> <span class='ocrx_word' id='word_1_385' title='bbox 481 3109 736 3168; x_wconf 78' lang='lat' dir='ltr'><strong>Alfﬁnus</strong></span> <span class='ocrx_word' id='word_1_386' title='bbox 768 3111 1078 3184; x_wconf 86' lang='lat' dir='ltr'><strong>episcOpus</strong></span> <span class='ocrx_word' id='word_1_387' title='bbox 1109 3111 1463 3185; x_wconf 86' lang='lat' dir='ltr'><strong>consignavi.</strong></span> 
     </span>
    </p>
   </div>
   <div class='ocr_carea' id='block_1_38' title="bbox 331 3468 754 3541">
    <p class='ocr_par' dir='ltr' id='par_1_38' title="bbox 331 3468 754 3541">
     <span class='ocr_line' id='line_1_38' title="bbox 331 3468 754 3541; baseline -0.002 -17"><span class='ocrx_word' id='word_1_388' title='bbox 331 3469 448 3541; x_wconf 90' lang='lat' dir='ltr'><strong>Ego</strong></span> <span class='ocrx_word' id='word_1_389' title='bbox 477 3468 588 3524; x_wconf 89' lang='lat' dir='ltr'><strong>Iric</strong></span> <span class='ocrx_word' id='word_1_390' title='bbox 617 3468 754 3524; x_wconf 83' lang='lat' dir='ltr'><strong>dux.</strong></span> 
     </span>
    </p>
   </div>
   <div class='ocr_carea' id='block_1_39' title="bbox 332 3557 966 3630">
    <p class='ocr_par' dir='ltr' id='par_1_39' title="bbox 332 3557 966 3630">
     <span class='ocr_line' id='line_1_39' title="bbox 332 3557 966 3630; baseline -0.003 -17"><span class='ocrx_word' id='word_1_391' title='bbox 332 3558 446 3630; x_wconf 85' lang='lat' dir='ltr'><strong>Ego</strong></span> <span class='ocrx_word' id='word_1_392' title='bbox 476 3557 799 3614; x_wconf 90' lang='lat' dir='ltr'><strong>Godwinus</strong></span> <span class='ocrx_word' id='word_1_393' title='bbox 831 3557 966 3613; x_wconf 83' lang='lat' dir='ltr'><strong>dux.</strong></span> 
     </span>
    </p>
   </div>
   <div class='ocr_carea' id='block_1_40' title="bbox 329 3646 732 3720">
    <p class='ocr_par' dir='ltr' id='par_1_40' title="bbox 329 3646 732 3720">
     <span class='ocr_line' id='line_1_40' title="bbox 329 3646 732 3720; baseline 0.005 -19"><span class='ocrx_word' id='word_1_394' title='bbox 329 3647 447 3720; x_wconf 87' lang='lat' dir='ltr'><strong>Ego</strong></span> <span class='ocrx_word' id='word_1_395' title='bbox 479 3646 578 3702; x_wconf 84' lang='lat' dir='ltr'><strong>Ulf</strong></span> <span class='ocrx_word' id='word_1_396' title='bbox 595 3646 732 3703; x_wconf 79' lang='lat' dir='ltr'><strong>dux.</strong></span> 
     </span>
    </p>
   </div>
   <div class='ocr_carea' id='block_1_41' title="bbox 327 3734 806 3808">
    <p class='ocr_par' dir='ltr' id='par_1_41' title="bbox 327 3734 806 3808">
     <span class='ocr_line' id='line_1_41' title="bbox 327 3734 806 3808; baseline 0.004 -19"><span class='ocrx_word' id='word_1_397' title='bbox 327 3735 445 3807; x_wconf 88' lang='lat' dir='ltr'><strong>Ego</strong></span> <span class='ocrx_word' id='word_1_398' title='bbox 475 3734 638 3808; x_wconf 77' lang='lat' dir='ltr'><strong>Eglai</strong></span> <span class='ocrx_word' id='word_1_399' title='bbox 669 3735 806 3791; x_wconf 79' lang='lat' dir='ltr'><strong>dux.</strong></span> 
     </span>
    </p>
   </div>
   <div class='ocr_carea' id='block_1_42' title="bbox 327 3824 843 3898">
    <p class='ocr_par' dir='ltr' id='par_1_42' title="bbox 327 3824 843 3898">
     <span class='ocr_line' id='line_1_42' title="bbox 327 3824 843 3898; baseline -0.006 -18"><span class='ocrx_word' id='word_1_400' title='bbox 327 3825 445 3898; x_wconf 89' lang='lat' dir='ltr'><strong>Ego</strong></span> <span class='ocrx_word' id='word_1_401' title='bbox 475 3825 674 3880; x_wconf 85' lang='lat' dir='ltr'><strong>Hacun</strong></span> <span class='ocrx_word' id='word_1_402' title='bbox 706 3824 843 3878; x_wconf 88' lang='lat' dir='ltr'><strong>dux.</strong></span> 
     </span>
    </p>
   </div>
   <div class='ocr_carea' id='block_1_43' title="bbox 326 3912 976 3986">
    <p class='ocr_par' dir='ltr' id='par_1_43' title="bbox 326 3912 976 3986">
     <span class='ocr_line' id='line_1_43' title="bbox 326 3912 976 3986; baseline -0.005 -17"><span class='ocrx_word' id='word_1_403' title='bbox 326 3915 445 3986; x_wconf 89' lang='lat' dir='ltr'><strong>Ego</strong></span> <span class='ocrx_word' id='word_1_404' title='bbox 477 3912 814 3968; x_wconf 87' lang='lat' dir='ltr'><strong>Leofwinus</strong></span> <span class='ocrx_word' id='word_1_405' title='bbox 839 3912 976 3967; x_wconf 84' lang='lat' dir='ltr'><strong>dux.</strong></span> 
     </span>
    </p>
   </div>
   <div class='ocr_carea' id='block_1_44' title="bbox 325 4000 925 4074">
    <p class='ocr_par' dir='ltr' id='par_1_44' title="bbox 325 4000 925 4074">
     <span class='ocr_line' id='line_1_44' title="bbox 325 4000 925 4074; baseline -0.005 -17"><span class='ocrx_word' id='word_1_406' title='bbox 325 4003 443 4074; x_wconf 88' lang='lat' dir='ltr'><strong>Ego</strong></span> <span class='ocrx_word' id='word_1_407' title='bbox 476 4000 760 4056; x_wconf 90' lang='lat' dir='ltr'><strong>Godricus</strong></span> <span class='ocrx_word' id='word_1_408' title='bbox 791 4000 925 4054; x_wconf 87' lang='lat' dir='ltr'><strong>dux.</strong></span> 
     </span>
    </p>
   </div>
   <div class='ocr_carea' id='block_1_45' title="bbox 322 4087 928 4161">
    <p class='ocr_par' dir='ltr' id='par_1_45' title="bbox 322 4087 928 4161">
     <span class='ocr_line' id='line_1_45' title="bbox 322 4087 928 4161; baseline -0.002 -17"><span class='ocrx_word' id='word_1_409' title='bbox 322 4091 440 4161; x_wconf 87' lang='lat' dir='ltr'><strong>Ego</strong></span> <span class='ocrx_word' id='word_1_410' title='bbox 471 4087 712 4143; x_wconf 87' lang='lat' dir='ltr'><strong>Oslacus</strong></span> <span class='ocrx_word' id='word_1_411' title='bbox 741 4087 928 4144; x_wconf 91' lang='lat' dir='ltr'><strong>miles.</strong></span> 
     </span>
    </p>
   </div>
   <div class='ocr_carea' id='block_1_46' title="bbox 323 4176 919 4250">
    <p class='ocr_par' dir='ltr' id='par_1_46' title="bbox 323 4176 919 4250">
     <span class='ocr_line' id='line_1_46' title="bbox 323 4176 919 4250; baseline -0.002 -17"><span class='ocrx_word' id='word_1_412' title='bbox 323 4178 441 4250; x_wconf 87' lang='lat' dir='ltr'><strong>Ego</strong></span> <span class='ocrx_word' id='word_1_413' title='bbox 469 4176 695 4232; x_wconf 85' lang='lat' dir='ltr'><strong>Thored</strong></span> <span class='ocrx_word' id='word_1_414' title='bbox 727 4176 919 4234; x_wconf 90' lang='lat' dir='ltr'><strong>miles.</strong></span> 
     </span>
    </p>
   </div>
   <div class='ocr_carea' id='block_1_47' title="bbox 322 4265 936 4339">
    <p class='ocr_par' dir='ltr' id='par_1_47' title="bbox 322 4265 936 4339">
     <span class='ocr_line' id='line_1_47' title="bbox 322 4265 936 4339; baseline 0 -17"><span class='ocrx_word' id='word_1_415' title='bbox 322 4267 439 4339; x_wconf 90' lang='lat' dir='ltr'><strong>Ego</strong></span> <span class='ocrx_word' id='word_1_416' title='bbox 471 4265 716 4322; x_wconf 86' lang='lat' dir='ltr'><strong>Thurkil</strong></span> <span class='ocrx_word' id='word_1_417' title='bbox 745 4265 936 4322; x_wconf 86' lang='lat' dir='ltr'><strong>miles.</strong></span> 
     </span>
    </p>
   </div>
   <div class='ocr_carea' id='block_1_48' title="bbox 320 4353 910 4428">
    <p class='ocr_par' dir='ltr' id='par_1_48' title="bbox 320 4353 910 4428">
     <span class='ocr_line' id='line_1_48' title="bbox 320 4353 910 4428; baseline -0.003 -17"><span class='ocrx_word' id='word_1_418' title='bbox 320 4355 438 4428; x_wconf 87' lang='lat' dir='ltr'><strong>Ego</strong></span> <span class='ocrx_word' id='word_1_419' title='bbox 470 4355 688 4427; x_wconf 78' lang='lat' dir='ltr'><strong>Thrym</strong></span> <span class='ocrx_word' id='word_1_420' title='bbox 720 4353 910 4411; x_wconf 90' lang='lat' dir='ltr'><strong>miles.</strong></span> 
     </span>
    </p>
   </div>
   <div class='ocr_carea' id='block_1_49' title="bbox 320 4443 900 4518">
    <p class='ocr_par' dir='ltr' id='par_1_49' title="bbox 320 4443 900 4518">
     <span class='ocr_line' id='line_1_49' title="bbox 320 4443 900 4518; baseline 0 -18"><span class='ocrx_word' id='word_1_421' title='bbox 320 4445 437 4518; x_wconf 87' lang='lat' dir='ltr'><strong>Ego</strong></span> <span class='ocrx_word' id='word_1_422' title='bbox 469 4445 682 4500; x_wconf 90' lang='lat' dir='ltr'><strong>Brosor</strong></span> <span class='ocrx_word' id='word_1_423' title='bbox 712 4443 900 4500; x_wconf 89' lang='lat' dir='ltr'><strong>miles.</strong></span> 
     </span>
    </p>
   </div>
   <div class='ocr_carea' id='block_1_50' title="bbox 318 4532 940 4608">
    <p class='ocr_par' dir='ltr' id='par_1_50' title="bbox 318 4532 940 4608">
     <span class='ocr_line' id='line_1_50' title="bbox 318 4532 940 4608; baseline 0 -20"><span class='ocrx_word' id='word_1_424' title='bbox 318 4533 435 4608; x_wconf 87' lang='lat' dir='ltr'><strong>Ego</strong></span> <span class='ocrx_word' id='word_1_425' title='bbox 465 4532 719 4590; x_wconf 80' lang='lat' dir='ltr'><strong>Alfricus</strong></span> <span class='ocrx_word' id='word_1_426' title='bbox 749 4533 940 4590; x_wconf 90' lang='lat' dir='ltr'><strong>miles.</strong></span> 
     </span>
    </p>
   </div>
   <div class='ocr_carea' id='block_1_51' title="bbox 319 4622 994 4696">
    <p class='ocr_par' dir='ltr' id='par_1_51' title="bbox 319 4622 994 4696">
     <span class='ocr_line' id='line_1_51' title="bbox 319 4622 994 4696; baseline 0.004 -19"><span class='ocrx_word' id='word_1_427' title='bbox 319 4622 434 4696; x_wconf 85' lang='lat' dir='ltr'><strong>Ego</strong></span> <span class='ocrx_word' id='word_1_428' title='bbox 462 4622 772 4695; x_wconf 81' lang='lat' dir='ltr'><strong>Alfwynus</strong></span> <span class='ocrx_word' id='word_1_429' title='bbox 805 4623 994 4680; x_wconf 87' lang='lat' dir='ltr'><strong>miles.</strong></span> 
     </span>
    </p>
   </div>
   <div class='ocr_carea' id='block_1_52' title="bbox 318 4711 994 4784">
    <p class='ocr_par' dir='ltr' id='par_1_52' title="bbox 318 4711 994 4784">
     <span class='ocr_line' id='line_1_52' title="bbox 318 4711 994 4784; baseline 0.003 -18"><span class='ocrx_word' id='word_1_430' title='bbox 318 4712 434 4784; x_wconf 87' lang='lat' dir='ltr'><strong>Ego</strong></span> <span class='ocrx_word' id='word_1_431' title='bbox 469 4711 765 4767; x_wconf 88' lang='lat' dir='ltr'><strong>Leofricus</strong></span> <span class='ocrx_word' id='word_1_432' title='bbox 793 4712 994 4768; x_wconf 89' lang='lat' dir='ltr'><strong>abbas.</strong></span> 
     </span>
    </p>
   </div>
   <div class='ocr_carea' id='block_1_53' title="bbox 319 4799 1032 4874">
    <p class='ocr_par' dir='ltr' id='par_1_53' title="bbox 319 4799 1032 4874">
     <span class='ocr_line' id='line_1_53' title="bbox 319 4799 1032 4874; baseline 0.001 -19"><span class='ocrx_word' id='word_1_433' title='bbox 319 4800 432 4874; x_wconf 90' lang='lat' dir='ltr'><strong>Ego</strong></span> <span class='ocrx_word' id='word_1_434' title='bbox 462 4799 528 4855; x_wconf 88' lang='grc' dir='ltr'><strong>ΑΙ</strong></span> <span class='ocrx_word' id='word_1_435' title='bbox 537 4801 800 4858; x_wconf 84' lang='lat' dir='ltr'><strong>fwardus</strong></span> <span class='ocrx_word' id='word_1_436' title='bbox 829 4802 1032 4858; x_wconf 87' lang='lat' dir='ltr'><strong>abbas.</strong></span> 
     </span>
    </p>
   </div>
   <div class='ocr_carea' id='block_1_54' title="bbox 315 4888 1075 4962">
    <p class='ocr_par' dir='ltr' id='par_1_54' title="bbox 315 4888 1075 4962">
     <span class='ocr_line' id='line_1_54' title="bbox 315 4888 1075 4962; baseline 0.003 -18"><span class='ocrx_word' id='word_1_437' title='bbox 315 4889 435 4962; x_wconf 86' lang='lat' dir='ltr'><strong>Ego</strong></span> <span class='ocrx_word' id='word_1_438' title='bbox 465 4888 840 4948; x_wconf 90' lang='lat' dir='ltr'><strong>Athelstanus</strong></span> <span class='ocrx_word' id='word_1_439' title='bbox 871 4891 1075 4947; x_wconf 87' lang='lat' dir='ltr'><strong>abbas.</strong></span> 
     </span>
    </p>
   </div>
   <div class='ocr_carea' id='block_1_55' title="bbox 315 4977 905 5050">
    <p class='ocr_par' dir='ltr' id='par_1_55' title="bbox 315 4977 905 5050">
     <span class='ocr_line' id='line_1_55' title="bbox 315 4977 905 5050; baseline 0.005 -18"><span class='ocrx_word' id='word_1_440' title='bbox 315 4978 434 5050; x_wconf 87' lang='lat' dir='ltr'><strong>Ego</strong></span> <span class='ocrx_word' id='word_1_441' title='bbox 463 4977 671 5034; x_wconf 83' lang='lat' dir='ltr'><strong>All‘ﬁus</strong></span> <span class='ocrx_word' id='word_1_442' title='bbox 702 4979 905 5036; x_wconf 88' lang='lat' dir='ltr'><strong>abbas.</strong></span> 
     </span>
    </p>
   </div>
   <div class='ocr_carea' id='block_1_56' title="bbox 316 5065 1032 5137">
    <p class='ocr_par' dir='ltr' id='par_1_56' title="bbox 316 5065 1032 5137">
     <span class='ocr_line' id='line_1_56' title="bbox 316 5065 1032 5137; baseline 0.004 -17"><span class='ocrx_word' id='word_1_443' title='bbox 316 5066 434 5137; x_wconf 89' lang='lat' dir='ltr'><strong>Ego</strong></span> <span class='ocrx_word' id='word_1_444' title='bbox 461 5065 795 5124; x_wconf 88' lang='lat' dir='ltr'><strong>Leofwinus</strong></span> <span class='ocrx_word' id='word_1_445' title='bbox 827 5069 1032 5125; x_wconf 87' lang='lat' dir='ltr'><strong>abbas.</strong></span> 
     </span>
    </p>
   </div>
   <div class='ocr_carea' id='block_1_57' title="bbox 313 5153 1039 5226">
    <p class='ocr_par' dir='ltr' id='par_1_57' title="bbox 313 5153 1039 5226">
     <span class='ocr_line' id='line_1_57' title="bbox 313 5153 1039 5226; baseline 0.007 -18"><span class='ocrx_word' id='word_1_446' title='bbox 313 5155 431 5226; x_wconf 92' lang='lat' dir='ltr'><strong>Ego</strong></span> <span class='ocrx_word' id='word_1_447' title='bbox 462 5153 805 5211; x_wconf 85' lang='lat' dir='ltr'><strong>Wult‘redus</strong></span> <span class='ocrx_word' id='word_1_448' title='bbox 835 5156 1039 5213; x_wconf 88' lang='lat' dir='ltr'><strong>abbas.</strong></span> 
     </span>
    </p>
   </div>
   <div class='ocr_carea' id='block_1_58' title="bbox 315 5243 1003 5316">
    <p class='ocr_par' dir='ltr' id='par_1_58' title="bbox 315 5243 1003 5316">
     <span class='ocr_line' id='line_1_58' title="bbox 315 5243 1003 5316; baseline 0.007 -19"><span class='ocrx_word' id='word_1_449' title='bbox 315 5243 431 5315; x_wconf 87' lang='lat' dir='ltr'><strong>Ego</strong></span> <span class='ocrx_word' id='word_1_450' title='bbox 462 5243 767 5316; x_wconf 79' lang='lat' dir='ltr'><strong>Ofkytelus</strong></span> <span class='ocrx_word' id='word_1_451' title='bbox 801 5245 1003 5302; x_wconf 88' lang='lat' dir='ltr'><strong>abbas.</strong></span> 
     </span>
    </p>
   </div>
   <div class='ocr_carea' id='block_1_59' title="bbox 313 5419 1426 5498">
    <p class='ocr_par' dir='ltr' id='par_1_59' title="bbox 313 5419 1426 5498">
     <span class='ocr_line' id='line_1_59' title="bbox 313 5419 1426 5498; baseline 0.008 -25"><span class='ocrx_word' id='word_1_452' title='bbox 313 5421 390 5491; x_wconf 87' lang='lat'><strong>(2)</strong></span> <span class='ocrx_word' id='word_1_453' title='bbox 419 5419 618 5479; x_wconf 87' lang='lat' dir='ltr'><strong>Malm.</strong></span> <span class='ocrx_word' id='word_1_454' title='bbox 653 5421 807 5480; x_wconf 88' lang='lat' dir='ltr'><strong>Gest.</strong></span> <span class='ocrx_word' id='word_1_455' title='bbox 845 5438 992 5498; x_wconf 87' lang='lat' dir='ltr'><strong>reg.,</strong></span> <span class='ocrx_word' id='word_1_456' title='bbox 1021 5423 1123 5494; x_wconf 91' lang='lat' dir='ltr'><strong>lib,</strong></span> <span class='ocrx_word' id='word_1_457' title='bbox 1159 5441 1218 5494; x_wconf 82' lang='grc' dir='ltr'><strong>ιι,</strong></span> <span class='ocrx_word' id='word_1_458' title='bbox 1252 5442 1300 5483; x_wconf 93' lang='lat' dir='ltr'><strong>c.</strong></span> <span class='ocrx_word' id='word_1_459' title='bbox 1338 5426 1426 5483; x_wconf 85' lang='grc'><strong>11.</strong></span> 
     </span>
    </p>
   </div>
   <div class='ocr_carea' id='block_1_60' title="bbox 2015 3463 3672 3535">
    <p class='ocr_par' dir='ltr' id='par_1_60' title="bbox 2015 3463 3672 3535">
     <span class='ocr_line' id='line_1_60' title="bbox 2015 3463 3672 3535; baseline 0.011 -18"><span class='ocrx_word' id='word_1_460' title='bbox 2015 3463 2187 3535; x_wconf 91' lang='lat' dir='ltr'><strong>cipio,</strong></span> <span class='ocrx_word' id='word_1_461' title='bbox 2215 3470 2281 3519; x_wconf 90' lang='lat' dir='ltr'><strong>ut</strong></span> <span class='ocrx_word' id='word_1_462' title='bbox 2311 3464 2510 3522; x_wconf 92' lang='lat' dir='ltr'><strong>nullus</strong></span> <span class='ocrx_word' id='word_1_463' title='bbox 2541 3466 2780 3524; x_wconf 91' lang='lat' dir='ltr'><strong>omnino</strong></span> <span class='ocrx_word' id='word_1_464' title='bbox 2826 3468 2988 3526; x_wconf 89' lang='lat' dir='ltr'><strong>illam</strong></span> <span class='ocrx_word' id='word_1_465' title='bbox 3036 3472 3292 3530; x_wconf 88' lang='lat' dir='ltr'><strong>insulam</strong></span> <span class='ocrx_word' id='word_1_466' title='bbox 3324 3475 3544 3533; x_wconf 89' lang='lat' dir='ltr'><strong>intrare</strong></span> <span class='ocrx_word' id='word_1_467' title='bbox 3575 3495 3672 3534; x_wconf 85' lang='lat' dir='ltr'><strong>au-</strong></span> 
     </span>
    </p>
   </div>
   <div class='ocr_carea' id='block_1_61' title="bbox 2015 3551 3669 3634">
    <p class='ocr_par' dir='ltr' id='par_1_61' title="bbox 2015 3551 3669 3634">
     <span class='ocr_line' id='line_1_61' title="bbox 2015 3551 3669 3634; baseline 0.011 -28"><span class='ocrx_word' id='word_1_468' title='bbox 2015 3551 2167 3618; x_wconf 89' lang='lat' dir='ltr'><strong>deat,</strong></span> <span class='ocrx_word' id='word_1_469' title='bbox 2191 3553 2600 3626; x_wconf 89' lang='lat' dir='ltr'><strong>cujuscunque</strong></span> <span class='ocrx_word' id='word_1_470' title='bbox 2654 3557 2897 3628; x_wconf 76' lang='lat' dir='ltr'><strong>ordinis,</strong></span> <span class='ocrx_word' id='word_1_471' title='bbox 2923 3563 3024 3614; x_wconf 89' lang='lat' dir='ltr'><strong>aut</strong></span> <span class='ocrx_word' id='word_1_472' title='bbox 3072 3560 3376 3633; x_wconf 87' lang='lat' dir='ltr'><strong>dignitatis</strong></span> <span class='ocrx_word' id='word_1_473' title='bbox 3406 3565 3513 3634; x_wconf 87' lang='lat' dir='ltr'><strong>sit;</strong></span> <span class='ocrx_word' id='word_1_474' title='bbox 3568 3568 3669 3624; x_wconf 88' lang='lat' dir='ltr'><strong>sed</strong></span> 
     </span>
    </p>
   </div>
   <div class='ocr_carea' id='block_1_62' title="bbox 2013 3642 3670 3720">
    <p class='ocr_par' dir='ltr' id='par_1_62' title="bbox 2013 3642 3670 3720">
     <span class='ocr_line' id='line_1_62' title="bbox 2013 3642 3670 3720; baseline 0.011 -27"><span class='ocrx_word' id='word_1_475' title='bbox 2013 3643 2231 3709; x_wconf 88' lang='lat' dir='ltr'><strong>omnia,</strong></span> <span class='ocrx_word' id='word_1_476' title='bbox 2256 3646 2375 3697; x_wconf 89' lang='lat' dir='ltr'><strong>tam</strong></span> <span class='ocrx_word' id='word_1_477' title='bbox 2406 3642 2465 3698; x_wconf 90' lang='lat' dir='ltr'><strong>in</strong></span> <span class='ocrx_word' id='word_1_478' title='bbox 2499 3643 2914 3703; x_wconf 78' lang='lat' dir='ltr'><strong>ecclesiasticis</strong></span> <span class='ocrx_word' id='word_1_479' title='bbox 2943 3665 3121 3720; x_wconf 90' lang='lat' dir='ltr'><strong>quam</strong></span> <span class='ocrx_word' id='word_1_480' title='bbox 3175 3650 3236 3706; x_wconf 91' lang='lat' dir='ltr'><strong>in</strong></span> <span class='ocrx_word' id='word_1_481' title='bbox 3289 3652 3670 3713; x_wconf 67' lang='lat' dir='ltr'><strong>saecularibus</strong></span> 
     </span>
    </p>
   </div>
   <div class='ocr_carea' id='block_1_63' title="bbox 2012 3730 3668 3809">
    <p class='ocr_par' dir='ltr' id='par_1_63' title="bbox 2012 3730 3668 3809">
     <span class='ocr_line' id='line_1_63' title="bbox 2012 3730 3668 3809; baseline 0.01 -24"><span class='ocrx_word' id='word_1_482' title='bbox 2012 3730 2226 3799; x_wconf 90' lang='lat' dir='ltr'><strong>causis,</strong></span> <span class='ocrx_word' id='word_1_483' title='bbox 2261 3733 2670 3788; x_wconf 88' lang='lat' dir='ltr'><strong>tantummodo</strong></span> <span class='ocrx_word' id='word_1_484' title='bbox 2719 3734 2944 3791; x_wconf 86' lang='lat' dir='ltr'><strong>abbatis</strong></span> <span class='ocrx_word' id='word_1_485' title='bbox 2967 3737 3284 3809; x_wconf 89' lang='lat' dir='ltr'><strong>judicium,</strong></span> <span class='ocrx_word' id='word_1_486' title='bbox 3317 3745 3375 3797; x_wconf 87' lang='lat' dir='ltr'><strong>et</strong></span> <span class='ocrx_word' id='word_1_487' title='bbox 3418 3759 3668 3800; x_wconf 89' lang='lat' dir='ltr'><strong>conven-</strong></span> 
     </span>
    </p>
   </div>
   <div class='ocr_carea' id='block_1_64' title="bbox 2010 3822 3665 3902">
    <p class='ocr_par' dir='ltr' id='par_1_64' title="bbox 2010 3822 3665 3902">
     <span class='ocr_line' id='line_1_64' title="bbox 2010 3822 3665 3902; baseline 0.01 -30"><span class='ocrx_word' id='word_1_488' title='bbox 2010 3823 2106 3874; x_wconf 92' lang='lat' dir='ltr'><strong>tus</strong></span> <span class='ocrx_word' id='word_1_489' title='bbox 2137 3824 2490 3892; x_wconf 85' lang='lat' dir='ltr'><strong>exspectent,</strong></span> <span class='ocrx_word' id='word_1_490' title='bbox 2516 3822 2685 3878; x_wconf 87' lang='lat' dir='ltr'><strong>sicuti</strong></span> <span class='ocrx_word' id='word_1_491' title='bbox 2710 3824 3164 3896; x_wconf 79' lang='lat' dir='ltr'><strong>praedecessores</strong></span> <span class='ocrx_word' id='word_1_492' title='bbox 3185 3829 3299 3886; x_wconf 91' lang='lat' dir='ltr'><strong>mei</strong></span> <span class='ocrx_word' id='word_1_493' title='bbox 3320 3837 3665 3902; x_wconf 84' lang='lat' dir='ltr'><strong>sanxerunt,</strong></span> 
     </span>
    </p>
   </div>
   <div class='ocr_carea' id='block_1_65' title="bbox 2010 3907 3665 3990">
    <p class='ocr_par' dir='ltr' id='par_1_65' title="bbox 2010 3907 3665 3990">
     <span class='ocr_line' id='line_1_65' title="bbox 2010 3907 3665 3990; baseline 0.01 -28"><span class='ocrx_word' id='word_1_494' title='bbox 2010 3912 2066 3963; x_wconf 90' lang='lat' dir='ltr'><strong>et</strong></span> <span class='ocrx_word' id='word_1_495' title='bbox 2103 3907 2420 3982; x_wconf 83' lang='lat' dir='ltr'><strong>privilegiis</strong></span> <span class='ocrx_word' id='word_1_496' title='bbox 2451 3911 2958 3981; x_wconf 83' lang='lat' dir='ltr'><strong>conﬁrmaverunt,</strong></span> <span class='ocrx_word' id='word_1_497' title='bbox 3000 3915 3306 3983; x_wconf 86' lang='lat' dir='ltr'><strong>Cenwines</strong></span> <span class='ocrx_word' id='word_1_498' title='bbox 3360 3918 3510 3990; x_wconf 89' lang='lat' dir='ltr'><strong>Ines,</strong></span> <span class='ocrx_word' id='word_1_499' title='bbox 3551 3921 3665 3978; x_wconf 89' lang='lat' dir='ltr'><strong>Cu-</strong></span> 
     </span>
    </p>
   </div>
   <div class='ocr_carea' id='block_1_66' title="bbox 2011 3995 3663 4076">
    <p class='ocr_par' dir='ltr' id='par_1_66' title="bbox 2011 3995 3663 4076">
     <span class='ocr_line' id='line_1_66' title="bbox 2011 3995 3663 4076; baseline 0.01 -26"><span class='ocrx_word' id='word_1_500' title='bbox 2011 3995 2276 4065; x_wconf 91' lang='lat' dir='ltr'><strong>thredus,</strong></span> <span class='ocrx_word' id='word_1_501' title='bbox 2318 3996 2608 4067; x_wconf 88' lang='lat' dir='ltr'><strong>Ailredus,</strong></span> <span class='ocrx_word' id='word_1_502' title='bbox 2657 3999 2947 4070; x_wconf 85' lang='lat' dir='ltr'><strong>Alfredus,</strong></span> <span class='ocrx_word' id='word_1_503' title='bbox 2996 4003 3346 4076; x_wconf 87' lang='lat' dir='ltr'><strong>Edwardus,</strong></span> <span class='ocrx_word' id='word_1_504' title='bbox 3377 4007 3663 4066; x_wconf 68' lang='lat' dir='ltr'><strong>Ethelre-</strong></span> 
     </span>
    </p>
   </div>
   <div class='ocr_carea' id='block_1_67' title="bbox 2010 4085 3668 4166">
    <p class='ocr_par' dir='ltr' id='par_1_67' title="bbox 2010 4085 3668 4166">
     <span class='ocr_line' id='line_1_67' title="bbox 2010 4085 3668 4166; baseline 0.01 -27"><span class='ocrx_word' id='word_1_505' title='bbox 2010 4085 2141 4154; x_wconf 90' lang='lat' dir='ltr'><strong>dus,</strong></span> <span class='ocrx_word' id='word_1_506' title='bbox 2174 4085 2470 4155; x_wconf 90' lang='lat' dir='ltr'><strong>Alstanus,</strong></span> <span class='ocrx_word' id='word_1_507' title='bbox 2499 4091 2557 4142; x_wconf 92' lang='lat' dir='ltr'><strong>et</strong></span> <span class='ocrx_word' id='word_1_508' title='bbox 2586 4087 3050 4160; x_wconf 88' lang='lat' dir='ltr'><strong>gloriosissimus</strong></span> <span class='ocrx_word' id='word_1_509' title='bbox 3092 4093 3458 4166; x_wconf 86' lang='lat' dir='ltr'><strong>Edmundus,</strong></span> <span class='ocrx_word' id='word_1_510' title='bbox 3491 4102 3549 4155; x_wconf 89' lang='lat' dir='ltr'><strong>et</strong></span> <span class='ocrx_word' id='word_1_511' title='bbox 3578 4099 3668 4157; x_wconf 89' lang='lat' dir='ltr'><strong>in-</strong></span> 
     </span>
    </p>
   </div>
   <div class='ocr_carea' id='block_1_68' title="bbox 2010 4173 2802 4249">
    <p class='ocr_par' dir='ltr' id='par_1_68' title="bbox 2010 4173 2802 4249">
     <span class='ocr_line' id='line_1_68' title="bbox 2010 4173 2802 4249; baseline 0.006 -22"><span class='ocrx_word' id='word_1_512' title='bbox 2010 4173 2488 4247; x_wconf 86' lang='lat' dir='ltr'><strong>incomparabilis</strong></span> <span class='ocrx_word' id='word_1_513' title='bbox 2518 4177 2802 4249; x_wconf 88' lang='lat' dir='ltr'><strong>Edgarus.</strong></span> 
     </span>
    </p>
   </div>
   <div class='ocr_carea' id='block_1_69' title="bbox 2079 4280 3668 4362">
    <p class='ocr_par' dir='ltr' id='par_1_69' title="bbox 2079 4280 3668 4362">
     <span class='ocr_line' id='line_1_69' title="bbox 2079 4280 3668 4362; baseline 0.011 -26"><span class='ocrx_word' id='word_1_514' title='bbox 2079 4280 2138 4336; x_wconf 92' lang='lat' dir='ltr'><strong>Si</strong></span> <span class='ocrx_word' id='word_1_515' title='bbox 2170 4280 2304 4352; x_wconf 91' lang='lat' dir='ltr'><strong>quis</strong></span> <span class='ocrx_word' id='word_1_516' title='bbox 2334 4285 2528 4338; x_wconf 89' lang='lat' dir='ltr'><strong>autem</strong></span> <span class='ocrx_word' id='word_1_517' title='bbox 2561 4284 2769 4354; x_wconf 90' lang='lat' dir='ltr'><strong>quovis</strong></span> <span class='ocrx_word' id='word_1_518' title='bbox 2809 4285 3083 4358; x_wconf 89' lang='lat' dir='ltr'><strong>deinceps</strong></span> <span class='ocrx_word' id='word_1_519' title='bbox 3123 4292 3384 4362; x_wconf 87' lang='lat' dir='ltr'><strong>tempore</strong></span> <span class='ocrx_word' id='word_1_520' title='bbox 3416 4296 3527 4351; x_wconf 90' lang='lat' dir='ltr'><strong>sub</strong></span> <span class='ocrx_word' id='word_1_521' title='bbox 3560 4297 3668 4352; x_wconf 86' lang='lat' dir='ltr'><strong>ali-</strong></span> 
     </span>
    </p>
   </div>
   <div class='ocr_carea' id='block_1_70' title="bbox 2007 4369 3665 4449">
    <p class='ocr_par' dir='ltr' id='par_1_70' title="bbox 2007 4369 3665 4449">
     <span class='ocr_line' id='line_1_70' title="bbox 2007 4369 3665 4449; baseline 0.012 -26"><span class='ocrx_word' id='word_1_522' title='bbox 2007 4385 2126 4440; x_wconf 92' lang='lat' dir='ltr'><strong>qua</strong></span> <span class='ocrx_word' id='word_1_523' title='bbox 2153 4369 2460 4426; x_wconf 86' lang='lat' dir='ltr'><strong>occasione</strong></span> <span class='ocrx_word' id='word_1_524' title='bbox 2520 4371 2944 4445; x_wconf 89' lang='lat' dir='ltr'><strong>interrumpere</strong></span> <span class='ocrx_word' id='word_1_525' title='bbox 2987 4381 3162 4449; x_wconf 91' lang='lat' dir='ltr'><strong>atque</strong></span> <span class='ocrx_word' id='word_1_526' title='bbox 3193 4379 3426 4438; x_wconf 88' lang='lat' dir='ltr'><strong>irritum</strong></span> <span class='ocrx_word' id='word_1_527' title='bbox 3477 4384 3665 4443; x_wconf 81' lang='lat' dir='ltr'><strong>facere</strong></span> 
     </span>
    </p>
   </div>
   <div class='ocr_carea' id='block_1_71' title="bbox 2011 4458 3666 4541">
    <p class='ocr_par' dir='ltr' id='par_1_71' title="bbox 2011 4458 3666 4541">
     <span class='ocr_line' id='line_1_71' title="bbox 2011 4458 3666 4541; baseline 0.012 -29"><span class='ocrx_word' id='word_1_528' title='bbox 2011 4458 2192 4529; x_wconf 86' lang='lat' dir='ltr'><strong>hujus</strong></span> <span class='ocrx_word' id='word_1_529' title='bbox 2249 4458 2534 4532; x_wconf 88' lang='lat' dir='ltr'><strong>privilegii</strong></span> <span class='ocrx_word' id='word_1_530' title='bbox 2592 4464 3008 4519; x_wconf 86' lang='lat' dir='ltr'><strong>testamentum</strong></span> <span class='ocrx_word' id='word_1_531' title='bbox 3067 4466 3234 4524; x_wconf 90' lang='lat' dir='ltr'><strong>nisus</strong></span> <span class='ocrx_word' id='word_1_532' title='bbox 3291 4469 3486 4541; x_wconf 83' lang='lat' dir='ltr'><strong>fuerit,</strong></span> <span class='ocrx_word' id='word_1_533' title='bbox 3520 4474 3598 4531; x_wconf 90' lang='lat' dir='ltr'><strong>sit</strong></span> <span class='ocrx_word' id='word_1_534' title='bbox 3632 4491 3666 4532; x_wconf 78' lang='grc' dir='ltr'><strong>ο.</strong></span> 
     </span>
    </p>
   </div>
   <div class='ocr_carea' id='block_1_72' title="bbox 1932 4547 3664 4637">
    <p class='ocr_par' dir='ltr' id='par_1_72' title="bbox 1932 4547 3664 4637">
     <span class='ocr_line' id='line_1_72' title="bbox 1932 4547 3664 4637; baseline 0.01 -36"><span class='ocrx_word' id='word_1_535' title='bbox 1932 4572 1979 4637; x_wconf 83' lang='lat' dir='ltr'><strong>D</strong></span> <span class='ocrx_word' id='word_1_536' title='bbox 2011 4547 2306 4604; x_wconf 87' lang='lat' dir='ltr'><strong>consortio</strong></span> <span class='ocrx_word' id='word_1_537' title='bbox 2339 4548 2573 4620; x_wconf 87' lang='lat' dir='ltr'><strong>piorum</strong></span> <span class='ocrx_word' id='word_1_538' title='bbox 2621 4549 2814 4605; x_wconf 91' lang='lat' dir='ltr'><strong>ultimi</strong></span> <span class='ocrx_word' id='word_1_539' title='bbox 2863 4554 3150 4612; x_wconf 83' lang='lat' dir='ltr'><strong>examinis</strong></span> <span class='ocrx_word' id='word_1_540' title='bbox 3199 4559 3523 4618; x_wconf 86' lang='lat' dir='ltr'><strong>ventilabro</strong></span> <span class='ocrx_word' id='word_1_541' title='bbox 3577 4564 3664 4618; x_wconf 57' lang='lat' dir='ltr'><strong>dio</strong></span> 
     </span>
    </p>
   </div>
   <div class='ocr_carea' id='block_1_73' title="bbox 2011 4637 3663 4710">
    <p class='ocr_par' dir='ltr' id='par_1_73' title="bbox 2011 4637 3663 4710">
     <span class='ocr_line' id='line_1_73' title="bbox 2011 4637 3663 4710; baseline 0.012 -19"><span class='ocrx_word' id='word_1_542' title='bbox 2011 4637 2313 4709; x_wconf 89' lang='lat' dir='ltr'><strong>spertitus.</strong></span> <span class='ocrx_word' id='word_1_543' title='bbox 2335 4637 2396 4693; x_wconf 90' lang='lat' dir='ltr'><strong>Si</strong></span> <span class='ocrx_word' id='word_1_544' title='bbox 2427 4638 2560 4710; x_wconf 90' lang='lat' dir='ltr'><strong>quis</strong></span> <span class='ocrx_word' id='word_1_545' title='bbox 2592 4655 2722 4694; x_wconf 89' lang='lat' dir='ltr'><strong>vero</strong></span> <span class='ocrx_word' id='word_1_546' title='bbox 2755 4640 3032 4698; x_wconf 89' lang='lat' dir='ltr'><strong>benevola</strong></span> <span class='ocrx_word' id='word_1_547' title='bbox 3070 4644 3396 4705; x_wconf 89' lang='lat' dir='ltr'><strong>intentione</strong></span> <span class='ocrx_word' id='word_1_548' title='bbox 3425 4650 3548 4708; x_wconf 61' lang='lat' dir='ltr'><strong>haec</strong></span> <span class='ocrx_word' id='word_1_549' title='bbox 3580 4653 3663 4710; x_wconf 86' lang='lat' dir='ltr'><strong>fa-</strong></span> 
     </span>
    </p>
   </div>
   <div class='ocr_carea' id='block_1_74' title="bbox 2007 4727 3660 4802">
    <p class='ocr_par' dir='ltr' id='par_1_74' title="bbox 2007 4727 3660 4802">
     <span class='ocr_line' id='line_1_74' title="bbox 2007 4727 3660 4802; baseline 0.011 -21"><span class='ocrx_word' id='word_1_550' title='bbox 2007 4742 2155 4795; x_wconf 90' lang='lat' dir='ltr'><strong>cere,</strong></span> <span class='ocrx_word' id='word_1_551' title='bbox 2173 4727 2436 4798; x_wconf 90' lang='lat' dir='ltr'><strong>probare,</strong></span> <span class='ocrx_word' id='word_1_552' title='bbox 2452 4732 2509 4783; x_wconf 90' lang='lat' dir='ltr'><strong>et</strong></span> <span class='ocrx_word' id='word_1_553' title='bbox 2528 4727 2831 4784; x_wconf 84' lang='lat' dir='ltr'><strong>defensare</strong></span> <span class='ocrx_word' id='word_1_554' title='bbox 2853 4732 3164 4802; x_wconf 89' lang='lat' dir='ltr'><strong>studuerit,</strong></span> <span class='ocrx_word' id='word_1_555' title='bbox 3185 4735 3539 4796; x_wconf 71' lang='lat' dir='ltr'><strong>beatissima:</strong></span> <span class='ocrx_word' id='word_1_556' title='bbox 3563 4743 3660 4798; x_wconf 88' lang='lat' dir='ltr'><strong>Dei</strong></span> 
     </span>
    </p>
   </div>
   <div class='ocr_carea' id='block_1_75' title="bbox 2007 4815 3662 4886">
    <p class='ocr_par' dir='ltr' id='par_1_75' title="bbox 2007 4815 3662 4886">
     <span class='ocr_line' id='line_1_75' title="bbox 2007 4815 3662 4886; baseline 0.01 -16"><span class='ocrx_word' id='word_1_557' title='bbox 2007 4815 2307 4886; x_wconf 87' lang='lat' dir='ltr'><strong>genitricis</strong></span> <span class='ocrx_word' id='word_1_558' title='bbox 2340 4815 2532 4871; x_wconf 70' lang='lat' dir='ltr'><strong>Maria:</strong></span> <span class='ocrx_word' id='word_1_559' title='bbox 2563 4820 2618 4872; x_wconf 89' lang='lat' dir='ltr'><strong>et</strong></span> <span class='ocrx_word' id='word_1_560' title='bbox 2639 4816 2904 4873; x_wconf 90' lang='lat' dir='ltr'><strong>omnium</strong></span> <span class='ocrx_word' id='word_1_561' title='bbox 2937 4824 3272 4880; x_wconf 90' lang='lat' dir='ltr'><strong>sanctorum</strong></span> <span class='ocrx_word' id='word_1_562' title='bbox 3295 4825 3662 4886; x_wconf 88' lang='lat' dir='ltr'><strong>intercessio-</strong></span> 
     </span>
    </p>
   </div>
   <div class='ocr_carea' id='block_1_76' title="bbox 2007 4903 3660 4981">
    <p class='ocr_par' dir='ltr' id='par_1_76' title="bbox 2007 4903 3660 4981">
     <span class='ocr_line' id='line_1_76' title="bbox 2007 4903 3660 4981; baseline 0.011 -23"><span class='ocrx_word' id='word_1_563' title='bbox 2007 4919 2099 4972; x_wconf 92' lang='lat' dir='ltr'><strong>ne,</strong></span> <span class='ocrx_word' id='word_1_564' title='bbox 2133 4903 2449 4976; x_wconf 84' lang='lat' dir='ltr'><strong>ampliﬁcet</strong></span> <span class='ocrx_word' id='word_1_565' title='bbox 2478 4904 2632 4961; x_wconf 88' lang='lat' dir='ltr'><strong>Deus</strong></span> <span class='ocrx_word' id='word_1_566' title='bbox 2672 4905 3000 4977; x_wconf 89' lang='lat' dir='ltr'><strong>portionem</strong></span> <span class='ocrx_word' id='word_1_567' title='bbox 3029 4910 3158 4981; x_wconf 84' lang='lat' dir='ltr'><strong>ejus</strong></span> <span class='ocrx_word' id='word_1_568' title='bbox 3189 4911 3250 4968; x_wconf 90' lang='lat' dir='ltr'><strong>in</strong></span> <span class='ocrx_word' id='word_1_569' title='bbox 3279 4918 3436 4973; x_wconf 86' lang='lat' dir='ltr'><strong>terra</strong></span> <span class='ocrx_word' id='word_1_570' title='bbox 3463 4917 3660 4977; x_wconf 85' lang='lat' dir='ltr'><strong>viven-</strong></span> 
     </span>
    </p>
   </div>
   <div class='ocr_carea' id='block_1_77' title="bbox 2006 4993 3658 5081">
    <p class='ocr_par' dir='ltr' id='par_1_77' title="bbox 2006 4993 3658 5081">
     <span class='ocr_line' id='line_1_77' title="bbox 2006 4993 3658 5081; baseline 0.012 -35"><span class='ocrx_word' id='word_1_571' title='bbox 2006 4993 2173 5048; x_wconf 87' lang='lat' dir='ltr'><strong>tium.</strong></span> <span class='ocrx_word' id='word_1_572' title='bbox 2208 4993 2434 5066; x_wconf 89' lang='lat' dir='ltr'><strong>Scripta</strong></span> <span class='ocrx_word' id='word_1_573' title='bbox 2463 4997 2552 5048; x_wconf 89' lang='lat' dir='ltr'><strong>est</strong></span> <span class='ocrx_word' id='word_1_574' title='bbox 2595 4993 2776 5065; x_wconf 88' lang='lat' dir='ltr'><strong>hujus</strong></span> <span class='ocrx_word' id='word_1_575' title='bbox 2807 4995 3092 5070; x_wconf 89' lang='lat' dir='ltr'><strong>privilegii</strong></span> <span class='ocrx_word' id='word_1_576' title='bbox 3135 5001 3392 5073; x_wconf 83' lang='lat' dir='ltr'><strong>donatio,</strong></span> <span class='ocrx_word' id='word_1_577' title='bbox 3427 5012 3485 5063; x_wconf 90' lang='lat' dir='ltr'><strong>et</strong></span> <span class='ocrx_word' id='word_1_578' title='bbox 3527 5025 3658 5081; x_wconf 86' lang='lat' dir='ltr'><strong>pro-</strong></span> 
     </span>
    </p>
   </div>
   <div class='ocr_carea' id='block_1_78' title="bbox 2007 5081 3658 5172">
    <p class='ocr_par' dir='ltr' id='par_1_78' title="bbox 2007 5081 3658 5172">
     <span class='ocr_line' id='line_1_78' title="bbox 2007 5081 3658 5172; baseline 0.012 -38"><span class='ocrx_word' id='word_1_579' title='bbox 2007 5081 2267 5172; x_wconf 83' lang='lat' dir='ltr'><strong>mulgata</strong></span> <span class='ocrx_word' id='word_1_580' title='bbox 2297 5082 2357 5137; x_wconf 91' lang='lat' dir='ltr'><strong>in</strong></span> <span class='ocrx_word' id='word_1_581' title='bbox 2405 5082 2621 5155; x_wconf 91' lang='lat' dir='ltr'><strong>Lignea</strong></span> <span class='ocrx_word' id='word_1_582' title='bbox 2674 5083 2918 5139; x_wconf 88' lang='lat' dir='ltr'><strong>basilica</strong></span> <span class='ocrx_word' id='word_1_583' title='bbox 2969 5088 3079 5142; x_wconf 90' lang='lat' dir='ltr'><strong>sub</strong></span> <span class='ocrx_word' id='word_1_584' title='bbox 3135 5094 3448 5162; x_wconf 58' lang='lat' dir='ltr'><strong>prasentia</strong></span> <span class='ocrx_word' id='word_1_585' title='bbox 3503 5099 3658 5172; x_wconf 85' lang='lat' dir='ltr'><strong>regis</strong></span> 
     </span>
    </p>
   </div>
   <div class='ocr_carea' id='block_1_79' title="bbox 2006 5169 3656 5259">
    <p class='ocr_par' dir='ltr' id='par_1_79' title="bbox 2006 5169 3656 5259">
     <span class='ocr_line' id='line_1_79' title="bbox 2006 5169 3656 5259; baseline 0.012 -34"><span class='ocrx_word' id='word_1_586' title='bbox 2006 5169 2308 5240; x_wconf 88' lang='lat' dir='ltr'><strong>Cnutonis,</strong></span> <span class='ocrx_word' id='word_1_587' title='bbox 2362 5188 2516 5228; x_wconf 86' lang='lat' dir='ltr'><strong>anno</strong></span> <span class='ocrx_word' id='word_1_588' title='bbox 2569 5172 2640 5227; x_wconf 90' lang='lat' dir='ltr'><strong>ab</strong></span> <span class='ocrx_word' id='word_1_589' title='bbox 2701 5173 2928 5230; x_wconf 87' lang='lat' dir='ltr'><strong>Incarn.</strong></span> <span class='ocrx_word' id='word_1_590' title='bbox 2983 5175 3286 5238; x_wconf 89' lang='lat' dir='ltr'><strong>Dominica</strong></span> <span class='ocrx_word' id='word_1_591' title='bbox 3338 5185 3508 5259; x_wconf 82' lang='lat'><strong>1032,</strong></span> <span class='ocrx_word' id='word_1_592' title='bbox 3566 5169 3656 5246; x_wconf 32' lang='lat' dir='ltr'><strong>ivn-</strong></span> 
     </span>
    </p>
   </div>
   <div class='ocr_carea' id='block_1_80' title="bbox 2005 5259 2238 5316">
    <p class='ocr_par' dir='ltr' id='par_1_80' title="bbox 2005 5259 2238 5316">
     <span class='ocr_line' id='line_1_80' title="bbox 2005 5259 2238 5316; baseline 0.004 -1"><span class='ocrx_word' id='word_1_593' title='bbox 2005 5259 2238 5316; x_wconf 90' lang='lat' dir='ltr'><strong>dict.....</strong></span> 
     </span>
    </p>
   </div>
  </div>
