3924 6210
1280 314 1355 383 S.
1393 312 1844 386 EDWARDUS
1891 310 1972 384 III
2016 314 2173 384 REX
2214 318 2449 387 ANGL.

3419 308 3583 388 1190

1213 605 2521 743 ΜΔοαΔΒλΕυε

1547 834 1705 895 REX
1748 834 2169 898 SCOTORUM
2183 881 2196 895 .

882 1082 1472 1172 MACCABZEI
1530 1083 1895 1171 LEGES
1966 1084 2857 1175 ECCLESIASTIGXE

1359 1260 1425 1323 E
1451 1260 1837 1323 saecularibus
1863 1262 1985 1323 suis
2013 1260 2397 1344 depromptae.

458 1420 694 1491 (MANSI,
728 1420 933 1477 Concil.
965 1423 1007 1476 t.
1036 1421 1174 1491 XIX,
1209 1436 1279 1478 ex
1307 1420 1549 1478 Hectore
1578 1421 1795 1495 Boetio,
1826 1422 1964 1478 Hist.
1997 1422 2101 1479 lib.
2133 1440 2235 1493 xu,
2269 1422 2368 1496 qui
2400 1422 2508 1480 has
2538 1424 2715 1481 refert
2743 1425 2814 1482 ad
2844 1441 3065 1482 annum
3101 1425 3281 1498 1050).

1665 1581 2089 1593 -—-————-

224 1677 462 1736 Christo
484 1679 779 1736 initiatum
802 1680 873 1736 ad
898 1680 1208 1753 profanum
1223 1680 1486 1752 judicem
1510 1697 1622 1737 non
1645 1698 1810 1738 voca-
1842 1691 1896 1757 Α
1932 1681 2026 1749 rit,
2054 1681 2240 1738 hostis
2270 1681 2603 1754 reipublicae
2635 1681 2908 1751 habelor;
2942 1684 3043 1756 qui
3067 1698 3202 1739 vero
3217 1683 3365 1740 duos
3396 1700 3581 1742 annos

143 1773 211 1825 to
232 1772 526 1836 ;vocatum
544 1772 1047 1842 comparentemve
1069 1786 1185 1825 non
1202 1768 1595 1841 judicato,sed
1618 1770 1690 1825 ad
1714 1786 1813 1827 sa-

147 1874 289 1914 cros
319 1857 615 1915 antistites
644 1856 947 1914 remittito.

226 1947 530 2004 Decimum
559 1950 785 2020 partem
836 1950 1006 2004 terra;
1053 1947 1422 2004 nascentium
1476 1948 1811 2021 pastoribus

1924 1772 1982 1827 in
2026 1788 2095 1827 ea
2137 1771 2507 1828 contumacia
2557 1771 2964 1843 perseveravit,
3018 1770 3270 1829 fortunis
3307 1771 3583 1830 omnibus

1923 1859 2221 1917 multator.

1994 1949 2055 2005 Si
2082 1949 2217 2022 quis
2248 1950 2786 2023 quempiam,cujus
2817 1950 2943 2023 ipse
2974 1949 3311 2023 sumptibus
3331 1954 3436 2008 aut
3463 1951 3582 2008 vic-

146 2036 540 2094 ecclesiarum
568 2035 748 2092 libere
775 2035 1360 2110 conferto,Deumque
1390 2052 1622 2110 semper
1663 2036 1814 2093 votis
1924 2043 1986 2094 tu
2018 2055 2133 2095 non
2159 2037 2337 2094 alitur
2367 2038 2732 2110 quotidiano,
2767 2041 2836 2095 ad
2868 2038 3199 2109 ecclesiam,
3227 2055 3330 2097 seu
3370 2041 3442 2097 ad
3472 2057 3582 2114 pu—

148 2129 213 2183 et
245 2124 649 2182 oblationibus
678 2125 972 2182 consuetis
1002 2127 1263 2183 adorato.

224 2213 339 2280 Qui
368 2213 660 2288 pontiﬁcis
690 2215 1096 2272 auctoritatem
1139 2232 1361 2273 annum
1410 2220 1599 2272 totum
1649 2232 1815 2271 exse-

152 2308 394 2361 cratum
426 2303 858 2377 contempserit,
892 2320 1079 2378 neque
1109 2322 1173 2362 se
1196 2305 1434 2362 interim
1480 2304 1816 2361 reconcilia-

1924 2126 2140 2183 blicum
2172 2133 2542 2195 conventum,
2577 2145 2680 2184 seu
2726 2129 2796 2184 ad
2855 2130 3043 2184 forum
3092 2128 3457 2186 nundinasve
3485 2146 3583 2187 co-

1926 2216 2167 2273 mitatus
2197 2220 2264 2272 ut
2292 2217 2518 2273 assecla
2546 2216 2742 2288 fuerit,
2772 2216 2983 2290 capitis
3014 2234 3148 2273 reus
3177 2221 3323 2274 esto.

1022 2583 1181 2713 S.
1277 2580 2404 2715 EDWABDUS
2493 2583 2720 2708 ῙῙῙ

1284 2810 1443 2870 REX
1488 2808 1948 2881 ANGLORUM,
1995 2808 2459 2871 CONFESSOR

1576 2959 1719 3040 (An.
1753 2958 2159 3034 1041-1066.)

1677 3113 2079 3128 ἡ

720 3216 810 3310 S.
884 3216 1473 3311 EDWARDI
1544 3216 1947 3312 LEGES
2016 3214 3030 3309 ECCLESIASTICIE

1274 3414 1325 3475 E
1353 3413 1759 3475 saecularibus
1787 3412 1916 3474 suis
1945 3412 2339 3492 depromptae
2372 3409 2475 3491 (1).

809 3563 997 3636 (Apud
1030 3563 1241 3633 MANSI,
1276 3563 1482 3621 Concil.
1514 3567 1658 3620 tom.
1690 3562 1838 3632 XIX,
1871 3562 1982 3619 col.
2014 3562 2142 3634 713,
2174 3577 2244 3617 ex
2268 3557 2617 3617 Collectione
2647 3559 2945 3634 Wilkins.)
3048 3616 3051 3619 ἰ

308 3828 597 3887 TITULLI
636 3829 883 3888 LEGUM
922 3830 1653 3889 ECCLESIASTICARUM.

142 3919 192 3976 Ι.
229 3919 306 3975 De
333 3919 549 3975 clericis
572 3923 626 3976 et
652 3919 1077 3992 possessionibus
1106 3935 1315 3977 eorum.

142 4006 222 4062 II.
255 4006 334 4061 De
358 4006 693 4078 temporibus
719 4014 773 4063 et
795 4007 984 4064 diebus
1007 4008 1161 4079 pacis
1189 4010 1354 4080 regis.

142 4093 252 4151 III.
284 4094 361 4150 De
379 4095 607 4166 justitia
633 4103 843 4153 sancte
869 4095 1132 4154 ecclesiae.

143 4181 247 4238 IV.
279 4183 356 4239 De
381 4185 652 4240 universis
684 4185 991 4242 tenentibus
1012 4184 1079 4241 de
1103 4186 1346 4243 ecclesia.

141 4270 219 4326 V.
254 4271 331 4328 De
356 4273 468 4328 reis
496 4272 567 4328 ad
589 4273 872 4331 ecclesiam
898 4274 1258 4346 fugientibus.

141 4359 245 4416 VI.
279 4360 357 4416 De
376 4362 651 4433 fractione
671 4363 829 4435 pacis
855 4365 1100 4421 ecclesiae
1125 4363 1491 4436 fugientibus.

141 4447 274 4505 VII.
306 4449 383 4506 De
409 4448 636 4507 decimis
660 4452 895 4508 ecclesiae
924 4452 1234 4523 reddendis,
1265 4452 1331 4508 de
1360 4452 1547 4508 ovibus
1582 4458 1634 4508 et
1675 4467 1804 4523 por-

222 4537 404 4595 cellis.

143 4625 305 4683 VIII.
337 4627 412 4684 De
441 4628 658 4701 apibus,
689 4637 742 4686 et
770 4630 902 4687 aliis
926 4631 1116 4688 multis
1143 4631 1376 4686 minutis
1402 4629 1647 4685 decimis.

146 4714 247 4772 IX.
280 4715 357 4772 De
386 4715 472 4772 his
499 4719 597 4789 qui
623 4717 695 4774 ad
732 4718 1009 4791 judicium
1052 4719 1195 4791 ferri
1245 4719 1329 4773 vel
1375 4734 1530 4790 aqua
1565 4716 1808 4790 judicati

221 4813 355 4861 sunt
377 4820 478 4878 per
497 4807 779 4879 justitiam
807 4809 969 4880 regis.

143 4893 215 4950 X.
250 4894 328 4950 De
349 4893 575 4952 denario
603 4899 784 4953 sancti
809 4898 986 4965 Petri,
1018 4896 1158 4969 quod
1208 4897 1432 4968 Anglice
1473 4895 1677 4952 dicitur
1707 4897 1805 4953 Ro-

224 4987 448 5042 mescot.

1838 3835 1886 3900 Β
1993 3835 2194 3888 tutum.

1915 3920 2037 3977 XII.
2070 3922 2145 3977 De
2169 3923 2495 3981 multimoda
2519 3937 2655 3996 pace
2685 3922 2848 3990 regis,
2876 3924 2988 3976 etc.
3019 3920 3152 3975 Item
3198 3916 3266 3974 de
3310 3914 3569 3973 manbota

1988 4009 2405 4084 archiepiscopi,
2437 4011 2696 4085 episcopi.
2731 4013 2838 4066 ϐίον
3417 4068 3423 4079 .

1914 4097 2060 4153 XIII.
2092 4099 2166 4156 De
2195 4100 2467 4157 thesauris
2500 4101 2561 4155 in
2591 4103 2741 4155 terra
2768 4096 3096 4154 absconditis
3130 4104 3183 4152 et
3209 4095 3463 4151 inventis.

1818 4258 1823 4261 _
1916 4184 2064 4241 XIV.
2095 4187 2238 4256 Quid
2265 4190 2338 4244 sit
2358 4192 2503 4259 regis
2532 4187 2798 4257 ofﬁcium,
2824 4189 2877 4242 et
2904 4185 2971 4240 de
2999 4184 3191 4240 Carolo
3241 4190 3293 4238 et
3338 4181 3574 4254 Pippino

1985 4275 2162 4343 fratre
2188 4274 2346 4347 [leg.,
2380 4274 2513 4344 ﬁlio]
2546 4273 2665 4344 ejus
2693 4272 3023 4342 exemplum.

1914 4360 2031 4418 XV.
2062 4363 2138 4419 De
2176 4361 2471 4419 baronibus
2516 4362 2614 4431 qui
2656 4375 2784 4414 suas
2828 4358 3027 4414 habent
3053 4357 3237 4412 curias
3281 4366 3580 4414 consuetu-

1988 4449 2164 4507 dines.

1914 4537 2060 4594 XVI.
2090 4541 2164 4595 De
2191 4538 2377 4594 sacha.

1916 4626 2088 4683 XVII.
2112 4628 2188 4684 De
2213 4642 2356 4683 scca.

1913 4715 2110 4773 XVIII.
2144 4718 2222 4773 De
2247 4715 2381 4771 thol.

1913 4803 2053 4860 XIX.
2087 4805 2161 4861 De
2193 4805 2392 4859 theam.

1914 4892 2027 4949 XX.
2065 4894 2136 4950 De
2165 4891 2525 4965 infangthe/e.

1913 4981 2057 5037 XXI.
2087 4982 2161 5038 De
2186 4981 2412 5038 Judxis.

146 5075 251 5128 XI.
286 5072 431 5142 Quid
456 5075 529 5131 sit
556 5073 937 5147 danegeldum,
969 5077 1020 5130 et
1050 5089 1160 5147 qua
1188 5076 1467 5131 occasione
1492 5076 1566 5130 sit
1601 5075 1804 5132 consti-
1836 5095 1880 5165 ρ
1916 5071 2083 5128 ΧΧΙΙ.
2116 5072 2396 5127 Decretum
2424 5065 2568 5138 regis
2596 5061 2663 5119 de
2688 5064 2992 5120 usurariis.

220 5224 300 5298 (Ι)
330 5224 770 5300 Pseudonymas
792 5226 903 5300 has
930 5225 1088 5300 leges
1111 5240 1247 5300 esse
1266 5224 1565 5300 contendit
1589 5224 1802 5300 _Hickes

146 5295 394 5371 Dissert.
411 5295 790 5371 _epistol.,_tol.
820 5299 912 5366 55,
929 5295 1222 5371 Aetfnullas
1251 5297 1327 5352 ab
1355 5297 1646 5371 Edwardo
1669 5313 1803 5371 rege

146 5365 317 5440 leges,
340 5362 525 5426 fuisse
550 5362 818 5440 conditas
849 5362 1089 5440 cuilibet
1120 5371 1377 5436 constat;
1419 5367 1633 5424 idcirco
1664 5362 1800 5425 cuin
1910 5364 2235 5440 collectioni
2283 5363 2481 5439 legum
2528 5364 2659 5437 post
2699 5362 2974 5440 tempore

146 5438 322 5512 Angli
380 5456 485 5512 per
513 5438 738 5512 aliquot
756 5438 1367 5512 principumsuorum
1387 5443 1521 5512 post
1541 5455 1800 5512 conque-

144 5507 320 5585 stum
337 5507 531 5585 regna
543 5507 690 5585 totis
718 5507 1346 5585 yiribus‘adlaborasse
1387 5507 1799 5585 dicu‘ntur'ple-

141 5595 249 5663 ges
277 5580 559 5646 Edviardi
588 5580 951 5651 Confessoris
977 5595 1276 5653 renovare,
1309 5580 1382 5640 de
1426 5580 1657 5660 legibus
1682 5583 1799 5643 An-

1947 5222 2004 5278 lo
2034 5221 2449 5279 Saxonicorum
2500 5220 2559 5275 et
2603 5215 2909 5288 Danorum
2957 5222 3165 5288 reg“!!!
3211 5208 3286 5265 ab
3336 5209 3588 5288 Edwar-

1951 5312 1984 5350 o
2041 5292 2284 5350 mutatis
2339 5296 2396 5349 et
2451 5286 2728 5348 correctis
2787 5279 3244 5417 intelligglnﬁum
3274 5288 3385 5367 ρει.
3434 5286 3586 5348 Huic

1951 5364 2235 5422 ollectioni
2283 5363 2481 5435 legum
2528 5364 2659 5435 post
2699 5362 3015 5435 tempore,
3081 5350 3309 5435 111191391
3355 5357 3379 5415 Ι
3426 5377 3583 5435 quaa-

1912 5438 2047 5511 dam
2073 5424 2476 5511 accesserint;
2500 5424 2648 5511 ea!!!
2675 5424 2846 5511 sum:
2858 5435 2935 5511 de
2973 5424 3312 5511 Ἰἶιξειθεθιάο
3345 5424 3477 5511 capi
3514 5438 3585 5496 12

1913 5507 2126 5584 agitur,
2159 5507 2381 5568 mentio
2408 5505 2475 5569 ﬁt
2499 5506 2782 5569 Willelmi
2811 5506 2970 5570 Ruﬁ.
3004 5505 3292 5567 WILKINS.
