3924 6210
140 329 292 420 “93‘

1307 315 1755 422 EDWARDUS
1798 350 1882 421 III
1926 314 2159 423 ANGL.
2206 358 2384 423 REX.

3386 358 3540 451 1194

132 490 413 547 instinctu
453 489 669 545 diaboli
711 489 881 546 multi
912 506 1040 546 eam
1072 490 1471 557 detinuerunt,
1508 495 1567 546 et
1602 507 1789 546 sacer-
1817 489 1874 558 Α
1904 495 2627 564 statutumtamen,neque
2649 491 2968 556 ﬁrmatum,
2993 490 3093 546 sed
3107 489 3215 567 hac
3232 489 3541 559 necessita-

130 581 291 635 dotes
320 579 640 651 locupletes
671 579 1171 652 negligentes‘non
1212 580 1500 634 curabant
1545 579 1691 634 inire
1709 578 1787 633 la-

127 671 327 725 berem
346 669 418 724 ad
442 669 878 740 persequendas
900 685 1019 736 eas,
1036 685 1102 723 eo
1129 667 1286 739 quod
1312 667 1784 723 sufﬁcienterha-

132 758 350 827 bebant
378 774 498 813 suae
537 755 1273 815 necessariavitze.Multis
1325 755 1480 811 enim
1528 755 1584 811 in
1643 755 1786 811 locis

132 847 305 902 modo
337 851 477 902 sunt
494 851 614 901 tres
643 844 733 902 vel
757 849 1010 917 quatuor
1031 844 1312 911 ecclesiae,
1336 844 1437 899 ubi
1462 848 1600 898 tunc
1636 847 1783 898 tem-

135 934 297 1006 poris
331 951 449 990 una
479 938 711 989 tantum
744 939 951 1001 erat,ct
984 933 1067 988 sic
1083 932 1604 1004 cmperuntminui.

204 1021 295 1077 IX.
332 1027 407 1077 De
428 1021 528 1077 illo
559 1022 980 1093 quojudicium
1034 1022 1155 1077 ﬁeri
1189 1023 1376 1084 debet,
1416 1021 1608 1075 veniat
1648 1019 1785 1074 illuc

133 1110 408 1167 minister
423 1109 675 1183 episcopi
704 1127 838 1165 cum
853 1109 1079 1166 clericis
1101 1110 1309 1176 suis,et
1325 1108 1785 1179 similiterjusti-

133 1200 214 1255 tia
246 1200 404 1271 regis
425 1216 558 1255 cum
585 1198 872 1271 legalibus
900 1199 1244 1254 hominibus
1266 1198 1574 1271 provinciae
1604 1196 1782 1263 illius,

135 1289 234 1360 qui
262 1287 500 1344 videant
525 1292 583 1345 et
623 1288 885 1355 audiant,
926 1292 993 1342 ut
1050 1304 1214 1360 aeque
1266 1287 1463 1342 omnia
1520 1288 1684 1352 fiant,
1730 1291 1787 1342 et

134 1394 286 1449 quos
314 1377 597 1432 Dominus
617 1392 719 1448 per
767 1375 1232 1432 misericordiam
1282 1392 1474 1441 suam,
1517 1392 1631 1430 non
1684 1391 1786 1447 per

133 1463 349 1520 merita
370 1463 580 1520 salvari
613 1464 1067 1535 voluerit,quieti
1119 1465 1238 1521 sint
1295 1468 1352 1519 et
1402 1463 1581 1519 libere
1629 1479 1782 1519 rece-

133 1555 307 1620 dant;
343 1558 400 1608 et
422 1570 570 1626 quos
601 1553 885 1625 iniquitas
907 1552 1109 1625 culpis,
1149 1571 1261 1608 non
1288 1552 1572 1607 Dominus
1613 1554 1781 1607 dam-

132 1640 630 1713 naverit,justitia
662 1641 815 1713 regis
839 1642 909 1695 de
943 1641 1085 1712 ipsis
1109 1640 1404 1712 justitiam
1440 1641 1630 1696 faciat.
1681 1642 1782 1695 Ba-

132 1749 308 1789 rones
337 1748 470 1788 vero
493 1731 594 1803 qui
618 1746 789 1785 suam
811 1730 1264 1786 habentcuriam
1294 1731 1364 1785 de
1387 1731 1513 1786 suis
1534 1729 1784 1785 homini-

130 1823 266 1891 bus,
315 1821 552 1876 videant
598 1818 767 1875 utsic
816 1819 887 1875 de
936 1819 1023 1875 eis
1056 1823 1253 1891 agant,
1305 1823 1599 1891 quatenus
1646 1834 1784 1892 erga

128 1911 320 1967 Deum
344 1912 570 1965 rcatum
596 1924 709 1962 non
743 1906 1066 1973 incurrant,
1114 1910 1172 1962 et
1203 1922 1397 1979 regem
1435 1923 1549 1962 non
1599 1907 1784 1962 ofl‘en-

127 2001 317 2066 dant;
344 2001 421 2063 et,
455 1997 504 2052 si
523 1995 805 2068 placitum
840 1996 909 2050 de
940 1995 1284 2051 hominibus
1335 1996 1582 2051 aliorum
1615 1996 1783 2051 baro-

126 2104 277 2145 num
308 2087 498 2142 oritur
524 2085 585 2140 in
620 2084 799 2140 curiis
831 2083 1151 2150 suis,adsit
1184 2085 1253 2139 ad
1288 2084 1568 2156 placitum
1630 2084 1784 2156 regis

119 2176 380 2250 justitia,
406 2174 685 2247 quoniam
727 2175 949 2244 absque
981 2187 1049 2228 ea
1107 2172 1384 2244 placitum
1456 2174 1608 2227 ﬁniri
1665 2176 1785 2226 non

124 2266 286 2321 licet.
310 2264 371 2319 Si
402 2262 505 2335 qui
538 2263 784 2318 barones
821 2261 1050 2333 judicia
1082 2277 1191 2316 non
1245 2262 1460 2316 habent
1518 2262 1576 2316 in
1628 2261 1784 2317 Hun-

122 2354 334 2418 dredo,
358 2352 457 2407 ubi
490 2350 772 2423 placitum
799 2348 1069 2404 habitum
1096 2350 1289 2415 fuerit,
1306 2350 1376 2404 ad
1403 2349 1781 2421 propinquio-

126 2460 257 2497 rern
290 2438 622 2504 ecclesiam,
644 2437 742 2492 ubi
760 2437 1052 2508 judicium
1069 2437 1222 2509 regis
1241 2454 1291 2491 ei
1306 2437 1368 2505 it,
1389 2438 1779 2493 determinan-

126 2532 279 2585 dum
301 2532 409 2596 est,
436 2526 595 2583 salvo
618 2527 753 2597 jure
780 2526 1061 2580 baronum
1097 2524 1352 2581 illorum.

194 2620 268 2674 Χ.
302 2617 508 2674 Omnis
541 2614 641 2687 qui
664 2614 936 2673 habuerit
978 2614 1221 2687 triginta
1278 2615 1613 2671 denariatus
1642 2615 1778 2671 vivas

124 2706 393 2779 pecuniae
429 2706 485 2760 in
519 2705 692 2759 domo
724 2720 852 2770 sua,
873 2704 944 2760 de
989 2721 1095 2758 suo
1145 2704 1399 2776 proprio,
1458 2705 1779 2778 Anglorum

119 2796 275 2869 lege,
308 2795 475 2849 dabit
505 2792 811 2848 denarium
852 2792 1039 2847 sancti
1056 2792 1227 2859 Petri,
1248 2792 1442 2865 etlege
1468 2795 1777 2860 Danorum,

117 2883 440 2940 dimidiam
473 2881 874 2936 marcam.lste
896 2897 1028 2935 vero
1059 2881 1334 2936 denarius
1356 2882 1525 2936 debet
1547 2883 1781 2939 submo-

117 2973 248 3030 neri
284 2972 343 3027 in
377 2969 748 3027 solemnitate
778 2969 1174 3041 apostolorum
1203 2969 1353 3026 Petri
1380 2976 1438 3027 et
1482 2970 1663 3040 Pauli,
1723 2976 1781 3027 et

116 3059 327 3131 colligi
359 3059 434 3114 ad
457 3057 832 3115 festivitatem
864 3074 990 3129 quae
1022 3058 1238 3113 dicitur
1266 3060 1349 3113 Ad
1406 3059 1658 3128 vincula,
1698 3060 1780 3115 ita

117 3155 184 3204 ut
218 3148 383 3204 ultra
418 3145 587 3201 illum
620 3144 775 3201 diem
809 3161 923 3229 nep
966 3147 1313 3202 detineatur.
1376 3148 1434 3201 Si
1485 3148 1777 3219 quispiam

1897 581 1971 635 tis
2003 598 2197 648 causa,
2228 598 2296 636 ex
2326 597 2679 654 unaquaque
2701 580 2842 636 hida
2856 577 3106 634 sibidari
3129 582 3379 653 quatuor
3394 578 3531 635 soli-

1894 668 2019 735 dos,
2036 669 2277 725 ecclesia
2298 687 2412 726 non
2444 673 2700 743 excepta.
2719 674 2865 725 Dum
2895 684 3029 723 vero
3047 665 3309 723 c'ollectio
3324 681 3538 724 census

1894 758 2073 821 ﬁeret,
2091 758 2491 830 proclamabat
2518 763 2721 815 sancta
2740 756 3015 823 Ecclesia,
3032 773 3203 813 suam
3226 771 3540 830 reposcens

1895 844 2219 902 libertatem
2247 866 2259 916 ;
2287 849 2388 904 sed
2420 848 2565 903 nihil
2589 846 2848 920 profecit.

1962 935 2080 993 ΧΙῙ.
2116 936 2231 991 Pax
2260 937 2412 1010 regis
2448 925 2753 1009 multiplex
2768 940 2873 992 est.
2898 935 2998 991 Illa
3028 933 3186 991 enim
3210 933 3345 991 data
3358 949 3540 1007 manu

1895 1046 2021 1097 sua,
2086 1045 2262 1101 quam
2308 1025 2477 1098 Angli
2523 1028 2730 1080 vocant
2784 1026 3097 1096 cymzinger
3142 1021 3319 1085 honde
3358 1020 3539 1078 scalde

1893 1120 2073 1187 grith;
2105 1115 2219 1171 alia
2248 1114 2361 1176 die.
2395 1130 2527 1168 cum
2563 1113 2821 1185 primum
2881 1114 3194 1167 coronatus
3242 1114 3352 1176 est,
3410 1126 3539 1183 qua:

1896 1208 2019 1261 dies
2047 1208 2344 1261 tenetocto
2380 1221 2393 1269 ;
2426 1201 2485 1256 in
2511 1201 2699 1257 Natali
2755 1200 3007 1268 Domini,
3069 1199 3192 1256 dies
3247 1203 3415 1267 octo;
3477 1198 3539 1255 in

1894 1295 2196 1360 Paschate,
2221 1292 2347 1347 dies
2376 1294 2502 1346 octo
2524 1308 2538 1358 ;
2564 1289 2623 1344 in
2653 1290 3008 1356 Pentecoste,
3050 1288 3175 1344 dies
3225 1291 3373 1355 octo,
3424 1290 3534 1343 etc.

1894 1387 2065 1456 Infra.
2102 1381 2393 1437 Mambote
2418 1378 2643 1450 vero(id
2705 1381 2797 1434 est
2847 1376 3243 1448 compensatio
3291 1374 3538 1433 Domino

1894 1470 2276 1545 persolvenda
2304 1486 2407 1540 pro
2421 1466 2658 1522 homine
2673 1483 2779 1522 suo
2798 1467 2989 1522 occiso
3007 1466 3022 1536 )
3040 1464 3369 1537 Anglorum
3383 1463 3534 1538 lege,

1894 1561 2038 1633 regi,
2069 1563 2125 1615 et
2155 1556 2612 1629 archiepiscopo,
2634 1558 2753 1609 tres
2803 1570 3029 1609 marcas
3082 1553 3153 1609 de
3198 1552 3539 1631 hominibus

1893 1666 2093 1705 eorum
2127 1646 2377 1719 propriis
2411 1660 2423 1698 :
2461 1643 2560 1698 sed
2598 1640 2869 1714 episcopo
2907 1641 3172 1713 ejusdem
3204 1639 3538 1706 comitatus,

1894 1743 1950 1793 et
1970 1735 2219 1803 consuli,
2256 1737 2313 1789 et
2342 1728 2602 1805 dapifero
2634 1729 2808 1803 regis,
2841 1727 3043 1802 viginti
3078 1727 3333 1796 solidos;
3367 1726 3537 1783 baro-

1892 1827 2069 1882 nibus
2100 1828 2295 1879 autem
2326 1821 2476 1890 aliis,
2513 1821 2710 1876 decem
2744 1818 2985 1887 solidos,
3007 1822 3114 1874 etc.

1963 1914 2109 1971 ΧΙΙΙ.
2133 1910 2417 1969 Thesauri
2451 1910 2521 1965 de
2550 1912 2706 1965 terra
2734 1908 2887 1981 regis
2904 1911 3062 1975 sunt,
3083 1906 3196 1962 nisi
3247 1906 3307 1960 in
3365 1903 3540 1961 eccle-

1893 2005 1981 2062 sia
1998 2001 2083 2060 vel
2118 2002 2177 2059 in
2205 1998 2533 2057 ccemeterio
2565 1995 2954 2053 inveniantur.
2989 1996 3079 2062 Et,
3108 1994 3242 2050 licet
3272 1994 3355 2050 ibi
3385 1993 3537 2048 inve-

1893 2093 2088 2148 niatur
2118 2106 2329 2146 aurum
2364 2087 2516 2160 regis
2546 2091 2656 2152 est,
2687 2090 2744 2140 et
2764 2082 3305 2155 medietasargenti,
3324 2086 3381 2136 et
3415 2096 3536 2137 me-

1892 2180 2076 2236 dietas
2090 2177 2365 2243 ecclesiae,
2380 2175 2479 2230 ubi
2495 2175 2795 2229 inventum
2815 2172 3010 2236 fuerit,
3025 2184 3393 2243 quaecunque
3406 2169 3536 2242 ipsa

1892 2269 2084 2336 fuerit,
2100 2266 2187 2322 vel
2218 2266 2399 2330 dives,
2428 2263 2516 2318 vel
2548 2279 2788 2335 pauper.

1961 2356 2098 2412 XIV.
2135 2356 2253 2411 Rex
2282 2356 2501 2420 autem,
2532 2350 2631 2423 qui
2658 2348 2911 2404 vicarius
2942 2346 3161 2403 summi
3190 2345 3380 2418 Regis
3421 2348 3530 2413 est,

1890 2446 1960 2503 ad
2002 2444 2111 2500 hoc
2135 2448 2223 2499 est
2254 2439 2608 2497 constitutus
2637 2432 2704 2493 ut
2741 2453 2988 2509 regnum
3016 2439 3335 2500 terrenum,
3366 2437 3534 2507 etpo-

1890 2534 2095 2606 pulum
2122 2529 2374 2597 Domini,
2400 2532 2457 2583 et
2495 2544 2673 2599 super
2690 2525 2891 2581 omnia
2921 2527 3186 2581 sanctam
3223 2526 3533 2579 veneretur

1890 2621 2206 2677 Ecclesium
2241 2620 2391 2690 ejus,
2421 2622 2479 2672 et
2510 2620 2673 2688 regat
2695 2619 2751 2670 et
2781 2614 2854 2669 ab
2894 2611 3196 2693 injuriosis
3254 2610 3547 2693 defendat,

1890 2716 1947 2766 et
1980 2709 2277 2765 maleﬁcos
2307 2707 2379 2762 ab
2401 2723 2470 2761 ea
2499 2704 2706 2761 evellat
2751 2707 2807 2758 et
2866 2702 3128 2758 destruat
3179 2704 3238 2756 et
3293 2699 3527 2772 penitus

1890 2799 2210 2871 disperdat.
2243 2795 2404 2860 Quod
2437 2794 2550 2850 nisi
2582 2792 2801 2860 fecerit,
2836 2807 2947 2848 nec
2973 2788 3427 2861 nomenregisin
3460 2802 3527 2844 eo

1889 2886 2181 2943 constabit
2214 2900 2456 2951 ;verum,
2510 2886 2761 2938 testante
2812 2884 2965 2953 papa
3014 2880 3259 2946 Joanne,
3317 2894 3530 2934 nomen

1889 2976 2042 3047 regis
2073 2975 2280 3047 perdit.
2314 2972 2416 3027 Cui
2459 2969 2744 3043 Pippinus
2774 2970 2832 3025 et
2865 2967 3107 3024 Carolus
3167 2967 3324 3023 ﬁlius
3380 2966 3529 3037 ejus,

1890 3065 2138 3120 necdum
2164 3079 2349 3134 reges,
2392 3061 2492 3116 sed
2513 3058 2824 3131 principes,
2859 3058 2969 3113 sub
3002 3068 3135 3129 rege
3176 3057 3531 3111 Francorum

1891 3152 2069 3210 stulto
2101 3152 2486 3221 scripserunt,
2508 3151 2834 3219 querentes
2867 3145 2915 3200 si
2948 3145 3029 3199 ita
3057 3156 3398 3216 permanere
3426 3142 3525 3197 de-

115 3236 563 3302 detinuerit,ad
575 3233 872 3305 justitiam
888 3217 1045 3306 regis
1063 3234 1283 3290 clamor
1299 3217 1777 3308 detentum—quo-
1809 3217 1852 3283 (ἶ
1893 3244 2099 3297 berem:
2126 3217 2479 3295 Francorum
2513 3217 2697 3309 reges,
2736 3233 2859 3291 solo
2908 3233 3066 3305 regio
3103 3231 3337 3287 nomine
3389 3245 3526 3286 con-

118 3329 292 3384 niam
324 3326 605 3381 denarius
635 3324 729 3378 hic
761 3322 1132 3396 eleemosyna
1180 3323 1334 3397 regis
1387 3329 1474 3380 est
1503 3342 1515 3392 ;
1544 3326 1777 3396 justitia

120 3433 267 3472 vero
301 3414 482 3470 faciat
512 3413 821 3469 denarium
853 3413 1184 3478 reddere,et
1214 3408 1776 3486 forisl‘acturamepi-

119 3504 294 3575 scopi
329 3507 386 3559 et
418 3502 591 3574 regis.
626 3502 788 3566 Quod
822 3502 871 3557 si
904 3502 1037 3573 quis
1054 3502 1466 3574 pluresdomos
1488 3503 1781 3559 habuerit-

114 3595 193 3649 de
228 3592 340 3647 illa
371 3590 470 3645 ubi
487 3589 750 3645 residens
774 3590 1024 3645 fueritin
1041 3590 1188 3646 festo
1204 3591 1600 3662 apostolorum
1629 3592 1780 3648 Petri

114 3687 175 3738 et
208 3679 385 3736 Pauli
417 3679 723 3735 denarium
754 3679 976 3735 reddat.

190 3770 269 3826 ΧΙ
294 3769 395 3841 (2).
429 3766 746 3841 Danegeldi
770 3768 1018 3824 redditio
1066 3772 1301 3841 propter
1327 3768 1547 3840 piratas
1575 3772 1780 3844 primi-

110 3868 221 3917 tus
246 3862 477 3917 statuta
504 3861 625 3925 est;
660 3856 914 3928 patriam
964 3856 1120 3911 enim
1167 3857 1533 3928 infestantes,
1587 3866 1783 3917 vasta-

107 3948 268 4006 tioni
302 3948 438 4018 ejus
467 3963 571 4017 pro
590 3962 763 4017 posse
782 3962 891 4001 suo
911 3945 1284 4000 insistebant.
1311 3947 1397 4001 Ad
1419 3965 1619 4003 eorum
1653 3950 1783 4022 qui-

110 4040 260 4094 dem
288 4033 660 4097 insolentiam
680 4032 1129 4107 rcprimendam,
1177 4036 1462 4090 statutum
1484 4041 1573 4092 est
1607 4038 1784 4094 dane-

1885 3330 2049 3386 tenti.
2082 3331 2128 3383 A
2159 3345 2274 3400 quo
2306 3341 2652 3398 responsum
2668 3328 2758 3379 est
2786 3339 2798 3377 :
2824 3317 3523 3391 Illosdecetvocarireges

1887 3420 1985 3492 qui
2016 3415 2661 3489 vigilantes'defendunt
2691 3427 2896 3484 regum
2925 3408 3242 3465 Ecclesiam
3287 3406 3407 3472 Dei,
3468 3411 3527 3461 et

1887 3506 2169 3581 populum
2191 3506 2320 3576 ejus
2338 3501 2557 3559 imitari
2580 3517 2773 3574 regem
2792 3495 3318 3570 Psalmographum
3333 3494 3527 3549 dicen-

1888 3603 2006 3653 tem
2042 3614 2054 3651 :
2086 3596 2203 3650 Non
2234 3592 2504 3647 habitabit
2533 3592 2593 3645 in
2617 3589 2795 3645 medio
2823 3587 3014 3648 domus
3055 3600 3191 3642 meae
3240 3584 3336 3656 qui
3391 3582 3529 3655 facit

1887 3685 2199 3759 superbiam
2229 3683 2245 3754 (
2279 3681 2422 3736 Psal.
2456 3679 2531 3751 c).
2567 3680 2642 3751 (3)

1959 3775 2074 3831 XV.
2108 3768 2560 3842 Archiepiscopi,
2585 3764 2861 3840 episcopi,
2886 3763 3441 3832 comites,barones,
3479 3761 3537 3817 et

1891 3880 2095 3921 omnes
2127 3861 2226 3934 qui
2259 3859 2480 3915 habent
2508 3855 2847 3922 sacham,et
2862 3870 3081 3921 socam,
3100 3849 3244 3920 thol,
3262 3849 3463 3906 theam
3482 3850 3540 3904 et

1892 3950 2249 4023 infangthefe
2280 3966 2293 4015 ;
2328 3948 2503 4003 etiam
2521 3944 2740 4000 milites
2763 3959 2904 3999 suos
2922 3945 2981 3998 et
3000 3941 3266 4014 proprios
3288 3937 3545 3995 servien-

1892 4046 2000 4109 tes,
2034 4039 2257 4095 scilicet
2287 4035 2602 4106 dapiferos,
2636 4032 2966 4105 pincernas,
3009 4027 3390 4095 camerarios,
3449 4040 3543 4080 co-

108 4126 372 4200 geldum
405 4122 711 4177 annuatim
729 4121 913 4188 reddi,
935 4120 1158 4178 scilicet
1179 4121 1488 4178 duodecim
1511 4125 1785 4181 denarios
1895 4145 2067 4202 quos,
2104 4127 2357 4200 pistores
2388 4123 2497 4178 sub
2530 4138 2636 4177 sun
2667 4120 2922 4191 friborgo
2951 4117 3242 4184 habeant;
3303 4116 3360 4171 et
3403 4114 3546 4169 item

107 4217 191 4271 de
227 4228 592 4283 unaquaque
622 4210 763 4269 hida
792 4208 975 4265 totius
1003 4210 1225 4282 patriae,
1267 4211 1336 4266 ad
1372 4212 1787 4270 conducendos
1898 4217 1997 4273 isti
2031 4232 2172 4271 suos
2202 4212 2548 4283 armigeros,
2568 4208 2658 4264 vel
2688 4207 2832 4263 alios
2850 4205 2962 4262 sibi
2983 4205 3298 4261 servientes
3313 4202 3422 4258 sub
3437 4217 3545 4257 suo

110 4320 227 4360 eos
257 4301 366 4374 qui
398 4299 725 4372 piratarum
758 4297 1069 4371 irruptioni
1112 4298 1435 4354 resistendo
1467 4299 1784 4357 obviarent.
1896 4305 2174 4375 friborgo.
2211 4299 2375 4365 Quod
2408 4297 2455 4352 si
2488 4295 2583 4351 cui
2616 4295 2754 4351 foris
2787 4294 3061 4360 facerent,
3085 4295 3143 4348 et
3165 4289 3386 4346 clamor
3401 4288 3545 4345 vici-

111 4380 361 4447 De'hoc
390 4404 626 4460 quoque
639 4385 1158 4459 danegeldolibera
1171 4390 1227 4441 et
1245 4387 1440 4459 quieta
1458 4392 1580 4442 erat
1595 4390 1788 4446 omnis
1899 4407 2110 4448 norum
2143 4390 2213 4443 de
2246 4387 2317 4442 iis
2340 4388 2694 4456 assurgeret,
2723 4381 2835 4454 ipsi
2865 4384 3133 4436 tenerent
3156 4394 3254 4435 eos
3307 4378 3546 4433 rectitu-

114 4475 673 4544 Ecclesia;etetiam
691 4476 1055 4531 omnisterra
1070 4492 1194 4548 quae
1212 4475 1269 4529 in
1285 4476 1790 4547 propriodominio
1900 4480 2021 4536 dini
2054 4480 2112 4533 in
2137 4475 2301 4532 curia
2332 4490 2476 4541 sua;
2510 4470 2594 4526 illi
2623 4472 2753 4527 dico
2785 4469 3182 4543 quihaberent
3201 4465 3462 4534 sacham,
3490 4469 3549 4523 et

112 4564 395 4625 ecclesiae
410 4567 553 4629 erat,
575 4563 912 4636 ubicunque
919 4564 1172 4635 jacebat,
1192 4562 1337 4618 nihil
1352 4580 1590 4635 prorsus
1614 4565 1670 4620 in
1686 4566 1795 4623 hac
1824 4575 1870 4638 1)
1902 4584 2122 4633 socam,
2144 4563 2290 4631 thol,
2313 4567 2370 4619 et
2401 4562 2617 4629 theam,
2652 4565 2710 4616 et
2735 4557 3116 4630 infangthefe.

112 4655 241 4713 tali
275 4652 607 4717 redditione
633 4651 990 4725 persolvens,
1011 4653 1152 4725 quia
1182 4651 1369 4725 magis
1418 4652 1476 4707 in
1529 4654 1792 4712 Ecclesiae
1972 4656 2116 4712 XVI.
2149 4653 2338 4710 Sacba
2366 4655 2455 4706 est
2483 4650 2640 4721 quod
2671 4650 2721 4704 si
2740 4645 3254 4720 quilibetaliquem
3277 4642 3546 4700 nomina-

112 4742 516 4801 conﬁdebant
536 4741 902 4797 orationibus
923 4741 1174 4812 quamin
1193 4757 1490 4796 armorum
1508 4742 1790 4800 defensio.
1903 4746 2011 4800 tim
2041 4745 2113 4799 de
2142 4741 2339 4813 aliquo
2362 4737 2760 4795 calumniatus
2791 4733 2989 4802 fuerit,
3022 4738 3078 4790 et
3106 4732 3205 4789 ille
3234 4731 3549 4807 negaverit,

108 4832 328 4891 nibus.
364 4830 740 4902 Hancitaque
757 4829 944 4885 tenuit
977 4828 1302 4903 Anglorum
1338 4829 1598 4886 Ecclesia
1621 4831 1798 4888 liber-
1909 4834 2283 4890 forisfactura
2312 4825 2674 4902 probationis
2698 4827 2789 4883 vel
2814 4823 3162 4896 negationis,
3192 4823 3237 4879 si
3272 4821 3550 4891 evenerit,

114 4927 321 4979 tatem
351 4936 541 4990 usque
574 4919 645 4973 ad
660 4916 1208 4990 temporaWillelmi
1238 4918 1792 4994 regisJunioris,qui
1911 4940 2019 4978 sua
2048 4920 2174 4977 erit.

114 5010 329 5067 liuius
359 5007 697 5074 vocabatur,
731 5008 913 5062 donec
944 5005 1145 5061 eodem
1179 5024 1213 5062 a
1234 5007 1552 5064 baronibus
1576 5010 1798 5083 Angliae

112 5095 429 5153 auxilium
443 5092 799 5165 requirente,
816 5094 887 5148 ad
909 5092 1397 5149 Northmanniam
1436 5094 1800 5153 retinendam

114 5188 209 5242 de
245 5183 501 5239 Roberto
528 5182 709 5237 fratre
736 5198 867 5249 suo,
887 5186 1273 5254 cognomento
1290 5183 1625 5256 Curtehose,
1670 5187 1803 5243 Ilie-

115 5269 404 5328 rusalem
434 5268 865 5343 proﬁciscente,
905 5286 1247 5326 concessum
1278 5276 1369 5328 est
1398 5273 1471 5341 ei,
1518 5292 1631 5331 non
1678 5275 1804 5349 lege

1982 5010 2155 5064 XVII.
2186 5008 2333 5063 Soca
2362 5008 2470 5069 est,
2502 5003 2660 5074 quod
2692 5003 2743 5059 si
2774 5001 2989 5074 aliquis
3011 4986 3231 5073 quaerit
3250 5000 3473 5073 aliquid
3497 5000 3559 5057 in

1910 5104 2066 5155 terra
2088 5113 2214 5163 sua,
2239 5093 2415 5151 etiam
2446 5091 2692 5158 furtum,
2731 5108 2840 5148 sua
2869 5093 2959 5145 est
2982 5089 3237 5160 justitia,
3266 5089 3315 5146 si
3360 5090 3559 5148 inven-

1911 5193 2039 5244 tum
2068 5183 2266 5253 fuerit,
2301 5198 2519 5238 annon.

1986 5271 2186 5329 XVIII.
2218 5270 2366 5328 Thol
2398 5265 2572 5341 (quod
2606 5283 2713 5323 nos
2770 5263 3024 5322 dicimus
3078 5264 3401 5337 telonium)
3453 5267 3563 5330 est,

212 5410 581 5493 (2LVidetur
610 5410 719 5466 hoc
744 5415 921 5483 caput
952 5410 1219 5467 additum
1238 5429 1366 5471 esse
1385 5418 1644 5489 tempore
1660 5421 1809 5473 Hen-
1918 5430 2151 5474 coronae
2178 5413 2348 5493 regni
2386 5409 2713 5477 Britanniae,
2764 5423 2897 5493 eum
2937 5387 3206 5493 .epi‘stola
3253 5402 3574 5493 Eleutherii

117 5477 273 5562 rici
279 5477 368 5562 :11;
629 5556 637 5562 ι
815 5477 833 5483 ’
1050 5556 1058 5562 Α
1287 5555 1302 5562 _
1327 5555 1349 5562 _
1468 5555 1482 5562 _
1508 5477 1527 5489 ⁵
1593 5559 1607 5562 _
1753 5561 1757 5562 ν
1918 5504 2094 5562 papaa
2124 5486 2197 5541 ad
2209 5477 2696 5562 Luciumregem,
2726 5497 2841 5562 n_on
2859 5477 3151 5536 habentur
3171 5483 3273 5536 aut
3297 5479 3355 5537 in
3370 5480 3573 5541 nostro

208 5555 300 5624 (3)
332 5556 472 5636 Quae
500 5556 781 5636 praeterea
811 5555 1307 5636 sequunturapud
1326 5555 1807 5636 Lanibardumin
1919 5552 2350 5631 manuscripto,
2385 5559 2487 5613 aut
2506 5552 2571 5613 in
2590 5552 2912 5613 Hovedeno.

115 5622 260 5694 hoc
280 5622 486 5701 capite
500 5622 582 5680 de
612 5622 804 5681 ofﬁcio
823 5622 996 5698 regis,
1029 5627 1086 5681 et
1116 5622 1343 5701 de'jure
1374 5630 1431 5688 et
1445 5628 1809 5705 appendiciis

472 5750 744 5820 ΡΑτιιοι..
790 5748 935 5817 GLI.
3177 5751 3263 5839 βε
