3924 6210
372 337 530 398 1195
1729 341 1921 406 ΜΟΝΙ

2254 338 2406 405 .οΜ.
3630 338 3803 401 1196

372 468 595 527 scilicet
624 473 781 544 quod
811 472 1023 531 habeat
1045 474 1378 532 libertatem
1399 476 1687 533 vendendi
1720 480 1777 531 et
1791 475 2024 532 emendi
2053 476 2110 542 Α
2139 491 2370 546 cunque
2402 475 2460 529 in
2493 489 2671 547 regno
2685 478 2840 546 sunt,
2857 475 2967 532 sub
2989 473 3172 532 tutela
3190 479 3248 531 et
3267 475 3608 536 defensione
3627 481 3804 553 regis

372 557 434 613 in
467 562 622 615 terra
652 577 780 618 sua.
2131 562 2283 637 ligea
2313 563 2527 619 debent
2553 581 2716 631 csse;
2751 581 2856 621 nec
2873 563 3122 638 quilibet
3152 581 3354 622 eorum
3392 564 3569 623 alicui
3613 569 3797 626 diviti

444 645 580 704 XIX.
609 648 1025 724 Theam,quod
1056 652 1106 708 si
1137 653 1431 726 quispiam
1477 652 1698 725 aliquid
1755 651 2024 708 interciet
2133 669 2194 708 sc
2225 657 2418 725 potest
2445 653 2694 710 subdere
2722 653 2848 709 sine
2879 653 3032 727 regis
3061 653 3802 728 licentia.Judaaienim,et

375 752 554 810 super
580 737 863 812 aliquem,
889 745 945 796 et
974 741 1318 798 interciatus
1350 760 1464 798 non
1519 742 1730 814 poterit
1758 759 2020 798 warran-
2131 741 2330 796 omnia
2351 758 2459 797 sua
2489 742 2641 814 regis
2668 746 2825 798 sunt.
2861 742 3021 806 Quod
3055 743 3106 798 si
3138 743 3432 816 quispiam
3463 745 3803 806 detinuerit

377 827 506 882 tum
537 843 714 884 suum
744 828 979 899 habere,
1033 831 1143 886 erit
1175 831 1548 887 forisfactura
1579 831 2023 902 sua,etjustilia
2131 847 2253 898 eos,
2277 828 2364 885 vel
2399 831 2714 916 pecuniam}
2735 847 2962 900 eorum,
3000 832 3302 904 perquirat
3346 850 3466 902 rex,
3526 835 3580 892 si
3630 819 3794 908 vult,

376 913 650 972 similiter
671 917 742 972 de
773 917 1218 985 calumniatore,
1243 918 1292 975 si
1325 919 1616 974 defecerit.
2131 924 2412 988 tanquam
2445 935 2577 973 sum
2610 913 2933 992 proprium.

446 1003 563 1060 XX.
587 1004 791 1062 Omnis
813 1007 969 1062 enim
1001 1007 1100 1080 qui
1132 1008 1308 1064 habet
1335 1009 1513 1064 sacha
1560 1012 1617 1064 et
1665 1009 1860 1078 socba,
1896 1009 2018 1064 thol
2205 1007 2375 1061 XXII.
2417 1007 2724 1064 Usurarios
2764 1025 2998 1080 quoque
3029 1009 3402 1066 defenditrex
3423 1011 3790 1082 Edwardus,

375 1095 434 1148 et
458 1092 676 1166 theam,
696 1098 752 1150 et
773 1094 1156 1169 infangthefe,
1205 1097 1512 1169 praedictas
1563 1096 1831 1153 videlicet
1884 1114 2020 1152 con-
2134 1112 2205 1150 ne
2235 1101 2561 1151 remaneret
2590 1095 2802 1170 aliquis
2833 1097 2892 1152 in
2922 1101 3042 1154 toto
3074 1115 3252 1172 regno
3273 1117 3400 1156 suo.
3424 1101 3496 1157 Et
3537 1101 3589 1158 si
3644 1105 3794 1176 quis

373 1181 986 1256 suetudines,justitia
1015 1185 1422 1258 cognoscentis
1464 1185 1710 1242 latronis
1757 1203 1866 1242 sua
1912 1191 2018 1253 est,
2131 1185 2265 1240 inde
2295 1185 2593 1241 convictus
2622 1191 2776 1242 esset
2817 1187 2971 1258 quod
3030 1187 3222 1244 foenus
3287 1189 3564 1264 exigeret,
3615 1194 3794 1249 omni

371 1268 443 1326 de
470 1269 709 1328 homine
731 1289 860 1341 suo,
894 1273 944 1330 si
974 1273 1184 1346 captus
1207 1273 1381 1330 fuerit
1397 1291 1577 1347 super
1597 1277 1813 1330 terram
1829 1291 2018 1330 suam.
2131 1273 2464 1329 substantia
2488 1275 2724 1347 propria
2753 1280 2994 1348 careret,
3037 1280 3095 1332 et
3148 1282 3350 1350 postea
3407 1296 3511 1352 pro
3579 1282 3793 1355 exlege

372 1356 458 1413 illi
486 1375 622 1416 vero
650 1361 752 1434 qui
783 1378 899 1418 non
929 1361 1149 1418 habent
1177 1362 1286 1418 has
1317 1363 1792 1430 consuetudines,
1825 1379 2019 1418 coram
2132 1361 2461 1418 haberetur.
2493 1363 2609 1419 Hoc
2639 1368 2836 1420 autem
2867 1366 3166 1421 asserebat
3190 1365 3288 1422 ille
3333 1384 3452 1436 rex,
3511 1386 3618 1426 seu
3680 1388 3790 1428 au-

369 1447 597 1518 justitia
618 1449 780 1523 regia
824 1454 1049 1507 rectum
1080 1451 1298 1507 faciant
1350 1452 1408 1506 in
1458 1450 1802 1519 hundredis,
1843 1451 1928 1507 vel
1961 1451 2020 1506 in
2131 1451 2288 1506 disse
2321 1452 2377 1506 in
2401 1452 2563 1508 curia
2593 1453 2747 1525 regis
2776 1453 3153 1524 Francorum,
3187 1455 3562 1514 dumibidem
3586 1475 3794 1516 mora-

369 1538 820 1610 wapentacbiis,
853 1539 940 1596 vel
971 1539 1031 1595 in
1064 1540 1269 1613 scyris.
2132 1546 2308 1608 retur,
2343 1541 2496 1613 quod
2531 1559 2710 1597 usura
2738 1559 2973 1599 summa
3005 1544 3168 1600 radix
3198 1546 3466 1602 omnium
3499 1548 3788 1608 vitiorum

441 1625 587 1682 XXI.
621 1627 937 1685 Sciendum
969 1646 1202 1702 quoque
1231 1630 1389 1702 quod
1422 1646 1624 1685 omnes
1644 1629 1854 1695 Judaei,
1887 1629 2022 1684 ubi-
2132 1633 2239 1684 ost.

368 1755 3788 1784 m

1132 1863 1536 1958 LEGES
1604 1863 1932 1954 ALUE
2003 1861 2591 1954 EDWARDI
2661 1864 3030 1960 REGIS

1457 2040 1951 2102 Northmannico
1981 2039 2282 2101 idiomate
2315 2041 2686 2120 conscriptae

977 2164 1128 2238 (Vide
1155 2167 1216 2221 in
1247 2164 1536 2222 Guillelmo
1563 2165 1944 2238 Conquestore,
1979 2164 2050 2220 ad
2077 2180 2168 2222 an.
2205 2164 2364 2232 4087,
2387 2166 2716 2236 Patrologiae
2742 2169 2874 2238 tom,
2904 2169 3171 2242 CXLVII.)

1171 2400 1256 2486 S.
1317 2399 1857 2487 EDWARDI
1914 2391 2243 2488 REGIS
2303 2397 2968 2486 DIPLOMATA

1989 2567 2152 2612 DATA

365 2685 435 2744 ln
491 2689 801 2746 conventu
857 2683 1534 2758 Westmouasteriensi,
1596 2683 1814 2744 habito
1862 2683 1924 2743 in
1981 2683 2189 2744 Natali
2236 2683 2510 2756 Domini,
2570 2701 2734 2744 anno
2789 2682 3008 2762 gratiae
3062 2683 3239 2757 1066,
3293 2683 3643 2747 indictione
3721 2705 3790 2749 ιιι

528 2765 714 2845 regni
771 2763 1054 2845 ejusdem,
1108 2765 1280 2843 regis
1337 2781 1462 2825 xxv
1521 2768 1711 2845 atque
1765 2763 2015 2845 ultimo,
2059 2765 2510 2845 praesentibus
2587 2764 2897 2824 Edwardo
2965 2781 3142 2845 rege,
3207 2763 3490 2845 Edgitha
3529 2767 3776 2845 regina.

526 2843 834 2926 Sti’gando
888 2844 1356 2926 archiepiscopo
1413 2844 1788 2926 cantuariae,
1819 2843 2654 2926 _Eldredouarchiepisc0po
2720 2843 3015 2926 Eboraci,
3058 2843 3446 2926 caelatisque
3533 2843 3782 2925 Anglia:

527 2923 850 3004 episcopis,
905 2923 1260 2999 abbatibus,
1312 2923 1648 3003 capellanis
1695 2923 1884 3000 regis,
1937 2941 2073 2984 com

524 3003 660 3068 bus.
749 3003 860 3068 aui
933 3003 1001 3064 in
1085 3005 1449 3065 chartarum
1515 3005 1916 3068 sequentium
1989 3003 2073 3064 sul

2232 2942 2291 2997 as,
2346 2923 2674 2992 ministris.
2725 2941 2833 2984 seu
2882 2923 3120 2985 thainis
3155 2923 3372 3004 regiis,
3430 2929 3496 2986 et
3552 2923 3779 2988 militi-

2232 3003 2550 3068 ptiouibus
2613 3005 3048 3064 nominantur.
3127 3005 3198 3065 In
3274 3005 3394 3066 hoc
3461 3012 3781 3068 conventu

524 3022 660 3077 nus,
749 3022 860 3084 qui
933 3022 1001 3064 in
1085 3022 1449 3065 cnartarum
1515 3022 1916 3082 sequentium
1989 3022 2550 3082 suuscnpuonmus
2613 3022 3048 3064 nominantur.
3127 3022 3198 3065 1n
3274 3022 3394 3066 noc
3461 3022 3782 3068 conventu

523 3088 732 3146 actum
766 3083 918 3163 fuit
957 3083 1035 3146 de
1090 3084 1432 3157 dotatione,
1495 3084 1865 3163 privilegiis,
1924 3083 2152 3144 celebri
2207 3083 2407 3161 asylo,
2466 3088 2585 3144 etc.
2621 3131 2638 3158 ,
2696 3081 2978 3163 ecclesiae
3001 3084 3214 3145 Sancti
3260 3085 3432 3146 Petri
3459 3087 3784 3149 Westmo-

520 3162 803 3246 nasterii,
853 3163 990 3242 jam
1045 3163 1123 3246 ab
1179 3163 1429 3246 integro
1485 3162 1877 3246 resedifiCatae
1922 3168 1998 3246 et
2036 3163 2417 3246 ‘dedicalaiL
2447 3164 2787 3246 mul‘tisque
2861 3162 3308 3246 diplomatibus
3348 3165 3776 3246 amplissime

521 3245 810 3338 munitae,
833 3247 1030 3338 prout
1057 3244 1256 3323 liquet
1285 3243 1485 3338 tribus
1513 3243 1745 3305 chartis
1773 3241 2055 3323 praedicti
2106 3243 2276 3322 regis
2331 3243 2644 3318 Edwardi,
2688 3241 2766 3304 iet
2813 3241 3095 3322 epistolis
3169 3243 3395 3306 Leonis
3453 3241 3634 3326 papae
3697 3249 3780 3310 XI

519 3328 585 3386 et
613 3323 852 3386 Nicolai
871 3325 923 3385 II
957 3341 1097 3404 quae
1121 3327 1493 3404 sequuntur.

1499 3437 1730 3509 (MANSI,
1771 3436 2000 3505 Concil.,
2030 3440 2076 3492 t.
2107 3436 2253 3508 XIX,
2295 3437 2406 3494 col.
2433 3437 2616 3510 1049.)

1181 3661 1222 3716 Ι.
2033 3665 2082 3731 Β
2112 3663 2329 3731 labore,
2357 3661 2510 3717 sicut
2543 3659 2815 3718 amabilis
2862 3661 2978 3718 Deo
3045 3659 3341 3730 Salomon,
3391 3663 3560 3717 tanta
3620 3679 3762 3735 pace

365 3785 587 3858 Charta,
613 3786 760 3858 regis
813 3783 1070 3840 Edwardi
1123 3787 1466 3858 confessoris,
1526 3784 1770 3842 ecclesiae
1820 3785 2010 3858 Sancti
2123 3757 2180 3858 ‘ft
2438 3749 3096 3858 f’_Pﬂ1f_“tf‘f‘__ﬁP}"{‘??Yi
3121 3748 3404 3858 fxim}!
3413 3755 3772 3858 “afaf”?

435 3837 599 3928 ἧὶῆ
615 3837 1498 3928 νῆὲὶτηὲᾖᾴέέέῆεηὲίξ¹ἑόὶιῖὲὲὶὶι,
1528 3837 1603 3912 '2'}:—
1618 3837 1760 3927 ⁷⁷ἀίιῆ
1783 3837 1984 3928 ερἱςὶόἱι

2227 3839 2385 3894 tium
2437 3855 2640 3912 regum
2687 3837 2899 3894 similis
2947 3839 3059 3894 mei
3121 3837 3294 3894 fuerit
3351 3837 3412 3892 in
3469 3837 3664 3911 gloria
3719 3846 3776 3896 et

432 3927 626 3982 Leonis
651 3941 813 3999 papae
839 3925 1012 3999 [Χιιά
1039 3925 1299 3999 eumdem
1327 3925 1517 3999 regem
1570 3925 1878 3989 recitatur;
1916 3927 2008 3982 sed
2117 3927 2360 3984 divitiis.
2417 3927 2527 3982 Sed
2588 3925 2776 3999 gratia
2835 3927 2952 3996 Dei,
3012 3943 3128 3982 non
3190 3943 3305 3992 me,
3393 3929 3459 3981 ut
3531 3925 3772 3996 assolet,

432 3997 846 4088 praeter’ipgd‘ta
876 3997 1228 4088 Jintgquia
1282 3998 1634 4088 (amixtionem
1659 4000 1808 4088 jsine
1843 3999 1981 4088 dubii

2239 4015 2539 4088 cpulentia
2596 3997 2654 4070 et
2719 4015 2996 4088 superbia
3066 4018 3440 4087 contemptus
3530 4014 3767 4082 invasit,

435 4067 449 4069 κ
573 4068 585 4080 .
731 4068 741 4078 .
977 4069 987 4079 .
1292 4067 1297 4068 κ
1697 4071 1706 4081 .
2119 4067 2183 4072 ---
2245 4067 2538 4088 -Γ-η--ρπ
2604 4067 2652 4070 --
2719 4067 2995 4088 η-τν-ητ
3072 4067 3434 4087 vnn—Mr---
3533 4067 3768 4082 —-———-—-.

435 4067 1468 4178 ﬂﬁmﬁalmﬁfﬁﬁaﬂjﬂfﬁffw
1515 4069 1802 4126 exordium
1848 4069 2008 4142 (quad
2116 4106 2234 4162 imo
2266 4103 2689 4178 ccepicogitare
2719 4105 2892 4176 cujus
2912 4104 3064 4160 dono
3095 4109 3152 4160 et
3197 4103 3414 4159 auxilio
3471 4103 3544 4158 ad
3606 4105 3772 4178 regni

431 4139 759 4210 harangiam
786 4139 1000 4212 vocant)
1029 4143 1080 4194 α
1107 4141 1400 4198 conclusio.
1858 4139 1890 4142 ⁷“
2116 4139 2234 4162 ¹¹¹³υ
2266 4139 2415 4178 “Ut”
2435 4139 2689 4204 “"§"“‘°
2719 4139 2892 4204 3W“
2912 4139 3064 4202 “."W
3095 4139 3152 4160 0"
3197 4139 3414 4159 “"“m’
3471 4139 3544 4158 ““
3573 4191 3585 4202 .
3608 4139 3772 4178 ⁸⁵⁵⁸³⁵

2115 4193 2346 4250 culmen
2378 4209 2533 4249 evam
2565 4209 2845 4266 quoniam
2869 4197 2964 4248 Dei
2997 4195 3086 4248 est
3113 4207 3360 4264 regnum
3394 4195 3454 4246 et
3491 4207 3588 4247 cui
3647 4191 3774 4248 vult

431 4280 790 4351 Eowmnus,
825 4281 924 4338 Dei
969 4282 1181 4356 gratia,
1201 4281 1520 4356 Anglorum
1548 4299 1664 4350 rex,
1680 4285 1788 4338 etc.
2113 4282 2251 4338 dare
2278 4279 2420 4336 illud
2446 4299 2460 4350 ;
2492 4283 2549 4337 et
2579 4280 2718 4353 quia
2743 4280 2978 4336 mundus
3007 4281 3228 4351 transit,
3277 4283 3328 4336 et
3384 4281 3775 4352 concupiscen-

429 4369 588 4427 Scire
615 4388 716 4428 vos
743 4371 871 4428 volo
915 4371 1195 4444 quoniam
1239 4376 1498 4444 tempore
1547 4387 1782 4427 avorum
1846 4387 2003 4426 meo-
2113 4372 2192 4426 tia
2223 4371 2340 4443 ejus
2371 4371 2387 4441 (
2420 4371 2448 4426 Ι
2471 4374 2635 4427 Joan.
2669 4387 2710 4424 ιι
2737 4370 2753 4441 )
2785 4370 2884 4442 qui
2940 4373 3136 4424 autem
3193 4371 3386 4424 totum
3445 4384 3508 4424 sc
3565 4368 3774 4424 subdit

357 4474 491 4514 rum
521 4457 822 4531 patrisque
852 4459 988 4528 mei,
1013 4457 1202 4515 multa
1231 4463 1290 4514 et
1331 4459 1528 4531 gravia
1565 4457 1851 4514 bellorum
1905 4474 2002 4529 pe-
2115 4463 2246 4527 Deo,
2281 4457 2526 4514 feliciter
2557 4461 2762 4530 regnat
2791 4461 2848 4514 et
2877 4454 3296 4530 perpetualiter
3322 4455 3485 4512 dives
3516 4461 3628 4512 est.
3649 4457 3768 4514 Ita-

358 4545 548 4603 ricula
597 4545 930 4602 afﬂixerunt
975 4551 1209 4620 gentem
1239 4546 1563 4619 Anglorum
1593 4549 1651 4602 et
1679 4545 1858 4618 ipsos,
1881 4549 2002 4603 tam
2111 4563 2224 4620 que
2258 4546 2573 4603 deliberavi
2606 4563 2698 4602 me
2737 4546 2820 4602 ire
2837 4546 2909 4602 ad
2931 4545 3139 4602 limina
3157 4543 3506 4601 sublimium
3527 4549 3766 4618 aposto-

358 4653 394 4692 a
419 4636 545 4692 suis
576 4651 757 4706 quam
789 4635 860 4692 ab
891 4635 1181 4692 extraneis
1210 4635 1518 4704 concitata,
1541 4635 1684 4691 adeo
1731 4638 1795 4690 ut
1857 4652 2003 4708 pene
2109 4635 2299 4692 lorum
2327 4634 2752 4704 PetrietPauli,
2772 4634 2921 4691 etibi
2938 4633 3158 4708 gratias
3179 4649 3348 4706 agere
3381 4650 3486 4706 pro
3539 4633 3772 4690 collatis

360 4723 684 4798 periclitata
713 4723 792 4780 sit
824 4723 1192 4780 barreditaria
1244 4739 1447 4797 regum
1504 4723 1818 4791 successio,
1878 4741 2002 4780 ma-
2110 4725 2430 4792 beneﬁciis,
2463 4728 2519 4780 et
2549 4741 2787 4781 exorare
2818 4727 2883 4779 ut
2913 4740 3042 4780 eam
3069 4739 3272 4795 pacem
3323 4721 3592 4778 firmaret
3618 4727 3767 4778 Deus

355 4830 658 4887 gnumque
685 4812 1070 4870 interstitium
1100 4812 1253 4869 inter
1270 4813 1506 4868 fratrem
1523 4829 1720 4869 meum
1741 4813 2002 4868 Edmun-
2110 4818 2453 4886 perpetuam
2487 4813 2631 4868 mihi
2663 4817 2718 4868 et
2751 4811 2998 4884 posteris
3032 4812 3197 4868 meis.
3251 4811 3580 4882 Praaparavi
3632 4827 3768 4884 ergo

356 4901 520 4970 dum,
545 4901 646 4974 qui
677 4906 842 4974 patre
873 4919 1002 4959 meo
1023 4907 1256 4958 mortuo
1279 4902 1582 4972 successit,
1630 4919 1840 4974 meque
1897 4901 1999 4958 ha-
2109 4905 2166 4957 et
2193 4901 2570 4958 denumeravi
2599 4917 2884 4974 expensas
2915 4899 3278 4956 necessarias
3323 4897 3544 4966 itineri,
3577 4897 3771 4956 etho-

355 4989 549 5046 bitum
581 4991 676 5058 sit,
695 4991 1366 5064 invadentibusregnum
1391 4991 1677 5063 Swegeno
1693 4995 1751 5046 et
1771 4989 2000 5045 Cnutho
2031 5027 2074 5092 C
2113 4990 2402 5046 norabilia
2430 4991 2584 5046 dona
2613 5007 2740 5062 qua:
2773 4990 2984 5046 ferrem
3029 4989 3248 5045 sanctis
3289 4987 3598 5086 apostolis.
3656 4987 3767 5044 Sed

355 5077 474 5134 ﬁlio
505 5078 657 5150 ejus,
679 5079 919 5152 regibus
951 5085 1269 5146 Danorum,
1295 5096 1362 5134 ac
1386 5077 1525 5133 filiis
1556 5079 1744 5152 ipsius
1765 5078 1998 5148 Cnnthi,
2034 5075 2074 5092 ν
2111 5079 2344 5152 gravius
2376 5096 2553 5150 super
2577 5095 2638 5134 re
2671 5095 2884 5133 mosror
2912 5077 3166 5133 habebat
3211 5075 3525 5148 optimates
3580 5093 3765 5145 meos,

353 5165 606 5224 Haroldo
627 5170 686 5223 et
711 5167 1178 5236 Herdc-Cnutho,
1210 5184 1246 5222 a
1275 5165 1490 5238 quibus
1537 5170 1595 5221 et
1645 5165 1793 5222 alter
1831 5181 1998 5222 meus
2108 5171 2309 5238 utpote
2340 5183 2628 5222 memores
2663 5165 2951 5223 malorum
2987 5182 3114 5238 qua:
3161 5165 3271 5220 sub
3329 5163 3463 5220 aliis
3521 5164 3766 5238 regibus

353 5257 531 5314 frater
560 5256 839 5312 Alfredus
890 5255 1206 5312 crudeliter
1261 5259 1351 5311 est
1391 5254 1638 5323 occisus,
1699 5253 1996 5326 solusque,
2105 5255 2486 5328 pertulerant,
2519 5272 2593 5312 ne
2621 5259 2786 5312 tanto
2817 5254 3074 5323 domino,
3112 5257 3170 5310 et
3225 5254 3330 5326 p'ro
3384 5255 3566 5324 patrie
3625 5269 3761 5326 rege

352 5345 504 5401 sicut
522 5345 662 5402 Joas
692 5343 1044 5401 occisionem
1073 5343 1338 5408 Athaliae,
1362 5343 1445 5398 sic
1465 5358 1570 5414 ego
1593 5341 1996 5398 crudelitatem
2109 5344 2366 5410 absente,
2399 5359 2646 5416 regnum
2680 5343 2904 5400 noviter
2917 5343 3184 5398 sedatum
3200 5340 3398 5414 aliqua
3423 5341 3768 5399 turbaretur

351 5449 555 5490 eorum
587 5432 766 5490 evasi.
799 5431 1060 5488 Tandem
1119 5434 1387 5504 respectu
1429 5429 1843 5488 misericordiae
1876 5429 1998 5497 Dei,
2106 5430 2448 5499 hostilitate,
2481 5437 2539 5486 et
2569 5431 2974 5488 metuentesid
2995 5431 3152 5502 quod
3189 5433 3435 5486 sanctus
3461 5430 3764 5498 Ezechias,

351 5525 482 5588 post
538 5521 738 5592 plures
781 5536 990 5586 annos,
1043 5537 1149 5594 ego
1206 5516 1533 5575 Edvvardus
1563 5519 1636 5574 ad
1690 5521 1998 5590 paternum
2107 5534 2179 5574 ne
2210 5517 2261 5574 si
2289 5518 2436 5574 forte
2494 5519 2553 5574 in
2575 5520 2668 5576 via
2697 5524 2802 5576 aut
2830 5518 3197 5592 aegritudine,
3231 5521 3334 5573 aut
3364 5517 3480 5574 alio
3540 5519 3767 5576 incom‘

354 5604 567 5666 solium
598 5606 904 5679 reaccessi,
935 5610 993 5665 et
1019 5623 1086 5666 eo
1117 5607 1337 5682 potitus
1367 5605 1495 5666 sine
1526 5604 1643 5666 ullo
1707 5604 1998 5667 bellorum
2110 5606 2284 5690 modo
2333 5607 2664 5686 deﬁcerem,
2726 5605 3113 5691 haereditariis
3168 5605 3410 5692 regibus
3469 5610 3764 5694 carerent,
