3924 6210
138 411 279 475 1197

1287 406 1736 471 EDWARDUS
1780 404 1861 470 Ill
1905 405 2136 469 ANGL.
2186 402 2363 470 REX.

3364 413 3520 476 “98

134 546 372 603 maxime
400 543 537 615 quia
569 543 797 599 nullum
827 543 1116 600 habebam
1148 542 1359 598 ﬁlium.
1388 542 1586 614 Itaque
1605 559 1759 597 com-
1791 545 1844 610 Α
1875 546 2008 598 sant
2038 542 2161 598 ista:
2192 541 2449 615 reliquiae
2482 542 2827 615 confugerit,
2861 545 2989 615 ejus
3020 545 3101 601 rei
3131 523 3192 601 et.
3233 548 3521 603 membro-

137 634 285 691 muni
313 632 506 688 habito
537 632 801 699 concilio,
835 633 1119 704 rogabant
1142 649 1231 688 me
1254 636 1319 687 ut
1339 632 1410 687 ab
1444 631 1761 686 intentione

132 723 475 789 desisterem,
509 721 849 793 pollicentes
907 738 969 777 se
1025 722 1430 776 satisfacturos
1487 721 1602 775 Deo
1659 737 1763 791 pro

130 818 248 868 voto
277 813 547 878 meo,tam
578 809 637 865 in
673 810 990 866 missarum
1020 816 1078 865 et
1108 810 1438 865 orationum
1470 808 1763 864 oblatione

132 917 290 974 quam
339 900 397 955 in
441 899 604 973 larga
641 899 1141 971 eleemosynarum
1182 898 1614 954 distributione.
1649 897 1760 953 Sed

132 1007 253 1046 cum
282 989 485 1045 obnixe
506 987 1231 1054 contradicerem,tandem
1256 987 1522 1058 utrisque
1546 986 1763 1059 placuit

133 1083 193 1135 ut
220 1078 580 1134 mitterentur
598 1077 772 1149 legati
796 1079 911 1133 duo
934 1078 1005 1133 ab
1027 1082 1273 1149 utraque
1291 1076 1761 1148 parte.Eldredus

134 1167 538 1240 (Wirgonensis
571 1172 703 1239 post
732 1165 1136 1231 Eboracensis“.
1161 1173 1216 1220 ct
1245 1168 1566 1221 Ilermanus
1588 1164 1756 1235 (Sire-

134 1256 446 1323 burnensis)
482 1256 761 1328 episcopi,
789 1260 847 1311 et
867 1256 1109 1311 abbates
1136 1254 1415 1310 Wlfricus
1434 1255 1757 1326 Elfvwnus,

136 1347 224 1419 qui
256 1344 512 1418 apostolo
537 1361 729 1399 meam
751 1343 1110 1400 voluntatem
1142 1349 1199 1400 et
1218 1348 1504 1410 votum,et
1525 1342 1756 1397 illorum

134 1435 450 1509 petitionem
505 1433 849 1500 indicarent,
908 1438 965 1488 et
995 1434 1318 1489 secundum
1366 1434 1494 1504 ejus
1532 1436 1759 1487 senten-

135 1525 280 1591 tiam,
311 1539 489 1595 quam
551 1522 695 1577 mihi
748 1524 1072 1590 mandaret,
1132 1522 1372 1594 promisi
1424 1538 1516 1577 me
1560 1520 1760 1577 omnia

135 1614 421 1669 facturum.
448 1612 689 1667 Factum
741 1617 830 1667 est
876 1628 1011 1684 ergo
1042 1612 1197 1684 quod
1229 1610 1539 1666 voluimus.
1576 1612 1642 1665 Et
1672 1626 1759 1665 ve-

134 1704 338 1758 nientes
368 1701 612 1756 Romam
647 1701 817 1772 legati
875 1701 1055 1757 nostri
1106 1717 1173 1755 ex
1205 1700 1500 1755 voluntate
1542 1698 1635 1753 Dei
1668 1697 1755 1753 in-

20 1808 22 1819 '
132 1796 391 1847 venerunt
419 1790 727 1847 collectam
755 1791 1044 1861 synodum
1078 1790 1135 1845 in
1167 1790 1368 1845 eadem
1406 1790 1568 1855 urbe,
1593 1806 1755 1842 cum-

135 1898 233 1954 que
255 1880 655 1952 exposuissent
687 1876 888 1934 meam‘
910 1878 1287 1943 voluntatem,
1319 1882 1375 1933 et
1413 1895 1579 1933 suam
1610 1877 1753 1949 peti-
1788 1912 1833 1976 Β

136 1972 331 2025 tionem
355 1969 553 2024 coram
585 1968 852 2023 ducentis
884 1972 940 2023 et
986 1968 1415 2040 quinquaginta
1445 1965 1753 2040 episcopis,

132 2064 181 2114 et
209 2057 313 2114 alia
342 2057 722 2113 multitudine
755 2062 1092 2113 sanctorum
1126 2057 1383 2125 Patrum,
1407 2060 1545 2111 tunc
1585 2072 1755 2127 apos-

131 2148 321 2203 tolicus
350 2164 415 2202 ex
462 2145 707 2203 consilio
753 2151 966 2227 sanctae
999 2144 1205 2218 synodi
1259 2145 1408 2200 hanc
1448 2143 1754 2217 epistolam

133 2236 348 2309 scripsit
379 2252 392 2290 :

133 2372 234 2426 Leo
260 2373 535 2443 episcopus
562 2387 746 2426 servus
790 2365 1068 2425 servmum
1116 2371 1233 2435 Dei,
1264 2369 1455 2424 dilecto
1499 2370 1614 2438 ﬁlio
1660 2385 1757 2424 suo

192 2461 470 2515 Eowmno
500 2460 799 2528 Anglorum
837 2462 973 2528 regi,
1031 2460 1261 2514 salutem
1305 2463 1359 2514 et
1408 2458 1758 2529 apostolicam

191 2531 625 2587 benedictionem.

192 2669 216 2696 ι(
249 2648 531 2711 Quoniam
576 2646 954 2714 voluntatem,
989 2668 1016 2696 ››
1051 2651 1160 2702 etc.
1199 2647 1322 2703 Vide
1368 2648 1428 2700 in
1473 2647 1643 2701 Leone
1670 2647 1753 2713 IX,

127 2737 441 2804 Palrologiw
469 2741 602 2792 tom.
637 2735 870 2791 CXLIII.

193 2842 308 2897 llaec
338 2847 395 2898 et
438 2841 561 2897 alia
611 2840 931 2914 apostolica
979 2842 1255 2895 mandata
1306 2859 1440 2896 cum
1483 2842 1761 2897 referrent

129 2930 280 2987 nobis
308 2930 736 3004 legati,interea
764 2929 1037 2986 revelavit
1066 2932 1272 2986 beatus
1294 2931 1495 2986 Petrus
1525 2931 1756 2986 cuidam

128 3019 428 3091 probabilis
459 3020 594 3074 vita:
627 3019 914 3074 monacho
944 3018 1189 3084 incluso,
1213 3020 1445 3076 nomine
1478 3020 1755 3088 Wuliino,

130 3107 468 3165 voluntatem
517 3125 688 3165 suam
720 3126 867 3174 esse,
903 3113 968 3164 ut
1010 3113 1359 3164 restruerem
1409 3109 1599 3164 locum
1656 3109 1757 3182 qui

131 3196 327 3253 dicitur
355 3198 970 3264 Westmonasterium,
1004 3198 1158 3270 quod
1186 3214 1219 3251 a
1244 3203 1503 3269 tempore
1546 3200 1603 3253 S.
1636 3200 1754 3253 Au-

1874 647 2002 686 rum
2035 648 2101 687 ac
2130 632 2258 686 vitae
2292 631 2699 703 impunitatem
2732 638 3143 705 consequatur.

2656 722 2726 777 ll.

1964 815 2065 865 Pro
2099 811 2285 866 eadem
2316 811 2543 866 ecclesia
2574 811 2630 865 S.
2664 812 2826 867 Petri
2862 812 3432 867 ll’estmonasterimsi.

1942 899 2285 955 Desideratur
2312 899 2619 955 exordium.
2653 899 2851 955 Sciant
2879 916 3085 956 omnes
3115 899 3324 956 future
3355 916 3524 973 gene-

1870 986 2122 1044 rationes
2154 1004 2247 1043 me
2273 1004 2376 1059 pro
2406 987 2521 1043 voti
2544 989 2657 1045 mei
2689 987 3074 1057 absolutione,
3110 992 3519 1061 peccatorum-

1870 1092 1982 1147 que
2012 1093 2274 1132 meorum
2322 1076 2586 1132 omnium
2631 1076 2993 1145 remissione,
3047 1094 3150 1151 pro
3203 1077 3517 1135 animabus

1870 1182 2095 1237 regum,
2154 1170 2272 1220 tam
2322 1182 2729 1222 successorum
2785 1184 2965 1239 quam
3017 1166 3514 1240 predecessorum

1870 1259 2217 1320 meorum,et
2245 1254 2508 1310 omnium
2538 1260 2843 1327 parentum
2868 1272 3156 1322 meorum,
3175 1260 3231 1311 et
3252 1272 3356 1328 pro
3372 1272 3515 1329 pace

1868 1348 1924 1398 et
1954 1342 2270 1398 stabilitate
2301 1344 2464 1415 regni
2496 1344 2631 1410 mei,
2664 1349 2720 1399 et
2749 1345 3135 1418 prosperitate
3163 1345 3344 1401 totius
3396 1347 3515 1402 An-

1867 1431 2095 1503 glorum
2144 1430 2363 1503 populi,
2417 1430 2541 1488 loco
2588 1432 2696 1501 illi,
2730 1432 2787 1489 id
2845 1438 2935 1490 est
2972 1434 3513 1501 Westmonasterio,

1867 1520 2267 1575 omnimodam
2317 1519 2667 1586 libertatem,
2716 1527 3006 1593 quantum
3056 1524 3127 1578 ad
3170 1527 3512 1595 potestatem

1866 1614 2154 1665 terrenam
2187 1608 2566 1665 concessisse.
2591 1611 2661 1665 Et
2704 1612 2858 1682 quod
2890 1609 2974 1666 illi
3006 1611 3076 1667 de
3123 1610 3518 1668 ecclesiastica

1865 1698 1974 1754 hoc
2008 1698 2167 1770 regia
2195 1697 2462 1753 libertate
2487 1703 2701 1754 statuo.
2736 1700 2873 1771 Ejus
2928 1700 3109 1773 igitur
3153 1700 3369 1757 amoris
3416 1700 3517 1756 sti-

1866 1787 2023 1842 mulo
2052 1792 2108 1842 et
2138 1787 2251 1842 fide
2291 1786 2635 1858 plenissima
2684 1804 2749 1843 ac
2788 1788 3168 1845 devotissima
3214 1788 3514 1857 sutfultus,

1865 1876 2035 1947 cujus
2065 1875 2334 1948 largiﬂua
2364 1876 2737 1933 miseratione
2768 1878 2827 1933 in
2853 1877 3128 1934 cathedra
3159 1877 3338 1952 regali
3382 1895 3514 1951 pro-

1868 1970 2063 2020 motus
2091 1982 2243 2031 sum,
2280 1982 2414 2020 cum
2452 1965 2697 2022 concilio
2740 1970 2796 2022 et
2842 1967 3075 2023 decreto
3121 1967 3513 2041 archiepisco-

1868 2071 2096 2125 porum,
2130 2054 2559 2127 episcoporum,
2602 2055 2903 2124 comitum,
2952 2056 3321 2129 aliorumque
3352 2073 3515 2114 meo-

1866 2161 1995 2198 rum
2019 2144 2391 2215 optimatum,
2426 2144 2809 2216 prospiciens,
2843 2145 2952 2201 hoc
2991 2145 3104 2218 ipsi
3147 2145 3403 2202 ecclesia
3452 2151 3512 2203 et

1866 2232 2271 2288 habitantibus
2298 2232 2356 2287 in
2388 2233 2604 2300 ea,sive
2626 2233 3056 2305 pertinentibus
3086 2235 3158 2289 ad
3188 2251 3338 2304 eam,
3370 2234 3515 2291 utile

1869 2322 2007 2387 fore,
2033 2338 2148 2377 non
2179 2320 2370 2377 solum
2398 2321 2458 2376 in
2490 2322 2783 2394 praesenti,
2815 2322 2916 2377 sed
2958 2322 3017 2377 in
3050 2321 3337 2389 futurum,
3365 2321 3513 2395 elegi

1867 2411 2447 2483 sanciendum,stque
2479 2410 2701 2483 perpeti
2726 2410 3125 2468 stabilimento
3142 2412 3214 2468 ab
3237 2412 3513 2468 omnibus

1865 2500 2355 2568 confirmandum,
2388 2504 2452 2555 ut
2484 2517 2585 2572 pro
2634 2499 2846 2555 Christi
2880 2500 3098 2557 honore
3125 2505 3183 2557 et
3215 2517 3432 2569 amore,
3457 2506 3515 2557 et

1867 2607 1969 2662 pro
2000 2590 2321 2645 reverentia
2346 2590 2564 2645 summi
2596 2589 2992 2661 apostolorum
3024 2589 3304 2663 principis
3335 2590 3511 2658 Petri,

1866 2680 2036 2751 cujus
2068 2678 2389 2751 patrocinio
2404 2678 2696 2750 meipsum
2711 2678 3001 2746 commisi,
3016 2684 3186 2751 etpro
3210 2679 3513 2736 devotione

1868 2784 1932 2822 ac
1964 2767 2330 2823 veneratione
2349 2771 2684 2822 sanctarum
2714 2766 3118 2839 reliquiarum,
3143 2785 3290 2840 quas
3324 2768 3515 2824 eidem

1869 2856 1993 2912 loco
2023 2855 2263 2921 contuli,
2298 2855 2599 2911 beatorum
2630 2854 2897 2911 videlicet
2924 2855 3344 2928 apostolorum,
3367 2873 3517 2912 mar-

1868 2951 2085 3017 tyrum,
2119 2945 2541 3010 confessorum,
2574 2948 2631 2999 et
2677 2943 2993 3016 virginum,
3034 2948 3100 3000 ut
3148 2945 3520 3018 omnipotens

1869 3035 2022 3090 Deus
2079 3050 2181 3105 per
2225 3033 2459 3088 illorum
2509 3032 2790 3104 sutfragia
2847 3038 3207 3102 sanctorum,
3255 3032 3520 3105 depulsis

1868 3122 2610 3199 cunctisadversitatibus,
2653 3138 2787 3175 cum
2841 3122 3002 3192 pacis
3043 3126 3100 3177 et
3153 3121 3394 3178 honoris
3426 3123 3519 3178 sui

1869 3212 2204 3277 stabilitate,
2236 3228 2301 3265 ac
2324 3209 3516 3283 perpetuaetranquillitatissublimatione,

129 3287 331 3357 gustini
363 3286 537 3361 primi
570 3286 893 3356 Anglorum
922 3287 1181 3360 episcopi
1231 3286 1565 3343 institutum
1608 3287 1756 3342 mul-

1945 3319 2059 3357 :um
2092 3276 2257 3355 illum
2289 3276 2903 3370 custodiendispo—nat,
2933 3303 2989 3353 et
3017 3302 3300 3371 protegat,
3334 3303 3392 3355 et
3411 3276 3517 3371 pro

128 3380 285 3447 taque
341 3381 603 3432 veterum
660 3392 865 3448 regum
926 3375 1324 3432 munificentia
1381 3376 1753 3445 honestum,

126 3470 343 3537 propter
371 3468 721 3520 vetustatem
745 3469 801 3520 et
816 3464 1148 3537 frequentes
1170 3463 1759 3521 bellorumtumultus

128 3568 259 3621 pene
303 3554 612 3609 videbatur
655 3553 1039 3609 destructum.
1092 3554 1355 3625 Cumque
1406 3553 1549 3609 mihi
1608 3553 1758 3609 hanc

124 3640 389 3698 visionem
441 3642 707 3713 meisque
738 3641 1051 3709 retulisset,
1085 3646 1142 3697 et
1179 3642 1508 3714 apostolicae
1553 3641 1758 3697 littera:

128 3729 357 3802 aequalia
386 3735 675 3803 praecepta
724 3730 1092 3797 detulissent,
1133 3731 1349 3786 contuli
1398 3732 1757 3787 voluntatem

128 3836 303 3875 meam
334 3837 472 3876 cum
505 3818 805 3875 voluntate
845 3819 962 3885 Dei,
994 3824 1050 3875 et
1079 3836 1211 3874 cum
1244 3821 1422 3876 totius
1454 3822 1615 3894 regni
1645 3821 1760 3878 ele-

128 3908 325 3980 ctione,
349 3913 405 3964 e‘.
434 3908 567 3964 dedi
602 3925 694 3964 me
725 3908 797 3963 ad
842 3908 1282 3964 restructionem
1330 3910 1595 3980 ejusdem
1625 3910 1756 3966 loci.

128 3994 314 4069 Itaque
335 3997 617 4053 decimari
632 3998 874 4070 praecepi
889 4014 1122 4053 omnem
1141 3999 1528 4055 substantiam
1546 4018 1732 4056 meam
1746 4046 1760 4069 ,

128 4090 235 4139 tam
267 4086 323 4141 in
352 4103 502 4144 auro
532 4090 590 4142 et
618 4089 857 4158 argento
883 4103 1061 4158 quam
1092 4087 1149 4141 in
1184 4088 1579 4159 pecudibuset
1600 4091 1760 4145 omni

126 4189 322 4244 genere
352 4176 879 4248 possessionum,et
909 4176 1217 4231 destruens
1247 4182 1519 4249 veterem,
1555 4196 1760 4235 novam

126 4279 154 4315 a
179 4263 557 4319 fundamento
587 4264 893 4320 basilicam
943 4264 1260 4330 construxi,
1282 4269 1339 4320 et
1368 4270 1762 4323 constructam

126 4349 364 4407 dedicari
398 4352 506 4408 feci
541 4353 748 4426 quinto
780 4352 1071 4409 Kalendas
1102 4353 1367 4409 Januarii
1393 4355 1480 4422 ;in
1513 4372 1629 4426 qua
1651 4355 1764 4411 col-

122 4437 290 4495 locavi
326 4441 459 4515 ipsa
508 4442 600 4499 die
650 4441 926 4515 reliquias
974 4459 1121 4514 quas
1172 4443 1454 4499 Martinus
1505 4461 1676 4516 papa,
1707 4448 1765 4500 et

127 4528 227 4583 Leo
256 4530 355 4602 qui
401 4546 538 4587 eum
588 4532 965 4598 consecravit,
1018 4532 1303 4587 dederunt
1348 4530 1578 4587 Alfredo
1619 4533 1763 4605 regi,

124 4621 174 4671 et
200 4635 343 4690 quas
375 4620 503 4693 ipse
535 4638 569 4677 a
598 4620 1003 4689 Carlemanno,
1038 4637 1171 4693 rege
1222 4622 1595 4687 Francorum,
1638 4622 1765 4676 dari

125 4704 227 4760 sibi
270 4708 623 4781 impetravit,
659 4711 829 4781 cujus
862 4709 1044 4765 tiliam
1076 4714 1240 4782 pater
1264 4710 1392 4779 ejus
1418 4708 1765 4766 Ethelwlfus

124 4811 232 4861 rex,
262 4804 394 4869 post
423 4804 678 4854 mortem
711 4799 913 4870 prima;
947 4798 1486 4872 conjugis,duxerat
1517 4799 1572 4855 in
1621 4817 1765 4856 uxo-

124 4899 256 4953 rem,
290 4904 540 4959 quaeque
562 4889 633 4944 ab
656 4888 782 4960 ipso
813 4889 884 4945 ad
909 4904 1304 4944 successorem
1328 4890 1456 4960 ejus
1478 4888 1763 4945 Ethelsta-

122 4975 496 5041 num,deinde
528 4977 600 5031 ad
630 4977 949 5050 Edgarum,
982 4978 1051 5033 ad
1087 4976 1363 5033 ultimum
1395 4979 1466 5033 ad
1502 4996 1605 5034 nos
1638 4995 1765 5051 per-

121 5068 414 5132 venerunt,
450 5064 677 5121 scilicet
732 5066 881 5121 duas
940 5071 1136 5138 partes
1184 5067 1374 5123 crucis
1426 5067 1679 5135 Domini,
1712 5072 1769 5124 et

124 5155 334 5220 partem
369 5153 553 5210 unius
583 5153 746 5222 clavi,
776 5158 1117 5227 partemque
1156 5155 1364 5211 tunicae
1395 5157 1524 5227 ejus
1568 5156 1767 5212 incon-

124 5239 329 5305 sutilis,
360 5246 418 5298 et
452 5242 526 5297 de
557 5241 919 5299 vestimentis
942 5248 1155 5299 sanctae
1179 5243 1461 5310 Mariaa,et
1492 5245 1770 5317 reliquias

122 5328 518 5399 apostolorum
551 5329 701 5386 Petri
732 5335 787 5387 et
815 5332 1000 5397 Pauli,
1031 5332 1291 5401 Andreas,
1344 5333 1767 5401 Bartholomzei,

124 5418 416 5484 Barnabas,
464 5423 524 5474 et
574 5417 822 5476 aliorum
860 5420 1249 5492 plurimorum
1298 5426 1656 5489 sanctorum,
1716 5430 1773 5480 et

124 5504 376 5583 quinque
403 5523 622 5580 capsas
650 5506 780 5563 aliis
807 5514 1143 5565 sanctorum
1178 5509 1442 5583 reliquiis
1474 5511 1696 5584 plenas,
1718 5517 1775 5569 et

123 5595 311 5663 statui,
363 5600 431 5651 ut
490 5594 832 5670 quicunque
888 5615 1023 5655 reus
1082 5599 1411 5670 majestatis
1460 5601 1653 5673 regiae,
1685 5601 1773 5657 vel

121 5682 431 5759 cujuslibet
461 5682 710 5743 alterius
741 5685 995 5757 otfenssa,
1027 5685 1100 5745 ad
1142 5685 1338 5746 locum
1378 5687 1439 5747 in
1482 5705 1598 5766 quo
1628 5706 1774 5767 pau-

1868 3391 2183 3463 magniﬁca
2223 3387 2504 3461 dignitate
2548 3387 2667 3442 sive
2724 3385 2901 3458 regali
2959 3385 3299 3443 excellentia
3329 3387 3516 3460 ipsius

1868 3478 2146 3543 ecclesiae,
2179 3481 2235 3532 et
2266 3494 2367 3549 pro
2416 3477 2609 3547 quiete
2660 3474 3082 3531 monachorum
3130 3476 3347 3531 ibidem
3397 3476 3515 3533 Deo

1867 3567 2301 3632 famulantium,
2330 3568 2529 3620 tantus
2571 3562 2756 3619 honor
2785 3563 2969 3619 eidem
3010 3563 3264 3620 ecclesia:
3302 3565 3517 3623 habea-

1868 3662 1965 3712 tur
1996 3656 2051 3710 in
2086 3659 2434 3728 perpetuum
2465 3657 2523 3708 et
2548 3652 2906 3724 observetur,
2934 3656 3000 3707 ut
3036 3669 3224 3725 neque
3252 3669 3382 3721 nos,
3416 3671 3516 3711 ne-

1869 3761 1982 3817 que
2014 3759 2381 3800 successores
2408 3741 2613 3810 nostri,
2646 3758 2750 3797 nec
2772 3740 3020 3813 quilibet
3047 3742 3379 3815 episcopus,
3412 3759 3518 3800 nec

1869 3834 2208 3908 quicunque
2236 3833 2307 3887 de
2350 3830 2667 3902 judiciaria
2713 3834 3020 3903 potestate,
3051 3830 3109 3886 in
3155 3831 3348 3904 ipsam
3378 3848 3520 3889 san-

1870 3929 2022 3980 ctam
2054 3919 2475 3990 basilicam,vel
2506 3920 2564 3975 in
2598 3925 2904 3977 manentes
2930 3920 2989 3975 in
3023 3920 3174 3993 ipsa,
3202 3920 3293 3977 vel
3324 3920 3386 3977 in
3415 3921 3520 3978 ho-

1873 4014 2059 4070 mines
2086 4012 2185 4084 qui
2219 4028 2354 4067 cum
2385 4009 2509 4066 suis
2543 4008 2834 4066 terris-vel
2857 4008 3369 4083 qualibuscunque
3390 4010 3526 4067 sub-

1871 4101 2103 4158 stantiis
2135 4101 2204 4155 ad
2238 4100 2426 4171 ipsam
2458 4099 2685 4154 tradere
2705 4097 2793 4154 vel
2824 4099 3103 4155 devovere
3124 4115 3186 4155 se
3211 4098 3523 4169 voluerint,

1874 4193 1987 4247 nisi
2020 4208 2121 4263 per
2168 4188 2524 4245 voluntatem
2568 4187 2820 4253 abbatis,
2853 4192 2910 4243 et
2938 4205 3179 4244 suorum
3213 4188 3527 4244 monacho-

1874 4297 2028 4347 rum,
2079 4278 2261 4334 ullam
2316 4291 2577 4347 unquam
2617 4274 2872 4331 habeant
2921 4278 3286 4347 potestatem.
3335 4277 3405 4331 Et
3446 4275 3526 4333 sit

1873 4369 1995 4424 hinc
2020 4371 2223 4423 sancta
2251 4370 2438 4420 mater
2468 4363 2726 4419 Ecclesia
2754 4363 3064 4435 peculiaris
3085 4364 3314 4436 patroni
3339 4367 3524 4423 nostri

1876 4454 2098 4511 domini
2128 4459 2187 4508 et
2215 4452 2412 4524 magni
2446 4450 2691 4522 apostoli
2724 4455 2814 4507 ter
2855 4451 3009 4507 beati
3050 4450 3221 4515 Petri,
3254 4450 3439 4508 libera
3466 4456 3525 4508 et

1876 4543 2146 4601 absoluta
2174 4542 2247 4595 ab
2295 4540 2454 4596 omni
2487 4539 2789 4596 invasione
2830 4539 2917 4595 vel
2960 4539 3365 4612 inquietudine
3403 4555 3525 4597 om-

1797 4643 1843 4707 D
1875 4633 2039 4687 nium
2054 4628 2382 4697 hominum,
2398 4628 2805 4699 cujuscunque
2825 4627 3129 4700 potestatis
3146 4643 3275 4683 esse
3292 4627 3525 4685 videan-

1876 4726 1990 4775 tur.
2025 4719 2305 4773 Praeterea
2333 4715 2493 4771 aliud
2525 4715 2840 4784 constituo,
2875 4718 3050 4786 atque
3078 4715 3137 4770 in
3172 4718 3525 4788 perpetuum

1878 4808 2179 4871 confirmo,
2213 4809 2277 4858 ut
2329 4804 2577 4876 quisque
2623 4802 3000 4875 fugitivorum
3062 4804 3133 4860 de
3172 4818 3526 4878 quocunque

1878 4897 2022 4964 loco,
2058 4912 2160 4967 pro
2192 4880 2543 4965 quacunque
2573 4907 2772 4960 causa,
2801 4896 3210 4966 cujuscunque
3239 4893 3528 4950 conditio-

1877 4986 1968 5042 nis
2027 4985 2122 5049 sit,
2169 4983 2365 5054 ipsum
2425 4985 2695 5037 sanctum
2735 4982 2951 5050 locum,
3012 4982 3099 5039 vel
3158 4982 3531 5057 procinctum

1876 5076 2025 5146 ejus,
2079 5070 2308 5144 fugiens
2356 5070 2676 5138 intraverit,
2719 5070 3004 5129 immunis
3052 5073 3129 5129 sit
3166 5069 3431 5141 omnino,
3464 5088 3531 5131 ac

1877 5163 2110 5235 plenam
2139 5158 2466 5215 libertatem
2498 5164 2908 5231 consequatur.

1949 5252 2008 5307 Si
2041 5250 2173 5322 quis
2203 5265 2335 5305 vero
2376 5247 2528 5301 hanc
2577 5252 2839 5304 nostram
2890 5250 3267 5309 donationem
3313 5266 3530 5324 augere

1879 5345 1936 5397 et
1966 5339 2324 5412 amplificare
2344 5334 2609 5405 voluerit,
2644 5342 2855 5411 augeat
2880 5344 3030 5395 Deus
3058 5340 3185 5396 dies
3215 5339 3344 5410 ejus
3370 5356 3531 5412 pros-

1881 5446 2052 5503 peros
2080 5428 2174 5484 hic
2205 5432 2262 5485 et
2310 5428 2368 5483 in
2421 5424 2771 5484 futurum.Si
2805 5433 3000 5484 autem
3044 5428 3297 5485 evenerit
3325 5434 3392 5484 ut
3422 5429 3529 5486 ali-

1882 5518 2016 5590 quis
2046 5521 2147 5573 aut
2176 5532 2380 5590 regum
2406 5515 2957 5583 suecedentium,vel
2988 5516 3240 5591 alicujus
3270 5534 3533 5591 persona

1883 5606 2080 5673 homo,
2139 5606 2296 5679 quod
2359 5620 2473 5659 non
2523 5609 2817 5678 optamus,
2861 5606 3149 5664 diabolica
3202 5608 3536 5668 temeritato

1884 5695 2061 5755 fuerit
2098 5694 2290 5755 elatus
2319 5692 2409 5753 vel
2456 5693 2755 5768 seductus,
2790 5699 3083 5773 quatenus
3112 5696 3223 5760 hoc
3268 5703 3539 5770 nostrum
