3924 6210
381 392 538 456 1199

1737 393 2052 462 MONUM.
2101 395 2425 461 DIPLOM.

3633 403 3800 466 1200

379 529 668 584 statutum
692 525 1009 601 infringere
1036 527 1124 585 vel
1157 528 1438 600 minuere,
1470 533 1572 586 aut
1601 530 1659 586 in
1689 531 1850 588 aliud
1891 548 2022 587 mu-
2051 533 2107 600 Α
2205 532 2340 622 stola
2359 533 2572 589 Nicolai
2593 550 2750 622 papae
2780 534 2831 590 II
2854 533 2924 590 ad
2951 550 3162 622 .regem
3188 533 3540 622 'Edwardum
3578 539 3802 622 confes-

377 619 500 672 tare
525 615 664 672 velit
694 635 708 686 ;
740 617 889 674 sciat
933 635 997 675 se
1047 624 1326 693 perpetuo
1375 619 1745 676 anathemate
1774 620 2022 678 damna-

375 707 527 776 tum,
557 704 673 761 nisi
695 709 890 764 tamen
913 707 1304 764 satisfactione
1321 707 1800 764 emendaverit.Si
1826 713 2020 764 autem

375 793 780 873 emendatione
804 796 978 854 fuerit
998 796 1428 870 indignus,ipse
1448 796 1684 868 quidem
1708 814 1840 853 cum
1871 797 1900 852 ,Ι
1911 799 2024 852 uda

374 883 690 954 proditore,
739 885 1016 957 gehennae
1046 885 1284 959 ignibus
1325 886 1700 956 cremabitur,
1751 887 1852 943 sed
1902 886 2022 943 hmo

377 971 580 1030 charta
635 971 1022 1030 nihilominus
1080 975 1140 1029 in
1189 973 1594 1030 sunlibertate
1632 976 2020 1048 permanebit,

377 1059 642 1132 quandiu
670 1060 985 1119 Christiani
1018 1061 1274 1119 nominis
1323 1063 1499 1120 timor
1529 1067 1586 1119 et
1633 1081 1800 1120 amor
1823 1065 1882 1120 in
1915 1065 2024 1120 hac

378 1151 580 1206 nostra
607 1153 778 1224 gente
808 1151 1256 1224 perseverarint.

447 1237 534 1294 Ad
565 1235 868 1312 ultimum,
898 1239 1162 1298 chartam
1193 1241 1366 1297 istam
1397 1241 1686 1297 conscribi
1704 1245 1761 1298 et
1781 1241 2025 1315 sigillari

373 1325 610 1397 jussi,et
637 1326 829 1401 ipsam
861 1345 1042 1386 manu
1073 1346 1206 1386 mea
1246 1330 1416 1402 signo
1445 1335 1658 1386 sanctae
1689 1333 1878 1388 crucis
1922 1332 2027 1386 im-

377 1415 650 1495 precai,et
676 1417 917 1478 idoneos
945 1422 1126 1476 testes
1169 1418 1436 1475 adnotari
1485 1421 1730 1492 ρῐιωοθρὶ
1779 1421 1851 1476 ad
1895 1438 2026 1476 cor-

379 1505 790 1566 roborandam.
815 1508 1016 1580 Itaque
1033 1508 1327 1581 propriam
1349 1509 1680 1565 donationis
1695 1508 2025 1566 libertatem

377 1611 484 1669 ego
516 1595 863 1665 Edwardus,
895 1596 1013 1653 Deo
1063 1596 1364 1670 largiente,
1396 1597 1716 1670 Anglorum
1765 1616 1882 1666 rex,
1916 1600 2028 1672 sig-

379 1701 523 1742 num
551 1685 896 1742 venerandae
927 1685 1119 1742 crucis
1150 1685 1444 1758 impressi.

449 1774 566 1848 Ego
595 1773 808 1829 Editha
859 1773 1060 1847 regina
1087 1773 1224 1831 huic
1257 1775 1557 1832 donationi
1593 1776 1758 1849 regia:
1790 1793 2029 1834 consen-

375 1863 528 1920 tiens
558 1861 899 1937 subscripsi.

447 1953 563 2026 Ego
594 1952 911 2026 Stigandus
941 1953 1415 2026 archiepiscopus
1445 1955 1716 2012 consensi
1749 1961 1805 2011 et
1851 1957 2025 2011 subs-

377 2059 576 2116 cripsi.

445 2131 562 2204 Ego
591 2129 847 2188 Wltinus
877 2132 1188 2205 episcopus
1219 2134 1489 2188 consensi
1523 2139 1579 2189 et
1603 2133 1951 2206 subscripsi.

448 2219 566 2292 Ego
597 2219 895 2276 Leofricus
927 2221 1238 2293 episcopus
1268 2223 1538 2278 consensi
1577 2227 1634 2278 et
1677 2221 2021 2295 subscripsi.

449 2309 564 2382 Ego
595 2309 966 2366 Hermannus
984 2311 1294 2384 episc0pus
1314 2312 1582 2368 consensi
1602 2316 1659 2367 et
1680 2311 2022 2384 subscripsi.

448 2398 564 2470 Ego
592 2397 883 2454 Walterus
912 2398 1224 2471 episcOpus
1252 2400 1520 2456 consensi
1555 2405 1613 2456 et
1642 2399 1986 2472 subscripsi.

445 2487 566 2560 Ego
595 2487 732 2544 Giso
761 2487 1070 2560 episcopus
1096 2489 1366 2544 consensi
1397 2493 1454 2544 et
1484 2489 1826 2561 subscripsi.

444 2577 564 2652 Ego
594 2575 946 2633 Wulstanus
975 2577 1282 2649 episcopus
1311 2578 1578 2634 consensi
1600 2583 1657 2634 et
1677 2579 2022 2651 subscripsi.

449 2666 564 2739 Ego
595 2665 901 2722 Siwardus
931 2665 1240 2738 episcopus
1271 2665 1538 2722 consensi
1562 2672 1618 2721 et
1642 2665 1985 2739 subscripsi.

444 2753 564 2827 Ego
593 2753 895 2825 Edwynus
924 2752 1106 2810 abbas
1136 2754 1405 2809 consensi
1435 2759 1494 2810 et
1525 2755 1868 2827 subscripsi.

447 2845 562 2918 Ego
591 2843 860 2918 Agelsius
890 2845 1072 2901 abbas
1103 2845 1371 2902 consensi
1405 2851 1461 2902 et
1491 2847 1834 2921 subscripsi.

443 2933 562 3006 Ego
588 2931 894 2990 Alsvvinus
923 2933 1106 2988 abbas
1134 2935 1404 2990 consensi
1427 2939 1485 2990 et
1515 2935 1859 3009 subscripsi.

445 3021 562 3094 Ego
593 3020 892 3080 Leofricus
923 3021 1104 3077 abbas
1133 3020 1404 3077 consensi
1437 3025 1494 3078 et
1523 3023 1866 3096 subscripsi.

444 3109 561 3182 Ego
589 3108 896 3182 Agelwrus
926 3109 1110 3166 abbas
1137 3110 1408 3166 consensi
1437 3113 1494 3165 et
1519 3111 1862 3184 subscripsi.

443 3197 563 3272 Ego
592 3196 954 3270 Valdwynus
983 3197 1164 3254 abbas
1197 3199 1462 3254 consensi
1493 3203 1550 3255 et
1573 3200 1918 3272 subscripsi.

443 3286 562 3361 Ego
590 3285 945 3344 Wulvvodus
977 3287 1158 3343 abbas
1191 3287 1458 3344 consensi
1487 3291 1544 3344 et
1573 3289 1915 3362 subscripsi.

443 3376 564 3450 Ego
592 3374 889 3448 Reynbald
901 3392 968 3432 us
997 3375 1402 3432 cancellarius.

443 3466 560 3541 Ego
588 3463 878 3522 Haroldus
898 3464 1035 3521 dux.

403 3613 408 3618 .
443 3557 559 3629 Ego
582 3555 883 3628 Edwynus
913 3555 1050 3610 dux.

441 3647 560 3720 Ego
585 3643 962 3704 Leofdwinus
991 3644 1128 3698 dux.

439 3739 559 3809 Ego
589 3733 794 3790 Guden
824 3733 962 3788 dux.

439 3825 556 3897 Ego
585 3823 841 3895 Ergarus
871 3821 1159 3878 minister.

439 3912 557 3984 Ego
588 3909 826 3966 Kendus
855 3908 1144 3966 minister.

439 4000 556 4074 Ego
579 3999 878 4072 Wygodus
909 3997 1203 4055 minister.

439 4089 555 4162 Ego
584 4087 932 4161 Radulphus
963 4087 1252 4144 minister.

437 4178 554 4252 Ego
583 4176 871 4240 Robertus
901 4175 1188 4234 minister.

437 4267 552 4341 Ego
581 4265 888 4324 Ednothus
908 4264 1191 4322 minister.

406 4357 553 4430 ~Ego
579 4355 936 4430 Agelnodus,
967 4352 1307 4424 Wulfricus,
1339 4355 1677 4428 Sywardus,
1705 4357 2011 4417 Godricus.

433 4447 578 4502 Acta
603 4445 761 4518 apud
813 4445 1405 4500 Westmonasterium
1463 4444 1668 4518 quinto
1725 4447 2013 4506 Kalendas

361 4534 648 4601 Januarii,
680 4533 773 4590 die
802 4537 1142 4590 sanctorum
1174 4533 1602 4602 Innocentium,
1625 4553 1778 4592 anno
1823 4540 2014 4595 Domi-

366 4625 507 4694 nica;
538 4621 962 4694 Incarnationis
990 4621 1305 4680 millesimo
1334 4624 1694 4697 sexagesimo
1725 4626 2008 4697 sexto,in-
2038 4645 2086 4710 D

361 4714 616 4772 dictione
667 4713 862 4782 tertia,
904 4729 1058 4770 anno
1115 4713 1278 4786 regni
1321 4713 1684 4770 serenissimi
1729 4715 2006 4773 Edwardi

357 4805 514 4878 regis
541 4801 818 4860 vicesimo
849 4801 1053 4875 quinto
1085 4801 1182 4875 (4).
1215 4803 1620 4876 Swyergarius
1637 4805 1902 4862 notarius
1932 4807 2006 4862 ad

355 4893 542 4950 vicem
573 4890 896 4964 Reynbaldi
927 4889 1096 4964 regiae
1127 4889 1432 4964 dignitatis
1478 4892 1807 4950 cancellarii
1853 4893 2006 4952 hanc

354 4980 620 5038 chartam
650 4979 862 5052 scripsi
890 4983 949 5036 et
977 4979 1324 5052 subscripsi.
1359 4981 1421 5036 ln
1456 4981 1554 5037 Dei
1605 4981 1841 5038 nomine
1881 4983 2004 5039 [rli-

353 5068 514 5126 citer.
542 5069 750 5126 Amen.

1135 5193 1228 5248 Ill.

354 5301 464 5356 Pro
491 5298 674 5356 eadem
723 5297 950 5354 ecclesia
991 5299 1178 5354 Sancti
1222 5299 1379 5354 Petri
1431 5299 2001 5356 Westmonasteriensi.

425 5401 494 5412 —
522 5371 805 5427 Habentur
834 5371 894 5442 in
923 5369 1025 5424 hac
1069 5369 1261 5425 charta
1309 5370 1541 5442 epistola
1570 5372 1714 5440 regis
1744 5371 2007 5442 Edwardi

424 5443 769 5514 confessoris,
796 5441 868 5496 ad
908 5457 1112 5513 papam
1144 5441 1447 5514 Nicolaum
1491 5441 1544 5495 II
1580 5456 1682 5512 pro
1709 5441 2002 5511 conﬁrma-

424 5511 574 5570 tione
595 5511 1020 5586 privilegiorunz
1047 5511 1284 5567 ecclesia:
1319 5511 1868 5582 Westmonasterii,‘et
1895 5515 2007 5587 epi-

430 5685 506 5768 (t)
537 5685 752 5762 Pagina
778 5687 902 5747 vult
927 5684 1244 5761 legendum
1271 5704 1419 5751 anno
1446 5705 1600 5750 xxrv.

2205 619 2399 728 forem,
2431 622 2538 676 qua
2563 607 2734 677 petita
2783 608 3005 674 annuit,
3038 607 3102 664 et
3137 609 3305 679 plura
3347 609 3579 680 insuper
3611 607 3801 682 privi-

2226 692 2370 728 eam.

2226 692 2370 744 cgza.

2204 763 2266 818 In
2299 764 2534 819 nomine
2565 771 2777 821 sanctae
2801 771 2858 822 et
2878 766 3192 822 individua:
3213 767 3804 844 Trinitatis.Propter

2133 869 2232 907 eos
2263 852 2361 924 qui
2383 854 2678 924 justitiam
2710 855 2809 910 Dei
2851 861 3252 923 contemnunt,
3275 861 3334 912 et
3367 874 3538 914 suam
3587 858 3802 916 volunt

2133 941 2792 1015 conslituere,quoniam
2817 943 3063 1015 justitite
3093 945 3193 1002 Dei
3224 963 3338 1000 non
3371 950 3512 1002 sunt
3539 947 3800 1020 subjecti

2134 1032 2304 1101 (Rom.
2335 1035 2412 1100 Χ),
2447 1033 2879 1104 procurandum
2911 1038 3002 1089 est
3035 1034 3108 1090 iis
3143 1033 3242 1106 qui
3274 1033 3658 1092 ecclesiarum
3691 1036 3798 1093 Dei

2133 1119 2434 1192 privilegia
2486 1122 2870 1190 constituunt,
2925 1127 2989 1178 ut
3039 1122 3394 1196 multiplices
3452 1123 3692 1181 chartas
3737 1129 3800 1182 et

2134 1207 2568 1264 multitudinem
2602 1211 2842 1266 testium
2867 1215 3043 1284 atque
3065 1211 3548 1270 maledictionum
3576 1230 3797 1287 conge-

2134 1302 2303 1364 rant;
2337 1298 2552 1370 quibus
2603 1299 2710 1355 etsi
2761 1317 2874 1355 non
2925 1317 3176 1373 semper,
3225 1305 3422 1358 tamen
3476 1301 3799 1376 aliquoties

2136 1387 2526 1459 pessimorum
2557 1387 2866 1444 hominum
2895 1388 3078 1462 impia
3126 1391 3438 1462 protervia,
3489 1395 3547 1447 et
3592 1393 3796 1466 perni-

2136 1475 2293 1530 ciosa
2323 1477 2716 1548 praesumptio,
2753 1477 2934 1536 totius
2964 1483 3312 1550 proteratur,
3346 1481 3698 1538 retundatur
3725 1499 3798 1538 ac

2138 1565 2668 1630 reverberetur,nec
2699 1582 2814 1620 non
2851 1565 3171 1622 fortissimo
3193 1567 3552 1626 defensionis
3583 1571 3798 1626 robore

2137 1653 2402 1707 funditus
2460 1653 2807 1710 eradicetur.
2861 1657 3224 1728 Quapropter
3279 1673 3385 1730 ego
3435 1658 3794 1728 Edwardus,

2138 1741 2236 1796 Dei
2268 1742 2476 1814 gratia,
2508 1741 2825 1814 Anglorum
2860 1749 3192 1811 rex,notum
3223 1745 3371 1802 facio
3401 1746 3798 1804 omnibnsfu-

2138 1829 2288 1884 turis
2313 1836 2441 1902 post
2472 1847 2562 1886 me
2594 1831 2788 1886 saeculi
2822 1833 3298 1902 generationibus
3327 1834 3606 1906 quoniam
3637 1853 3798 1908 pra:-

2053 1907 2102 1971 B
2133 1923 2296 1988 cepto
2348 1919 2556 1974 Leonis
2609 1937 2790 1992 papae,
2835 1937 2938 1992 pro
2971 1921 3312 1993 poenitentia
3354 1928 3412 1979 et
3442 1907 3798 1982 remissione

2135 2013 2504 2078 peccatorum
2539 2025 2826 2080 meorum,
2852 2011 3118 2066 renovavi
3159 2015 3218 2066 et
3256 2011 3558 2070 melioravi
3585 2013 3798 2072 basili-

2134 2112 2262 2151 cam
2294 2113 2419 2150 eam
2454 2097 2604 2152 Petri
2637 2115 2763 2170 quae
2791 2099 2904 2156 sita
2932 2103 3023 2154 est
3045 2117 3224 2172 prope
3248 2101 3462 2158 mmnia
3494 2102 3798 2176 principa-

2133 2182 2206 2238 lis
2237 2184 2552 2257 Anglorum
2588 2186 2748 2242 urbis
2781 2187 3307 2256 Londoniarnm,et
3339 2189 3410 2245 ab
3441 2190 3798 2248 occidentali

2133 2289 2234 2328 ora
2257 2274 2522 2344 ejusdem
2552 2274 2715 2330 urbis
2746 2275 2958 2330 dicitur
3001 2275 3621 2348 Westmonasterium,
3653 2297 3787 2353 quae

2134 2362 2418 2418 aedificata
2445 2363 2683 2435 quidem
2743 2364 2934 2420 fuerat
2991 2365 3316 2439 antiquitus
3373 2367 3484 2424 sub
3544 2368 3794 2439 Mellito,

2137 2452 2373 2507 London
2433 2452 2619 2524 primo
2673 2453 2967 2526 episcopo,
2995 2455 3152 2511 socio
3195 2460 3254 2512 et
3300 2460 3796 2530 contemporaneo

2134 2542 2318 2597 sancti
2352 2543 2658 2615 Augustini
2687 2544 2855 2615 primi
2889 2545 3211 2600 Cantuariis
3253 2545 3703 2621 archiepiscopi,
3735 2555 3798 2606 et

2135 2647 2237 2702 per
2267 2631 2461 2703 ipsum
2495 2633 2730 2688 beatum
2761 2633 3289 2707 Petrum,angelico
3319 2635 3648 2694 famulante
3667 2655 3793 2696 ser-

2131 2719 2290 2787 vitio,
2326 2724 2538 2775 sanetae
2571 2722 2762 2776 crucis
2795 2721 3181 2794 impressione
3212 2727 3270 2780 et
3301 2725 3450 2780 sacri
3498 2725 3794 2783 chrisma-

2131 2808 2209 2864 tis
2239 2807 2620 2880 permistione
2649 2809 2948 2879 dedicata;
2984 2811 3086 2867 sed
3110 2827 3210 2884 per
3230 2813 3570 2886 frequentes
3597 2814 3794 2872 incur-

2131 2898 2327 2953 siones
2358 2897 2762 2968 barbarorum,
2796 2903 2854 2955 et
2883 2900 3136 2956 maxime
3166 2901 3794 2976 Danorum,qui,patre

2131 3003 2259 3043 meo
2290 2985 2618 3044 {Ethelredo
2647 2987 3285 3062 vivente,irruptionem
3314 2991 3374 3047 in
3403 2991 3680 3066 Angliam
3703 2995 3788 3050 fe-

2129 3082 2410 3144 cerant,et
2441 3093 2506 3132 eo
2539 3081 2934 3148 mortuo,cum
2965 3079 3142 3136 fratre
3173 3098 3302 3138 meo
3349 3082 3662 3140 Edmundo
3693 3084 3786 3140 di-

2129 3165 2374 3221 midium
2408 3167 2570 3240 regni
2602 3167 2714 3222 sub
2745 3168 3139 3225 amicitiarum
3170 3171 3540 3242 pacationem
3573 3177 3785 3230 tenue-

2048 3274 2091 3340 ρ
2129 3259 2279 3320 rant,
2339 3256 2695 3328 fratremque
2767 3256 2948 3312 alium
3008 3257 3311 3315 Alfredum
3365 3261 3792 3320 miserabiliter

2127 3343 2544 3417 interemptum
2576 3350 2972 3416 enecaverant,
3007 3347 3270 3420 neglecta
3298 3349 3536 3421 penitus
3566 3355 3626 3406 et
3654 3351 3790 3407 des-

2127 3437 2319 3489 tructa
2346 3433 2672 3490 videbatur.

2198 3526 2340 3578 Cum
2371 3539 2507 3596 ergo
2556 3541 2928 3582 renovassem
2977 3543 3128 3598 eam,
3161 3531 3218 3583 et
3261 3526 3450 3585 multa
3478 3529 3788 3604 privilegia

2129 3611 2296 3684 regiae
2327 3613 2631 3685 potestatis
2651 3617 2707 3670 et
2738 3614 3070 3688 apostolica:
3110 3617 3474 3675 auctoritatis
3505 3636 3614 3692 per
3640 3621 3784 3677 bea-

2127 3704 2254 3756 tum
2287 3701 2532 3759 Leonem
2565 3719 2776 3776 papam
2808 3704 2866 3759 in
2920 3720 2989 3762 ea
3018 3706 3456 3763 constituissem
3505 3708 3782 3766 defuncto

2125 3790 2254 3862 ipso
2293 3791 2504 3860 Leone,
2553 3795 2611 3848 et
2663 3792 3004 3850 conﬁrmato
3061 3793 3121 3850 in
3152 3795 3282 3866 ejus
3337 3795 3463 3852 loco
3521 3797 3782 3866 Nicolao,

2125 3878 2344 3950 placuit
2372 3879 2822 3950 mihirenovare,
2841 3882 3148 3940 meliorare
3171 3888 3229 3940 et
3257 3885 3611 3943 conﬁrmare
3641 3903 3783 3943 con-

2123 3968 2464 4025 suetudines
2493 3973 2551 4025 et
2581 3969 2926 4028 donationes
2975 3972 3363 4044 pecuniarum
3413 3991 3564 4047 quas
3615 3979 3782 4032 ante-

2123 4073 2382 4114 cessores
2413 4058 2526 4114 mei
2552 4074 2716 4132 reges
2737 4065 2936 4117 sancto
2954 4061 3121 4118 Petro
3137 4061 3786 4138 instituerant,propter

2123 4145 2488 4202 devotionem
2519 4163 2814 4204 summam
2849 4166 3027 4222 quam
3057 4150 3266 4207 habuit
3293 4168 3528 4226 semper
3553 4154 3782 4227 Anglo-

2123 4251 2254 4290 rum
2285 4251 2429 4308 gens
2455 4251 2593 4309 erga
2623 4253 2758 4293 eum
2791 4243 2848 4294 et
2877 4241 3006 4310 ejus
3035 4239 3786 4316 vicarios.ltaque,propter

2123 4323 2229 4380 hoc
2263 4325 2560 4397 negotium
2591 4329 2648 4380 et
2672 4324 2788 4382 alia
2817 4327 3188 4400 quamplura,
3224 4329 3446 4403 legatos
3495 4331 3636 4388 misi
3667 4332 3782 4390 Ro-

2123 4430 2300 4480 mam,
2330 4415 2670 4486 episcopum
2700 4432 2885 4470 unum
2915 4416 3330 4487 Aldredum,et
3380 4420 3532 4477 duos
3561 4419 3783 4478 electos

2120 4503 2193 4558 ad
2224 4503 2579 4558 ordinandos
2609 4502 2932 4578 episcopos,
2962 4505 3262 4564 Glisonem
3293 4507 3519 4565 scilicet
3533 4515 3594 4566 et
3621 4509 3787 4567 Wal-

2118 4594 2330 4657 terum,
2365 4596 2430 4647 ut
2477 4609 2512 4646 a
2541 4591 2777 4649 domino
2824 4611 2978 4668 papa
3009 4601 3400 4653 sacrarentur.
3459 4599 3784 4658 Venientes

2116 4684 2311 4735 autem
2345 4681 2612 4750 Romam,
2645 4683 2716 4737 ab
2766 4683 3086 4755 apostolico
3134 4685 3370 4743 Nicolao
3402 4685 3629 4746 honore
3659 4705 3780 4761 quo

2115 4769 2354 4824 decebat
2381 4769 2662 4842 suscepti,
2685 4767 3034 4829 invenerunt
3080 4774 3161 4830 ibi
3206 4775 3279 4831 ad
3312 4777 3607 4848 synodum
3639 4795 3780 4836 con-

2115 4862 2415 4932 gregatam
2489 4857 2932 4918 multitudinem
2995 4879 3271 4936 magnam
3331 4865 3778 4939 episcoporum,

2115 4947 2558 5016 monachorum,
2592 4952 2650 5004 et
2697 4948 3066 5019 clericorum,
3113 4956 3581 5026 ceterorumque
3633 4957 3781 5014 ﬁde-

2113 5036 2258 5092 lium
2303 5053 2602 5108 ;cumque
2662 5037 2936 5094 audiente
2997 5041 3218 5113 synodo
3281 5059 3401 5098 sum
3458 5041 3781 5116 legationis

2113 5141 2349 5180 causam
2379 5130 2736 5196 perorarent,
2768 5127 2948 5199 hujus
2974 5145 3270 5187 summam
3301 5129 3566 5203 epistola:
3591 5133 3786 5191 domi-

2113 5229 2188 5268 no
2218 5230 2381 5286 papas
2405 5212 2765 5271 obtulerunt.

2113 5301 2334 5356 Summo
2364 5303 2694 5360 universalis
2723 5306 2981 5364 Ecclesiae
3029 5309 3194 5363 Patri
3239 5308 3489 5366 NICOLAO
3521 5311 3781 5369 Enwaa-

2185 5389 2294 5454 plus
2324 5373 2636 5454 gratia-Dei
2662 5375 2962 5454 Anglorum
2982 5395 3082 5434 rex
3109 5379 3352 5436 debitam
3379 5381 3782 5454 subjectionem

2182 5446 2234 5498 et
2252 5443 2628 5500 omnimodum
2654 5443 2960 5504 serbitium.

2183 5528 2588 5589 Gloriﬁcamus
2619 5535 2937 5611 Deum,qui
2965 5553 3168 5596 curam
3209 5538 3386 5600 habet
3417 5557 3543 5600 sua:
3583 5543 3779 5606 electa
