3924 6210
1801 321 2028 391 νΙΤΑ.

3467 329 3624 393 1210

199 467 254 524 si
289 465 528 540 aliquod
558 463 870 540 indignum
900 463 1222 522 occurrerit
1253 461 1856 531 oﬁ'endiculum,malo
1885 462 1942 528 Α
1972 462 2222 518 sentiam
2261 459 2538 531 adeundi,
2570 457 2788 535 quibus
2813 458 3213 520 voluntarium
3235 461 3488 521 libenter
3508 465 3607 520 adi

203 554 470 612 codicem
504 559 572 610 ut
600 555 754 628 ignis
787 555 1153 611 comminuat
1194 554 1532 610 incendium
1563 569 1762 625 quam,
1797 555 1863 606 ut

202 643 358 700 livor
373 645 444 700 ad
470 643 710 714 plenum
732 643 1030 718 perveniat
1043 643 1300 699 oculum.
1318 645 1520 716 Igitur,
1553 641 1690 715 quia
1719 641 1856 696 boni

201 733 501 806 quidquid
525 737 614 789 est
634 750 702 788 ex
745 733 1076 788 Conditoris
1116 732 1518 789 misericordia
1549 733 1766 798 manat,
1801 746 1868 785 ex

204 821 409 894 ipsius
437 823 591 878 dono
622 839 815 878 sermo
845 825 1050 894 ceptus
1081 822 1224 877 talia
1255 824 1528 894 personat
1557 821 1654 892 (4).

761 937 990 992 CAPUT
1028 936 1335 992 PRIMUM.

208 1025 404 1084 Sancti
423 1028 835 1097 pater,natales
863 1025 1168 1081 visionibus
1191 1027 1422 1098 przeviis
1454 1026 1744 1090 illustrali,
1781 1025 1872 1098 ba.-

286 1095 539 1170 ptisrh-us,
556 1099 721 1170 (regni
740 1098 908 1170 initia
932 1102 983 1152 et
1003 1114 1138 1170 cura
1161 1095 1444 1168 religionis
1476 1095 1870 1170 prepogaudat’,

288 1167 600 1224 'victoriade
627 1167 946 1232 rebellibus,
979 1169 1177 1224 ethinc
1205 1167 1601 1224 menasterium
1642 1168 1692 1223 S.
1729 1168 1873 1222 Mar-

289 1241 398 1296 tini
425 1255 496 1294 ex
524 1243 642 1294 voto
677 1239 993 1310 fumlatum.

291 1356 524 1412 2.0mm:
561 1354 751 1410 datum
771 1356 1037 1427 optimum
1075 1362 1125 1411 et
1169 1371 1326 1410 omne
1345 1355 1547 1412 donum
1577 1357 1883 1427 perfectum

217 1441 520 1499 desursum
547 1447 646 1513 est,
699 1444 1022 1500 descendens
1051 1461 1085 1498 a
1132 1447 1296 1500 Patre
1349 1445 1624 1500 luntinum
1673 1445 1805 1516 (Jac.
1842 1463 1880 1511 ι,

219 1531 336 1602 17).
373 1531 566 1603 Hujus
597 1531 786 1587 Patris
819 1534 1022 1588 datum
1055 1533 1366 1604 optimum,
1401 1538 1456 1588 et
1487 1534 1705 1588 donum
1752 1551 1881 1606 per-

233 1621 457 1676 fectum
489 1621 549 1675 in
581 1637 788 1678 omnes
815 1620 975 1694 large
1035 1621 1398 1693 proveniens,
1463 1621 1602 1694 quia
1652 1621 1882 1677 nullum

228 1708 486 1782 spernit,
519 1709 620 1765 sed
657 1725 862 1765 omnes
896 1710 1165 1766 homines
1194 1709 1316 1764 vult
1345 1710 1537 1767 salvos
1573 1711 1694 1766 ﬁeri
1727 1716 1784 1765 ct
1813 1711 1883 1765 ad

1974 555 2100 606 tum
2134 552 2398 624 praebens
2427 551 2758 608 orthodoxae
2814 551 2947 607 fidei
3008 567 3228 621 semen,
3279 554 3532 626 pectoris
3562 553 3621 609 in

1975 640 2142 697 horto
2170 644 2387 706 satum,
2419 641 2824 698 delectabatur
2851 657 3091 714 germen
3122 643 3406 700 emittere.

2045 731 2254 794 3.Quid
2280 730 2688 803 plura?Adest
2705 735 2940 803 tempus
2971 729 3199 787 caelitus
3229 731 3579 804 dispositum
3607 749 3620 788 :

1980 820 2226 875 credidit
2255 821 2378 893 ipse
2403 837 2534 876 cum
2567 819 2958 876 familiaribus
3008 819 3154 886 suis,
3204 824 3260 876 et
3299 821 3626 894 baptizatus

1981 913 2089 976 est,
2123 913 2179 964 et
2231 926 2435 965 omnes
2491 908 2697 964 ditioni
2756 927 2874 964 sua:
2933 909 3203 966 subditos
3253 925 3316 965 se
3348 909 3628 982 pollicens

1983 997 2308 1053 Christiano
2320 999 2555 1053 nomine
2570 997 3334 1071 mancipaturum.Cumque
3349 998 3629 1054 nimirum

1985 1092 2138 1142 esset
2169 1087 2452 1142 sollicitus
2497 1087 2566 1142 de
2615 1087 2932 1144 rebellibus
2964 1087 3296 1154 domandis,
3330 1093 3388 1143 et
3419 1087 3629 1144 ritibus

1987 1175 2283 1247 sacrilegis
2315 1175 2706 1246 destruendis,
2739 1181 2797 1230 et
2826 1176 3258 1248 episcopalibus
3301 1177 3628 1232 secundum

1989 1264 2432 1320 testimationem
2455 1281 2642 1329 suam,
2677 1266 2746 1320 ad
2768 1265 3090 1337 profectum
3123 1264 3392 1321 Ecclesize
3414 1271 3628 1321 sanctze

1989 1353 2336 1419 statuendis,
2356 1353 2609 1408 mirabili
2635 1353 2852 1409 visione
2871 1355 2944 1424 (8)
2978 1359 3146 1408 nocte
3175 1353 3512 1410 consolatus
3543 1358 3633 1410 est

1990 1458 2125 1498 eum
2149 1441 2446 1498 Dominus.
2473 1441 2627 1498 Fecit
2649 1449 2835 1499 astare
2874 1441 2983 1498 sibi
3014 1442 3287 1513 juvenem
3319 1443 3630 1498 delectabi-

1990 1531 2105 1586 lem
2139 1535 2400 1604 aspectu,
2433 1530 2532 1604 qui
2559 1532 2704 1586 dixit
2723 1531 2774 1587 ei
2806 1531 2959 1587 :Pax
3004 1531 3132 1597 tibi,
3166 1531 3381 1587 Christi
3413 1531 3589 1589 electe
3616 1551 3630 1602 ;

1984 1620 2165 1692 jubeo
2185 1625 2238 1675 te
2259 1621 2330 1675 de
2359 1619 2754 1676 sollicitudine
2775 1623 2877 1674 tua
2907 1621 3027 1675 fore
3046 1637 3340 1676 securum.
3372 1619 3494 1676 Non
3527 1622 3637 1678 tibi

1995 1725 2336 1764 concessum
2369 1709 2627 1781 estquod
2657 1708 3125 1780 meditaris,quia
3147 1725 3360 1764 manus
3382 1709 3638 1782 pollutas

227 1798 599 1871 agnitionem
644 1799 906 1853 veritatis
963 1799 1262 1870 pervenire
1322 1803 1373 1866 (Ι
1437 1801 1551 1855 Tim
1583 1818 1642 1864 II,
1697 1802 1770 1868 4),
1811 1801 1882 1854 ad
1916 1827 1963 1892 Β
1995 1797 2253 1853 humano
2287 1798 2573 1870 sanguine
2603 1801 2819 1870 gestas.
2856 1798 2935 1852 De
2993 1802 3050 1852 te
3097 1797 3256 1853 ﬁlius
3305 1797 3639 1854 nasciturus

233 1886 546 1959 Hungaros
577 1903 786 1959 usque,
821 1903 970 1959 quos
993 1887 1461 1944 Christianorum
1482 1887 1776 1960 flagellum
1808 1890 1884 1956 (5)

230 1975 536 2048 quondam
561 1975 744 2031 fuisse
774 1975 1306 2042 constat,dill‘usum
1331 1977 1606 2040 est.Quod
1637 1977 1888 2049 qualiter

233 2069 296 2119 et
325 2063 562 2136 quando
592 2065 811 2119 factum
846 2065 940 2129 sit,
976 2064 1108 2136 styli
1169 2065 1359 2120 officio
1400 2066 1694 2122 memoriae
1727 2083 1884 2121 com-

227 2152 514 2208 mendare
543 2169 866 2225 congruum
901 2153 1197 2208 duximus.
1233 2154 1309 2208 Ea
1340 2154 1632 2227 siquidem
1665 2161 1884 2228 tempe-

229 2245 386 2296 state
417 2257 567 2312 quas
589 2256 734 2313 gens
761 2242 1002 2314 praefata
1031 2241 1132 2297 Dei
1159 2242 1475 2298 Ecclesiam
1498 2244 1887 2316 depopulaba-

225 2333 484 2400 tur,erat
505 2330 565 2384 in
598 2345 666 2384 ea
687 2330 958 2402 princeps
983 2331 1246 2402 quidam,
1270 2335 1516 2403 qnartus
1539 2332 1754 2406 abillo,
1785 2333 1882 2406 qui

228 2416 624 2491 ingressionis
649 2417 1059 2490 Hungarorum
1091 2419 1148 2474 in
1162 2419 1462 2475 Pannonia
1479 2405 1886 2494 duxprimitus

233 2505 371 2570 fuit,
396 2507 632 2578 (nomen
667 2506 852 2578 Geysa
883 2509 980 2578 (6),
1015 2509 1029 2577 )
1064 2509 1554 2580 severusquidem
1588 2515 1645 2566 et
1677 2512 1886 2566 crude-

232 2593 334 2658 lis,
367 2592 547 2648 veluti
581 2593 975 2664 potentialiter
1018 2609 1219 2666 agens,
1269 2595 1325 2650 in
1359 2613 1520 2664 suos,
1554 2597 1888 2652 misericors

233 2685 440 2738 autem
464 2681 872 2738 etliberalisin
901 2681 1068 2747 alios,
1103 2686 1156 2736 et
1184 2685 1472 2755 praecipue
1503 2684 1886 2752 Christianos,

235 2770 359 2826 ritu
394 2770 740 2844 paganismo
765 2769 899 2826 licet
929 2771 1120 2826 adhuc
1152 2771 1390 2843 quidem
1415 2773 1725 2830 obvolutus
1755 2792 1768 2841 ;
1803 2779 1888 2829 ta-

237 2874 379 2915 men
393 2859 906 2932 appropinquante
917 2859 1240 2930 spiritualis
1253 2859 1482 2933 fulgore
1495 2861 1886 2930 charismatis,

237 2964 379 3006 cum
411 2947 690 3004 omnibus
718 2948 1056 3019 circumque
1089 2948 1413 3020 positarum
1458 2953 1889 3022 provinciarum

234 3035 452 3091 vicinis
500 3035 570 3090 de
629 3051 770 3107 pace
821 3037 994 3108 coepit
1023 3042 1242 3092 attente
1271 3041 1544 3106 tractare,
1594 3045 1658 3096 ut
1679 3042 1802 3112 jam
1831 3042 1890 3094 in

234 3123 341 3181 illo
369 3128 572 3196 posset
603 3124 1038 3198 agnosci,cujus
1063 3124 1220 3181 filius
1244 3127 1601 3184 desideraret
1631 3129 1779 3199 ﬁeri,
1805 3147 1891 3185 se-

1993 1887 2341 1960 egredietur,
2375 1887 2468 1941 cui
2500 1886 2622 1942 haec
2651 1885 2850 1942 omnia
2881 1886 3243 1958 disponenda
3274 1885 3480 1942 divinae
3503 1904 3638 1960 pro-

1993 1973 2259 2030 videntia:
2291 1975 2536 2031 concilio
2567 1974 3005 2030 commendabit
3035 1974 3338 2030 Dominus.
3399 1975 3504 2030 Hic
3533 1975 3643 2031 erit

1995 2081 2150 2118 unus
2172 2081 2239 2119 ex
2277 2064 2515 2136 regibus
2545 2063 2746 2120 electis
2774 2081 2808 2120 a
2838 2063 3106 2134 Domino,
3141 2081 3356 2121 corona
3385 2065 3513 2120 vitae
3541 2082 3642 2120 saa-

1995 2152 2212 2209 cularis
2227 2157 2694 2208 commutaturus
2706 2155 3002 2209 mternam.
3017 2153 3434 2208 Verumtamen
3450 2153 3640 2208 virum

1997 2241 2282 2314 spirituali
2314 2242 2602 2314 legatione
2635 2241 2740 2296 tibi
2771 2241 3316 2307 transmittendum,
3363 2241 3639 2298 honorifi-

1993 2331 2255 2387 cabilitcr
2285 2331 2931 2404 suscipito,susceptum
2963 2329 3370 2386 venerabiliter
3405 2330 3637 2400 habeto,

1995 2421 2491 2477 exhortationibus
2513 2422 2642 2492 ejus
2667 2438 2780 2476 non
2806 2421 3007 2475 fictum
3031 2419 3224 2476 cordis
3239 2419 3428 2476 ﬁdelis
3443 2437 3642 2477 assen-

1997 2527 2130 2565 sum
2162 2511 2435 2583 prmbcto.
2470 2509 2918 2583 Expergel‘actus
2951 2509 3220 2581 princeps
3264 2507 3483 2566 visione
3515 2514 3637 2565 stu-

1998 2600 2190 2672 pidus,
2233 2600 2394 2671 prius
2427 2616 2648 2664 secum,
2691 2603 2823 2671 post
2869 2616 3001 2654 cum
3036 2597 3248 2654 Christi
3282 2597 3553 2654 fidelibus
3585 2603 3642 2654 et

1997 2687 2120 2742 suis
2155 2692 2532 2758 pertractans,
2590 2687 2706 2743 Deo
2755 2687 2970 2761 gratias
3002 2687 3330 2760 pavimento
3362 2687 3638 2744 manibus

1998 2775 2292 2848 expansis,
2308 2775 2946 2840 adbzerens,humiliter
2975 2776 3114 2849 egit,
3133 2793 3195 2831 se
3217 2776 3642 2849 principatum-

2001 2882 2114 2937 que
2146 2880 2319 2920 suum
2353 2881 2486 2920 cum
2520 2865 2638 2920 lilio
2671 2864 2969 2922 nescituro
3001 2863 3277 2920 custodire
3337 2865 3496 2922 illius
3543 2865 3643 2939 qui

2000 2971 2115 3009 non
2147 2955 2362 3010 dormit
2391 2971 2578 3026 neque
2609 2953 2889 3010 dormitat
2915 2954 3085 3024 (Psal.
3119 2970 3250 3018 cxx,
3283 2955 3335 3026 4)
3373 2953 3646 3030 lacrymis

2001 3041 2148 3098 fusis
2163 3042 2612 3099 commendavit.

2076 3133 2126 3186 4.
2156 3137 2298 3186 Dum
2335 3131 2581 3187 miratur
2600 3148 2736 3204 ergo
2769 3133 2838 3188 de
2874 3131 2994 3188 viro
3027 3131 3308 3188 divinitus
3352 3133 3648 3205 praedicto,

237 3191 504 3270 cundum
537 3191 758 3268 dictum
775 3191 1090 3269 Selvatoris
1113 3216 1322 3282 nostri,
1349 3216 1594 3273 dicentis
1621 3218 1679 3273 in
1703 3191 1889 3274 Evan-
1922 3191 1964 3258 C
2005 3221 2311 3276 nuntiatur
2334 3221 2385 3275 ei
2418 3191 3080 3288 beatumkiidalbcrtum,
3113 3191 3515 3276 Bohemiensis
3545 3191 3645 3276 Ec:

236 3301 434 3375 gelio:
488 3303 642 3358 Beati
691 3303 931 3374 paciﬁci,
991 3306 1252 3373 quoniam
1284 3305 1392 3360 filii
1421 3307 1518 3362 Dei
1559 3309 1896 3363 vocabuntur

238 3391 454 3462 (Matth.
485 3407 542 3457 v,
573 3393 651 3462 9).
685 3391 904 3446 Statuit
959 3391 1201 3464 insuper
1257 3400 1608 3468 praeceptum
1665 3397 1894 3452 cunctis

165 3507 170 3513 -
240 3479 618 3548 Christianis,
645 3480 924 3536 ducatum
957 3498 1130 3536 suum
1165 3481 1380 3538 intrare
1410 3484 1765 3551 volentibus,
1791 3486 1894 3541 ho-

241 3567 588 3642 spitalitatis
619 3572 678 3624 et
709 3568 1037 3625 securitatis
1067 3571 1318 3643 gratiam
1350 3573 1607 3628 exhiberi
1640 3575 1736 3646 (7).
1771 3575 1895 3630 Cle-

240 3657 384 3714 ricis
411 3662 472 3714 et
500 3657 808 3714 monachis
838 3662 1183 3730 potestatem
1214 3662 1502 3716 concessit
1550 3680 1719 3719 suam
1751 3681 1892 3736 prae-

314 3799 392 3871 (t)
427 3799 692 3855 Praefatio
723 3803 825 3855 aut
857 3800 1142 3856 dedicatio
1167 3801 1285 3857 hac
1319 3804 1540 3860 omissa
1569 3810 1660 3861 est
1689 3806 1748 3860 in
1783 3824 1892 3862 ms.

242 3871 768 3950 Corsendoncano.
789 3872 996 3950 Surius
1019 3889 1146 3950 eam
1163 3875 1454 3950 expressit
1477 3881 1701 3950 mutato
1724 3877 1893 3950 stylo,

242 3943 572 4014 eademque
604 3941 892 4009 libertate,
913 3960 1030 4014 qua
1059 3941 1372 4000 dictionem
1396 3948 1585 4002 .totius
1614 3947 1755 4003 Vita:
1781 3941 1896 4003 im;

243 4013 515 4088 mutavit.
550 4014 786 4088 Accipe,
813 4013 1076 4088 studiose
1120 4014 1318 4088 lector,
1355 4019 1758 4088 prmfationem
1788 4021 1896 4076 Su-

241 4085 475 4158 rianam
506 4102 611 4158 pro
633 4085 954 4158 specimine
976 4085 1156 4158 totius
1187 4087 1327 4158 Vitae
1350 4085 1674 4145 immutata:
1705 4108 1764 4146 :«
1792 4091 1898 4147 Do-

243 4156 410 4212 mino
432 4155 542 4228 suo
563 4155 940 4228 Colomanno,
963 4157 1077 4228 regi
1099 4157 1604 4228 excellentissimo,
1629 4162 1896 4218 Chartui-

241 4228 366 4305 tius
397 4227 731 4305 episcopus,
766 4227 1455 4305 spiritale’ministerium
1497 4227 1894 4305 Deibenigni-

241 4303 362 4355 tate
391 4299 643 4377 adeptus
668 4299 1005 4377 post’hujus
1038 4303 1165 4377 vitae
1195 4301 1536 4377 terminum,
1573 4303 1719 4359 illud
1751 4299 1897 4377 euge

241 4375 520 4453 precatur
548 4371 995 4453 sempiternum.
1057 4373 1377 4453 Aggredior
1407 4391 1562 4453 nunc
1603 4393 1772 4448 opus,
1804 4371 1892 4431 se-

242 4441 696 4518 renirssimerex,
713 4443 889 4518 jussu
922 4447 1023 4518 tuo
1049 4441 1194 4518 mihi
1227 4441 1666 4518 demandatum",
1703 4464 1736 4502 a
1759 4441 1892 4518 quo

241 4513 535 4586 hactenus
567 4513 844 4584 ingenioli
891 4514 1004 4586 mei
1047 4514 1339 4586 imperitia
1369 4516 1692 4583 abhorruit,
1729 4513 1811 4572 ob'
1833 4519 1888 4573 id

241 4584 573 4656 praesertim
590 4587 744 4656 quod
764 4585 1096 4642 Priscianus
1113 4584 1556 4656 grammaticus,
1573 4587 1717 4644 mihi
1749 4588 1890 4645 olim

241 4661 336 4712 sat
355 4656 506 4731 bene
527 4662 868 4731 perspectus
889 4661 961 4731 et_
975 4657 1474 4731 c_ognitus,procul
1493 4678 1534 4731 a7
1553 4676 1645 4714 me
1677 4660 1895 4731 digres-

243 4744 369 4810 sus,
387 4728 514 4810 jam
533 4727 846 4810 'd_ecrepit‘o.
857 4727 1029 4810 mihi,
1053 4727 1344 4810 tanquam
1372 4729 1619 4810 caligine
1640 4727 1894 4810 quadarn

243 4798 702 4871 septus‘J’acjem
721 4797 952 4871 exhibet
972 4797 1593 4856 obscurissirr1am.Sed
1625 4797 1760 4857 cum
1783 4802 1898 4857 alia

243 4868 514 4952 exparte
534 4868 850 4952 dignitatis
880 4875 993 4924 tuae
1041 4871 1406 4952 attenderem
1466 4873 1893 4941 auctoritatem,

241 4939 382 4997 vicit
407 4939 652 4996 tandem
683 4941 864 4997 anxiae
898 4942 1111 4996 mentis
1154 4943 1580 4999 dubitationem
1637 4939 1894 5010 omnem,

239 5011 532 5088 virtutum
565 5012 829 5088 omnium
864 5010 964 5067 lux
993 5017 1050 5067 et
1079 5014 1689 5088 gemmapbedientia,
1725 5017 1898 5088 cujus

241 5083 394 5156 forti,
424 5083 701 5156 praesidio
729 5083 933 5150 fretus,
967 5083 1200 5140 tametsi
1235 5086 1377 5141 mihi
1417 5087 1568 5143 vires
1600 5083 1895 5144 cernerem

239 5155 712 5226 haudquaquam
731 5156 1262 5226 suppetere,operis
1286 5158 1596 5214 inchoandi
1622 5159 1895 5215 fiduciam

241 5225 507 5300 concepi.
543 5225 693 5300 Cum
725 5225 1069 5300 sinit’auitem
1086 5225 1432 5300 plerumque
1464 5230 1690 5284 invidia:
1721 5233 1902 5286 obno-

235 5297 356 5374 xia,
377 5296 514 5368 quae
544 5297 702 5374 bona
723 5296 913 5374 animi
937 5296 1152 5374 fiducia
1181 5296 1499 5374 geruntur,
1520 5303 1764 5374 supplex
1795 5319 1896 5374 oro

235 5367 465 5442 regiam
492 5367 918 5444 sublimitatem
939 5367 1217 5444 tuam,uti
1238 5367 1504 5442 opusculi
1522 5367 1700 5444 hujus
1719 5373 1900 5429 susci-

232 5438 373 5512 pere
405 5456 482 5495 ne
513 5438 1230 5521 graveturpatrocinium,
1265 5438 1741 5521 necotl‘endatur
1798 5462 1898 5517 pa-

234 5509 367 5568 rum
402 5509 722 5588 commoda
756 5509 1050 5588 dictione,
1084 5515 1185 5588 aut
1215 5514 1437 5588 ordinis
1469 5521 1526 5570 et
1557 5533 1752 5573 rerum
1787 5509 1897 5588 ge-

233 5588 474 5672 starum
522 5579 904 5672 Jconfgsipne.
964 5581 1128 5672 Quod
1186 5583 1235 5637 si
1296 5591 1562 5672 occurcat
1593 5579 1898 5672 quidpiam

233 5655 396 5727 quod
429 5653 654 5727 tedam
686 5650 898 5727 habeat
925 5651 1328 5727 offensionem,
1389 5650 1898 5716 malim-codicem

233 5721 490 5800 ignibus
519 5722 756 5780 absumi
789 5739 967 5795 quam
983 5721 1186 5780 livoris
1199 5721 1506 5785 materiam
1529 5729 1784 5802 cuipiam
1815 5730 1898 5787 of-

2001 3309 2188 3366 clesiie
2221 3310 2654 3382 pontiﬁcem,ad
2675 3327 2735 3365 se
2755 3313 3068 3364 venturum
3102 3325 3230 3364 esse
3248 3313 3484 3380 propter
3503 3327 3643 3365 con-

1999 3399 2320 3454 versionem
2346 3397 2534 3470 ipsius
2564 3401 2620 3454 et
2650 3397 2782 3452 fidei
2816 3413 2930 3452 non
2966 3396 3112 3451 lictre
3155 3396 3503 3468 profectum,
3536 3395 3644 3453 Do-

2003 3488 2160 3543 mino
2181 3493 2293 3543 Deo
2316 3487 2509 3542 laudis
2548 3486 2801 3542 hostiam
2832 3485 3189 3541 oblaturum.
3223 3485 3423 3541 Oritur
3448 3485 3650 3542 laetitia

2003 3576 2168 3632 novis
2213 3574 2427 3632 Christi
2457 3575 2744 3630 militibus
2783 3573 3228 3630 inenarrabilis:
3266 3575 3385 3630 dux
3415 3574 3647 3630 obviam

2003 3664 2176 3720 tironi
2210 3663 2423 3719 Christi
2455 3664 2530 3735 (9)
2563 3679 2696 3718 cum
2714 3661 2984 3718 fidelibus
3005 3662 3338 3736 quibusque
3365 3662 3646 3736 procedit,

2003 3807 2236 3862 ferri.Et
2265 3805 2584 3878 quiaibona
2624 3805 2917 3878 omniaad
2959 3820 3065 3859 nos
3093 3821 3162 3859 ex
3191 3804 3388 3878 divina
3421 3803 3647 3859 miseri—

2003 3878 2202 3949 cordia
2231 3875 2702 3949 proticiscuntur,
2737 3875 2920 3949 ipsius
2943 3891 3191 3949 munere
3215 3877 3300 3949 sic
3330 3875 3473 3949 libet
3503 3892 3646 3949 opu-

2003 3945 2523 4019 senium-praesens
2554 3945 2928 4019 auspicari.»
2972 3947 3156 4019 Vides
3179 3947 3294 4014 hic,
3328 3945 3648 4014 lcetorfsic

2003 4017 2377 4076 immutatam
2409 4017 2752 4086 dictionem,
2784 4023 2846 4074 ut
2878 4018 3030 4074 idem
3065 4017 3279 4090 ubique
3305 4019 3646 4090 sitwsensus.

2003 4092 2158 4148 Idem
2184 4091 2403 4162 passim
2429 4091 2486 4144 in
2509 4091 2642 4146 Vita
2661 4091 2878 4146 factum
2895 4107 3041 4162 ;rnec
3073 4089 3222 4162 opus
3245 4089 3488 4162 estillas
3519 4105 3648 4146 mu-

2002 4161 2254 4218 tationes
2284 4162 2594 4233 verborum
2616 4168 2813 4233 notare
2835 4161 3130 4233 deinceps,
3163 4161 3276 4233 nisi
3310 4161 3484 4216 simul
3519 4177 3652 4216 mu-

2001 4239 2123 4290 tata
2154 4235 2230 4289 sit
2259 4232 2566 4305 sententia.
2602 4232 2769 4305 Solas
2803 4232 2986 4305 igitur
3026 4231 3381 4305 mutationes
3412 4235 3650 4286 sentcn-

2003 4306 2218 4360 tiarum
2271 4303 2513 4383 inferius
2569 4301 2903 4383 assi’gnatio,
2938 4319 3011 4383 ex
3039 4319 3147 4356 ms.
3189 4319 3323 4383 vero
3366 4301 3524 4383 ipsas
3555 4319 3652 4383 vo:
3731 4333 3736 4338 -

2001 4393 2138 4432 cum
2161 4446 2174 4453 _
2197 4373 2548 4453 mutationes
2596 4373 2906 4453 diligenter
2961 4373 3328 4453 observatio,-
3351 4373 3462 4427 nisi
3481 4444 3508 4453 ﬁ
3535 4374 3655 4428 sint

2003 4446 2217 4503 menda
2247 4443 2598 4508 clarissima,
2632 4443 2726 4496 uti
2745 4443 2904 4498 varia
2934 4449 3251 4498 occurrunt
3281 4443 3436 4498 circa
3473 4444 3652 4500 finem

2003 4519 2164 4573 Vitia.

2073 4589 2150 4658 (5)
2184 4585 2273 4658 Uti
2325 4583 2510 4640 Attila
2543 4584 2759 4658 "vocari
2816 4583 2998 4658 voluit
3049 4583 3508 4658 ﬂugellzmi_Dei.
3573 4586 3656 4640 ita

2001 4651 2262 4734 IIun'gari
2294 4673 2492 4734 rev_era
2533 4651 3106 4734 fuerunt__ilagellum
3155 4653 3652 4734 Chris‘tianogum,

2007 4724 2680 4802 quemadmodumsatis
2711 4724 2898 4799 colligi
2927 4730 3196 4797 pote:tex
3220 4724 3394 4780 dictis
3418 4724 3476 4780 in
3491 4724 3654 4782 Com-

2008 4799 2294 4857 mentario
2317 4815 2480 4852 num.
2507 4801 2596 4854 52.

2079 4873 2153 4942 (6)
2202 4871 2266 4926 In
2326 4886 2436 4924 ms.
2481 4870 2718 4942 nomine
2746 4868 2933 4942 δερμα.
2971 4868 3143 4923 ΡΟῐῚὊ
3187 4867 3258 4942 de
3289 4865 3655 4942 ingressione

2007 4936 2415 5014 Hungarorum
2468 4936 3134 5014 _in_Pannon'iam,iseu
3193 4939 3251 4994 in
3305 4936 3654 5014 hodiernam

2006 5010 2719 5086 Hungariam,pripiisque
2742 5029 2944 5069 eorum
2977 5010 3366 5086 ducibuscgi
3393 5011 3453 5066 in
3482 5011 3653 5067 Com«

2008 5083 2294 5142 mentario
2320 5085 2350 5154 ξ
2392 5085 2446 5137 5.
2479 5083 2559 5138 De
2603 5083 2790 5155 Geysa
2822 5100 2956 5140 vero
2989 5083 3155 5157 plura
3184 5083 3213 5156 ἕ
3251 5083 3286 5137 8
3316 5089 3373 5138 et
3404 5099 3652 5157 sequen-

2007 5159 2185 5212 tibus.

2080 5230 2155 5296 (7)
2177 5227 2300 5281 Vox
2329 5224 2576 5280 (u'hiberi
2604 5241 2717 5278 non
2753 5229 2841 5278 est
2873 5225 2927 5278 in
2957 5243 3092 5292 ms.,
3155 5243 3256 5280 nec
3286 5229 3375 5278 est
3413 5225 3654 5280 omnino

2009 5295 2358 5356 necessaria.
2419 5297 2777 5368 Prisceptum
2837 5296 2945 5352 hoc
2999 5297 3196 5368 Geysa:
3243 5295 3656 5350 verosimiliter

2009 5374 2212 5427 datum
2243 5386 2370 5427 esse
2400 5367 2660 5439 tempore
2691 5367 2992 5440 Ottonisl,
3015 5367 3158 5440 post
3187 5382 3387 5438 pacem
3421 5383 3556 5440 cum
3587 5383 3653 5422 eo

2007 5443 2238 5508 initam,
2262 5447 2319 5498 et
2339 5441 2492 5498 circa
2513 5456 2732 5495 annum
2759 5440 2886 5501 972,
2909 5439 3042 5494 dixi
3059 5439 3272 5493 ibidem
3297 5455 3352 5490 n.
3383 5439 3472 5493 80.

2080 5516 2156 5585 (8)
2187 5507 2312 5570 Non
2345 5529 2492 5585 esse,
2523 5527 2630 5585 cur
2661 5511 2809 5566 hanc
2840 5510 3121 5585 visionem
3153 5509 3456 5565 commode
3477 5507 3654 5585 intel-

2006 5581 2218 5642 lectam
2251 5602 2352 5658 pro
2374 5583 2577 5640 ﬁctilia
2605 5583 2934 5639 necessario
2957 5582 3300 5649 habeamus,
3333 5581 3560 5638 ostendi
3593 5581 3652 5636 in

2009 5659 2235 5714 Comm.
2270 5658 2300 5714 8
2329 5658 2406 5712 10.

2079 5657 2487 5802 hic
2501 5730 2663 5786 notat
2677 5726 2885 5786 merito
2897 5725 3012 5784 dici
3025 5725 3284 5802 potuisse
3296 5725 3367 5784 de
3379 5725 3653 5800 Geysati-
