3924 6210
221 412 383 475 1217

1830 408 2039 477 VlTA.

3487 415 3645 478 1218

216 562 351 603 cem
384 546 628 618 insuper
654 544 1095 602 anteferendam
1128 544 1270 618 regi,
1330 544 1487 601 velut
1534 545 1593 601 in
1643 547 1879 619 signum
1910 550 1965 615 Α
1999 546 2133 613 sim,
2169 548 2225 601 et
2255 545 2576 618 unicuique
2607 561 2840 618 semper
2861 545 3471 618 praeficiensidoneum
3496 566 3639 622 prie-

218 633 613 707 apostolatus,
648 634 809 691 misit
841 634 981 705 (33):
1016 634 1154 707 Ego,
1205 634 1496 704 inquiens,
1547 651 1677 691 sum
1737 652 1880 708 apo-

218 722 493 791 stolicus,
552 722 647 779 ille
703 740 837 779 vero
884 722 1091 779 merito
1139 722 1357 778 Christi
1406 723 1730 795 apostolus,
1781 740 1884 795 per

218 828 405 884 quem
438 811 549 869 sibi
571 815 802 867 tantum
822 810 1102 884 populum
1116 812 1381 867 Christus
1404 812 1705 867 convertit.
1731 814 1879 877 Qua-

216 906 466 975 propter
493 900 943 973 dispositionem
966 901 1254 972 ejusdem,
1280 906 1455 972 prout
1480 901 1680 956 divina
1696 901 1884 973 gratia

218 990 425 1062 ipsum
457 989 716 1057 instruit,
748 989 1037 1046 Ecclesias
1058 988 1158 1045 Dei
1186 989 1362 1044 simul
1385 1006 1519 1045 cum
1545 989 1775 1061 populis
1799 990 1880 1044 vi-

217 1083 403 1151 taque
426 1079 562 1150 jure
591 1078 951 1134 ordinandas
982 1078 1375 1150 relinquimus
1396 1079 1528 1149 (34).
1552 1078 1884 1150 lmpetratis

221 1183 367 1241 ergo
397 1168 695 1236 omnibus,
720 1170 892 1239 prout
910 1168 1095 1239 petiit,
1118 1167 1326 1239 praesul
1345 1167 1610 1223 Astricus
1626 1167 1792 1222 laetus
1811 1168 1884 1222 ad

224 1257 470 1329 propria
499 1257 795 1324 remeavit,
830 1273 1027 1312 secum
1061 1258 1249 1312 ferens
1278 1261 1514 1329 propter
1529 1258 1685 1329 quod
1707 1257 1883 1312 inccn-

226 1349 401 1418 ptum
433 1345 544 1401 iter
571 1362 846 1417 prospere
876 1350 1199 1417 peregerat.

299 1432 390 1488 43.
419 1431 849 1488 Benedictionis
880 1448 1015 1503 ergo
1039 1430 1369 1504 apostolicae
1403 1431 1612 1489 litteris
1632 1450 1765 1490 cum
1787 1451 1885 1489 co-

225 1537 379 1576 rona
407 1524 466 1576 et
495 1537 668 1575 cruce
700 1519 879 1576 simul
913 1519 1129 1589 allatis,
1164 1520 1515 1593 praesulibus
1546 1538 1679 1577 cum
1713 1523 1887 1588 clero,

224 1608 550 1665 comitibus
582 1626 717 1664 cum
751 1608 969 1681 populo
1002 1608 1209 1665 laudes
1239 1626 1527 1682 congruas
1559 1611 1889 1667 acclaman-

225 1698 417 1770 tibus,
448 1696 695 1753 dilectus
728 1698 843 1753 Deo
889 1697 1221 1770 Stephanus
1270 1716 1367 1755 rex
1418 1700 1688 1755 unctione
1737 1700 1888 1755 chri-

228 1786 406 1845 smali
437 1790 759 1859 perunctus
790 1786 1120 1842 diademate
1155 1787 1367 1859 regalis
1412 1788 1715 1861 dignitatis
1766 1789 1889 1845 feli-

226 1880 378 1932 citer
407 1880 743 1931 coronatur.
781 1875 917 1931 Post
948 1879 1252 1947 acceptum
1286 1875 1498 1948 regalis
1540 1877 1891 1933 excellentiae

226 1966 496 2038 signum,
529 1964 725 2035 qualis
758 1964 885 2018 vitae
916 1963 1008 2019 vir
1039 1965 1157 2035 (35)
1188 1968 1245 2019 et
1276 1965 1649 2021 discretionis
1700 1967 1893 2033 fuerit,

228 2070 371 2110 eum
403 2051 696 2126 episcopis
729 2056 785 2108 et
812 2052 1185 2125 primatibus,
1221 2053 1531 2125 Hungarize
1555 2058 1841 2109 statutum
1866 2074 1898 2110 a

229 2160 295 2200 se
329 2143 629 2199 decretum
660 2143 772 2213 (36)
806 2141 1185 2197 manifestum
1220 2143 1372 2197 fecit.
1425 2142 1483 2196 ln
1540 2159 1653 2213 quo
1678 2143 1900 2215 scilicet

228 2231 706 2303 uniuscujusque
717 2230 901 2303 culpa
917 2229 1273 2286 contrarium
1291 2230 1528 2286 dictavit
1541 2232 1894 2300 antidotum,

227 2326 290 2378 et
321 2324 388 2377 ut
414 2319 591 2393 pacis,
626 2337 728 2393 per
758 2336 937 2391 quam
970 2319 1237 2375 Christus
1268 2320 1470 2375 orbem
1523 2321 1893 2388 coadunavit,

232 2428 298 2467 se
335 2410 455 2466 fore
482 2412 605 2479 (37)
635 2410 908 2481 probaret
938 2408 1150 2477 filium,
1177 2410 1332 2481 quod
1364 2408 1563 2465 nullus
1584 2409 1764 2464 alium
1792 2410 1895 2464 ho-

232 2499 454 2556 stiliter
477 2497 796 2565 invaderet,
830 2514 1000 2552 nemo
1031 2498 1290 2553 vicinum
1314 2498 1657 2568 sinejudicii
1678 2499 1895 2553 exami-

234 2588 473 2644 natione
490 2586 954 2653 laederet,viduas
974 2591 1030 2641 et
1050 2586 1345 2658 orphanos
1366 2586 1563 2641 nullus
1609 2588 1898 2659 opprime-

236 2682 349 2745 ret,
381 2675 811 2748 subscriptione
852 2675 1085 2730 fmderis
1132 2692 1244 2729 non
1293 2677 1595 2747 pereuntis
1645 2677 1895 2747 posteris

241 2767 372 2823 suis
399 2764 636 2836 reliquit
665 2764 1018 2820 stabilitum.
1055 2764 1139 2819 Ad
1174 2764 1534 2819 consortium
1564 2782 1698 2819 vero
1752 2783 1896 2837 prae-

240 2855 415 2928 cipue
441 2869 622 2910 causa
641 2852 859 2909 sobolis
891 2852 1299 2925 propagandae,
1332 2869 1589 2908 sororem
1624 2855 1734 2925 (38)
1788 2856 1896 2910 lto-

243 2960 437 2999 manre
466 2942 769 3015 dignitatis
814 2942 1083 3013 Augusti,
1141 2941 1408 2996 videlicet
1456 2943 1602 3012 (7113.,
1655 2943 1900 3017 scilicet]

250 3032 730 3103 Heinrici,quiob
743 3031 1258 3086 mansuetudinem
1275 3046 1502 3085 morum
1527 3031 1661 3086 Pius
1694 3036 1781 3087 est
1804 3050 1901 3106 ap-

246 3120 525 3196 pellatus,
556 3120 791 3193 Gyslam
823 3120 1058 3175 nomine
1091 3120 1225 3191 (39),
1262 3118 1373 3175 sibi
1420 3119 1477 3174 in
1527 3120 1899 3178 matrimonio

249 3214 403 3284 [ms.,
435 3209 813 3265 matrimonio
840 3211 961 3264 sine
982 3208 1065 3273 in]
1101 3207 1362 3275 sociavit,
1388 3225 1566 3279 quam
1628 3209 1901 3266 unctione

1923 1922 1971 1986 B

1989 635 2202 699 sulem,
2238 634 2419 689 simul
2451 640 2506 690 et
2531 634 2767 690 abbatis
2799 635 3276 707 prmdiis,curtis,
3302 643 3359 692 et
3378 637 3640 706 familiis,

1987 727 2043 779 et
2074 724 2419 792 redditibus,
2454 723 2729 796 regaliter
2759 723 3070 795 disposuit,
3106 725 3377 780 crucibus
3399 730 3458 781 et
3481 727 3638 782 vasis

1989 811 2241 884 aliisque
2273 812 2769 885 supellectilibus,
2797 813 2868 867 ad
2904 813 3298 868 ministerium
3330 814 3429 868 Dei
3473 816 3650 888 perti-

1990 901 2288 967 nentibus,
2308 902 2636 956 secundum
2656 902 2810 972 quod
2833 901 3151 973 unicuique
3169 918 3315 974 opus
3338 902 3467 969 fuit,
3493 904 3652 960 sufﬁ-

1994 987 2212 1043 cienter
2241 989 2536 1045 decoravit
2558 1008 2571 1057 ;
2591 994 2649 1045 ct
2667 988 2918 1063 singulis
2936 989 3127 1058 annis,
3155 990 3346 1062 quoad
3360 990 3652 1070 vixit(42l,

1992 1094 2234 1134 munera
2266 1082 2322 1133 et
2353 1078 2677 1134 oblationes
2711 1094 2946 1152 semper
2985 1080 3258 1151 augebat,
3309 1096 3380 1135 ne
3433 1080 3653 1153 aliquid

1992 1167 2353 1222 extrinsecus
2385 1171 2709 1238 quaererent
2740 1168 2837 1239 qui
2888 1167 3077 1223 officio
3127 1169 3446 1225 sanctuarii
3499 1188 3648 1242 prte-

1991 1258 2178 1310 erant.
2214 1254 2629 1311 Monachorum
2661 1256 2837 1310 vitam
2869 1260 2924 1312 et
2945 1256 3472 1327 conversationem,
3495 1276 3652 1315 nunc

1996 1360 2097 1416 per
2125 1343 2293 1409 alios,
2327 1361 2482 1399 nunc
2508 1361 2610 1416 per
2639 1344 2900 1417 seipsum
2935 1345 3289 1417 explorando
3329 1346 3648 1421 diligenter

1994 1432 2384 1499 examinabat,
2418 1436 2713 1504 torpentes
2744 1451 3015 1505 arguens,
3076 1434 3281 1507 vigiles
3331 1437 3441 1492 sub
3502 1437 3648 1494 dilep

1996 1521 2184 1576 ctione
2215 1520 2599 1589 constituens,
2633 1522 3044 1578 canonicorum
3096 1524 3491 1581 ministerium
3537 1526 3656 1597 epi-

1998 1627 2308 1683 seoliorum
2360 1609 2732 1681 providentiae
2784 1611 2892 1665 sub
2944 1611 3277 1668 testimonio
3330 1613 3544 1669 Christi
3598 1619 3656 1671 et

2000 1698 2264 1754 Ecclesiae
2336 1699 2808 1767 commendabat,
2877 1701 3199 1755 secundum
3282 1702 3650 1774 Apostolum.

2000 1787 2276 1842 omnibus
2307 1787 2504 1842 omnia
2538 1787 2745 1854 factus,
2810 1792 2874 1842 ut
2930 1804 3134 1844 omnes
3192 1788 3563 1847 lucrifaceret
3613 1792 3658 1863 (ι

2003 1877 2122 1932 Cor.
2157 1894 2233 1946 1x,
2265 1876 2377 1947 22).

2081 1966 2166 2020 15.
2202 1966 2415 2020 Eodem
2449 1969 2707 2037 tempore
2770 1965 3122 2022 monasterio
3174 1967 3365 2022 Sancti
3426 1967 3659 2024 Martini

2006 2058 2130 2109 erat
2164 2054 2486 2109 monachus
2509 2056 2772 2125 quidam,
2813 2055 3195 2111 Sebastianus
3218 2056 3662 2128 nomine,cujus

2008 2141 2328 2214 probabilis
2359 2142 2493 2205 vita,
2531 2148 2587 2197 et
2615 2144 2826 2197 devota
2856 2144 2913 2197 in
2946 2144 3045 2198 Dei
3073 2145 3307 2199 servitio
3328 2145 3531 2217 religio
3555 2145 3659 2202 ha-

2008 2231 2284 2287 bebatur:
2318 2230 2475 2285 hunc
2509 2248 2606 2285 rex
2646 2231 2994 2287 venerabilis
3037 2233 3187 2288 miro
3238 2250 3435 2289 amore
3482 2235 3658 2307 ccepit

2007 2319 2268 2392 diligere,
2305 2321 2444 2390 quia
2474 2328 2689 2392 quanto
2713 2321 2845 2392 quis
2879 2320 3202 2393 religiosior
3230 2326 3392 2376 tanto
3431 2322 3484 2378 ei
3533 2327 3660 2380 erat

2007 2408 2311 2480 acceptior.
2348 2408 2519 2463 Illum
2554 2425 2691 2481 ergo
2714 2409 2787 2464 ob
2818 2408 2945 2463 vitze
2979 2410 3189 2464 merita
3219 2408 3537 2482 pontificali
3560 2411 3660 2467 ho-

2007 2513 2146 2551 nore
2179 2496 2422 2568 dignum
2451 2496 2752 2568 judicans,
2817 2498 3068 2568 regendo
3128 2497 3515 2570 Strigoniensi
3572 2515 3660 2554 ar-

2006 2584 2463 2657 chiepiscopatui
2494 2601 2627 2639 eum
2660 2584 2930 2657 praefecit.
2966 2586 3035 2640 Et
3078 2585 3356 2657 quoniam
3406 2585 3660 2659 ﬂagellat

2006 2673 2160 2730 Deus
2190 2690 2421 2729 omnem
2458 2672 2644 2728 filium
2665 2691 2839 2746 quem
2860 2674 3084 2746 recipit,
3113 2674 3457 2747 prmdictum
3485 2676 3659 2732 Seba-

2007 2762 2286 2828 stianum,
2311 2762 2383 2817 ad
2408 2762 2768 2834 probandam
2794 2761 2983 2834 ipsius
2997 2762 3362 2834 patientiam,
3388 2781 3660 2837 corpora-

2007 2851 2151 2906 lium
2186 2852 2486 2906 oculorum
2519 2850 2742 2906 lumine
2774 2852 2881 2924 («'13)
2911 2852 2983 2906 ad
3006 2856 3239 2925 tempus
3268 2853 3531 2924 privavit.
3548 2854 3660 2908 Sed

2008 2956 2080 2995 ne
2111 2938 2372 2994 novellus
2406 2940 2463 2993 in
2498 2940 2608 2994 (ide
2629 2956 2767 3011 grex
2798 2940 3021 3011 absque
3070 2941 3322 3012 pastoris
3375 2940 3662 3013 regimine

2007 3044 2040 3082 a
2072 3028 2211 3082 recti
2242 3027 2500 3083 tramitis
2530 3028 2827 3100 proposito
2858 3028 3132 3094 deviaret,
3166 3046 3269 3101 per
3303 3046 3659 3087 consensum

2010 3116 2255 3171 Romani
2286 3116 2579 3188 pontificis
2611 3134 2761 3189 saepe
2794 3118 3017 3172 dictum
3044 3118 3336 3173 Astricum
3386 3117 3660 3176 Colocen-

2010 3221 2135 3259 sem
2167 3204 2504 3278 episcopum
2534 3206 2592 3259 in
2627 3205 2785 3260 illius
2817 3204 3011 3260 locum
3045 3206 3368 3260 substituit.
3405 3205 3663 3262 Evolutis

243 3298 552 3356 chrismali
582 3303 945 3371 perunctam,
979 3301 1306 3369 gestantem
1330 3313 1605 3352 coronam
1629 3298 1789 3369 regni
1813 3316 1900 3355 so-
1929 3288 1972 3355 C
2009 3294 2218 3349 deinde
2251 3293 2429 3348 trium
2463 3311 2752 3349 annorum
2784 3293 3039 3364 circulis,
3063 3293 3546 3363 Sebastianus,ex
3566 3295 3663 3349 Dei

245 3388 400 3444 ciam
425 3402 555 3443 esse
586 3385 908 3442 constituit.
942 3388 1076 3451 Quae
1106 3386 1296 3457 qualis
1344 3401 1481 3458 erga
1525 3384 1623 3440 Dei
1674 3386 1901 3442 cultum

243 3476 537 3533 orandum
569 3475 683 3547 (40)
715 3474 1025 3542 exstiterit,
1062 3491 1237 3546 quam
1272 3474 1382 3545 (41)
1416 3474 1759 3545 frequenset
1803 3476 1901 3531 be-

244 3566 482 3623 nedicta
501 3565 655 3621 circa
686 3565 782 3619 Dei
814 3564 1169 3620 serventium
1204 3565 1682 3637 congregationes
1729 3583 1905 3639 appa-

244 3654 455 3722 ruerit,
490 3652 811 3708 multarum
845 3652 1221 3709 ecclesiarum
1253 3653 1582 3721 cruces,vel
1628 3671 1768 3710 vasa
1812 3654 1900 3711 vel

244 3746 616 3818 paramenta,
656 3758 828 3815 opere
856 3742 1101 3797 mirifico
1118 3741 1365 3798 factavel
1388 3747 1676 3812 contexta,
1715 3761 1904 3816 usque

244 3831 425 3888 hodie
449 3834 762 3886 testantur.
801 3829 919 3884 Prae
946 3829 1173 3885 cunctis
1203 3833 1398 3885 tamen
1426 3830 1639 3885 domus
1684 3831 1905 3903 episco-

246 3922 426 3994 patus
459 3918 915 3992 Vesprimensis,
950 3935 1127 3990 quam
1164 3917 1346 3991 ipsaa
1371 3919 1757 3975 fundamento
1799 3937 1907 3976 cce-

247 4015 441 4084 ptam,
466 4008 743 4064 omnibus
773 4006 1140 4063 sutﬁcientiis
1157 4007 1229 4061 ad
1257 4007 1559 4062 servitium
1578 4008 1676 4063 Dei
1693 4009 1749 4064 in
1765 4026 1905 4065 auro

247 4105 307 4155 et
351 4101 595 4171 argento
636 4095 1115 4168 vestimentisque
1159 4094 1585 4169 multiplicibus
1632 4098 1907 4154 nobiliter

247 4186 577 4245 adornavit.

322 4278 410 4332 14.
438 4276 568 4347 Ipse
596 4291 730 4331 vero
766 4274 883 4330 Rex
916 4273 1211 4345 episcopia
1242 4290 1430 4346 nuper
1459 4275 1731 4346 incoepta,
1782 4279 1903 4331 tam

256 4364 536 4423 videlicet
565 4362 1118 4438 archiepiscopalem
1136 4380 1311 4434 quam
1328 4379 1532 4418 omnes
1549 4362 1906 4435 episcopales

245 4454 550 4521 ecclesias,
596 4452 1025 4525 amplissimam
1065 4451 1315 4524 singulis
1344 4450 1654 4522 assignans
1694 4452 1901 4507 dimce-

323 4581 441 4653 (33)
472 4579 535 4635 In
587 4594 699 4633 ms.
758 4577 992 4653 legitur,
1023 4577 1217 4653 _veluti
1260 4575 1899 4653 signmginposlolatus:

2014 3381 2415 3436 misericordia
2445 3387 2673 3453 recepto
2704 3380 2948 3449 lumine,
2972 3398 3209 3436 rursum
3232 3398 3336 3453 per
3357 3380 3662 3454 apostolici

2010 3469 2320 3526 consilium
2345 3487 2461 3524 suae
2494 3470 2616 3525 sedi
2648 3471 2956 3525 restitutus
2978 3473 3085 3537 est,
3143 3474 3199 3525 et
3263 3470 3531 3526 Astricus
3589 3470 3662 3525 ad

2012 3576 2180 3615 suam
2212 3558 2549 3627 Eeclesiam,
2584 3558 2856 3615 videlicet
2884 3558 3286 3627 Colocensem,
3318 3575 3452 3614 cum
3486 3557 3662 3631 pallio

2010 3646 2204 3703 rediit.

2648 3762 2876 3819 CAPUT
2913 3763 3009 3819 ΙΙΙ.

2013 3855 2196 3908 Pietas
2224 3854 2285 3907 in
2315 3853 2532 3908 beatam
2566 3854 2845 3921 Virginem
2901 3856 3113 3908 structa
3162 3861 3461 3924 ornataque
3508 3851 3666 3908 donis

2086 3934 2139 3980 et
2180 3925 2489 3996 privilegiis
2544 3926 2772 3980 ecclesia
2828 3926 2980 3981 Alba:
3037 3925 3259 3995 regalis,
3318 3923 3666 3996 fundalimzes

2081 3998 2189 4067 pia:
2237 3997 2645 4068 Hierosolymis,
2697 3997 2895 4063 Nomm,
2944 3997 3451 4068 Constantinopoli;
3498 3996 3667 4050 mise-

2084 4067 2325 4194 Zicl'ordia
2377 4076 2428 4122 et
2482 4067 2789 4124 liberalitas
2845 4070 3008 4139 regis,
3071 4067 3414 4139 ejusdemque
3491 4068 3667 4122 mira-

2122 4157 2138 4194 ι
2169 4156 2242 4194 ια.
3039 4176 3042 4180 ι

2122 4156 2242 4194 tua.
3039 4176 3042 4180 ~

2086 4274 2171 4327 16.
2208 4272 2340 4326 Erat
2368 4270 2590 4324 interea
2620 4286 2718 4324 rex
2747 4269 2901 4324 idem
2936 4271 3196 4327 ﬁdelisin
3222 4271 3497 4326 omnibus
3519 4269 3669 4326 aeti-

2011 4361 2123 4416 bus
2152 4361 2296 4423 suis,
2325 4358 2440 4412 Deo
2467 4356 2718 4428 perfecte
2750 4357 2983 4412 deditus
3016 4376 3119 4429 per
3146 4363 3346 4414 votum
3391 4362 3449 4413 et
3501 4358 3671 4414 obla-

2012 4449 2251 4514 tionem,
2286 4447 2670 4517 semotipsum
2688 4460 2823 4499 cum
2851 4462 3027 4517 regno
3060 4462 3167 4500 suo
3200 4448 3311 4502 sub
3333 4446 3519 4505 tutela
3544 4463 3672 4519 per~

2011 4588 2125 4628 non
2158 4566 2487 4641 Cartbuitii,
2524 4567 2617 4641 cui
2640 4567 3219 4641 eumAattribuerunt
3255 4567 3457 4639 aliqui,
3511 4572 3671 4641 quod

244 4638 461 4730 Su‘riu's
524 4666 629 4730 ceu
650 4638 1249 4730 apostaatus'insigne.
1278 4638 1344 4702 lii
1392 4638 1670 4730 editione,
1723 4664 1903 4730 quam
1938 4658 1982 4722 D
2016 4642 2201 4730 solam
2233 4639 2525 4730 vidissent
2555 4638 3079 4730 SuriiLcd‘iti‘one‘m‘.‘

248 4723 490 4790 recudo,
574 4721 845 4787 habetur,

254 4813 323 4851 ex
350 4810 466 4849 ms.

322 4862 991 4938 (34)_Mendosabie_est
1019 4861 1218 4938 editio,
1238 4864 1306 4938 _et
1336 4877 1445 4915 ms.
1483 4858 1662 4938 editio
1708 4858 1902 4938 habet,

250 4930 942 5010 proutlocumreddidi;
994 4950 1103 4988 ms.
1148 4935 1402 5010 viliaqye
1437 4930 1619 4985 nihilo
1659 4930 1902 5010 melius.

248 5002 464 5063 Surius
495 5023 629 5061 vero
660 5004 855 5061 locum
888 5010 1040 5060 reetc
1073 5002 1359 5075 expressit
1390 5002 1495 5075 hoc
1541 5003 1756 5075 modo;
1800 5003 1902 5057 Ec-

250 5079 467 5136 clesias
498 5077 600 5133 Dei
632 5093 753 5131 una
782 5093 917 5131 cum
948 5072 1176 5147 populis
1209 5078 1410 5130 nostra
1437 5072 1556 5127 vice
1570 5073 1906 5129 eiordinan-

250 5147 823 5225 dasurelinquimus.
862 5169 883 5195 ι
910 5216 924 5225 ‘
1009 5217 1041 5225 ,Α
1227 5219 1236 5225 _
1512 5215 1527 5225 θ
1688 5215 1706 5225 .
1730 5215 1744 5225 _
1790 5214 1800 5225 ο

323 5221 439 5294 (35)
472 5219 537 5275 In
578 5215 852 5275 "editione
910 5216 1125 5290 legitur
1178 5219 1276 5272 vix
1356 5215 1653 5294 mendose.
1688 5215 1907 5294 Idcirco

248 5286 456 5350 vocem
490 5295 799 5346 mutuatus
830 5286 994 5345 sum"
1022 5305 1090 5344 ex
1142 5305 1277 5356 ms.,
1335 5289 1435 5344 ubi
1488 5289 1573 5342 vir
1629 5291 1778 5342 recte
1803 5286 1906 5342 ha-

255 5366 434 5421 betur

347 5407 455 5505 36),
474 5433 762 5504 Loquitur
789 5432 859 5487 de
883 5430 1112 5505 legibus
1144 5446 1246 5502 per
1277 5429 1637 5502 Stephanum
1665 5428 1820 5505 latis.

347 5438 440 5505 36)
474 5438 762 5504 Loquitur
789 5438 859 5487 de
885 5438 1112 5503 legibus
1144 5446 1246 5502 per
1277 5438 1637 5502 Stephanum
1665 5438 1820 5485 latis.

324 5438 441 5578 (37)
474 5505 536 5560 ln
562 5521 672 5560 ms.
704 5509 864 5575 forte,
916 5502 1112 5558 minus
1156 5505 1328 5573 recte,
1379 5506 1435 5556 et
1482 5518 1616 5557 mox
1658 5502 1754 5572 qui
1800 5516 1907 5572 pro

290 5577 417 5634 uad.

253 5596 443 5720 Quir-ile)
461 5646 726 5720 _Sororem
754 5642 933 5699 habet
961 5642 1289 5720 haeqeditio
1314 5658 1628 5720 aequemac_
1648 5658 1759 5720 ms.
1803 5642 1910 5720 su-

252 5711 382 5785 rius
409 5711 592 5798 ﬁliam
618 5730 925 5795 perperam
953 5713 1156 5776 edidit.
1186 5716 1258 5774 At
1284 5711 1446 5774 error
1471 5711 1570 5773 ille
1596 5713 1751 5772 Surii
1792 5716 1903 5801 est,

941 4717 1335 4791 apostolilatus,
1436 4717 1589 4789 quod
1687 4717 1906 4773 cerrexi

2089 4713 2199 4783 (39)
2230 4709 2434 4783 Gisltim
2466 4726 2672 4783 rursus
2720 4709 2897 4764 habet
2948 4708 3122 4764 editio
3159 4724 3309 4783 _cum
3353 4723 3465 4763 ms.
3521 4709 3670 4768 Gise-

2017 4778 2129 4839 lain
2150 4778 2333 4838 edidit
2364 4780 2594 4844 Surius,
2630 4784 2802 4851 prout
2832 4796 2961 4836 eam
3018 4778 3237 4852 passim
3287 4783 3497 4833 vocant
3529 4797 3671 4838 neo-

2016 4854 2199 4911 terici.

2086 4928 2197 4995 (40)
2229 4922 2439 4995 Surius
2469 4920 2563 4977 hic
2602 4921 2818 4977 rectius
2849 4921 3177 4988 ornandum,
3230 4921 3313 4977 uti
3363 4925 3667 4981 auctorem

2016 4993 2320 5067 scripsisse
2351 4993 2575 5064 opinor.

2089 5064 2200 5138 (fit)
2231 5066 2292 5119 ln
2326 5081 2442 5138 ms:
2474 5066 2633 5136 quasi
2677 5082 2781 5138 pro
2824 5083 3030 5137 quam;
3078 5081 3213 5138 mox
3268 5064 3525 5138 benedice
3555 5082 3663 5138 pro

2018 5136 2295 5195 benedicta
2325 5142 2381 5208 et
2412 5136 2523 5208 Deo
2544 5152 2648 5208 pro
2670 5136 2810 5208 A‘Dei,
2832 5136 2955 5194 hoc
3004 5136 3213 5208 modo:
3250 5161 3277 5187 «
3329 5137 3505 5202 Quasi
3557 5136 3669 5194 fre-

2016 5226 2201 5293 quens
2233 5213 2290 5263 et
2321 5206 2601 5293 benedice
2632 5206 2930 5293 circa'D‘eo
2962 5207 3338 5293 servientium
3354 5224 3671 5293 congrega-

2015 5279 2245 5353 tiones,
2264 5302 2292 5329 ››
2323 5283 2432 5334 etc.
2468 5279 2913 5353 Rursumpaulo
2927 5281 3268 5353 postminus
3288 5283 3438 5335 recte
3461 5279 3520 5334 in
3548 5279 3661 5335 ms.

2018 5369 2185 5424 usque
2213 5351 2300 5407 die
2321 5367 2423 5424 pro
2444 5367 2613 5422 usque
2632 5350 2810 5407 hodie.

2087 5420 2200 5507 (1.12)
2234 5420 2475 5507 Hae—dure
2500 5420 2670 5507 voces
2698 5437 2767 5476 ex
2788 5438 2898 5477 ms.
2924 5427 3064 5507 sunt
3086 5423 3430 5505 desumptze,
3448 5438 3584 5476 nam
3604 5420 3663 5476 in

2017 5493 2478 5551 edito'mendose
2505 5493 2755 5549 habetur
2784 5510 2886 5564 quo
2918 5494 3182 5549 advilrz'x.

2110 5568 2199 5631 43)
2226 5567 2368 5639 Post
2406 5566 2556 5622 hanc
2575 5580 2774 5639 vocem
2791 5562 3035 5622 additur
3062 5581 3187 5622 eum
3214 5566 3275 5622 in
3305 5565 3460 5624 edito
3508 5562 3665 5639 quod

2015 5635 2323 5705 redundat,
2358 5654 2464 5697 nec
2495 5641 2584 5697 est
2603 5635 2664 5694 in
2692 5652 2804 5695 ms.
