3924 6210
247 347 405 408 1219

1248 349 1314 412 S.
1361 347 1754 413 STEPHANI
1799 345 2354 413 HUNGARORUM
2399 343 2654 411 REGIS.

3504 339 3688 404 1220

240 487 424 554 petum
442 479 701 552 Virginis
719 479 818 536 Dei
833 481 1130 553 genitricis
1145 483 1334 538 Marize
1350 485 1619 556 precibus
1635 483 1890 539 assiduis
1919 485 1974 550 Α
2004 483 2437 555 comprobatur,
2471 481 2570 554 qui
2603 481 2770 536 bonae
2785 476 3104 534 voluntatis
3121 481 3178 532 et
3203 474 3397 548 operis
3413 475 3676 537 famam,

240 571 564 635 conferens,
600 571 770 641 cujus
793 569 980 642 gloria
1008 576 1063 627 et
1093 572 1279 628 honor
1311 577 1425 627 tam
1461 571 1705 628 celebris
1739 573 1890 626 inter

239 661 547 732 Hungaros
578 659 830 714 habetur
850 659 1006 730 quod
1031 660 1205 715 etiam
1229 661 1514 716 festivitas
1534 661 1892 732 Assumptio-

240 749 332 804 nis
357 748 624 820 ejusdem
655 747 939 820 Virginis,
973 749 1097 802 sine
1128 749 1524 804 additamento
1546 749 1764 821 proprii
1793 766 1891 804 no-

240 837 442 905 minis,
479 837 740 910 ipsorum
774 835 975 909 lingua
1000 837 1126 892 dies
1171 837 1429 892 Domina:
1473 837 1776 892 vocitetur.
1826 837 1893 892 Et

240 931 306 982 ut
337 927 620 998 majorem
651 925 1004 980 defensionis
1023 924 1483 980 misericordiam
1505 926 1892 997 consequiva-

241 1015 403 1082 teret,
436 1015 495 1069 in
529 1014 657 1085 ipsa
703 1013 913 1086 regalis
969 1013 1126 1068 sedis
1183 1014 1434 1080 civitate,
1495 1031 1620 1083 quae
1679 1014 1894 1069 dicitur

243 1104 402 1170 Alba,
437 1103 548 1158 sub
573 1101 742 1156 laude
769 1106 823 1156 et
840 1101 1010 1156 titulo
1031 1102 1299 1172 ejusdem
1321 1101 1579 1174 Virginis
1602 1108 1890 1176 perpetuae

241 1193 526 1248 famosam
557 1196 617 1246 ct
649 1191 929 1262 grandem
961 1189 1269 1246 basilicam
1303 1207 1474 1263 opere
1509 1190 1776 1256 mirifico,
1797 1207 1888 1246 ce-

242 1281 450 1337 laturis
476 1279 534 1336 in
565 1279 723 1334 chori
752 1279 966 1351 pariete
989 1279 1305 1345 distinctis,
1325 1280 1655 1351 pavimento
1676 1279 1892 1336 tabulis

246 1369 593 1426 marmoreis
621 1373 825 1434 strato,
855 1372 1192 1424 construere
1217 1369 1390 1441 coepit
1414 1387 1426 1435 ;
1462 1385 1638 1440 quam
1663 1367 1762 1440 qui
1803 1367 1890 1421 vi-

243 1460 360 1530 det,
373 1458 601 1513 veritati
628 1458 1028 1513 testimonium
1053 1457 1319 1530 perhibet
1339 1459 1646 1513 verborum
1665 1461 1890 1512 nostro-

248 1564 402 1612 rum,
436 1545 890 1602 innumerabilia
919 1545 1229 1617 palliorum
1263 1547 1378 1617 [et]
1412 1549 1889 1617 paramentorum

242 1637 322 1692 ibi
353 1653 481 1692 esse
511 1652 744 1707 genera,
779 1634 1010 1690 tabulas
1043 1634 1196 1690 circa
1247 1633 1454 1689 altaria
1503 1633 1701 1706 plures
1750 1651 1891 1690 auro

241 1725 558 1798 purissimo
582 1723 916 1789 fabricatas,
939 1723 1202 1795 lapidum
1226 1723 1346 1794 [al.,
1362 1723 1631 1788 mendose,
1656 1721 1889 1794 lapidis)

247 1813 428 1870 series
449 1813 1011 1885 pretiosissimorum
1036 1811 1093 1866 in
1119 1828 1179 1866 se
1201 1811 1586 1878 continentes,
1604 1809 1888 1866 eiborium
1925 1854 1971 1918 Β

247 1907 374 1958 arte
405 1900 656 1958 mirabili
686 1917 866 1972 supra
881 1917 1143 1955 mensam
1157 1899 1371 1954 Christi
1398 1905 1678 1967 erectum,
1703 1916 1892 1954 came-

244 2009 375 2047 ram
405 1990 562 2046 omni
594 2006 803 2063 genere
825 2006 1098 2044 vasorum
1121 1987 1592 2060 crystallinorum
1618 1988 1739 2058 (aL,
1767 2004 1892 2059 cry-

247 2078 600 2150 stallorum],
635 2077 1082 2151 onychinorum,
1116 2093 1450 2142 aureorum,
1485 2080 1892 2148 argenteorum

243 2167 493 2240 pleniter
523 2168 814 2224 refertam.

315 2259 402 2312 17.
436 2257 623 2311 Tanta
650 2259 953 2311 venustate
985 2253 1448 2326 suprascriptam
1479 2252 1784 2309 ecclesiam
1833 2251 1891 2307 in

245 2345 544 2419 propriam
575 2342 857 2416 capellam
885 2361 980 2398 rex
1003 2343 1114 2399 sibi
1138 2341 1414 2409 retinens,
1442 2341 1544 2396 tali
1567 2358 1696 2398 eam
1719 2340 1894 2396 liber-

244 2438 359 2490 tate
391 2433 610 2488 dotavit
643 2438 708 2488 ut
735 2431 932 2487 nullus
957 2431 1364 2504 episcoporum
1388 2431 1446 2486 in
1467 2430 1707 2502 eajuris
1730 2430 1894 2502 quid-

244 2539 423 2596 quam
454 2522 728 2588 haberet;
764 2521 822 2576 in
855 2520 946 2575 die
977 2519 1154 2575 etiam
1182 2519 1567 2576 absolutionis
1599 2523 1654 2574 et
1691 2535 1894 2573 conse-

245 2610 524 2667 crationis
551 2609 908 2676 chrismatis,
942 2609 1272 2680 cuicunque
1293 2608 1566 2680 episcopo
1585 2606 1671 2662 vel
1696 2607 1891 2678 injun-

242 2705 404 2773 geret
435 2717 532 2756 rex
559 2699 639 2755 ibi
690 2715 968 2770 prmsens,
1018 2697 1106 2754 vel
1157 2696 1296 2752 illuc
1349 2697 1607 2752 mitteret
1656 2697 1889 2762 absens,

241 2787 587 2860 pmnitcntes
608 2787 662 2841 in
687 2803 754 2844 ea
775 2787 1115 2852 absolveret,
1140 2791 1194 2841 et
1216 2785 1472 2840 chrisma
1493 2789 1891 2851 consecraret;

241 2877 438 2932 divina
469 2892 703 2948 quoque
751 2875 1063 2930 Missarum
1111 2873 1416 2940 solemnia,
1469 2873 1518 2930 si
1565 2890 1759 2946 regem
1811 2872 1890 2927 ibi

240 2982 368 3021 esse
391 2969 733 3036 praesentem
761 2964 1142 3034 contingeret,
1164 2962 1260 3018 ille
1281 2966 1509 3018 tantum
1535 2961 1654 3036 [al.,
1671 2962 1891 3033 tamen]

239 3053 559 3109 celebraret
590 3051 919 3124 episcopus,
980 3051 1070 3105 cui
1129 3068 1247 3118 rex,
1307 3051 1706 3108 consentiente
1755 3067 1889 3105 cum

239 3141 520 3198 fratribus
553 3141 882 3214 praeposito,
916 3139 1208 3196 celebrare
1231 3140 1484 3212 juberet.
1521 3140 1581 3194 In
1603 3139 1754 3212 regis
1785 3156 1887 3194 au-

2002 589 2176 643 qnam
2211 573 2267 627 in
2298 570 2658 626 rediﬁcandis
2685 567 2950 624 ecclesiis
2980 567 3040 622 in
3089 563 3480 638 amplitudine
3529 579 3677 635 pro-

2000 661 2109 732 prii
2136 661 2292 730 juris
2322 661 2434 731 (45)
2467 663 2819 723 exercuerat,
2846 657 2904 712 in
2937 656 3108 728 longe
3131 655 3353 727 positas
3369 657 3559 708 terras
3605 656 3682 708 et

2003 751 2176 806 urbes
2210 748 2637 804 famosissimas
2655 746 3030 819 disperserat.
3051 742 3398 800 Construxit
3417 741 3576 798 enim
3600 741 3675 796 in

1997 839 2125 910 ipsa
2153 836 2610 894 conversationis
2635 835 2846 891 Christi
2869 835 3189 890 secundum
3216 829 3674 887 humanitatem

1999 928 2229 984 civitate
2258 925 2618 982 Hierusalem
2661 923 3086 980 monachorum
3116 921 3472 986 cmnobium,
3497 919 3672 992 quod

2000 1017 2234 1089 praediis
2264 1015 2470 1071 ditavit
2501 1019 2558 1070 et
2602 1014 2810 1081 vineis,
2859 1013 2930 1070 ad
2977 1012 3198 1068 victum
3248 1009 3678 1083 quotidianum

2001 1107 2226 1178 cepiam
2259 1104 2754 1160 ministrantibus.
2781 1103 2843 1158 In
2901 1101 3087 1174 capite
3145 1117 3381 1173 quoque
3427 1096 3670 1162 mundi,

2001 1195 2214 1259 Romae,
2248 1194 2358 1249 sub
2390 1192 2558 1247 titulo
2590 1190 3037 1264 protomartyris
3069 1187 3352 1262 Stephani
3381 1183 3670 1241 duodcim

2002 1285 2083 1354 [in
2099 1299 2202 1337 ms.
2232 1280 2662 1350 duodecimam]
2687 1279 3104 1334 canonicorum
3127 1274 3676 1350 congregationem,

2003 1369 2228 1426 cunctis
2257 1367 2623 1442 pertinentiis
2667 1367 3006 1423 abundante
3055 1366 3181 1439 [αι.
3235 1363 3666 1429 abundantem,

2002 1459 2225 1526 statuit,
2261 1463 2316 1512 et
2348 1457 2652 1513 materiam
2695 1457 2752 1511 in
2805 1455 3054 1511 circuitu
3104 1453 3295 1528 lapide
3342 1449 3670 1514 muratam]

2001 1565 2133 1604 cum
2169 1547 2443 1602 domibus
2474 1547 2610 1617 (46),
2645 1550 2702 1600 et
2729 1543 3000 1616 hospitiis
3042 1544 3475 1616 Hungarorum,
3527 1558 3666 1597 ora-

2004 1636 2176 1692 tionis
2207 1652 2384 1690 causa
2397 1635 2548 1690 beati
2568 1633 2850 1706 principis
2865 1631 3266 1706 apostolorum
3284 1630 3437 1687 Petri
3449 1629 3670 1686 limina

2001 1723 2408 1798 quaerentium,
2440 1723 2720 1779 condidit.
2740 1723 2931 1794 Ipsam
2953 1739 3186 1795 quoque
3203 1723 3425 1794 regiam
3447 1719 3662 1775 urbem

2003 1811 2561 1886 Constantinopolim
2580 1812 2994 1868 beneficiorum
3012 1827 3256 1866 munere
3277 1826 3392 1865 non
3407 1807 3666 1882 privavit

2003 1921 2180 1976 quam
2213 1903 2456 1958 ecclesia
2487 1901 2716 1956 mirifici
2751 1901 2873 1971 [al.,
2905 1901 3154 1957 mendose
3176 1897 3441 1969 miriﬁce]
3460 1895 3661 1968 operis

2003 2010 2136 2048 cum
2171 1989 2516 2046 necessariis
2547 1989 2824 2045 omnibus
2849 1989 2976 2044 suis
3007 1987 3260 2044 donavil.
3287 1986 3493 2043 Merito
3515 2001 3659 2058 ergo

2004 2083 2157 2137 infra
2183 2081 2464 2136 terminos
2494 2097 2612 2134 suae
2630 2078 3049 2134 dominationis
3065 2093 3279 2132 nomen
3299 2076 3551 2148 adeptus
3565 2078 3662 2130 est

2002 2169 2284 2243 Apostoli,
2317 2174 2374 2225 et
2399 2167 2667 2240 quamvis
2699 2185 2876 2240 super
2903 2184 2964 2223 se
2995 2165 3511 2239 evangelizandum
3535 2180 3660 2220 non

2004 2259 2328 2330 assumpsit
2357 2257 2615 2312 officium
2666 2255 3134 2328 praedicatorum,
3189 2258 3388 2310 tamen
3439 2253 3560 2308 dux
3597 2255 3662 2308 et

2005 2348 2284 2421 magister
2313 2347 2462 2418 ejus,
2495 2345 2804 2400 tutaminis
2835 2350 2892 2400 et
2921 2342 3364 2401 sustentationis
3394 2339 3662 2398 instituit

2005 2437 2298 2494 solatium.

2076 2529 2160 2582 19.
2197 2527 2352 2582 Inter
2374 2523 2572 2582 omnia
2601 2539 2866 2596 supernae
2900 2522 3294 2580 miserationis
3341 2520 3652 2590 beneﬁcia,

2002 2616 2170 2671 beato
2202 2615 2322 2687 regi
2354 2613 2636 2669 divinitus
2650 2629 3076 2684 concessa,prae
3091 2611 3369 2667 omnibus
3391 2614 3532 2666 sunt
3551 2608 3656 2665 illa

2003 2701 2533 2774 miranda,scriptis
2547 2701 3167 2772 commendanda,quze
3181 2699 3376 2755 locum
3390 2697 3651 2770 primum

2002 2793 2261 2848 obtinent
2292 2791 2363 2845 ad
2395 2797 2618 2845 zeternze
2645 2789 2771 2844 vitae
2801 2788 3015 2862 gaudia
3047 2787 3453 2860 promerenda,
3474 2786 3654 2842 mise-

2001 2879 2251 2936 ricordia
2281 2879 2505 2935 scilicet
2531 2883 2586 2933 et
2615 2879 2846 2934 veritas.
2882 2878 2944 2933 In
2977 2877 3263 2933 omnibus
3292 2876 3452 2932 enim
3483 2874 3656 2932 factis

2001 2968 2406 3025 suisfelicibus
2421 2966 2564 3022 illud
2588 2967 2923 3023 intendebat
2944 2983 3073 3022 esse
3090 2965 3477 3038 praecipuum,
3497 2964 3656 3037 quod

2001 3075 2069 3112 ex
2099 3056 2406 3130 Evangelio
2457 3055 2614 3111 fideli
2664 3057 2919 3128 pectoris
2967 3053 3428 3126 comtemplatus
3464 3058 3556 3109 est
3595 3053 3654 3108 vi

2001 3165 2178 3220 super
2207 3145 2462 3202 veritatis
2494 3144 2684 3216 ipsius
2713 3143 3168 3213 testimonii(47)
3190 3141 3472 3198 dicentis:
3493 3143 3656 3198 Beati

238 3237 354 3287 tem
387 3230 670 3298 absentia,
705 3229 928 3302 absque
958 3229 1255 3302 praepositi
1287 3233 1343 3284 et
1365 3230 1612 3283 fratrum
1635 3226 1885 3294 licentia,

2076 3217 2396 3302 sericordes,
2429 3235 2690 3304 quoniam
2720 3234 2830 3305 ipsi
2860 3231 3294 3288 misericordiam
3318 3247 3650 3302 consequen-

237 3320 548 3393 episcopus
579 3318 665 3374 vel
698 3319 910 3375 missas
938 3317 1291 3383 celebrandi,
1323 3317 1742 3388 velcujuslibet
1763 3316 1888 3388 epi-

237 3407 488 3481 scopalis
510 3407 1030 3474 ofﬁciiexercendi,
1053 3406 1476 3462 sibilicentiam
1506 3423 1619 3461 non
1640 3421 1886 3477 usurpa-

239 3502 345 3554 ret.
381 3497 663 3554 Przeterea
691 3498 964 3552 eumdem
995 3495 1250 3551 ecclesiae
1299 3494 1583 3568 populum
1634 3493 1889 3548 instituit

237 3603 364 3644 esse
415 3591 533 3642 tam
593 3585 864 3652 liberum,
921 3589 985 3640 ut
1036 3583 1182 3640 nihil
1241 3584 1602 3640 decimarum
1651 3583 1887 3639 cuidam

237 3676 508 3748 episcopo
539 3675 678 3730 dare
707 3675 962 3741 deberet,
996 3674 1096 3728 sed
1128 3673 1438 3746 praeposito
1495 3672 1601 3737 soli
1661 3675 1718 3728 et
1774 3673 1886 3726 fra-

237 3765 450 3830 tribus,
484 3768 656 3834 prout
680 3763 752 3818 ab
786 3779 852 3818 eo
881 3761 1220 3818 institutum
1251 3766 1360 3833 est,
1393 3761 1696 3816 servitium
1727 3759 1886 3815 exhi-

248 3855 408 3909 beret
435 3852 573 3923 (44).

308 3941 396 3995 '18.
431 3939 650 3994 Deinde
681 3955 884 3994 servus
918 3939 1040 4006 Dei,
1075 3956 1202 4012 quae
1233 3944 1372 3994 tunc
1404 3938 1704 4010 acquirere
1735 3941 1889 4010 pote-

245 4033 354 4096 rat,
389 4027 588 4084 omnia
619 4027 866 4096 Christo,
892 4045 1019 4100 quae
1050 4045 1120 4084 ex
1148 4027 1335 4100 ipsius
1365 4027 1518 4082 dono
1576 4025 1884 4094 ﬂuxerant,

237 4119 500 4174 conferre
530 4117 758 4172 studuit
789 4122 844 4174 et
875 4118 1094 4189 [Satrius
1124 4117 1210 4187 ut]
1241 4116 1342 4188 qui
1401 4132 1534 4170 eum
1592 4115 1778 4188 gloria
1831 4120 1889 4171 et

237 4207 456 4263 honore
489 4205 694 4260 mundi
726 4205 1029 4278 praesentis
1060 4205 1304 4277 dignum
1349 4205 1582 4272 fecerat,
1635 4203 1886 4260 caelestis

235 4295 438 4368 patriae
467 4295 692 4352 civibus
723 4293 1038 4351 clementer
1067 4293 1356 4349 associare
1386 4293 1746 4365 dignaretur.
1789 4294 1886 4350 Le-

235 4385 432 4458 gimus
461 4385 522 4440 in
554 4384 878 4457 prophetiis
911 4383 982 4438 de
1013 4382 1294 4454 apostolis
1326 4381 1612 4454 scriptum
1643 4383 1798 4455 quod
1822 4384 1882 4438 In

233 4491 448 4531 omnem
475 4475 682 4529 terram
711 4473 884 4529 exivit
909 4488 1075 4528 sonus
1106 4488 1316 4538 eorum,
1347 4475 1396 4527 et
1435 4473 1496 4526 in
1546 4473 1681 4543 ﬁnes
1739 4472 1884 4528 orbis

1997 3328 2088 3379 tur
2117 3323 2301 3395 (Illath.
2335 3341 2389 3389 ν,
2416 3324 2494 3390 7),
2543 3326 2600 3376 et
2646 3321 2704 3375 in
2753 3320 2866 3376 alio
2919 3319 3078 3376 loco:
3125 3321 3277 3386 Date,
3325 3328 3377 3376 et
3422 3319 3652 3376 dabitur

1994 3413 2144 3468 vobis
2173 3411 2322 3483 (Luc.
2355 3427 2434 3477 v1,
2461 3409 2572 3480 38).
2608 3409 2812 3465 Tantis
2844 3409 3025 3481 igitur
3053 3408 3556 3477 miserationibus,
3591 3412 3646 3464 et

1996 3500 2230 3574 pietatis
2259 3498 2516 3554 brachiis
2563 3497 2778 3553 Christi
2825 3514 3130 3570 pauperes,
3179 3498 3296 3553 imo
3345 3496 3646 3552 Christum

1994 3589 2212 3662 ipsum,
2235 3586 2600 3660 amplexatus
2613 3590 2721 3653 est,
2751 3587 2904 3658 quod
2929 3585 3129 3642 nullus
3151 3601 3417 3658 unquam
3432 3585 3648 3658 hospes

1995 3684 2052 3734 et
2079 3677 2420 3750 peregrinus
2452 3677 2523 3731 ab
2553 3691 2620 3731 eo
2653 3675 2778 3731 sine
2811 3674 3190 3748 benignitatis
3212 3673 3472 3746 alicujus
3497 3673 3648 3730 sola-

1996 3767 2152 3822 mine
2181 3764 2366 3821 tristis
2399 3763 2702 3820 abscessit.
2737 3764 2821 3820 Ad
2863 3762 3274 3820 revelationem
3329 3779 3648 3838 egenorum

1995 3855 2365 3929 quotidianae
2398 3870 2682 3926 expensas
2715 3853 3112 3908 indeficienter
3141 3851 3264 3908 ﬁeri
3323 3852 3648 3920 constituit,

1997 3949 2312 4000 nocturnas
2341 3942 2574 4016 vigilias
2595 3941 2654 3998 in
2677 3941 2941 3997 lavandis
2961 3941 3176 3997 Christi
3200 3941 3465 3997 fidelium
3487 3941 3650 4013 pedi-

1995 4035 2124 4100 bus,
2161 4033 2301 4089 etin
2332 4031 2766 4087 abscondendis
2799 4031 2857 4086 in
2890 4031 3024 4086 sinu
3053 4047 3382 4103 pauperum
3403 4030 3652 4086 eleemo—

1995 4123 2176 4196 synis,
2208 4120 2443 4196 agiliter
2472 4124 2528 4176 et
2558 4119 2824 4175 hilariter
2852 4120 3178 4192 transigere
3226 4118 3473 4186 solebat,
3528 4135 3651 4192 ege-

1996 4229 2137 4267 num
2154 4209 2450 4266 Christum
2471 4210 2530 4266 in
2559 4207 2839 4265 membris
2853 4208 2977 4265 suis
2998 4207 3292 4264 consolari
3316 4207 3648 4264 deliberans

1991 4298 2411 4372 temporaliter,
2446 4302 2510 4354 ut
2539 4297 2664 4370 ipse
2689 4299 2818 4353 vitae
2835 4297 3086 4354 cmlestis
3101 4313 3395 4353 cameram
3418 4296 3646 4352 cunctis

1991 4388 2434 4445 delectamentis
2469 4388 2738 4444 refertam
2771 4387 3092 4454 inveniens,
3118 4385 3437 4457 jucundari
3458 4401 3642 4442 mere-

1993 4481 2154 4534 retur
2173 4482 2349 4534 aetern
2359 4476 2542 4532 aliter.

233 4569 394 4620 terrae
426 4565 588 4620 verba
616 4579 805 4652 eorum
835 4563 1004 4652 (Psal.
1036 4577 1199 4652 xvm,
1393 4561 1510 4652 Hoc
1542 4579 1658 4652 non
1677 4561 1879 4652 solum
1911 4587 1959 4652 D
2061 4569 2150 4622 20.
2186 4565 2446 4631 Quadam
2479 4581 2611 4620 vero
2643 4570 2810 4620 nocte
2835 4563 3128 4636 spirituali
3160 4563 3383 4619 monitu
3431 4567 3644 4628 tactus,

233 4653 305 4708 de
336 4652 668 4719 duodecim,
701 4651 802 4706 sed
835 4651 904 4706 de
935 4649 1257 4708 omnibusa
1277 4651 1392 4707 Deo
1408 4651 1609 4706 missis
1623 4651 1692 4706 ad
1716 4667 1884 4706 evan-

232 4741 602 4815 gelizandum
635 4741 860 4796 dictum
891 4757 1019 4797 esse
1076 4741 1376 4814 probatur,
1437 4756 1688 4812 quorum
1745 4740 1879 4808 fide,

232 4831 422 4888 verbis
455 4835 513 4887 et
543 4830 808 4886 moribus
839 4830 1262 4887 incremenlum
1303 4829 1456 4902 parit
1494 4828 1769 4885 Ecclesia.
1802 4829 1883 4884 De

232 4920 446 4992 quibus
477 4919 588 4974 iste
604 4918 1145 4976 Christianissimus
1159 4935 1256 4974 rex
1270 4935 1384 4974 non
1399 4917 1684 4974 minimus
1703 4918 1884 4974 fuisse

299 5133 412 5206 (44)
445 5132 575 5188 Haec
607 5133 806 5206 omnia
835 5133 1181 5206 derecclesia
1209 5132 1450 5190 Albensi
1502 5133 1706 5190 eodem
1765 5133 1883 5190 fere

235 5202 408 5261 medo
431 5202 690 5260 narravit
712 5204 1030 5260 Bontinius.

301 5277 411 5348 (45)
442 5275 502 5331 Id
536 5279 626 5330 est
655 5275 714 5328 in
747 5275 979 5348 propria
1007 5275 1250 5340 ditione,
1281 5291 1465 5346 eaque
1491 5274 1882 5348 amplissima.

232 5349 459 5410 Surius,
491 5349 550 5402 in
579 5348 822 5416 propriae
849 5347 1077 5402 ditionis
1107 5349 1490 5419 amplitudine.

298 5419 408 5490 (46)
440 5419 506 5473 In
537 5433 651 5472 ms.
687 5419 883 5490 minus
914 5423 1096 5490 recte:
1131 5439 1156 5470 ι·
1190 5417 1256 5472 Et
1287 5418 1602 5490 maceriam
1633 5417 1883 5490 circuitu

231 5487 422 5560 lapide
455 5490 748 5560 muratam
779 5488 1134 5560 domibus.»
1168 5495 1279 5545 etc.
1313 5489 1442 5544 Mox
1471 5487 1646 5560 etiam
1666 5487 1883 5544 ibidem

236 5559 738 5634 proferentium
767 5559 1043 5634 mendose
1071 5559 1287 5634 legitur
1314 5559 1688 5634 quaerendum.

321 5576 738 5682 igwrenuum
767 5576 1043 5614 mendose
1072 5576 1287 5634 legitur
1314 5576 1688 5632 qwremum.

321 5629 350 5685 4
393 5629 410 5708 )
467 5629 572 5686 Hic
625 5625 792 5684 locus
849 5629 1126 5689 mendose
1172 5631 1366 5691 editus
1423 5635 1531 5705 est,
1619 5630 1884 5692 diversus

1993 4656 2226 4711 nemine
2257 4653 2495 4720 sciente,
2515 4653 2678 4709 solus
2696 4652 2938 4725 plenum
2961 4651 3136 4708 homo
3159 4651 3258 4708 Dei
3287 4668 3502 4725 gerens
3523 4667 3645 4708 sac-

1991 4743 2210 4804 culum.
2246 4743 2460 4799 Christi
2493 4741 2778 4815 pusillum
2809 4758 3047 4815 gregem
3080 4745 3100 4809 (
3132 4743 3261 4797 Luc.
3289 4758 3392 4809 xu,
3426 4740 3522 4812 32)
3549 4757 3639 4798 so-

1992 4833 2096 4888 lito
2147 4849 2306 4888 more
2355 4831 2606 4904 perrexit
2653 4829 2922 4886 visitare:
2976 4829 3294 4902 statimque
3363 4845 3646 4902 pauperes

1991 4920 2410 4977 distribuendae
2428 4918 2674 4975 cmlestis
2693 4917 2955 4974 thesauri
2970 4918 3229 4992 pecuniae
3243 4917 3646 4974 disturbantes

1995 5135 2484 5209 quideminms,
2522 5149 2625 5190 nec
2645 5137 2841 5189 tamen
2874 5132 3202 5209 correctior.
3253 5131 3466 5209 Surius
3514 5148 3641 5209 seu:

1994 5201 2126 5264 sum
2161 5206 2412 5263 reddidit
2448 5205 2764 5278 integrum,
2817 5206 2920 5278 sed
2970 5202 3460 5278 verbaimutavit.
3514 5201 3642 5258 Levi

1993 5278 2348 5335 correctione
2364 5273 2806 5348 emendabitur,
2840 5277 2888 5332 si
2921 5293 3023 5348 pro
3055 5276 3360 5348 testimonii
3381 5273 3642 5348 legamus

1994 5351 2322 5406 testimonio.
2358 5347 2418 5402 In
2451 5364 2562 5402 ms.
2607 5348 2810 5402 eadem
2857 5344 2964 5402 νὼς
3021 5344 3384 5418 corrigenda,
3412 5344 3643 5418 Alegen-

1994 5423 2255 5491 dumque
2285 5419 2662 5491 testimonium
2687 5437 2700 5486 ;
2730 5435 2866 5491 nam
2900 5419 2981 5474 ibi
3014 5415 3281 5491 habetur,
3297 5438 3327 5491 ε‹
3351 5415 3638 5488 fideli'pe-

1994 5487 2177 5548 cteris
2203 5489 2631 5560 contemplatus
2660 5494 2750 5544 est
2780 5489 2954 5556 visu,.
2986 5512 3013 5540 ››
3047 5506 3112 5544 ac
3141 5487 3356 5543 deinde
3387 5487 3638 5560 «perve-

1995 5561 2184 5621 ritatis
2214 5560 2402 5635 ipsius
2425 5559 2766 5631 testimonii,
2803 5583 2831 5612 ››
2866 5560 2992 5636 lege
3021 5559 3417 5618 testimonium.
