3924 6210
201 389 356 455 1291
442 356 449 363 ’

1810 391 2017 459 VITA.

3457 394 3613 459 1222

194 525 465 593 initium,
500 523 608 581 viri
639 524 742 582 Dei
774 524 1002 582 meritis
1034 526 1332 583 evulsione
1362 528 1553 585 barba:
1585 530 1846 601 prebue-
1880 534 1933 598 Α
1962 528 2236 595 dolentis,
2262 529 2574 596 mandans,
2595 532 2659 584 ut
2680 544 2863 585 sanus
2880 533 3166 601 surgeret,
3184 529 3537 599 transmisit,
3557 534 3615 585 et

196 619 344 671 runt
372 614 801 671 testimonium.
826 615 910 671 0b
933 616 1042 671 hoc
1067 617 1281 689 gaudio
1302 618 1576 689 perfusus
1597 618 1850 673 maxime

195 704 378 761 miles
408 703 645 775 Christi,
676 721 739 761 se
770 705 1015 761 contulit
1044 706 1114 761 ad
1144 705 1543 762 beatissimam
1566 707 1855 763 Creatoris

198 794 289 865 [in
312 810 421 848 ms.
468 793 720 849 mendose
764 796 1113 865 Creatorem]
1164 796 1428 851 omnium
1477 796 1852 861 Genitricem,

197 885 537 955 prostratus
588 887 753 937 terrai
801 883 1022 955 gratias
1078 900 1279 956 agens,
1333 884 1417 940 sic
1473 884 1851 940 exclamavit:

200 971 434 1045 Regina
462 971 715 1028 cmlestis
747 976 803 1027 et
830 988 979 1040 mea,
1009 988 1181 1044 quem
1220 977 1283 1028 tu
1334 973 1549 1046 Regem
1593 973 1855 1029 statuisti

200 1060 428 1117 milites
453 1060 539 1116 tui
564 1061 650 1116 sic
680 1060 1130 1117 honoraverunt.
1179 1062 1238 1117 Si
1288 1064 1360 1118 ab
1411 1063 1606 1135 aliquo
1655 1066 1855 1118 adver-

201 1150 366 1206 sario
396 1148 541 1204 mihi
572 1149 779 1205 fuisset
808 1149 917 1205 hoc
946 1149 1196 1217 illatum,
1224 1168 1415 1206 meam
1440 1151 1715 1222 injuriam
1756 1169 1859 1223 per

199 1243 380 1294 tuum
400 1236 714 1295 ulciscerer
728 1236 1174 1293 adminiculum.
1198 1238 1402 1294 Sciens
1414 1254 1569 1311 ergo,
1587 1239 1853 1306 Domina,

202 1327 360 1383 hanc
378 1330 654 1382 aternam
672 1324 816 1381 mihi
836 1326 1016 1381 tribui
1037 1325 1394 1393 felicitatem,
1419 1328 1595 1383 nimis
1609 1329 1854 1398 exsulto,

203 1416 434 1489 gratias
455 1432 633 1488 agens
655 1414 973 1471 Salvatoris
990 1416 1182 1471 verbis
1198 1416 1622 1488 consolatoriis,
1643 1418 1858 1489 quibus

204 1503 534 1576 discipulos
564 1520 703 1559 suos
734 1502 1070 1559 consolatus
1096 1508 1205 1570 est,
1239 1505 1474 1561 dicens:
1505 1506 1747 1577 Capillus
1793 1507 1859 1562 de

201 1595 391 1666 capite
418 1599 588 1650 vestro
615 1608 727 1647 non
749 1594 957 1665 peribit
986 1594 1134 1663 (Luc.
1182 1611 1298 1659 xxx,
1351 1595 1460 1665 18).
1510 1594 1614 1650 His
1661 1595 1855 1661 dictis,

203 1699 270 1739 se
300 1683 391 1737 vir
418 1681 519 1737 Dei
562 1680 780 1736 omlesti
822 1680 1011 1754 gratia
1060 1681 1385 1754 percipiens
1430 1682 1754 1751 visitatum,
1802 1689 1859 1740 et

204 1769 504 1845 spirituali
535 1769 850 1825 chrismate
883 1769 1207 1843 perfusum,
1242 1772 1434 1826 cordis
1450 1772 1664 1841 januas
1687 1789 1855 1844 opem

204 1860 585 1918 credentibus
635 1861 794 1930 [forte
834 1860 1189 1931 petentibus]
1235 1877 1539 1932 nunquam
1587 1860 1857 1917 claudere

206 1951 488 2019 decrevit,
521 1949 622 2005 sed
650 1966 752 2021 per
781 1964 843 2004 se
873 1948 1167 2021 deinceps,
1203 1954 1259 2005 et
1288 1965 1391 2020 per
1444 1948 1607 2017 alios,
1660 1952 1859 2023 praeci-

203 2056 327 2112 pue
356 2043 553 2094 tamen
585 2054 688 2110 per
715 2036 932 2093 Christi
964 2054 1161 2093 servos
1184 2042 1240 2093 et
1262 2037 1600 2105 familiares,
1618 2037 1860 2095 clericos

204 2127 436 2185 scilicet
463 2130 521 2183 et
549 2125 890 2195 monachos,
922 2126 1151 2182 coalitus
1181 2126 1293 2182 sibi
1341 2128 1506 2182 datas
1556 2127 1860 2183 facultates

204 2217 272 2274 in
304 2216 539 2273 aeternis
569 2215 863 2273 thesauris
885 2231 988 2288 per
1011 2232 1224 2272 manus
1246 2233 1567 2289 pauperum
1595 2217 1727 2272 fecit
1747 2216 1860 2274 col-

207 2307 413 2364 locari.

280 2397 374 2451 21.
404 2396 597 2467 Hujus
627 2394 709 2450 rei
732 2394 1136 2451 testimonium
1160 2393 1541 2467 quamplures
1563 2394 1858 2461 exhibent,

208 2484 315 2541 sed
342 2501 413 2541 ex
440 2483 534 2540 his
565 2500 719 2539 unus
751 2483 809 2539 in
842 2488 1123 2539 aeternum
1153 2500 1287 2539 cum
1310 2483 1437 2555 ipso
1459 2483 1711 2540 cmlestis
1731 2484 1859 2539 vitae

208 2573 529 2647 particeps,
551 2572 877 2628 monachus
909 2589 977 2628 ex
1001 2571 1262 2628 saeculari
1293 2571 1593 2629 nobilitate
1626 2589 1863 2628 conver-

208 2666 405 2735 sus,et
417 2662 894 2729 eremita,beatus
906 2661 1263 2729 Guntherus,
1280 2662 1379 2733 qui
1392 2661 1501 2717 hac
1514 2661 1860 2718 liberalitate

208 2750 540 2808 charitativi
579 2750 860 2824 principis
892 2750 1142 2818 illectus,
1178 2750 1394 2823 saepius
1431 2767 1565 2806 eum
1608 2752 1679 2807 de
1709 2756 1862 2807 terra

207 2840 660 2897 Bohemicorum
712 2838 948 2895 visitare
1000 2839 1153 2905 [adde
1198 2856 1323 2894 cum
1382 2840 1543 2895 Suria
1593 2839 1857 2912 solebat].

208 2929 451 2997 Quoties
466 2929 621 2985 enim
641 2930 724 3001 [in
745 2945 847 2983 ms.
868 2929 1065 2999 etiam]
1089 2928 1312 2984 curiam
1356 2927 1545 3000 ipsius
1575 2930 1860 2985 adventus

206 3019 305 3076 sui
336 3018 563 3092 fulgore
594 3017 983 3091 perlustravit,
1017 3034 1157 3073 cura
1188 3018 1349 3090 regni
1382 3019 1493 3073 sub
1524 3034 1704 3073 manu
1754 3036 1861 3074 sua

207 3108 425 3182 posita,
457 3106 779 3181 peregrinis
808 3110 865 3162 et
896 3105 1209 3180 indigenis,
1242 3106 1435 3162 viduis
1465 3112 1521 3162 et
1557 3106 1857 3179 orphanis,

207 3196 495 3253 coenobiis
525 3200 582 3251 et
600 3195 863 3252 ecclesiis
886 3211 947 3250 re
967 3194 1301 3263 distributa,
1327 3211 1502 3267 quam
1526 3196 1860 3251 continebat

1962 617 2061 672 Dei
2096 617 2508 688 pr0pitiatione
2538 618 2783 673 verbum
2815 617 3004 689 ipsius
3035 618 3369 688 comitante,
3410 619 3609 675 statim

1963 705 2307 778 sospitatem
2340 707 2576 779 recepit.
2609 706 2747 762 Post
2766 704 3083 778 gloriosam
3106 708 3176 762 ad
3200 706 3375 764 caelos
3399 716 3611 765 Ascen-

1965 793 2211 859 sionem,
2242 798 2301 849 et
2333 794 2662 850 mirabilem
2688 793 2747 849 in
2782 795 2968 850 Patris
3008 797 3242 852 dextera
3289 798 3612 853 confessio-

1966 898 2099 937 nem
2153 883 2290 953 [lege
2338 882 2796 957 consessionem]
2847 884 3110 940 Salvator
3158 889 3358 941 noster
3413 887 3616 958 paucis

1966 970 2347 1042 corporaliter
2378 972 2723 1044 apparuisse
2772 973 3131 1045 perhibetur,
3180 991 3286 1047 per
3331 974 3615 1031 visionem

1964 1076 2099 1114 vero
2118 1059 2332 1115 mullos
2350 1061 2708 1129 consolatus,
2730 1062 3060 1118 futurorum
3081 1080 3179 1119 eos
3196 1063 3471 1136 praescios
3487 1080 3617 1120 esse

1966 1148 2195 1216 docuit;
2224 1150 2376 1220 quod
2412 1155 2467 1205 et
2495 1150 2631 1206 huic
2665 1156 2864 1206 sancto
2898 1151 3034 1224 Regi
3063 1152 3323 1225 contigit.
3351 1154 3614 1217 Quadam

1967 1253 2222 1308 namque
2253 1242 2418 1293 nocte
2452 1244 2685 1309 repente
2716 1256 2817 1311 per
2855 1239 3267 1297 revelationem
3317 1243 3613 1313 quandam

1967 1325 2049 1399 [in
2081 1342 2183 1380 ms.
2207 1327 2457 1383 mendose
2477 1327 2737 1398 quidam]
2764 1331 3223 1401 expergefactus,
3246 1330 3611 1387 veredarium

1968 1415 2285 1486 quemdam
2318 1413 2471 1469 intra
2502 1415 2655 1471 diem
2688 1421 2744 1471 et
2771 1421 2998 1472 noctem
3028 1418 3097 1473 ad
3131 1417 3333 1475 Albam
3376 1420 3613 1477 transil-

1965 1520 2174 1557 vanam
2209 1504 2320 1574 (51)
2356 1504 2628 1575 prmcepit
2660 1505 2954 1572 festinare,
3010 1509 3067 1561 et
3114 1525 3317 1564 omnes
3370 1508 3429 1565 in
3479 1527 3614 1566 rure

1968 1596 2274 1647 manentes
2307 1593 2378 1647 ad
2402 1593 2759 1649 munitiones
2782 1595 3106 1663 civitatum,
3132 1613 3310 1667 quam
3332 1597 3615 1655 citissime

1968 1683 2185 1751 posset,
2220 1696 2593 1753 congregare.
2637 1680 2908 1735 Prmdixit
2954 1682 3111 1737 enim
3161 1688 3616 1755 superventuros

1966 1768 2430 1824 Christianorum
2464 1768 2681 1838 hostes,
2717 1769 3002 1837 videlicet,
3038 1771 3131 1827 cui
3163 1775 3303 1827 tunc
3326 1771 3617 1845 Hungaris

1968 1856 2447 1923 inimicabantur,
2483 1858 2714 1924 Bessos,
2742 1863 2799 1913 et
2825 1859 3227 1930 possessiones
3267 1875 3469 1917 eorum
3517 1862 3616 1919 de-

1970 1947 2351 2018 praedaturos.
2389 1947 2495 2001 Vix
2526 1948 2769 2002 nuntius
2803 1948 3081 2005 mandata
3107 1950 3262 2022 regis
3284 1950 3614 2023 complevit,

1968 2039 2025 2090 et
2056 2051 2187 2090 ecce
2221 2035 2535 2091 Bessorum
2570 2036 2870 2107 inopinata
2902 2036 3207 2095 calamitas
3231 2038 3519 2096 incendiis
3561 2044 3620 2096 et

1970 2123 2194 2196 rapinis
2226 2130 2436 2180 cuncta
2484 2125 2829 2192 devastavit,
2879 2143 2981 2199 per
3030 2128 3441 2185 revelationem
3490 2129 3615 2197 Dei,

1971 2211 2194 2267 meritis
2227 2212 2379 2268 beati
2420 2212 2526 2267 viri
2577 2230 2941 2280 concessam,
2993 2215 3302 2273 animabus
3349 2218 3616 2274 omnium

1970 2300 2208 2356 salvatis
2235 2319 2338 2374 per
2367 2301 2732 2375 receptacula
2764 2303 3180 2361 munitionum.

2606 2417 2843 2474 CAPUT
2878 2417 2970 2473 IV.

1970 2506 2183 2583 Bellum
2211 2524 2250 2583 ri
2276 2506 2520 2583 Conrado
2543 2506 2875 2583 imperatore
2904 2509 3126 2583 illatum
3166 2512 3311 2566 mira
3350 2512 3453 2566 Dei
3492 2528 3618 2583 pro-

2040 2577 2284 2660 cidenlia
2313 2579 2420 2633 cito
2445 2577 2690 2660 ﬁnitum,
2714 2580 2904 2660 crebra
2933 2582 3114 2660 sancti
3130 2584 3305 2637 oratio
3319 2591 3385 2660 et
3401 2577 3613 2660 raptas,

2040 2650 2256 2725 insigne
2282 2650 2583 2725 severitatis
2613 2652 2941 2725 exemplum,
2972 2652 3191 2708 morbus
3211 2655 3352 2725 regis
3371 2663 3423 2710 et
3442 2650 3617 2712 obitus

2041 2721 2303 2789 ﬁliorum,
2336 2723 2562 2776 virtutes
2582 2724 2773 2778 varia}.

2040 2836 2131 2890 23.
2164 2836 2390 2891 Accidit
2420 2841 2550 2907 post
2580 2836 2710 2905 hoc,
2743 2837 3015 2892 defuncto
3047 2838 3200 2893 beati
3232 2840 3386 2911 regis
3407 2841 3617 2909 amico,

1972 2925 2244 2980 Romanas
2273 2924 2577 2997 dignitatis
2606 2926 2870 2997 Augusto
2899 2925 3143 2981 Henrico
3174 2926 3273 2982 Pio
3304 2929 3439 3000 (52),
3472 2930 3619 2986 Con-

1972 3014 2182 3068 radum
2215 3013 2598 3086 imperatoriae
2631 3014 2933 3086 dignitatis
2964 3031 3237 3072 coronam
3261 3034 3363 3090 per
3382 3020 3620 3075 Germa-

1972 3116 2181 3179 norum
2216 3100 2562 3156 electionem
2594 3117 2922 3157 assumere:
2967 3104 3066 3175 qui
3117 3104 3415 3161 destructa
3459 3107 3620 3179 pacis

1963 3176 2397 3260 tranquillitate
2428 3190 2608 3245 totius
2639 3190 2969 3246 Theotonite
3009 3192 3118 3261 (53)
3171 3209 3349 3248 manu
3399 3176 3616 3251 co‘adu-

209 3286 297 3357 [in
320 3301 425 3340 ms.
457 3284 902 3354 consentiebat],
934 3282 994 3338 in
1024 3282 1183 3338 brevi
1216 3283 1325 3337 fuit
1348 3266 1699 3339 examinata
1720 3284 1853 3355 (48),
1887 3266 1931 3333 C
1970 3281 2131 3345 nata,
2165 3277 2471 3333 Pannoniae
2500 3277 2783 3334 terminos
2808 3279 3094 3335 hostiliter
3121 3286 3366 3338 conatus
3404 3287 3495 3338 est
3523 3282 3614 3339 in-

206 3374 296 3430 Ad
327 3378 541 3429 nutum
573 3372 749 3429 etiam
780 3372 1046 3443 ejusdem
1070 3370 1219 3427 servi
1236 3371 1335 3427 Dei
1360 3388 1458 3427 rex
1478 3371 1594 3427 Deo
1618 3372 1861 3429 devotus

208 3461 657 3529 monasterium,
683 3460 838 3532 quod
860 3458 988 3516 Beel
1011 3464 1402 3532 nuncupatur,
1427 3460 1733 3533 incipiens,
1757 3461 1859 3517 ho-

209 3551 478 3608 minibus
506 3549 730 3617 ditavit;
762 3550 863 3605 ubi
896 3549 1217 3606 monachus
1247 3550 1537 3606 Gerardus
1569 3551 1639 3606 de
1682 3551 1859 3608 Vene-

206 3642 293 3697 tia
339 3640 605 3708 veniens,
652 3639 832 3694 vitam
886 3638 1394 3710 contemplativam
1443 3653 1613 3710 agere
1663 3640 1856 3713 ccepit,

207 3729 312 3803 qui
332 3728 750 3786 constitutione
763 3727 957 3783 divina
970 3726 1226 3799 pontifex
1242 3726 1620 3800 electus,post
1630 3729 1855 3785 obitum

206 3819 399 3875 sancti
431 3817 607 3891 regis,
640 3817 897 3873 instante
929 3817 1355 3872 disturbatione
1386 3818 1496 3889 (49)
1519 3816 1859 3873 Christiani-

203 3909 365 3975 tatis,
384 3906 701 3980 lapidatus,
728 3923 830 3978 per
848 3906 1069 3961 donum
1087 3905 1282 3978 gratiae
1302 3904 1625 3978 spiritualis
1642 3907 1857 3980 dignus

203 3996 448 4052 effectus
477 4000 537 4051 et
564 3995 853 4052 consortio
882 3998 1230 4066 martyrum.

270 4087 367 4140 22.
399 4085 515 4140 Nec
546 4083 653 4140 hoc
684 4084 1151 4155 praetereundum
1184 4083 1408 4139 aestimo
1439 4084 1595 4156 quod
1640 4084 1700 4140 in
1730 4085 1853 4141 viro

196 4175 302 4231 Dei
335 4174 542 4245 quanti
573 4172 765 4228 meriti
799 4176 930 4244 post
958 4172 1184 4227 obitum
1217 4172 1383 4243 foret,
1426 4173 1622 4229 divina
1669 4174 1854 4231 virtus

198 4264 259 4319 in
294 4263 418 4318 vita
444 4278 553 4317 sua
576 4262 979 4317 demonstrare
1005 4260 1208 4317 voluit.
1242 4262 1464 4333 Quippe
1485 4263 1715 4334 quoties
1747 4263 1852 4319 ali-

197 4352 375 4423 cujus
401 4349 660 4406 hominis
683 4349 993 4405 inﬁrmitas
1019 4350 1265 4405 auribus
1287 4350 1412 4405 suis
1434 4350 1855 4407 dilfamatafuit

200 4439 320 4497 sibi
351 4456 459 4511 pro
490 4438 799 4506 medicina,
833 4455 1010 4511 quam
1043 4443 1184 4493 tunc
1212 4437 1270 4493 in
1303 4438 1575 4511 praesenti
1625 4444 1852 4510 poterat

195 4529 441 4596 habere,
463 4527 809 4599 particulam
837 4527 1025 4599 panis,
1064 4528 1217 4600 pomi
1244 4529 1375 4598 (50),
1417 4526 1504 4582 vel
1537 4526 1727 4583 herba:
1759 4544 1846 4583 re-

273 4688 390 4761 (48)
423 4686 639 4761 Surius
662 4687 1137 4761 legirtgexinanila,
1170 4703 1306 4761 nam
1339 4684 1557 4761 ita_hi_c
1607 4702 1849 4761 sensum

198 4756 522 4832 expressit;
545 4780 574 4809 «
597 4756 749 4814 Turn
772 4758 867 4815 ille
885 4761 1079 4827 rebus,
1105 4775 1253 4831 quas
1275 4756 1491 4832 inania
1510 4756 1847 4832 invenisset,

200 4827 651 4912 in-peregrinos,
685 4827 1170 4912 egenos,vid‘uas,
1202 4827 1487 4912 pupillos,
1504 4829 1765 4912 cccnobia
1794 4834 1852 4912 et

199 4900 483 4973 ecclesias
512 4900 788 4973 erogatis,
821 4902 977 4957 brevi
1009 4901 1172 4957 illam
1204 4900 1589 4973 exinaniebat.
1620 4921 1647 4950 »
1687 4901 1853 4973 Quod

197 4990 339 5031 vero
370 4972 592 5045 dicitur
618 4970 691 5027 de
716 4988 857 5028 cura
888 4973 1049 5045 regni
1082 4972 1382 5028 Gunthero
1409 4972 1642 5037 tradita,
1684 4970 1856 5027 intel-

199 5044 509 5128 ligendum
541 5048 682 5128 puto
707 5045 779 5098 de
796 5061 936 5128 cura
957 5043 1459 5128 eleemosynarum
1487 5057 1595 5128 per
1609 5059 1854 5128 regnum

199 5113 768 5182 di—str'ibuendarum;
803 5116 861 5170 id
892 5116 1050 5172 enim
1082 5113 1337 5169 innuunt
1356 5113 1663 5184 sequentia
1681 5113 1857 5170 verba

198 5205 269 5244 ex
299 5186 471 5242 Surio
495 5188 624 5257 jam
662 5187 799 5241 data

272 5258 388 5331 (49)
418 5254 543 5313 νόχ
571 5256 968 5331 disturbatione
998 5254 1322 5331 substitute
1351 5258 1441 5311 est
1458 5272 1527 5311 ex
1550 5271 1692 5323 ms.;
1718 5272 1852 5311 nam

200 5330 262 5385 in
282 5327 454 5402 edito
485 5327 1008 5402 mendoseglegitur
1035 5327 1441 5402 distributione.

268 5400 387 5470 (50)
416 5401 576 5455 Pomi
599 5397 891 5455 omittitur
915 5398 974 5454 in
1008 5414 1141 5461 ms.,
1179 5398 1280 5453 sed
1332 5398 1510 5453 etiam
1560 5401 1649 5454 est
1697 5397 1854 5470 apud

200 5469 465 5528 Surrium.
500 5469 794 5543 Mirabilia
824 5471 881 5543 id
913 5486 1100 5543 genus
1129 5485 1244 5543 non
1279 5474 1417 5543 sunt
1448 5470 1560 5543 ﬁde
1590 5469 1851 5543 indigna,

198 5560 339 5599 nam
370 5543 537 5598 hisce
570 5541 900 5613 sanctitatis
922 5540 1150 5613 't'amam
1181 5540 1240 5594 in
1286 5540 1417 5594 Vita
1467 5540 1855 5613 adeptusjest

195 5613 561 5687 Stephanus,
580 5610 718 5670 licet
732 5628 861 5670 eam
879 5627 996 5669 non
1019 5611 1217 5669 minus
1238 5616 1563 5670 mereretur
1579 5610 1853 5687 operibus

193 5685 447 5753 sanctis.

1970 3366 2196 3421 vadere.
2230 3366 2443 3421 Contra
2472 3383 2645 3438 quem
2682 3383 2779 3422 rex
2810 3367 3141 3424 consultum
3190 3371 3275 3440 [in
3321 3387 3441 3431 ms.,
3476 3388 3612 3428 con-

1969 3453 2191 3525 silium]
2225 3453 2448 3511 habens
2469 3454 2875 3528 episcoporum
2898 3460 2955 3512 et
2976 3457 3328 3529 principum,
3351 3460 3422 3515 ad
3443 3463 3613 3516 tuen-

1968 3544 2104 3599 dam
2151 3542 2401 3615 patriam
2453 3548 2709 3599 armatos
2754 3543 2937 3600 totius
2987 3545 3294 3619 Hungaria
3343 3549 3609 3605 extraxit.

1968 3632 2137 3688 Prius
2167 3635 2362 3687 tamen
2390 3630 2672 3699 recolens,
2705 3649 2766 3687 se
2813 3632 2959 3689 nihil
3008 3650 3178 3706 posse
3226 3635 3352 3692 sine
3398 3637 3613 3694 Christi

1967 3720 2269 3793 suffragio,
2303 3737 2517 3776 manus
2547 3724 2605 3776 et
2632 3737 2733 3775 cor
2762 3720 2960 3778 levans
2991 3723 3061 3777 ad
3094 3722 3328 3792 aethera,
3360 3725 3610 3783 dominaa

1967 3828 2085 3866 sua:
2116 3814 2405 3883 perpetua:
2438 3810 2688 3881 Virgini,
2723 3810 2822 3866 Dei
2853 3812 3149 3882 Genitrici,
3175 3814 3348 3869 matri
3371 3832 3508 3872 suas
3530 3816 3613 3872 in-

1958 3900 2150 3971 jurias
2202 3899 2646 3966 commendans,
2699 3899 2877 3955 talem
2923 3901 3117 3975 erupit
3166 3902 3225 3957 in
3266 3920 3502 3959 vocem:
3552 3904 3612 3959 Si

1965 3988 2153 4060 placet
2181 3988 2309 4051 tibi,
2347 3988 2594 4043 Domina
2624 3989 2853 4056 mundi,
2879 3994 2990 4045 tua:
3014 3995 3235 4063 partem
3257 3992 3612 4051 hacreditatis

1964 4077 2037 4132 ab
2069 4076 2324 4132 inimicis
2356 4078 2467 4149 (54)
2498 4077 2805 4145 devastari,
2840 4082 2898 4133 et
2927 4079 3211 4135 novellam
3251 4080 3611 4153 plantionem

1961 4166 2419 4222 Christianitatis
2449 4165 2689 4233 aboleri,
2724 4183 2835 4221 non
2859 4184 3022 4238 mere,
3046 4186 3270 4241 precor,
3290 4169 3616 4243 imputetur

1961 4254 2217 4326 desidias,
2253 4254 2351 4309 sed
2387 4253 2582 4325 potius
2613 4254 2985 4326 dispositioni
3016 4256 3333 4314 voluntatis
3373 4262 3505 4315 tuas.
3552 4260 3628 4326 Si,

1960 4344 2213 4416 pastoris
2242 4341 2414 4413 culpa
2445 4342 2589 4412 quid
2618 4348 2893 4410 meretur,
2929 4344 3055 4416 ipse
3085 4345 3230 4414 luat,
3276 4345 3614 4404 insontibus

1959 4448 2151 4503 parce,
2178 4446 2397 4503 precor,
2425 4430 2721 4485 omnibus.
2746 4431 2846 4485 His
2868 4433 3063 4501 dictis,
3089 4433 3257 4504 quasi
3276 4434 3616 4493 consolatus

1959 4520 2031 4575 ab
2065 4520 2210 4591 ipsa,
2244 4516 2594 4573 fiducialiter
2623 4519 2901 4574 adversus
2942 4521 3142 4577 hostes
3187 4523 3297 4577 iter
3339 4523 3613 4597 arripuit.

2031 4682 2142 4749 (51)
2177 4677 2331 4733 Alias
2363 4678 2685 4752 Albaglulia
2714 4679 2948 4749 dicitur,
2974 4681 3266 4752 Hungaris
3288 4698 3421 4738 vero
3450 4683 3615 4742 Giula

1961 4748 2551 4826 Feywar._(_}ermanis
2592 4752 2998 4826 Weissgmburg.
3054 4748 3189 4826 Erat
3239 4768 3306 4808 eo
3346 4757 3613 4826 tempore

1962 4819 2301 4892 metropolis
2332 4819 2518 4875 civilis
2546 4822 2724 4876 totius
2741 4819 3181 4889 Transilvaniee,
3202 4828 3260 4879 et
3280 4819 3611 4883 etiamnum

1969 4892 2239 4972 est_i_nter
2268 4892 2591 4972 praecippas
2617 4893 2795 4972 urbes
2829 4892 3395 4972 illiusprincipatus.

2035 4966 2147 5033 (52)
2169 4963 2333 5037 ‘Obiit
2361 4963 2420 5016 S.
2453 4963 2738 5019 Henricus
2769 4963 3102 5037 imperat—or,
3155 4963 3218 5022 et
3255 4966 3475 5025 electus
3522 4973 3614 5025 est

1964 5035 2281 5099 Conradus,
2314 5040 2700 5108 cognomento
2731 5035 2963 5108 salii-us,
2999 5054 3153 5094 anno
3187 5040 3361 5108 1021i;
3395 5045 3455 5097 at
3492 5058 3610 5096 non

1965 5108 2163 5163 statim
2195 5105 2401 5185 ortum
2418 5109 2507 5159 est
2526 5105 2743 5185 bellum
2768 5107 3269 5185 inter_Conradum
3286 5105 3611 5185 et’Stepha-

1964 5196 2128 5244 num,
2163 5176 2263 5232 sed
2296 5176 2555 5255 primum
2588 5178 3036 5255 fuerequaedam
3060 5181 3410 5255 simultates,
3438 5176 3612 5255 c'ulpa

1964 5256 2313 5323 Bavaro_ru_r_n
2343 5252 2547 5314 enatae,
2581 5265 2647 5303 ac
2677 5249 2909 5323 deinde,
2941 5268 3095 5307 anno
3120 5255 3275 5323 1030,
3306 5249 3609 5309 Conradus

1963 5327 2161 5400 aperto
2176 5318 2325 5375 bello
2337 5334 2651 5400 aggressus
2667 5318 3611 5396 estStephanum,paxqueinstau-

1964 5398 2091 5449 rata
2120 5408 2272 5447 anno
2303 5396 2592 5462 sequenti.

2035 5466 2145 5535 (53)
2176 5463 2238 5517 In
2283 5478 2394 5518 ms.
2450 5463 2738 5536 Teilloniee.
2793 5463 3071 5536 Intelligit
3119 5471 3322 5523 auctor
3370 5466 3608 5523 Germa-

1963 5534 2135 5591 niam
2155 5537 2256 5589 aut
2286 5537 2473 5589 totum
2509 5534 2840 5607 imperium.

2035 5607 2257 5690 (δήλω
2307 5622 2418 5664 ms.
2466 5605 2723 5678 additur,
2767 5609 2930 5690 regis,
2977 5605 3308 5688 legiturque
3351 5611 3495 5687 regis
3541 5606 3610 5670 ab

1854 5762 1861 5769 .
1961 5679 2226 5743 inimicis.
