3924 6210
295 372 322 428 1
335 365 448 430 223

1292 365 1358 430 8.
1403 364 1794 430 STEPHANI
1839 361 2392 428 HUNGARORUM
2436 361 2689 430 REGIS.

3543 371 3712 432 ιω

293 500 492 556 Altera
523 517 656 557 mox
685 499 777 556 die
809 499 1052 556 nuntius
1079 502 1152 556 ad
1196 518 1675 573 unumquemque
1725 501 1931 554 duceni
1963 501 2018 567 Α
2048 501 2380 566 Bessorum,
2401 517 2649 572 quorum
2677 501 2947 573 superius
2970 503 3327 559 mentionem
3350 503 3704 576 habuimus,

292 590 736 656 Germanorum,
757 595 813 644 et
834 590 890 644 in
916 595 1106 644 castra
1125 590 1609 645 'l‘heotonicorum
1641 590 1762 658 [ms.
1787 589 1934 642 'l‘eu-

291 677 645 748 tonicorum]
677 679 750 733 ab
799 678 1147 750 imperatore
1190 678 1300 748 (55)
1331 677 1507 742 venit,
1561 676 1661 748 qui
1710 676 1796 729 vis
1844 691 1938 730 re-

291 767 508 822 deundi
538 767 883 822 mandatum
919 766 1144 822 detulit.
1187 765 1795 838 ltegredientibustso)
1831 763 1936 818 ad-

289 855 584 924 versariis,
616 856 704 911 vir
733 861 973 911 sanctus
1007 860 1269 926 respectu
1313 853 1709 908 miserationis
1748 851 1847 908 Dei
1875 869 1938 906 se

286 947 584 1002 visitatum
625 945 918 1017 intelligit,
966 943 1192 998 Christo
1240 943 1450 1015 suique
1501 945 1610 1012 (57)
1660 941 1937 997 Genitrici

287 1039 454 1090 terra}
485 1038 808 1106 prostratus
835 1033 1058 1105 gratias
1090 1031 1236 1103 egit;
1265 1033 1436 1103 cujus
1485 1047 1546 1086 se
1597 1048 1731 1086 cum
1773 1030 1935 1102 regni

287 1123 616 1195 provisione
643 1121 919 1178 tutamini
951 1121 1221 1193 precibus
1261 1119 1518 1176 assiduis
1560 1119 1934 1175 commenda-

285 1214 383 1268 vit.
420 1214 738 1282 Imperator
766 1227 918 1278 vero,
947 1227 1189 1266 suorum
1218 1214 1338 1264 tam
1371 1209 1674 1280 repentina
1717 1213 1934 1280 perter-

286 1301 438 1356 ritus
467 1300 811 1368 defectione,
847 1299 1152 1354 sciscitans
1183 1297 1434 1370 qualiter
1453 1315 1544 1354 res
1568 1297 1719 1352 facta
1739 1297 1930 1364 fuerit,

285 1408 417 1448 cum
452 1390 726 1446 nuntium
761 1387 1108 1444 reversionis
1139 1404 1342 1443 eorum
1375 1404 1487 1442 non
1530 1403 1705 1442 suum
1754 1385 1933 1440 fuisse

281 1479 562 1536 veraciter
589 1479 786 1546 sciret,
823 1495 925 1549 per
945 1477 1257 1532 consilium
1280 1475 1620 1540 divinitatis,
1646 1476 1716 1530 ad
1735 1491 1932 1529 corro-

283 1569 606 1625 borandam
635 1565 1150 1638 regis-fidelissimi
1184 1581 1372 1636 spem,
1394 1565 1604 1619 factam
1630 1580 1744 1618 non
1767 1563 1933 1618 dubi—

283 1657 444 1725 tavit,
477 1673 656 1728 super
685 1655 896 1710 dehinc
927 1655 999 1710 ab
1032 1655 1328 1710 invasione
1360 1653 1523 1725 regni
1550 1654 1678 1724 ejus
1721 1652 1930 1708 timore

279 1747 508 1802 Judicis
537 1745 734 1800 interni
768 1747 1052 1811 retentus,
1086 1743 1390 1800 abstinuit.

352 1837 442 1890 24.
471 1835 625 1890 Idem
647 1849 880 1906 quoque
901 1849 1019 1901 rex,
1043 1833 1212 1888 beata
1231 1831 1623 1888 sollicitudine
1641 1829 1924 1903 regalium

281 1924 661 1996 dispositione
692 1925 1033 1994 occupatus,
1064 1927 1298 1993 tempus
1319 1921 1595 1976 diurnum
1619 1919 1923 1992 colloquiis

281 2019 337 2068 et
367 2013 628 2068 consiliis
649 2012 1044 2083 transignans,
1066 2027 1168 2082 per
1189 2011 1373 2066 noctis
1395 2009 1693 2065 silentium
1711 2007 1924 2080 vigiliis

281 2108 336 2157 et
365 2102 726 2157 orationibus
759 2101 998 2170 instare,
1033 2098 1529 2171 comtemplationi
1560 2115 1783 2166 vacare,
1837 2097 1919 2152 la-

279 2208 508 2264 crymas
529 2191 788 2258 fundere,
815 2190 998 2244 Deum
1020 2187 1236 2260 alloqui
1260 2189 1552 2260 precibus,
1572 2205 1808 2260 operam
1830 2187 1923 2243 de-

278 2281 381 2345 dit,
408 2280 679 2351 justique
708 2277 935 2334 Judicis
957 2277 1412 2332 moderationem
1441 2293 1620 2348 super
1638 2276 1922 2350 quotidia-

277 2386 381 2424 nas
403 2367 761 2440 judiciorum
786 2365 1182 2421 discussiones
1205 2364 1657 2420 misericorditer
1677 2365 1919 2419 descen-

276 2459 410 2512 dere
435 2457 755 2528 ﬂagitabat.
781 2455 941 2519 Quod
965 2471 1098 2508 cum
1125 2453 1328 2508 sedulo
1350 2453 1678 2526 spiritualis
1699 2453 1920 2509 deside-

275 2546 342 2600 rii
377 2546 772 2616 frequentaret
801 2543 1013 2606 ofﬁcio,
1045 2547 1211 2598 nocte
1243 2542 1518 2612 quadam,
1553 2539 1772 2612 templo
1816 2541 1914 2596 Dei

275 2635 442 2707 longe
474 2639 714 2698 remoto,
767 2632 1169 2701 (descenderat
1215 2629 1430 2702 quippe
1482 2646 1616 2684 cum
1665 2629 1762 2685 illo
1811 2647 1915 2686 suo

271 2741 484 2796 magno
515 2728 572 2778 et
602 2721 781 2776 nobili
815 2720 1114 2784 comitatu,
1148 2719 1276 2773 ﬁxis
1307 2718 1569 2774 tentoriis
1600 2719 1657 2772 in
1682 2736 1915 2791 campe-

269 2814 407 2868 stris
439 2810 846 2883 amplitudinis
878 2808 1051 2877 loco,)
1083 2808 1308 2864 caeteris
1346 2824 1550 2878 sopore
1599 2809 1912 2880 depressis,

270 2917 519 2973 surgens
553 2918 588 2954 a
622 2900 765 2954 lecto
797 2897 1130 2954 cubiculum
1164 2897 1357 2952 cordis
1386 2897 1710 2969 ingressus,
1751 2899 1912 2970 geni-

270 2993 380 3048 bus
409 2989 585 3058 ﬂexis,
625 2988 748 3044 solo
779 2987 1066 3044 labiorum
1093 2993 1253 3042 motu
1273 2991 1497 3042 aeterna:
1521 2987 1914 3044 miserationis

261 3081 509 3152 januam
541 3077 858 3150 gemitibus
888 3081 948 3130 et
984 3074 1257 3146 lacrymis
1307 3074 1598 3147 pulsabat.
1653 3079 1913 3148 Cumque

269 3169 492 3225 diutius
523 3164 1031 3239 deprecationibus
1063 3163 1378 3229 insisteret,
1405 3164 1626 3219 Domini
1650 3166 1739 3220 sui
1759 3168 1912 3238 regis

2047 605 2182 643 cum
2216 589 2484 644 universo
2517 595 2799 664 apparatu
2831 607 2958 659 suo,
3013 591 3280 648 videlicet
3325 594 3457 648 auri
3498 598 3557 649 et
3603 611 3703 650 ar-

2046 677 2205 748 genti
2218 677 2884 751 copiositate,multaque
2898 680 3173 737 varietate
3184 687 3674 739 ornamentorum
3685 728 3704 752 ,

2045 765 2316 822 curribus
2345 768 2573 822 onustis
2594 769 2664 822 de
2685 769 2951 838 partibus
2978 770 3287 842 Hungaria
3309 772 3421 843 (59)
3445 771 3701 845 egressi,

2046 855 2116 909 ad
2151 872 2342 927 regem
2375 856 2571 911 venire
2615 856 2892 925 volentes,
2936 859 3206 916 terminis
3251 860 3698 917 Pannoniorum

2045 945 2682 1016 apprOpinquaverunt.
2730 948 2798 1001 At
2847 946 3016 1002 multi
3065 965 3390 1016 servorum,
3436 966 3698 1022 quorum

2044 1049 2244 1088 cereus
2273 1039 2361 1089 est
2392 1033 2626 1105 animus
2657 1033 2808 1092 ﬂecti
2830 1035 2888 1090 in
2912 1037 3139 1108 vitium,
3163 1038 3550 1111 malignitatis
3571 1055 3698 1095 sua:

2045 1121 2166 1177 face
2197 1122 2460 1178 succensi
2494 1122 2614 1195 [al.,
2651 1140 2964 1193 succensae,
2996 1125 3290 1196 mendose],
3321 1127 3553 1184 obviam
3575 1127 3698 1184 illis

2043 1211 2326 1278 exierunt,
2355 1213 2643 1283 quosdam
2673 1211 2866 1285 gladio
2889 1220 3326 1286 percusserunt,
3349 1218 3692 1289 omniaque,

2044 1317 2172 1372 quae
2203 1317 2404 1356 eorum
2439 1303 2685 1367 fuerant,
2719 1302 3068 1370 auferentes,
3102 1321 3315 1360 vacuos
3345 1310 3402 1361 et
3450 1305 3689 1362 semivi-

2041 1394 2238 1446 vcntes
2269 1390 2650 1462 reliquerunt.
2673 1391 2757 1445 Illi
2778 1408 2912 1447 vero
2934 1393 3053 1466 regi
3071 1393 3210 1465 quid
3229 1397 3449 1462 actum,
3473 1393 3693 1466 quidve

2042 1479 2300 1550 perpessi
2333 1485 2472 1534 sunt
2503 1485 2884 1546 reservantes,
2920 1481 3026 1536 iter
3055 1482 3208 1553 quod
3237 1488 3535 1556 coeperant
3563 1499 3692 1556 per-

2039 1572 2303 1640 egerunt,
2337 1571 2392 1623 et
2423 1569 2493 1623 ad
2526 1587 2656 1624 eum
2678 1574 3054 1642 preperantes
3075 1571 3324 1643 genibus
3349 1572 3480 1643 ejus
3505 1589 3573 1628 se
3588 1573 3691 1640 ad.

2038 1655 2355 1711 volverunt.
2388 1656 2611 1718 Quibus
2633 1657 2804 1713 visis:
2841 1658 2974 1722 Qua:
3006 1675 3203 1727 causa,
3237 1660 3451 1732 inquit,
3497 1660 3686 1716 maln-

2037 1746 2210 1800 rum‘?
2244 1745 2318 1799 Mi
2351 1745 2605 1814 domine,
2641 1747 2916 1812 referunt,
2951 1763 3058 1802 nos
3088 1749 3237 1804 servi
3268 1749 3356 1804 tui
3373 1749 3519 1804 nihil
3541 1749 3688 1806 mali

2035 1833 2460 1901 machinantes,
2506 1835 2577 1888 ad
2633 1835 2982 1892 audiendam
3029 1837 3390 1908 judiciorum
3447 1846 3683 1895 tuorum

2035 1925 2292 1994 [tuorum
2322 1939 2426 1979 non
2461 1932 2536 1979 est
2567 1926 2623 1979 in
2655 1926 2778 1996 ms.)
2810 1925 3188 1982 veniebamus
3207 1926 3688 2000 disciplinam,et

2030 2013 2421 2084 quorumdam
2454 2013 2748 2079 manibus,
2783 2031 2960 2086 quam
2994 2015 3299 2072 nobiscum
3321 2017 3680 2085 ferebamus,

2032 2102 2277 2172 pecunia
2291 2102 2514 2173 absque
2533 2101 2743 2157 delicto
2767 2104 3034 2159 omnium
3057 2108 3325 2160 nostrum
3351 2104 3550 2162 ablata
3566 2110 3678 2162 est.

2031 2190 2275 2262 Insuper
2304 2190 2700 2263 apprehensos
2727 2190 2954 2263 aliquos
2987 2193 3342 2261 ceciderunt,
3361 2199 3421 2250 et
3446 2194 3567 2251 vita
3584 2195 3682 2250 vix

2028 2279 2238 2335 comite
2269 2281 2558 2347 venimus,
2593 2285 2654 2334 ut
2680 2281 3091 2338 nuntiaremus
3121 2283 3247 2338 tibi.
3284 2284 3423 2351 Rex,
3457 2289 3524 2340 ut
3551 2288 3684 2341 erat

2029 2368 2423 2440 prudentioris
2453 2367 2655 2437 animi,
2689 2387 2806 2424 non
2835 2369 3019 2438 vultu,
3053 2388 3166 2426 non
3199 2372 3391 2428 verbis
3410 2373 3678 2430 minatus

2027 2463 2117 2513 est
2139 2457 2221 2513 eis
2253 2458 2356 2527 [eis
2387 2458 2536 2512 abest
2557 2475 2588 2512 (ι
2615 2463 2769 2525 ma];
2803 2459 2904 2513 sed
2937 2459 3258 2527 sustinens,
3287 2465 3351 2516 ut
3371 2461 3676 2532 scribitur,

2027 2549 2289 2619 prudens
2321 2546 2592 2618 spiritum
2625 2548 2735 2618 (60)
2771 2553 3024 2603 reservat
3054 2549 3113 2604 in
3144 2553 3467 2621 posterum,
3513 2550 3681 2608 misit

2026 2637 2190 2692 ocius
2221 2637 2290 2692 ad
2325 2635 2514 2703 illum,
2549 2635 2659 2691 sub
2691 2652 2804 2707 quo
2839 2637 3190 2704 militabant,
3236 2639 3568 2707 tribunum,
3619 2645 3678 2698 et

2024 2726 2116 2781 die
2145 2724 2464 2780 constituto
2495 2740 2699 2780 omnes
2724 2724 3064 2796 perditionis
3111 2726 3265 2782 viros
3304 2727 3492 2797 jussit
3532 2745 3674 2785 con-

2025 2814 2323 2887 spectibus
2353 2813 2477 2868 suis
2509 2813 2868 2884 praesentari.
2898 2815 3137 2870 Factum
3167 2820 3277 2882 est,
3310 2820 3377 2871 ut
3416 2817 3675 2890 impera-

2021 2911 2199 2972 verat,
2233 2911 2285 2958 et
2315 2903 2386 2957 ad
2417 2902 2856 2957 discutiendum
2889 2901 2947 2957 in
2977 2905 3287 2975 przesentia
3318 2905 3413 2962 sui
3449 2907 3672 2962 consti-

2022 2994 2132 3049 tuti
2163 2997 2322 3047 sunt.
2355 2993 2510 3056 Quos
2541 2989 2872 3063 alloquens:
2903 2997 3034 3063 Cur,
3065 2992 3278 3065 inquit,
3310 2993 3503 3067 legem
3524 3013 3671 3068 prae-

2021 3087 2320 3154 ceptorum
2353 3080 2453 3136 Dei
2487 3080 2999 3152 transgredientes,
3029 3098 3146 3137 non
3166 3081 3536 3141 intellexistis
3559 3085 3671 3140 mi-

2023 3171 2419 3237 sericordiam,
2477 3174 2532 3223 et
2583 3169 2737 3225 viros
2786 3168 3129 3226 innocentia:
3186 3173 3670 3230 condemnastis?

269 3257 468 3314 azterni
500 3256 788 3312 ministris
821 3255 890 3310 ad
925 3253 1330 3326 suscipiendas
1360 3272 1559 3326 pret-cs
1595 3257 1723 3326 ejus
1773 3272 1909 3312 con-
1941 3238 1984 3304 Β
2019 3261 2179 3316 Sicut
2205 3259 2444 3323 fecistis,
2480 3259 2560 3313 ita
2590 3258 2760 3314 faciet
2789 3258 3073 3314 Dominus
3114 3260 3279 3316 vobis
3327 3276 3526 3316 coram
3575 3277 3670 3318 me

265 3347 654 3414 venientibus,
689 3345 902 3418 papilio
943 3362 1120 3417 super
1167 3361 1303 3400 eum
1351 3349 1625 3400 extensus
1677 3363 1709 3399 a
1755 3350 1910 3402 terra

266 3438 488 3494 levatus
515 3439 637 3492 tam
671 3435 770 3490 diu
800 3435 1049 3507 pendere
1081 3433 1253 3504 coepit
1283 3433 1342 3487 in
1393 3449 1544 3499 aere,
1598 3434 1778 3489 donec
1823 3435 1912 3490 vir

268 3527 368 3582 Dei
397 3526 470 3582 ad
503 3542 564 3584 se
595 3541 859 3580 reversus
882 3540 916 3579 a
939 3521 1445 3594 contemplatione,
1473 3521 1744 3594 spiritum
1767 3523 1911 3579 rela-

271 3615 422 3671 xavit
446 3615 519 3672 ab
550 3613 828 3670 oratione.
860 3612 1022 3676 Quod
1051 3611 1186 3667 licet
1233 3611 1602 3667 invisibiliter
1644 3611 1728 3667 illi
1778 3613 1907 3683 soli,

266 3703 368 3776 qui
399 3721 492 3760 res
523 3703 699 3770 novit,
735 3705 1048 3772 antequam
1083 3701 1244 3766 ﬂant,
1278 3701 1490 3772 suique
1543 3701 1745 3756 secreti
1778 3718 1912 3756 con-

267 3792 404 3849 sciis
433 3790 658 3863 angelis
687 3789 894 3846 fuisset
922 3789 1244 3862 cognitum,
1273 3789 1506 3845 cuidam
1539 3793 1734 3845 tamen
1785 3807 1910 3846 ma-

265 3899 390 3954 gna:
421 3877 816 3952 simplicitatis
847 3882 906 3932 et
935 3876 1276 3934 innocentiae
1317 3879 1401 3948 [in
1448 3895 1550 3932 ms.
1592 3877 1909 3952 innocenti]

263 3970 406 4036 viro,
440 3968 540 4040 qui
575 3972 714 4023 tunc
764 3965 942 4022 simili
993 3965 1234 4022 forsitan
1283 3966 1540 4022 instabat
1590 3967 1772 4038 operi,
1821 3973 1912 4024 est

266 4057 735 4124 manifestatum;
769 4073 944 4128 quem
977 4073 1074 4111 rex
1100 4059 1361 4120 sanctus,
1395 4055 1589 4110 arcani
1614 4055 1793 4111 simul
1817 4059 1909 4112 sui

263 4146 564 4202 conscium
594 4162 721 4202 esse
755 4163 855 4217 per
874 4143 1158 4216 Spiritum
1182 4148 1452 4200 sanctum
1474 4143 1734 4212 edoctus,
1758 4146 1829 4199 ad
1851 4163 1912 4203 se

261 4239 531 4290 vocatum
564 4233 795 4290 blandis
827 4233 993 4307 prius
1029 4231 1421 4302 sermonibus,
1473 4233 1616 4304 quid
1668 4233 1913 4290 vidisset

263 4324 690 4381 sciscitabatur.
712 4325 916 4382 Postea
937 4339 1009 4380 ne
1029 4323 1120 4378 cui
1139 4322 1506 4394 patefaceret,
1527 4323 1912 4396 quoadusque

261 4414 386 4487 ipse
415 4413 649 4482 viveret,
682 4412 1096 4469 interminatus
1127 4415 1234 4466 est.

330 4505 420 4558 25.
455 4503 635 4559 Fama
660 4501 918 4558 nominis
953 4500 1044 4556 sui
1075 4499 1134 4555 in
1167 4500 1409 4556 auribus
1430 4499 1752 4556 multarum
1774 4518 1912 4574 gen-

2019 3349 2228 3418 hodie;
2281 3352 2747 3419 transgressores
2793 3347 2947 3402 enim
2997 3347 3142 3420 legis
3197 3349 3442 3405 feriendi
3501 3353 3663 3406 sunt.

2016 3441 2266 3510 Accepta
2297 3436 2606 3504 sententia,
2639 3435 2830 3491 educti
2859 3441 3016 3504 sunt,
3039 3443 3096 3492 et
3117 3454 3220 3510 per
3239 3455 3478 3494 omnem
3500 3439 3666 3512 regni

2017 3529 2350 3600 ingressum
2384 3525 2499 3580 duo
2538 3530 2596 3580 et
2639 3525 2754 3580 duo
2804 3526 3123 3597 suspendio
3167 3528 3472 3598 perierunt
3511 3528 3664 3600 (6i);

2019 3617 2171 3689 quod
2205 3616 2275 3670 ob
2307 3620 2583 3669 terrorem
2614 3613 3020 3671 incutiendum
3051 3614 3314 3686 reliquis,
3357 3615 3482 3672 zelo
3529 3633 3664 3672 eum

2009 3705 2255 3778 justitiae
2288 3703 2494 3759 fecisse
2525 3703 2882 3758 credendum
2931 3707 3042 3768 est,
3091 3708 3174 3771 ut,
3225 3704 3366 3776 quia
3409 3721 3666 3778 regnum

2017 3793 2294 3849 omnibus
2325 3790 2660 3862 hospitibus
2691 3795 2896 3862 potens
2914 3791 3142 3863 asylum
3162 3807 3292 3848 esse
3311 3793 3564 3862 volebat,
3584 3794 3666 3850 sic

2017 3881 2163 3937 liber
2189 3879 2463 3936 omnibus
2479 3878 2753 3934 introitus
2769 3883 2925 3934 esset
2940 3884 3004 3934 ut
3021 3879 3220 3936 nullus
3239 3881 3668 3954 ingredientem

2018 3967 2339 4042 quemlibet
2368 3967 2426 4021 in
2467 3966 2662 4038 aliquo
2713 3966 2963 4034 laederet,
3017 3967 3103 4024 vel
3155 3968 3466 4026 molestare
3521 3987 3670 4043 prie-

2019 4061 2302 4124 sumeret;
2351 4056 2506 4126 quod
2548 4059 2605 4110 et
2651 4055 2867 4110 factum
2915 4062 3023 4114 est.
3078 4057 3248 4124 Nam,
3293 4059 3490 4130 quoad
3533 4059 3676 4117 vixit

2019 4147 2219 4202 nullus
2251 4143 2491 4201 cuilibet
2519 4143 2736 4216 hospiti
2769 4144 3094 4218 quidquam
3125 4147 3409 4204 molestiae
3458 4149 3674 4206 inferre

2018 4235 2410 4310 przesumpsit.

2087 4327 2179 4382 26.
2229 4325 2292 4380 In
2339 4325 2506 4380 beato
2553 4339 2786 4395 quoque
2826 4341 2960 4396 rege
3001 4329 3229 4381 constat
3275 4325 3666 4399 apostolicum

2017 4413 2164 4470 illud
2195 4412 2523 4486 impletum,
2558 4413 2714 4484 quod
2739 4412 2985 4484 degitur:
3021 4415 3292 4482 Quoniam
3313 4431 3418 4487 per
3461 4417 3666 4474 multa:

2018 4503 2397 4560 tributationes
2461 4509 2663 4574 oportet
2728 4503 2939 4557 intrare
3001 4505 3063 4557 in
3119 4519 3352 4572 regnum
3406 4506 3666 4562 caelorum

260 4591 408 4647 tium
440 4591 811 4648 saecularium
842 4589 1076 4658 diffusa,
1109 4593 1166 4644 et
1197 4587 1443 4660 judiciis
1489 4590 1610 4644 oris
1657 4591 1770 4661 (58)
1815 4590 1908 4646 sui
1938 4605 1986 4670 D
2018 4594 2151 4665 (Act.
2187 4608 2302 4658 xxv,
2335 4590 2456 4658 2t);
2491 4594 2549 4645 et
2579 4590 2638 4644 in
2687 4589 2835 4645 libro
2883 4591 3224 4662 Sapientiae:
3275 4592 3433 4656 Quos
3475 4593 3668 4666 diligit

260 4679 472 4738 celebri
491 4680 663 4737 laude
687 4680 906 4752 ubique
929 4677 1450 4746 innotescentibus,
1477 4678 1780 4752 sexaginta
1796 4679 1904 4735 viri

329 4868 534 4942 (55)”Id
566 4873 656 4926 est
687 4867 855 4942 quasi
883 4868 1109 4942 missus
1135 4867 1206 4922 ab
1241 4867 1616 4942 imperatore;
1653 4867 1766 4942 nisi
1817 4883 1904 4942 re-_

259 4955 394 5021 vera
422 4939 590 5021 illum
623 4939 850 4997 miserit
891 4941 1214 5008 Conradus,
1264 4939 1438 5010 idque
1487 4943 1692 5011 postea
1739 4940 1906 4996 fateri

260 5009 580 5154 Πλοέἕῶΐΰε.
628 5081 1063 5154 Egredientibus,
1113 5081 1394 5136 nimirum
1443 5097 1620 5153 regno
1669 5081 1906 5154 Hunga-

258 5151 376 5208 rico
405 5151 760 5210 adversariis.

328 5223 537 5308 (5.7.).In
567 5241 670 5280 ms.
703 5223 920 5281 rectius
949 5237 1168 5296 suaeque
1211 5222 1475 5278 Genitrz'ci
1523 5239 1629 5294 pro
1683 5223 1908 5296 ejusque

257 5295 591 5435 67391331363;
620 5369 732 5424 oris
758 5364 1078 5422 substitute.
1106 5370 1196 5421 est
1225 5381 1294 5420 ex
1327 5381 1439 5419 ms.
1457 5389 1475 5435 ;
1507 5381 1645 5418 nam
1686 5363 1747 5418 in
1777 5364 1904 5418 edi-

255 5435 416 5509 tione
447 5439 727 5494 mendose
757 5437 1126 5509 legitur‘ori,
1147 5439 1393 5509 [tamex
1418 5434 1532 5509 alia
1552 5435 1668 5490 duo
1692 5436 1906 5509 menda

256 5505 543 5576 corrigam
577 5526 644 5563 ex
672 5505 1130 5564 ms.:'Meldensi
1163 5505 1576 5562 substituendo
1614 5507 1906 5573 sexaginta

252 5581 682 5725 gtoésgﬁiginti,
715 5584 772 5636 et
801 5577 1114 5648 habuimus,
1147 5593 1252 5650 pro
1282 5576 1468 5650 hujus,
1493 5576 1578 5637 uti
1607 5576 1785 5634 etiam
1822 5576 1903 5636 le-

506 5665 596 5706 us.

2015 4682 2190 4752 Deus,
2242 4678 2506 4751 castigat,
2554 4682 2611 4732 et
2657 4682 2820 4750 pater
2866 4678 3120 4752 ﬂagellat
3167 4696 3400 4737 omnem
3453 4681 3664 4750 filium,

2086 4869 2198 4940 (59)
2233 4865 2468 4924 Rectius
2498 4865 2886 4940 Bulgarorum.

2087 4937 2196 5010 (60)
2233 4940 2291 4994 In
2307 4954 2420 5013 ms.
2435 4938 2634 5002 spiritu
2653 4937 2852 5013 minus
2870 4941 3041 5003 necte.
3063 4937 3171 5013 Dat
3187 4941 3410 5013 auctor,
3435 4941 3662 5013 Opinor,

2015 5007 2258 5067 sensum
2304 5009 2614 5065 verborum
2664 5007 2921 5076 illorum,
2973 5025 3099 5080 quae
3146 5009 3444 5068 habentur
3471 5007 3661 5068 'Prov.

2012 5099 2164 5146 χχιχ,
2197 5083 2248 5148 ᾗ.
2282 5081 2380 5152 II:
2423 5080 2607 5134 Totum
2651 5081 2914 5150 spiritum
2965 5096 3123 5134 suum
3168 5083 3382 5152 profert
3422 5084 3664 5146 stultus;

2012 5151 2460 5226 septenarii/Im,
2491 5154 2543 5226 βε
2570 5152 2901 5226 reseruatuiu
2927 5155 3222 5226 posterum.

2085 5225 2196 5294 (61)
2230 5221 2388 5278 Idem
2411 5221 2587 5294 habet
2602 5237 2712 5276 ms.
2734 5221 3076 5294 Millicense,
3101 5223 3160 5277 in
3186 5238 3300 5294 quo
3321 5221 3448 5279 haec
3470 5225 3659 5282 solum

2013 5292 2223 5350 de'hoc
2255 5295 2404 5348 facto
2435 5292 2797 5365 subduntur:
2832 5315 2860 5343 «
2894 5292 3000 5348 Per
3027 5293 3136 5365 hoc
3165 5292 3422 5365 denique
3461 5295 3659 5352 volens

2013 5365 2282 5438 intelligi,
2314 5369 2387 5438 ut_
2408 5363 2741 5438 quicunque
2774 5380 2885 5419 non
2913 5364 3310 5438 acquiesceret
3323 5363 3662 5438 judicioju-

2013 5383 2282 5438 intelligi,
2314 5383 2379 5419 ut
2408 5383 2741 5435 quicunque
2774 5383 2885 5419 non
2913 5383 3310 5436 acquiesceret.
3324 5383 3553 5436 judicio
3604 5383 3658 5422 ιι·

2013 5437 2204 5502 stitize,
2239 5436 2392 5507 quod
2421 5451 2455 5507 a
2479 5433 2728 5507 Domino
2760 5439 3164 5506 pr0posuerat,
3201 5435 3285 5491 sic
3337 5437 3506 5494 ﬂeret
3554 5383 3658 5494 illi.

2012 5505 2339 5582 Audierant
2355 5505 2711 5582 habitatores
2728 5505 2890 5562 terras
2906 5507 3196 5578 judicium
3208 5547 3222 5575 ,
3235 5508 3390 5580 quod
3403 5509 3664 5582 judican-

2013 5583 2104 5638 set
2133 5594 2254 5649 rex,
2285 5581 2344 5635 et
2373 5576 2715 5636 timuerunt.
2750 5598 2780 5629 ››
