3924 6210
146 398 307 489 asse

1756 423 1964 496 VITA.

3404 414 3560 508 «2‘26

148 577 328 651 quem
362 561 567 651 recipit
612 563 795 633 (Prov.
848 580 930 631 III,
995 563 1087 633 il;
1136 566 1294 621 Hebr.
1354 568 1549 637 111,6).
1604 567 1802 622 Multis
1834 575 1883 641 Α
1921 573 2244 643 ctum[fartc
2273 574 2503 646 affectu]
2566 572 2775 641 doluit,
2817 574 3008 631 sciens
3057 591 3190 633 vero
3238 577 3554 651 scriptum:

146 649 309 705 enim
344 650 535 707 modis
574 652 915 707 correctioni
970 652 1178 708 divina:
1233 654 1561 723 succubuit,
1612 654 1799 710 tribus

149 740 327 794 annis
354 739 695 796 inﬁrmitate
728 742 983 797 continet
1014 741 1271 798 laborem
1304 746 1438 812 (62).
1487 744 1799 816 Postquam

148 826 290 882 inde
304 828 739 901 propitiationis
756 829 855 884 Dei
870 830 1253 886 medicamine
1284 830 1797 898 convaluit,tamen

140 914 371 985 judicio
400 918 600 973 aeterni
640 919 947 991 persecreti
975 919 1224 987 consilii,
1248 921 1565 992 quamdam
1583 922 1797 976 exami-

150 1002 453 1060 nationem
486 1005 544 1059 in
577 1005 831 1062 ﬁliorum
863 1025 1104 1063 suorum
1147 1009 1305 1064 obitu
1332 1009 1443 1064 sibi
1477 1010 1661 1066 sensit
1690 1009 1797 1064 im-

151 1092 387 1149 mittere
419 1094 501 1166 [in
532 1112 631 1150 ms.
667 1097 914 1162 mittere]
946 1098 1207 1164 verbera,
1240 1114 1388 1170 quos
1420 1098 1477 1152 in
1520 1098 1665 1169 ipsis
1718 1098 1798 1153 in-

151 1180 353 1236 fantia:
379 1183 951 1255 gradibusini‘antes,
988 1186 1086 1258 qui
1137 1186 1315 1251 dedit,
1374 1186 1618 1241 abstulit
1664 1188 1797 1258 (63).

149 1269 231 1324 De
262 1287 519 1341 quorum
542 1277 727 1328 morte
759 1275 1096 1329 mmstitiam
1128 1275 1393 1329 obortam
1426 1276 1797 1348 genitorpro-

151 1364 286 1429 pter
317 1376 575 1416 amorem
611 1361 711 1416 ﬁlii
746 1363 1102 1434 superstitis,
1150 1365 1312 1419 bonae
1372 1364 1586 1421 indolis
1635 1365 1800 1437 pueri

151 1447 403 1503 Emerici
436 1451 814 1522 compescuit,
846 1450 1118 1506 solatium
1151 1469 1324 1524 quem
1348 1452 1649 1525 quasijam
1675 1453 1802 1509 uni-

152 1552 290 1613 cum
325 1554 458 1593 caro
490 1537 738 1611 diligens
769 1540 998 1603 aﬁ‘ectu,
1030 1541 1301 1611 precibus
1337 1540 1566 1597 Christo
1618 1542 1801 1614 quoti-

152 1625 370 1692 dianis,
404 1631 462 1682 et
494 1627 621 1697 ejus
651 1627 914 1699 genitrici
948 1628 1476 1702 Virginiperpetuze
1504 1647 1800 1686 commen-

150 1714 332 1769 davit.
360 1719 527 1770 Hunc
542 1716 650 1770 sibi
680 1715 795 1771 fore
820 1718 1216 1789 superstitem,
1241 1717 1398 1774 hunc
1437 1720 1599 1791 regni
1622 1718 1799 1775 haere-

152 1804 311 1871 dem,
347 1804 495 1859 votis
521 1804 795 1859 omnibus
826 1806 1196 1872 desideravit,
1229 1812 1286 1862 et
1316 1813 1381 1862 ut
1410 1808 1613 1862 efﬁcax
1640 1810 1801 1864 fieret

148 1892 222 1946 ad
256 1893 514 1947 tenenda
536 1894 678 1949 tanti
736 1894 1038 1965 regiminis
1095 1895 1494 1966 gubernacula
1541 1897 1799 1953 virorum

148 1980 524 2036 documentis
556 1980 1033 2049 orthodoxorum,
1069 2001 1178 2038 usu
1211 1982 1477 2040 lectionis
1516 1985 1799 2057 quotidia-

150 2086 261 2136 nae,
299 2067 437 2124 fecit
465 2070 732 2125 auditum
758 2074 1071 2143 utrumque
1096 2072 1205 2143 (64)
1225 2074 1496 2144 praebere.
1520 2073 1800 2147 lpsequo-

148 2174 267 2230 que
300 2162 553 2230 paterna:
586 2157 914 2214 dilectionis
945 2160 1149 2216 ardore
1176 2165 1581 2234 compunctus,
1627 2161 1797 2218 libel-

146 2247 275 2302 lum
310 2248 421 2317 (65)
454 2245 563 2301 sibi
595 2247 667 2303 de
696 2246 1059 2302 institutione
1092 2265 1322 2303 morum
1362 2250 1711 2322 composuit,
1738 2252 1795 2306 in

150 2352 269 2407 quo
315 2333 580 2405 ﬁdeliter,
614 2339 670 2390 et
696 2336 1006 2409 diligenter
1027 2337 1215 2391 verbis
1233 2354 1366 2392 eum
1382 2338 1797 2395 admonitionis

151 2424 243 2496 spi
255 2423 486 2479 ritualis
507 2426 523 2496 ζ
542 2441 643 2478 ms.
678 2424 977 2497 specialis]
1002 2424 1532 2497 alloquitur,instru
1542 2444 1644 2483 ens
1658 2444 1797 2499 qua-

151 2512 292 2568 liter
322 2517 455 2569 ante
468 2513 663 2569 omnia
680 2513 884 2569 debeat
901 2515 1206 2570 observare
1225 2515 1398 2570 ﬁdem
1426 2515 1794 2584 catholicam,

150 2602 506 2658 conﬁrmare
528 2606 747 2658 statum
772 2601 1538 2672 ecclesiasticum,honorem
1574 2605 1795 2676 impen-

150 2692 293 2746 dere
326 2689 594 2763 dignitati
627 2690 992 2762 pontiﬁcum,
1024 2692 1318 2765 principes
1348 2697 1405 2748 et
1435 2693 1651 2771 milites
1672 2694 1801 2748 dili-

150 2795 314 2851 gere,
340 2778 632 2850 judicium
667 2780 992 2846 observare,
1030 2780 1371 2851 patientiam
1407 2781 1465 2836 in
1525 2782 1800 2838 omnibus

152 2868 391 2922 actibus
404 2867 636 2934 habere,
651 2867 912 2939 hospites
926 2867 1174 2940 benigne
1190 2868 1460 2941 recipere,
1486 2870 1799 2943 benignius

153 2957 282 3027 [al.,
315 2955 642 3028 benignus]
676 2956 917 3021 nutrire,
953 2956 1076 3012 sine
1112 2957 1352 3012 consilio
1402 2958 1546 3012 nihil
1607 2975 1796 3031 agere,

151 3046 413 3115 majores
442 3061 586 3100 suos
635 3061 866 3117 semper
910 3050 1045 3101 ante
1094 3046 1293 3101 oculos
1349 3048 1419 3102 ad
1468 3046 1796 3119 exemplum

152 3138 435 3200 statuere,
460 3132 738 3189 orationis
765 3134 1021 3189 ofﬁcium
1077 3136 1465 3207 frequentare,
1527 3136 1797 3207 pietatem

152 3229 212 3278 et
246 3222 709 3277 misericordiam
738 3239 872 3277 cum
904 3222 1124 3278 caeteris
1147 3223 1458 3279 virtuiibus
1480 3225 1797 3296 possidere.

1831 1941 1878 2006 Β

1911 667 2029 723 Non
2058 673 2135 721 est
2164 664 2457 736 sapientia,
2488 679 2597 719 non
2621 670 2701 718 est
2722 662 3039 735 prudentia,
3086 679 3196 720 non
3253 674 3333 721 est
3377 670 3555 723 consi-

1910 757 2050 811 lium
2076 762 2265 810 contra
2304 752 2596 807 Dominum
2626 753 2815 824 (Prov.
2846 768 2962 819 xxi,
3022 752 3132 824 30):
3167 775 3195 803 ‹‹
3254 752 3556 812 Neminem

1909 848 2144 916 propter
2171 840 2395 897 obitum
2428 840 2738 896 charorum
2765 839 3015 897 nimium
3070 841 3281 900 debere
3341 844 3555 899 contri-

1912 933 2078 1000 stari,
2110 955 2135 981 »
2164 930 2428 1003 deposito
2459 946 2705 986 maerore
2747 931 2838 1001 (66
2859 930 2926 1002 '),
2958 947 3019 985 se
3063 929 3319 1005 contulit
3368 934 3558 987 totum

1911 1022 1980 1076 ad
2006 1019 2378 1092 quaerendam
2401 1017 2730 1091 largitatem
2763 1017 3176 1076 misericordia
3208 1018 3556 1088 divinaa,caa-

1911 1108 2239 1164 nobiorium
2263 1105 2596 1162 etEcclesize
2616 1105 3234 1175 ministris,monachis
3252 1111 3309 1164 et
3330 1107 3557 1166 clericis

1911 1195 2155 1251 diversis
2185 1194 2682 1267 eleemosynarum
2704 1194 2873 1251 donis
2896 1195 3235 1253 consolatus
3256 1198 3410 1269 [forte
3426 1213 3558 1254 con-

1912 1283 2160 1357 soletis],
2194 1300 2506 1355 expensam
2539 1283 2719 1339 totius
2751 1288 3043 1355 sumptus,
3078 1301 3257 1357 quam
3288 1288 3429 1342 tunc
3451 1285 3553 1342 ha-

1912 1375 2043 1429 bere
2076 1375 2321 1445 poterat,
2356 1370 2916 1443 peregrinis,viduis,
2938 1376 2995 1428 et
3024 1373 3303 1446 orphanis
3332 1379 3550 1449 erogat.

1910 1464 2251 1519 Exterarum
2285 1460 2459 1515 etiam
2492 1460 2847 1516 monasteria
2875 1462 3303 1534 provinciarum
3323 1450 3555 1521 muniﬁ-

1911 1551 2110 1607 centiae
2130 1550 2297 1623 regia:
2310 1547 2480 1604 donis
2498 1547 2822 1605 innumeris
2846 1566 2949 1621 per
2970 1550 3207 1607 nuntios
3231 1568 3371 1608 suos
3392 1538 3544 1625 sépe

1909 1640 2186 1696 visitavit.

1980 1732 2069 1783 28.
2102 1726 2485 1784 Gravedinem
2519 1743 2749 1782 morum
2774 1727 2940 1799 (66'),
2968 1742 3144 1797 quam
3175 1728 3556 1801 injuventute

1911 1821 2225 1890 receperat,
2258 1833 2443 1888 usque
2476 1816 2546 1871 ad
2578 1816 2754 1871 ﬁnem
2770 1815 2895 1870 vitae
2921 1816 3128 1871 tenuit.
3152 1815 3260 1871 Vix
3290 1834 3551 1889 unquam

1910 1908 1979 1962 ad
2013 1907 2200 1962 risum
2239 1904 2396 1961 labia
2444 1904 2640 1973 movit,
2704 1903 2966 1960 recolens
3019 1905 3334 1978 scriptum:
3395 1907 3555 1983 Risu:

1906 1996 2089 2051 dolore
2126 1997 2403 2062 miscetur,
2460 1997 2513 2048 et
2567 1997 2812 2049 extrema
2861 1992 3055 2064 gaudii
3112 1994 3290 2049 luctus
3333 2000 3556 2071 occupat

1908 2084 2091 2155 (Prov.
2123 2101 2237 2150 xxv,
2274 2084 2405 2154 13);
2457 2098 2690 2154 semper
2739 2082 2822 2137 sic
2861 2098 3151 2155 apparens
3191 2099 3256 2137 ac
3313 2084 3362 2139 si
3422 2088 3555 2140 ante

1906 2173 2119 2228 Christi
2148 2171 2405 2227 tribunal
2437 2176 2636 2236 staret,
2670 2168 2962 2226 interioris
3020 2170 3132 2243 (67)
3189 2170 3377 2227 oculis
3425 2174 3553 2245 ejus

1906 2261 2275 2333 praesentiam
2306 2260 2468 2316 vultu
2494 2275 2698 2315 sereno
2729 2258 3116 2331 conspiciens,
3146 2258 3445 2315 Christum
3490 2260 3551 2315 in

1906 2368 2024 2421 ore,
2056 2349 2353 2405 Christum
2379 2349 2438 2403 in
2461 2348 2653 2415 corde,
2673 2346 2969 2403 Christum
3000 2348 3058 2402 in
3074 2347 3302 2404 cunctis
3318 2349 3550 2405 actibus

1908 2454 1969 2492 se
2001 2437 2087 2510 [se
2105 2438 2251 2492 abest
2281 2437 2407 2507 ma]
2452 2440 2678 2510 gestare
2717 2434 3157 2491 demonstravit.
3204 2434 3368 2492 Diem
3421 2434 3553 2492 ulti-

1908 2542 2071 2585 mum
2103 2541 2333 2597 semper
2363 2529 2494 2579 ante
2515 2523 2715 2581 oculos
2737 2523 2930 2580 cordis
2956 2526 3368 2592 statuens,toto
3387 2540 3548 2581 men-

1908 2615 1985 2671 tis
2032 2615 2321 2670 desiderio
2367 2613 2519 2668 inter
2566 2612 2766 2687 patriis
2817 2612 3065 2669 ccelestis
3132 2612 3307 2669 cives.
3376 2613 3548 2686 quasi

1908 2703 2161 2775 quodam
2186 2704 2282 2774 [αι.
2294 2743 2307 2768 ,
2323 2702 2643 2774 quondam]
2660 2700 2933 2774 angelicae
2965 2702 3425 2757 conversationis
3441 2688 3549 2758 ha-

1908 2791 2031 2846 bitu
2075 2792 2344 2863 cupiebat
2410 2788 2693 2865 habitare.
2749 2790 2985 2846 Cunctis
3036 2790 3152 2846 Deo
3206 2789 3551 2862 placitarum

1906 2882 2188 2935 virtutum
2205 2878 2517 2953 generibus
2533 2880 2851 2934 adornatus
2865 2877 2924 2933 in
2942 2878 3250 2934 sanctitate
3276 2884 3333 2934 et
3373 2878 3552 2959 justi-

1909 2968 2011 3036 tia,
2042 2984 2236 3022 coram
2266 2968 2391 3039 ipso
2423 2967 2698 3023 omnibus
2713 2967 2920 3022 diebus
2945 2965 3073 3022 vita:
3087 2984 3207 3022 sum
3221 2956 3555 3023 conversari

1909 3055 2180 3121 decrevit,
2210 3059 2274 3108 ut
2304 3055 2361 3110 in
2391 3070 2457 3109 eo
2481 3054 2607 3125 jam
2625 3071 2729 3109 ceu
2762 3054 3030 3127 quaedam
3063 3054 3271 3110 futuras
3329 3044 3548 3127 gloriﬁ-

1909 3144 2155 3200 cationis
2184 3144 2409 3215 species
2438 3142 2755 3199 clarescere
2780 3143 3094 3198 videretur.

224 3312 321 3366 27.
348 3309 600 3408 .Talibus
624 3315 681 3364 et
710 3310 800 3365 his
833 3289 1800 3408 similibusdiscipl-inisinst‘itutus
1831 3301 1874 3368 C
1913 3339 2144 3403 Morb“,
2203 3345 2254 3393 ει
2299 3338 2357 3391 in
2406 3352 2465 3393 εο
2514 3289 2748 3392 d,‘,;;;;;
2766 3289 3099 3408 g,,;;,,,,,,,
3152 3334 3557 3408 quorumdam;

148 3398 394 3471 juvenis
427 3394 755 3471 praeclarus,
790 3400 861 3455 ad
896 3405 1105 3455 nutum
1138 3400 1540 3474 dispositionis
1556 3405 1803 3474 aeternae,
1836 3444 1839 3449 .

156 3488 251 3544 cui
281 3492 498 3543 cuncta
539 3488 863 3558 subjacent,
925 3488 1244 3544 obediendo
1303 3489 1434 3544 1031
1490 3489 1804 3545 Βοωίηἰοω

157 3576 589 3633 Incarnationis
621 3593 773 3631 anno
803 3576 980 3631 vitam
1013 3576 1161 3631 hanc
1176 3577 1465 3633 exitialem
1491 3583 1809 3633 commuta-

156 3664 519 3736 vit,sempite
532 3681 637 3719 rno
652 3665 773 3735 [ιιι.,
788 3665 1040 3721 mendose
1062 3666 1478 3737 sempiternam
1502 3667 1596 3737 μευ
1608 3684 1808 3738 perno-

157 3770 296 3810 rum
339 3752 554 3808 civium
583 3753 897 3824 adjunctus
928 3753 1329 3821 contubernio,
1363 3755 1533 3826 cujus
1548 3754 1807 3809 animam

157 3845 289 3916 ipsa
318 3842 604 3897 transitus
633 3842 722 3896 sui
754 3842 896 3897 hora
924 3842 1156 3896 cuidam
1187 3841 1458 3915 episcopo
1481 3845 1808 3899 Graecorum

158 3932 299 4001 (65),
356 3933 573 3986 sanctae
623 3931 1079 3986 conversationis
1137 3930 1279 3997 viro,
1340 3931 1652 3987 revelatum
1723 3937 1811 3988 est

161 4019 376 4076 deferri
411 4035 515 4092 per
546 4018 783 4092 angelos
816 4019 886 4074 ad
919 4018 1045 4075 cceli
1075 4020 1308 4092 palatia.
1324 4020 1541 4077 Verum
1557 4020 1809 4094 quiapro

161 4107 500 4164 sanctitatis
532 4124 649 4163 sua:
674 4108 919 4175 meritis,
955 4125 1188 4165 summo
1221 4109 1291 4164 ab
1314 4109 1591 4165 omnibus
1608 4110 1810 4183 dilige-

162 4199 341 4252 batur
361 4197 595 4262 at’l'ectu,
627 4201 790 4252 ortus
816 4202 904 4252 est
928 4197 1134 4269 ingens
1164 4197 1357 4253 luctus
1389 4198 1676 4264 omnium,
1711 4199 1810 4254 sed

164 4285 421 4341 maxime
445 4283 800 4356 principum,
816 4285 966 4340 inter
988 4302 1135 4358 quos
1156 4290 1322 4357 pater
1334 4285 1627 4341 desolatus
1642 4302 1814 4359 grave

164 4374 343 4430 traxit
379 4374 504 4444 [ma
526 4373 833 4445 contraxit]
882 4373 1206 4447 suspirium
1246 4375 1489 4443 ;videns
1536 4375 1693 4431 enim
1752 4393 1814 4432 se

166 4464 365 4519 solum
397 4463 524 4518 sine
546 4480 649 4534 spe
676 4462 1031 4529 posteritatis
1051 4462 1654 4535 derelictum,pietatis
1678 4466 1815 4520 all‘e~

239 4608 358 4679 (62)
386 4606 574 4661 Locus
602 4605 829 4679 videtur
861 4607 1176 4679 mendosus
1218 4606 1644 4679 legendumque
1685 4620 1811 4661 con-

239 4622 358 4679 (DZ)
386 4622 574 4661 Locus
602 4622 829 4661 Videtur
861 4622 1176 4663 mendosus
1218 4622 1513 4733 legendum

165 4680 327 4750 tinua
361 4678 639 4750 laborans,
671 4677 756 4731 uti
791 4677 848 4733 in
876 4676 1212 4750 apographo
1233 4694 1268 4750 a
1333 4676 1513 4750 margi

169 4749 486 4821 scriptum,
519 4748 759 4821 ethunc
775 4748 1015 4804 sensum
1044 4748 1204 4821 dedit
1224 4748 1451 4821 Surius.

240 4818 356 4891 (63)
392 4818 657 4891 Phrasim
690 4820 840 4891 hanc
870 4819 1265 4875 obscuriorem
1300 4824 1356 4875 et
1386 4820 1608 4891 forsam
1652 4834 1820 4891 men-

173 4889 386 4973 dosam
418 4889 647 4973 clarius‘
666 4890 749 4945 sic
770 4891 1055 4973 expressit
1082 4891 1288 4973 sarius
1320 4906 1332 4945 :
1366 4890 1539 4973 «qua
1565 4889 1824 4973 (inﬁrmi-

172 4968 305 5033 tate)
341 4978 479 5033 cum
512 4962 748 5033 tandem
795 4960 1006 5033 divinae
1067 4961 1478 5018 misericordiae
1536 4960 1826 5033 medicina

172 5031 333 5090 esset
354 5031 724 5097 liberatus,in
744 5032 905 5088 obitu
931 5032 1182 5088 ﬁliorum
1203 5031 1826 5103 suorum,quosadhuc

172 5107 435 5176 infantes
469 5120 628 5159 mors
655 5103 868 5174 rapuit,
894 5104 1091 5159 aeterni
1143 5104 1369 5159 Judicis
1420 5102 1647 5176 ﬂagella
1699 5119 1824 5174 per-

173 5175 386 5231 sensit.
422 5197 449 5222 η

248 5246 367 5317 (64)
404 5244 605 5317 idest,
640 5244 907 5317 auditum
942 5244 1201 5317 corporis
1229 5248 1286 5299 et
1315 5245 1516 5317 animi.

252 5314 371 5387 (65)
399 5315 693 5388 Libellum
731 5314 1068 5388 istum,qseu
1101 5316 1320 5371 Monita
1347 5316 1406 5371 S.
1435 5314 1707 5388 Stephani
1728 5315 1829 5371 ha-

178 5386 289 5445 bes
315 5387 493 5459 infra.
530 5388 610 5442 Ex
640 5402 843 5459 eorum
874 5386 1181 5459 collatione
1211 5403 1343 5459 cum
1377 5386 1551 5442 brevi
1567 5403 1835 5459 compen-

176 5458 468 5531 dio,quod
489 5457 774 5529 sequitur,
804 5458 1077 5531 colligere
1110 5458 1347 5531 poterit
1390 5457 1716 5514 studiosus
1748 5457 1834 5513 le-

176 5528 540 5601 ctor'quam
571 5533 767 5601 exacte
839 5528 1202 5586 Carthuitius
1270 5534 1505 5601 secutus
1570 5530 1648 5585 sit
1706 5546 1835 5601 mo-

178 5598 473 5728 gumienta
504 5598 723 5669 quibus
753 5616 897 5656 usus
927 5604 1017 5656 est
1036 5601 1106 5655 ad
1138 5600 1330 5655 Vitam
1377 5600 1527 5656 hanc
1583 5600 1836 5657 conscri-

221 5691 292 5728 en
341 5689 463 5728 am.

177 5676 463 5732 bendam.

253 5745 435 5825 (65')
470 5739 635 5799 Idem
665 5737 842 5799 latius
880 5741 1128 5799 refertur
1178 5740 1240 5801 in
1270 5741 1404 5801 Vita
1461 5741 1521 5801 S.
1565 5741 1836 5819 Emerici,

509 5865 779 5933 Pareat.
822 5866 971 5935 GLI.

1333 4666 1657 4749 marginem
1694 4680 1820 4731 erat
1852 4666 1893 4732 D

1986 3412 2174 3465 beatus
2205 3408 2403 3476 obitus,
2429 3408 2731 3478 sepultura.
2766 3406 2978 3461 decreta
3016 3408 3257 3478 corporis
3303 3406 3558 3474 elevatio,

1985 3498 2048 3536 ac
2075 3478 2361 3534 mirabilia
2394 3479 2451 3531 in
2473 3478 2750 3549 apertione
2779 3478 3021 3548 sepulcri
3048 3478 3214 3547 facta.

1985 3586 2073 3640 29.
2108 3585 2241 3640 Post
2294 3601 2408 3638 non
2469 3582 2722 3639 multum
2781 3582 3064 3655 temporis
3119 3571 3556 3657 aegrotationem

1918 3673 2181 3741 incurrit,
2199 3689 2316 3744 qua
2331 3672 2705 3743 postmodum
2729 3687 2967 3742 corpore
2984 3672 3250 3738 excessit,
3268 3664 3559 3743 longaque

1917 3761 2218 3834 languoris
2251 3758 2520 3815 molestia
2552 3759 3013 3833 ingravescente,
3039 3758 3101 3814 in
3134 3758 3382 3831 pedibus
3404 3762 3561 3814 stare

1917 3850 2216 3922 nequibat.
2244 3847 2519 3903 Videntes
2543 3851 2740 3903 autem
2765 3846 3382 3920 quatuornobilissimi
3401 3844 3562 3919 pala-

1916 3938 2175 3994 tinorum
2215 3935 2314 3991 diu
2365 3936 2729 4009 graviterque
2770 3926 3131 3991 laborantem
3151 3938 3311 4005 (nam
3341 3934 3454 4007 ipsi
3503 3933 3564 3989 in

1919 4026 2164 4099 perﬁdia
2200 4025 2393 4081 cordis
2423 4024 2612 4080 adhuc
2626 4028 2886 4082 errantes
2904 4020 3217 4080 consilium
3236 4022 3568 4096 iniquitatis

1920 4117 2231 4179 duxerunt,
2264 4129 2658 4184 occasumque
2677 4112 2807 4183 ejus
2828 4111 2887 4168 in
2918 4112 3165 4167 mortem
3198 4108 3389 4187 conati
3430 4102 3570 4166 sunt

1922 4204 2211 4275 tractare),
2237 4204 2363 4272 jam
2397 4202 2489 4257 die
2521 4202 3060 4272 advesperascente,
3128 4205 3447 4271 antequam
3506 4199 3566 4254 in

1921 4292 2093 4347 domo
2123 4290 2360 4345 lucerna
2386 4289 2821 4355 accenderetur,
2857 4303 3013 4343 unus
3055 4300 3259 4341 eorum
3293 4285 3569 4342 audacter

1923 4380 2033 4435 sub
2065 4379 2312 4435 obscuro
2346 4377 2647 4449 ingressus
2677 4379 2786 4443 est,
2807 4380 2863 4431 et
2894 4370 3568 4446 adjugula‘ndemregem

1922 4483 2121 4522 ensem
2156 4466 2442 4520 nudatum
2476 4464 2585 4518 sub
2604 4462 2896 4519 chlamide
2911 4461 3162 4534 tegebat.
3190 4463 3335 4517 Dum
3359 4462 3569 4534 pedem

1926 4609 2025 4665 ubi
2050 4607 2371 4679 episcopus
2392 4605 2485 4660 ille
2515 4605 3031 4679 diciturhEuseAlgiue
3089 4602 3351 4679 Caesarem
3392 4604 3574 4679 [fatai-

1925 4674 2584 4746 stinae'nwtrbpolilanus.
2619 4675 2873 4731 Additur
2904 4675 3368 4739 ibidem,factum
3412 4674 3571 4746 Hun:

1971 4751 2089 4807 aris
2110 4745 2437 4803 innotuisse
2485 4764 2552 4801 ex
2598 4746 2879 4803 relatione
2937 4746 3251 4817 cujusdam
3309 4745 3573 4817 canenici

1971 4768 2089 4807 81⁸18
2110 4768 2437 4803 ΙΠΠΟιυΙΞΒΘ
2485 4768 2552 4801 ex
2598 4768 2879 4803 Ρθιᾶιιοῐιθ
2937 4768 3251 4817 ουδυδωιω
3309 4768 3573 4803 ῠᾶῠοηιει

1928 4768 2459 4900 (Caesariensis,qu
2494 4818 2649 4900 istud
2680 4814 3201 4900 Constantinopoli,
3234 4815 3576 4900 ubilegatus

1933 4898 2075 4955 erat,
2100 4888 2576 4961 narravithrant
2604 4906 2670 4944 eo
2700 4894 2961 4961 tempore
2993 4888 3250 4961 episcopi
3286 4888 3576 4961 Caesareas

1933 4970 1989 5021 et
2019 4963 2149 5018 aliis
2181 4959 2494 5015 Palaestina:
2525 4959 2688 5029 locis,
2720 4959 2880 5032 iique
2911 4959 3426 5032 communicabant
3442 4976 3577 5017 eum

1935 5033 2189 5090 Ecclesia
2210 5031 2488 5095 Romana,
2521 5032 2620 5085 sed
2657 5031 2855 5087 minus
2886 5031 3178 5088 notisunt.
3203 5032 3347 5099 Cum
3381 5038 3578 5089 autem

1936 5124 2027 5161 res
2051 5103 2236 5175 magis
2268 5107 2490 5177 spectet
2520 5103 2589 5177 ad
2621 5101 2950 5177 Emericum
2984 5119 3162 5177 quam
3207 5100 3279 5177 ad
3333 5104 3581 5177 Stepha-

1939 5170 2324 5249 num,_magis
2347 5170 2799 5249 discut_i_potcrit
2829 5174 2900 5249 ad
2941 5170 3019 5249 ικξ
3040 5174 3403 5249 Novembris,
3438 5170 3581 5249 'qup

1937 5246 2181 5304 Emerici
2214 5243 2498 5299 memoria
2527 5243 2933 5316 Martyrologio
2968 5244 3230 5299 Romano
3260 5248 3351 5299 est
3403 5243 3584 5300 ascri-

1979 5324 2058 5375 ta.

1938 5337 2125 5462 ῐηθῗίξὸ)
2169 5388 2412 5462 Luctum
2463 5403 2577 5442 non
2624 5383 2804 5462 fuisse
2846 5382 3021 5462 nimis
3079 5383 3448 5462 diuturnum,
3490 5402 3586 5462 ne-

1942 5453 2085 5517 du'm
2109 5453 2383 5515 'morbum
2420 5474 2489 5513 ex
2526 5474 2591 5514 eo
2622 5460 3006 5523 contractum,
3039 5458 3106 5510 ut
3133 5453 3407 5513 volebant
3462 5455 3585 5525 alii,

1943 5531 2181 5604 probavi
2214 5530 2376 5604 alias.

2039 5603 2175 5675 66‘)
2205 5600 2555 5675 Gravitatem
2590 5615 2817 5656 morum
2850 5596 3141 5675 intelligit.

2041 5673 2134 5749 67)
2157 5669 2469 5744 'lnterioris,
2502 5671 2561 5728 id
2593 5675 2682 5729 est
2708 5670 2907 5727 mentis
2936 5669 3143 5727 oculis.

3197 5870 3276 5944 39
