3924 6210
178 349 350 426 47229

1790 363 1971 434 Vl'l‘A
1985 416 2000 433 .

3443 375 3603 442 1230

177 498 344 553 sitan
383 497 653 569 quaedam
676 498 801 570 [τηις.
828 498 1169 571 quemdam]
1192 500 1249 555 in
1281 500 1431 574 ipso,
1466 502 1674 558 terreni
1711 502 1841 574 pul-
1873 506 1916 571 Α
1956 505 2087 576 (80),
2141 504 2376 559 nomine
2424 505 2707 573 Charitas,
2769 508 2942 578 cujus
2987 508 3115 565 vitae
3168 510 3417 567 celebris
3455 514 3599 566 tunc

174 586 341 642 veris
371 586 733 659 aspersione,
766 587 902 661 igne
958 589 1168 646 divinaa
1227 590 1675 647 examinationis
1716 594 1835 661 (ms.

175 675 837 747 excommunicationis]
869 677 1301 749 purificandum
1326 680 1840 748 remanserat,sine

174 781 305 837 qua
334 766 458 836 [τηις.
492 766 628 837 quo]
664 771 994 838 regnantes,
1049 767 1220 838 quasi
1261 768 1514 840 quodam
1566 768 1701 839 jure
1732 784 1838 840 po-

170 852 425 910 tentiale
445 853 624 910 vitam
650 859 997 926 prementem
1020 854 1111 910 vix
1131 860 1233 911 aut
1258 855 1597 913 nullatenus
1627 857 1840 913 ducere

172 947 426 1015 queant.

252 1032 348 1086 34.
401 1032 724 1103 Interjectis
777 1033 889 1103 (75)
922 1032 1119 1105 itaque
1149 1034 1542 1107 quadraginta
1578 1034 1839 1107 quinque

173 1120 380 1189 annis,
413 1136 549 1175 cum
581 1121 693 1193 (76)
726 1121 798 1176 ad
829 1122 1161 1193 praestanda
1191 1139 1294 1194 per
1322 1139 1457 1178 eum
1490 1121 1836 1179 mortalibus

174 1208 599 1265 misericordia
630 1226 748 1264 suae
779 1210 1081 1277 beneficia,
1114 1211 1311 1267 Sancti
1355 1211 1461 1266 sui.
1488 1212 1615 1281 jam
1664 1210 1837 1268 vellet

170 1303 340 1355 Deus
360 1298 569 1355 merita
589 1298 904 1366 declarare,
941 1300 1212 1356 Romanae
1244 1301 1400 1356 sedis
1445 1300 1832 1369 institutione,

174 1387 523 1460 apostolicis
544 1387 753 1443 litteris
799 1389 1091 1444 sancitum
1143 1393 1234 1445 est
1266 1394 1328 1444 ut
1358 1407 1559 1446 eorum
1591 1406 1835 1462 corpora

174 1475 395 1533 elevari
432 1476 734 1543 deberent,
766 1476 867 1549 qui
900 1478 958 1533 in
991 1478 1289 1534 Pannonia
1321 1478 1665 1535 Christianae
1697 1479 1832 1536 fidei

164 1565 445 1635 jacentes
475 1566 610 1637 [ad.,
660 1566 912 1623 mendose
960 1567 1250 1638 jacentes]
1282 1566 1530 1635 semina,
1565 1585 1673 1623 sua
1702 1584 1832 1623 eam

176 1653 617 1725 praedicatione,
644 1654 731 1710 vel
759 1654 1127 1710 institutione
1156 1656 1227 1710 ad
1250 1655 1567 1712 Dominum
1596 1673 1831 1713 conver-

173 1742 775 1800 tissent.Adveniente
795 1759 928 1800 vero
951 1748 1210 1815 tempore
1231 1744 1642 1801 declarationis
1680 1746 1829 1817 ejus,

176 1837 239 1888 et
257 1832 537 1888 laudibus
551 1832 749 1905 gratias
772 1835 921 1903 ejus,
956 1850 1132 1905 quam
1164 1850 1268 1905 per
1288 1835 1479 1906 ipsum
1497 1851 1641 1906 gens
1672 1835 1829 1889 llun-

172 1919 381 1993 garica
404 1920 742 1993 promeruit,
767 1921 825 1975 in
859 1923 1080 1978 mundo
1122 1922 1511 1995 divulgandae,
1548 1939 1646 1979 rex
1675 1923 1833 1979 Ladi-

170 2010 343 2066 slaus
394 2011 527 2082 (77),
576 2012 674 2082 qui
724 2014 861 2066 tunc
893 2011 1319 2084 rempublicam
1353 2012 1830 2080 administrabat,

172 2099 458 2155 universa
486 2115 717 2154 morum
751 2100 1052 2155 honestate
1110 2100 1431 2173 praeclarus
1488 2100 1746 2168 habitus,
1779 2106 1837 2155 et

170 2189 469 2244 virtutum
516 2187 741 2261 fulgore
790 2189 1163 2260 conspicuus,
1198 2190 1473 2245 laudibus
1501 2193 1557 2245 et
1597 2190 1831 2246 servitio

172 2277 284 2333 Dei
307 2278 559 2350 perfecte
604 2278 859 2343 deditus,
909 2278 1160 2350 Spiritus
1194 2278 1475 2333 Paracleti
1513 2278 1833 2350 perlustra-

171 2366 341 2423 tione
360 2366 782 2433 tactus,babito
797 2365 1039 2423 consilio
1065 2384 1197 2423 cum
1223 2366 1511 2439 episcopis
1533 2372 1590 2421 et
1615 2367 1830 2438 prima-

172 2456 364 2521 tibus,
396 2460 453 2511 et
483 2456 667 2512 totius
697 2455 1010 2511 Pannoniae
1043 2455 1431 2528 sapientibus,
1489 2456 1831 2511 triduanum

172 2544 958 2617 cunctisindixitjejunium,
995 2549 1058 2600 ut
1095 2545 1249 2616 quod
1295 2544 1593 2600 communi
1625 2544 1830 2600 Catho-

172 2633 426 2689 licorum
458 2632 717 2699 utilitati,
749 2634 1001 2706 Spiritus
1018 2633 1205 2689 sancti
1227 2633 1395 2689 donis
1414 2633 1744 2689 animarum
1775 2638 1833 2689 et

175 2739 496 2794 corporum
527 2722 778 2778 salutem
824 2723 1224 2794 operantibus,
1248 2722 1475 2778 videtur
1503 2723 1623 2778 fore
1655 2724 1829 2794 proﬁ-

175 2827 362 2866 cuum
384 2811 684 2867 communi
717 2816 1062 2867 cunctorum
1083 2810 1753 2883 deprecatione,jejuniis
1774 2816 1832 2867 et

174 2899 572 2973 eleemosynis
585 2900 965 2973 fundata,per
978 2899 1509 2956 manifestationcm
1524 2900 1827 2973 signorum

173 2988 419 3044 deberet
447 3005 576 3045 esse
607 2989 1010 3062 quaerendum.

248 3078 341 3133 34.
391 3078 501 3134 Sed
552 3083 617 3134 ut
666 3078 999 3135 ostenderet
1024 3077 1305 3135 Dominus
1336 3083 1568 3150 quantm
1601 3078 1829 3134 miseri-

172 3168 390 3223 cordiae
439 3184 536 3223 rex
558 3172 800 3224 sanctus
826 3168 1019 3235 fuerit,
1049 3167 1239 3223 adhuc
1272 3166 1505 3223 mortali
1537 3167 1735 3223 vivens
1767 3168 1824 3223 in

1948 593 2230 665 temporis
2254 593 2450 665 opinio
2482 596 2797 663 ferebatur,
2846 596 3193 654 revelatione
3223 600 3338 656 sibi
3366 598 3600 655 coalitus

1948 682 2121 749 facta,
2156 682 2277 756 regi
2304 684 2602 739 mandavit
2626 701 2727 741 eos
2748 684 3046 742 incassum
3086 686 3193 743 niti
3210 691 3269 744 et
3284 704 3399 744 non
3422 704 3594 761 posse

1946 772 2264 828 transferre
2285 774 2469 828 sancti
2508 773 2662 847 regis
2698 774 2964 848 pignora,
3014 776 3196 832 donec
3235 774 3533 833 Salomoni
3564 794 3600 833 a

1947 859 2223 916 carcerali
2249 860 2519 918 absoluto
2540 863 2830 929 custodia,
2863 863 3048 920 libera
3069 863 3433 937 indulgentia
3454 881 3594 938 pre:-

1947 946 2202 1004 beretur.
2238 948 2341 1005 Illo
2368 949 2565 1023 itaque
2585 968 2616 1007 e
2638 967 2867 1008 carcere
2896 952 3204 1024 producto,
3234 958 3292 1010 et
3319 952 3594 1010 triduano

1948 1035 2411 1109 iteratojejunio,
2444 1057 2578 1095 cum
2602 1040 2675 1096 ad
2700 1041 3137 1098 transferendae
3180 1041 3461 1114 reliquias
3501 1059 3594 1099 sa-

1946 1140 2077 1180 cras
2104 1126 2277 1181 tertia
2300 1127 2393 1182 die
2413 1133 2651 1185 ventum
2664 1128 2893 1200 fuisset,
2908 1130 3057 1203 lapis
3082 1130 3292 1204 ingens
3313 1147 3597 1205 superpo-

1946 1212 2096 1269 situs
2121 1215 2358 1280 tumbae,
2388 1219 2552 1272 tanta
2568 1217 2841 1275 facilitate
2861 1218 3136 1276 sublatus
3154 1224 3265 1290 est,
3286 1236 3353 1276 ac
3372 1218 3422 1276 si
3449 1219 3597 1276 nihil

1944 1307 2081 1358 ante
2110 1303 2387 1375 ponderis
2417 1303 2738 1362 habuisset.

2584 1412 2812 1469 CAPUT
2847 1414 2942 1469 VI.

1941 1500 2185 1554 Elevatio
2204 1501 2446 1571 corporis
2494 1505 2546 1556 et
2564 1502 3035 1629 mtiractzéta,‘tt:ira
3064 1503 3305 1563 dexterae
3348 1506 3594 1563 inventio

2525 1596 2547 1617 -
2572 1588 2602 1626 e
2669 1589 2729 1626 ιη
2781 1590 2867 1629 art
2927 1591 2972 1628 .ς.

2525 1596 2547 1617 ο
2572 1588 2625 1626 et
2669 1588 2972 1644 integritas.

2012 1659 2101 1713 35.
2135 1657 2433 1731 Completo
2462 1674 2600 1732 ergo
2634 1661 2816 1716 tertia:
2837 1661 2951 1716 diei
2982 1662 3357 1734 vespertinali
3379 1664 3590 1729 officio,

1942 1748 2168 1803 cunctis
2193 1747 2397 1802 divinas
2415 1748 2811 1806 miserationis
2845 1750 3127 1807 beneficia
3164 1769 3267 1823 per
3301 1752 3457 1808 beati
3484 1752 3595 1808 viri

1942 1836 2219 1891 meritum
2244 1836 2740 1909 praestolantibus,
2774 1838 2970 1894 subito
3004 1839 3125 1911 [al.,
3186 1838 3421 1895 subdito
3446 1856 3596 1897 men-

1943 1923 2089 1995 dose]
2124 1923 2350 1996 plebem
2374 1941 2546 1980 suam
2584 1924 2815 1982 Christo
2845 1925 3137 1995 visitante,
3172 1927 3592 1984 miraculorum

1944 2012 2198 2085 insignia
2214 2029 2316 2085 per
2338 2014 2785 2086 amplitudinem
2806 2016 3020 2073 domus
3036 2022 3249 2073 sanctae
3266 2017 3595 2074 funduntur

1944 2101 2195 2168 coalitus,
2236 2118 2486 2174 quorum
2518 2102 2847 2175 pluralitas,
2909 2105 3191 2176 quoniam
3249 2105 3379 2177 ipsa
3427 2112 3593 2163 nocte

1944 2205 2254 2245 numerum
2288 2196 2613 2247 excesserat
2645 2191 2938 2263 (81),illud
2971 2193 3370 2266 evangelicum
3402 2194 3498 2251 hic
3519 2193 3589 2249 li-

1943 2278 2040 2334 bet
2058 2277 2429 2334 introducere
2455 2279 2610 2351 quod
2660 2279 2925 2336 Salvator
2944 2279 3180 2351 Joanni,
3217 2298 3320 2354 per
3348 2282 3590 2339 nuntios

1942 2366 2257 2423 sciscitanti
2307 2384 2383 2423 an
2414 2366 2539 2439 ipse
2584 2368 2662 2423 sit
2691 2369 2792 2440 qui
2817 2373 3099 2425 venturus
3127 2375 3219 2427 est
3239 2387 3610 2443 responsum,

1942 2456 2319 2511 mandaverat
2347 2473 2359 2511 :
2392 2456 2535 2512 Caeci
2565 2456 2764 2512 vident
2799 2457 2910 2529 (82)
2941 2461 3000 2513 et
3028 2456 3221 2514 claudi
3256 2457 3585 2525 ambulant,

1941 2545 2103 2600 surdi
2126 2544 2611 2617 audiunt,leprosi
2632 2545 3160 2614 mundantur,mali
3189 2548 3588 2621 corriguntur,

1940 2632 2239 2705 paralytici
2271 2639 2591 2689 curantur:
2643 2650 2897 2706 quorum
2946 2639 3143 2692 tamen
3175 2635 3393 2708 aliqua,
3427 2636 3613 2709 quod.

1939 2726 2149 2778 cuncta
2205 2738 2320 2777 non
2379 2738 2716 2792 possumus,
2794 2725 3156 2780 innotescere
3225 2729 3584 2798 satagemus.

1937 2811 2180 2866 Juvenis
2203 2810 2443 2883 quidam
2466 2810 2740 2867 omnibus
2752 2811 3034 2868 membris
3052 2812 3397 2882 dissolutus,
3414 2814 3588 2869 annis

1936 2917 2013 2955 xu
2060 2898 2376 2972 paralysim
2432 2916 2666 2971 passus,
2725 2917 3009 2955 manuum
3068 2904 3126 2956 et
3168 2901 3386 2973 pedum
3425 2918 3587 2958 care-

1938 2989 2037 3043 bat
2068 2987 2279 3054 officio,
2314 2988 2414 3059 qui
2464 2992 2773 3060 parentum
2806 2988 3147 3060 adjumente
3192 2994 3392 3046 vectus
3422 2988 3585 3059 illuc,

1938 3082 2170 3149 recepta
2218 3076 2396 3132 totius
2442 3076 2701 3149 corporis
2740 3077 3046 3149 sospitate,
3105 3077 3409 3150 signorum
3448 3079 3587 3136 fecit

1935 3165 2190 3234 initium,
2224 3169 2397 3236 atque
2427 3165 2498 3220 ad
2558 3164 2740 3222 altare
2793 3165 2950 3221 haud
3008 3165 3268 3238 segniter
3317 3183 3582 3236 currens,

173 3273 441 3329 corpore,
471 3273 650 3328 quam
694 3258 818 3328 jam
871 3272 1002 3310 cum
1048 3255 1277 3311 Christo
1344 3271 1618 3328 regnasse
1667 3257 1828 3327 [forte
1858 3240 1900 3306 Ο
1938 3255 2203 3311 omnium
2233 3253 2461 3309 Christo
2492 3252 2697 3309 laudes
2744 3253 3126 3309 clamantium
3186 3255 3585 3327 augmentavit

171 3345 455 3418 regnans]
475 3344 936 3413 demonstrabat,
960 3344 1032 3400 ad
1046 3342 1155 3399 hoc
1178 3360 1295 3416 prie
1315 3343 1538 3400 caeteris
1550 3344 1827 3416 operibus

171 3434 503 3507 approbare
524 3434 657 3506 (78),
681 3450 815 3489 cum
837 3433 1031 3489 triduo
1052 3433 1181 3504 ejus
1200 3449 1412 3505 corpus
1439 3432 1574 3489 totis
1605 3432 1825 3489 viribus

172 3523 402 3579 elevare
432 3526 783 3595 satagerent,
817 3520 984 3578 nulla
1042 3523 1113 3578 de
1146 3521 1269 3578 loco
1309 3538 1415 3577 suo
1460 3521 1649 3594 potuit
1703 3523 1825 3576 arte

174 3612 420 3668 moveri.
454 3613 576 3679 Quo
623 3628 877 3684 namque
904 3616 1184 3684 tempore,
1219 3610 1583 3683 exigentibus
1613 3609 1822 3682 culpis,

174 3700 335 3757 inter
362 3699 706 3773 praedictum
738 3716 933 3773 regem
967 3698 1306 3755 Ladislaum
1337 3704 1395 3754 et
1426 3699 1661 3755 fratrem
1712 3699 1823 3769 (79)

174 3792 310 3862 ejus
325 3788 696 3845 Salomonem
714 3787 908 3861 gravis
930 3793 1055 3844 orta
1076 3787 1286 3844 seditio
1310 3788 1517 3855 fuerat,
1550 3787 1623 3843 ob
1647 3804 1823 3859 quam

173 3878 453 3935 Salomon
484 3881 691 3951 captus
720 3878 779 3932 in
825 3893 1054 3933 carcere
1108 3877 1434 3933 tenebatur.
1494 3877 1639 3931 Cum
1688 3892 1824 3949 ergo

156 3985 275 4041 pro
306 3966 589 4023 elevando
646 3982 883 4038 corpore
927 3968 1145 4022 frustra
1174 3969 1503 4033 conaretur,
1555 3965 1823 4038 quedam

154 4056 595 4128 inclusajuxta
621 4054 928 4112 ecclesiam
988 4054 1187 4111 Sancti
1246 4053 1556 4111 Salvatoris
1606 4053 1823 4110 sumlui

222 4182 340 4253 (75)
369 4180 703 4253 Legebatur
728 4181 1155 4253 interjectz‘ones,
1189 4180 1344 4252 quod
1376 4183 1440 4234 ut
1470 4178 1623 4253 clare
1653 4195 1822 4235 men-

148 4250 367 4309 dosum
398 4250 642 4323 correxi.
682 4250 883 4307 Plura'
926 4250 1257 4323 sequuntur
1314 4251 1528 4323 menda
1577 4250 1636 4323 in
1684 4267 1822 4319 ms.,

148 4330 206 4379 et
235 4322 524 4379 nonnulla
553 4324 734 4379 etiam
781 4323 838 4379 in
903 4320 1179 4379 editione.
1238 4322 1442 4394 Priora
1488 4320 1820 4394 negligam;

150 4396 269 4452 alia
296 4411 458 4464 vero,
486 4395 583 4451 ubi
617 4394 776 4450 clara
808 4401 969 4466 sunt,
1000 4395 1314 4468 corrigam,
1346 4392 1446 4449 sed
1489 4391 1710 4447 monito
1740 4391 1820 4447 le-

158 4471 343 4523 ctore.

232 4557 353 4627 (76)
374 4553 522 4613 Illud
552 4573 678 4611 cum
702 4554 970 4629 supplevi
1003 4572 1071 4612 ex
1097 4554 1287 4611 Surio.

255 4655 350 4725 77)
384 4653 464 4709 De
485 4654 544 4710 S.
579 4653 845 4710 Ladislao
877 4668 1010 4725 rege
1031 4651 1184 4725 apud
1207 4668 1314 4725 nos
1349 4651 1659 4725 actum_e_st
1679 4652 1821 4704 tom.

156 4720 574 4798 VJun'ii,_pag.
601 4726 708 4781 315
724 4729 781 4781 et
808 4720 1212 4798 sequentibus.
1247 4723 1326 4778 De
1355 4738 1423 4777 eo
1451 4720 1674 4798 in_V_ita
1700 4736 1822 4798 an-

159 4790 598 4870 tiquaibidem,
633 4813 766 4870 pag.
791 4790 931 4852 319':
957 4819 977 4870 gn
1030 4795 1173 4850 Nam
1197 4810 1350 4870 anno
1377 4791 1602 4870 Domini
1633 4790 1822 4847 mille-

160 4865 316 4925 simo
348 4865 677 4940 centesimo
695 4865 1075 4940 nonagesimo
1120 4865 1683 4940 secundosanctum
1705 4879 1827 4940 epr-

160 4958 276 5015 puﬁs
309 4942 441 5015 ejus
473 4933 1020 5015 canonizaturﬁest.
1048 4959 1075 4987 »
1089 4939 1179 5015 Ad
1190 4953 1371 5015 quem
1390 4933 1704 5015 locum_sic_
1724 4934 1826 5015 Pe-

160 4958 276 5015 pus
309 4956 440 5011 ejus
473 4954 882 4995 canonizatum
913 4954 1020 4994 est.
1048 4954 1172 4993 »Λα
1194 4954 1368 5062 quem
1391 4954 1582 5003 locum
1614 4954 1697 4991 διο
1727 4954 1826 4989 re-

160 5012 521 5085 pebrocbius
541 5027 608 5088 :_«
634 5009 871 5088 Phrasis
888 5009 1138 5088 h_aac_es_t
1167 5009 1205 5063 il
1236 5008 1327 5088 ius
1356 5005 1662 5088 temporis,
1682 5004 1828 5088 inde

163 5077 412 5156 sumpta
428 5082 583 5156 quod
609 5080 1077 5156 canonizationis
1093 5082 1390 5156 decretum
1422 5077 1587 5150 sequi
1614 5077 1825 5156 soleret

163 5148 430 5227 corporis
446 5148 523 5209 de
537 5156 691 5208 terra
711 5151 1253 5227 elevatio.»_Eadem
1285 5151 1355 5205 de
1414 5148 1623 5227 ca_usa_
1641 5148 1829 5227 elevat

163 5219 294 5281 tum
320 5226 508 5281 fuisse
540 5241 754 5296 corpus
782 5228 838 5296 S.
879 5222 1181 5296 Stephani,
1216 5229 1390 5294 atque
1423 5222 1576 5296 adeo
1599 5219 1830 5276 formali

165 5296 616 5353 canonizatione
638 5293 857 5367 sanctis
879 5293 1203 5367 ascriptum
1226 5293 1377 5363 esSe,
1405 5293 1675 5366 pluribus
1708 5308 1835 5365 pro-

165 5369 298 5425 bavi
324 5370 386 5424 in
426 5371 754 5423 Comment.
787 5365 817 5439 §
849 5367 938 5421 38.

237 5466 426 5545 (78)Ip
439 5480 562 5545 ms;
584 5462 952 5545 approbatur;
972 5466 1033 5517 at
1054 5479 1124 5518 ne
1147 5462 1231 5545 sic
1251 5461 1494 5545 quidem
1518 5477 1729 5545 sensus
1748 5464 1837 5515 est

168 5534 740 5613 perfectus._Surius
771 5534 1004 5613 videtur
1035 5534 1388 5613 sententiam
1435 5537 1591 5613 recte
1613 5548 1838 5613 expres-

166 5603 346 5679 sisse,
379 5609 467 5665 sic
497 5606 724 5679 habens
747 5622 797 5679 zu
827 5628 855 5655 ‹‹
887 5605 999 5661 Sed
1055 5609 1124 5679 ut
1180 5604 1515 5679 ostenderet
1551 5603 1838 5659 Dominus

164 5674 394 5759 quanta
426 5675 841 5759 misericordia
871 5676 1192 5759 rexadbuc
1225 5690 1471 5731 manens
1501 5674 1561 5759 in
1602 5690 1840 5759 corpore

161 5744 460 5840 proditus
491 5747 692 5818 fuerit,
724 5763 905 5826 quam
935 5746 1113 5808 etiam
1136 5748 1264 5823 jam
1303 5760 1442 5806 cum
1498 5744 1727 5809 Christo
1758 5761 1846 5806 re-

1934 3344 2235 3417 gaudium.

2004 3434 2092 3487 36.
2144 3431 2309 3486 Alius
2369 3447 2599 3502 quoque
2655 3446 2801 3502 puer
2855 3429 3174 3502 septennis,
3210 3448 3244 3488 a
3283 3431 3582 3489 nativitate

1935 3520 2244 3578 contractis
2266 3518 2458 3575 nervis
2479 3520 2726 3591 genibus
2763 3522 2821 3575 et
2841 3518 3138 3587 manibus,
3173 3520 3583 3593 reportabatur

1935 3611 2046 3682 (83)
2074 3628 2086 3676 ;
2118 3625 2294 3681 quem
2328 3609 2441 3664 fide
2483 3606 2636 3680 pleni
2670 3611 2959 3680 parentes,
2994 3608 3147 3663 beati
3171 3609 3277 3664 viri
3299 3609 3578 3683 suffragio

1935 3700 2322 3764 conferentes,
2357 3697 2632 3770 prostrati
2654 3698 2825 3768 juxta
2854 3696 3192 3770 sepulcrum
3243 3714 3442 3753 secum
3474 3714 3579 3771 po-

1935 3792 2201 3856 suerunt,
2215 3785 2736 3862 gratiam-petituri,
2761 3802 2942 3858 quam
2957 3803 3091 3842 mox
3111 3786 3428 3854 consecuti,
3447 3803 3581 3843 con-

1932 3876 2276 3933 tractionem
2313 3891 2623 3931 nervorum
2661 3874 2721 3930 in
2751 3874 2872 3930 filio
2902 3873 3157 3931 distendi
3189 3874 3575 3943 mirabantur,

1934 3971 1990 4023 et
2008 3962 2384 4022 consolidatis
2409 3963 2658 4037 genibus
2680 3966 2737 4019 et
2755 3962 2997 4036 plantis,
3027 3979 3233 4020 omnes
3262 3979 3397 4019 eum
3428 3964 3583 4021 ince-

1932 4055 2166 4112 dentem
2199 4053 2311 4125 (84)
2341 4052 2626 4121 videntes,
2660 4052 2876 4109 Christi
2904 4069 3117 4110 nomen
3175 4052 3236 4108 in
3283 4052 3438 4109 beati
3474 4052 3583 4110 viri

1931 4196 2121 4253 gnans
2144 4195 2259 4251 praa
2305 4177 2528 4233 caeteris
2556 4178 2833 4249 operibus
2864 4194 2926 4234 se
2967 4177 3292 4250 approbare
3320 4174 3582 4233 declara-

1932 4254 2421 4393 rcii‘gfstziomon
2455 4336 2595 4393 non-
2624 4321 2749 4393 erat
2799 4318 2979 4374 frater
3029 4317 3302 4393 Ladislai,
3332 4318 3450 4393 sed
3482 4334 3583 4393 pa:

1928 4388 2156 4448 trueli's.
2219 4390 2439 4446 Forsan
2494 4388 2688 4444 latiori
2740 4404 2918 4444 sensu
2968 4393 3209 4444 vocatur
3238 4388 3433 4457 frater,
3467 4388 3583 4445 nisi

1931 4479 2094 4519 error
2143 4460 2447 4533 irrepserit
2500 4459 2638 4514 vitio
2696 4459 3410 4533 transcribentiumkaut
3460 4460 3587 4533 ipse

1932 4528 2295 4589 Carthuitius
2338 4530 2397 4585 in
2428 4546 2494 4585 eo
2541 4529 2839 4585 erraverit.
2885 4530 2965 4585 De
2995 4545 3225 4586 carcere
3253 4528 3586 4587 Solomonis

1853 4610 1901 4675 D
1933 4619 2227 4675 causaque
2256 4600 2528 4675 carceris
2548 4605 2745 4675 actum
2769 4603 2860 4675 est
2890 4600 2950 4654 in
2981 4599 3232 4675 Cpmm.,
3258 4616 3420 4656 num.
3454 4602 3582 4671 439,

1934 4670 2377 4753 ubiuetiambaec
2399 4671 2586 4753 ipsius
2607 4670 3294 4753 liberatioconfi‘rmatur.

2005 4747 2117 4817 (80)
2148 4743 2294 4823 Quid
2328 4739 2463 4798 velit
2487 4759 2599 4823 vox
2620 4742 2721 4823 illa
2740 4741 2966 4823 sn‘m‘lui,
2992 4739 3173 4823 plane.
3201 4741 3425 4813 ignoro,
3464 4741 3581 4797 nisi

1934 4811 2128 4875 forsan
2152 4816 2230 4870 sit
2247 4829 2457 4870 nomen
2487 4812 2619 4870 loci.
2649 4812 2951 4868 Bonfinius
2994 4811 3155 4867 idem
3190 4811 3459 4880 narrans,
3490 4828 3586 4869 vo—

1934 4904 2058 4946 cem
2090 4888 2265 4943 istam
2295 4884 2513 4953 omisit,
2547 4885 2632 4941 uti
2664 4889 2722 4940 et
2747 4882 2975 4953 Surius.

2005 4960 2117 5031 (81)
2147 4958 2380 5031 Editum
2405 4960 2530 5011 erat
2555 4955 2831 5012 mendose
2873 4961 3153 5024 messerat,
3177 4953 3333 5027 quod
3365 4955 3587 5011 correxi

1936 5029 2227 5088 ex'Surio.

2011 5103 2122 5175 (82)
2147 5098 2370 5175 indicat
2401 5102 2607 5175 auctor
2625 5097 2802 5175 verba
2831 5097 3047 5175 Christi
3079 5096 3283 5175 Matth.
3314 5113 3397 5175 x1,
3429 5098 3481 5168 ᾖ.
3513 5099 3587 5153 5:

1942 5167 2087 5232 ϐαδσὶ
2107 5167 2328 5239 ὐίάεηι,
2377 5169 2565 5224 claudi
2612 5170 2918 5237 ambulant,
2970 5170 3169 5242 teprosi
3224 5167 3588 5242 mundantnr.

1938 5245 2096 5303 surdi
2123 5243 2375 5314 audiunt,
2402 5243 2610 5297 mortui
2659 5244 2973 5310 resurgunt,
3002 5240 3272 5314 pauperes
3315 5240 3591 5314 evangeli-

1940 5321 2159 5374 Μηίων.
2208 5316 2280 5370 At
2329 5313 2458 5385 ipsa
2506 5314 2683 5368 verba
2710 5318 2909 5368 exacte
2939 5310 3054 5385 non
3088 5310 3270 5385 dedit,
3303 5310 3443 5381 quia
3472 5326 3590 5365 non

1944 5387 2144 5465 omnia
2167 5382 2588 5465 αρηετίιθρεοιι
2621 5387 2908 5465 quantum!
2939 5382 3254 5465 existimo;
3339 5449 3350 5460 .

2017 5459 2128 5531 (83)
2182 5452 2591 5531 Reportabatur,
2634 5452 2848 5531 idest
2874 5456 3172 5531 ferebatur.
3219 5452 3429 5531 sarius
3467 5467 3593 5531 sen-

1947 5524 2083 5587 sum
2112 5524 2380 5597 mutavit,
2413 5529 2553 5584 dum
2585 5527 2787 5595 edidit,
2808 5524 3035 5599 genibus
3062 5533 3113 5582 et
3140 5524 3399 5580 manibus
3417 5526 3594 5597 repta-

1949 5603 2057 5658 bat.

1948 5671 2293 5803 8(8.1'i)Alia
2350 5671 2628 5730 mendose
2676 5669 3007 5742 incedentes,
3060 5668 3216 5745 quod
3263 5667 3483 5735 correxi
3527 5680 3597 5726 ex

1990 5760 2137 5803 urio.

1990 5760 2137 5805 “1'10.
