3924 6210
362 319 517 393 493!

1359 331 1426 394 S.
1473 333 1864 395 STEPHANI
1905 329 2466 396 HUNGABORUM
2509 329 2761 395 REGIS.

3612 330 3770 394 12³

357 463 602 532 meritis,
634 461 916 521 laudabili
956 464 1210 522 clamore
1265 464 1754 537 glorificaverunt.
1817 467 1996 530 Quem
2031 468 2081 531 Α
2115 469 2412 535 cmperunt
2440 463 2683 536 quidam
2703 463 2879 536 jussu
2938 461 3093 535 regis
3150 475 3367 534 aquam
3415 459 3478 518 in
3509 461 3763 520 caldaria

355 569 453 608 rex
477 557 590 610 Deo
610 553 874 623 devotus,
895 571 1011 627 prae
1034 553 1214 611 nimio
1242 556 1458 627 gaudio
1479 554 1855 627 lacrymatus,
1887 571 2005 610 ma-

2111 559 2386 624 argcntea
2432 559 2489 608 et
2543 551 2701 608 dolia
2755 551 3072 618 effundere,
3131 553 3220 623 [ut
3265 551 3423 624 (89)]
3483 557 3761 608 evacuate

354 641 581 700 nibusa
601 647 758 700 terra
773 643 1048 712 levatum,
1069 645 1136 700 ad
1173 643 1357 700 altare
1387 645 1656 716 portavit,
1691 645 1790 699 ubi
1823 643 2003 699 nimio
2111 642 2470 714 sarcophago
2501 641 2714 697 certior
2744 643 2907 697 fieret
2935 641 3138 696 annuli
3192 639 3472 698 inventio.
3505 641 3619 698 Sed
3650 642 3757 698 mi-

353 730 466 802 (85)
492 729 686 788 laudis
728 732 976 805 prolato,
1008 733 1227 806 gratias
1266 733 1384 790 Deo
1405 750 1509 806 pro
1532 732 1830 788 beneﬁciis
1855 750 2001 804 prae-

2110 748 2240 785 rum
2273 731 2330 785 in
2365 733 2628 798 modum,
2654 735 2874 803 quanto
2897 730 3089 803 magis
3110 729 3303 802 liquor
3326 729 3754 787 effundebatur.

353 819 510 877 stitia
553 819 613 876 in
639 821 892 878 sanitate
931 821 1120 895 pueri,
1152 839 1288 878 cum
1321 823 1598 878 omnibus
1629 821 1730 894 qui
1760 823 2001 876 aderant
2111 825 2270 874 tanto
2295 819 2427 891 plus
2449 837 2515 876 eo
2537 824 2832 876 crescente
2857 820 3064 876 tumba
3093 819 3446 892 replebatur.
3482 821 3610 885 Quo
3638 819 3754 876 viso

351 906 747 966 favorabiliter
802 911 939 983 egit.
973 911 1066 968 Sic
1115 915 1300 966 totam
1331 915 1562 968 noctem
1595 915 1747 966 Deus
1780 927 1881 983 pro
1914 911 1995 964 fa-

351 995 496 1051 muli
518 997 611 1054 sui
641 999 1018 1056 veneratione
1048 999 1160 1069 (86)
1192 1003 1511 1056 multorum
1545 998 1768 1071 fulgore
1799 998 1994 1070 signo-

347 1100 478 1140 rum
537 1085 884 1144 mirabiliter
939 1087 1360 1160 perlustravit;
1419 1087 1673 1160 populus
1734 1105 1866 1143 vero
1911 1087 1992 1142 vi-

345 1171 569 1244 giliiset
581 1176 948 1232 orationibus
969 1175 1230 1233 intentus
1251 1176 1604 1232 miraculum
1625 1177 1994 1247 unumquod-

346 1277 460 1332 que
489 1261 734 1320 laudum
777 1264 1134 1326 clamoribus
1191 1265 1569 1322 manifestum
1629 1265 1816 1321 facere
1875 1281 1990 1319 non

343 1352 632 1409 cessabat.

415 1440 507 1496 37.
541 1441 644 1498 His
672 1442 1052 1500 inserendum
1108 1444 1340 1500 videtur
1395 1447 1452 1499 et
1510 1442 1653 1498 illud
1686 1444 1842 1516 quod
1874 1461 1989 1499 nou

343 1528 537 1586 solum
552 1529 634 1586 ibi
655 1537 994 1603 prtesentes,
1026 1533 1127 1588 sed
1168 1531 1338 1605 longe
1377 1541 1609 1604 quoque
1643 1531 1835 1604 positi,
1870 1534 1988 1588 suf-

344 1619 713 1691 fragantibus
744 1621 872 1692 ejus
903 1621 1150 1689 meritis,
1183 1621 1469 1676 celebrem
1520 1621 1817 1676 consecuti
1849 1626 1988 1676 sunt

340 1707 552 1764 salutis
580 1709 1037 1766 elfectum.Nam
1068 1726 1202 1766 cum
1233 1710 1568 1766 elevationis
1601 1710 1786 1782 ipsius
1821 1711 1985 1766 undi-

341 1814 455 1868 que
505 1797 773 1870 cmpisset
835 1798 993 1855 fama
1047 1797 1477 1868 celebrescere;
1527 1800 1703 1855 variis
1759 1799 1983 1854 obsessi

339 1885 728 1960 languoribus
749 1903 818 1943 ex
856 1888 1134 1944 omnibus
1165 1889 1472 1962 Hungaria:
1497 1889 1713 1944 finibus
1745 1889 1816 1943 ad
1849 1905 1981 1943 san-

339 1978 499 2031 ctum
530 1975 848 2046 tumulum,
885 1994 1001 2050 quo
1047 1978 1264 2050 quique
1293 1981 1561 2050 poterant
1587 1978 1780 2045 modo,
1829 1977 1987 2032 festi-

341 2079 482 2120 nare
511 2069 834 2138 cmperunt.
869 2067 980 2123 Sed
1011 2083 1144 2122 cum
1199 2067 1330 2122 aliis
1374 2066 1858 2139 prmcedentibus,
1888 2065 1984 2121 alii

335 2151 585 2225 graviori
615 2153 913 2210 debilitate
972 2155 1270 2229 prohibiti,
1331 2155 1508 2212 simul
1551 2155 1846 2227 pervenire
1885 2172 1985 2210 ne-

341 2241 592 2312 quirent,
642 2241 821 2298 simili
843 2248 1040 2300 tamen
1061 2244 1465 2300 misericordia
1493 2244 1552 2299 in
1573 2245 1667 2300 via
1691 2243 1985 2300 innumeri

339 2330 531 2404 sanati
561 2335 720 2388 sunt.
740 2331 902 2388 Unde
935 2332 994 2388 in
1041 2350 1488 2406 permansuram
1536 2335 1646 2405 (87)
1684 2333 1982 2389 beneﬁciis

338 2421 525 2475 sancti
553 2419 706 2496 regis
736 2422 1104 2490 memoriam,
1149 2422 1530 2496 quamplurcs
1574 2439 1676 2494 per
1705 2439 1836 2478 eum
1888 2439 1979 2478 sa-

342 2508 484 2580 nati,
517 2509 728 2566 redditi
749 2511 807 2566 in
831 2512 1058 2579 eodem,
1092 2513 1190 2567 ubi
1223 2512 1409 2568 sanati
1442 2518 1600 2579 sunt,
1632 2511 1856 2568 itineris
1896 2511 1978 2567 lo-

334 2613 422 2666 co,
451 2599 703 2670 grandes
734 2605 1196 2673 aggregaverunt
1237 2617 1472 2657 acervos
1531 2599 1816 2672 lapidum,
1878 2601 1976 2674 qui

333 2686 508 2759 longo
531 2687 613 2742 ibi
650 2691 912 2760 tempore
945 2692 1076 2760 post
1107 2689 1359 2745 multum
1395 2691 1552 2761 ]forte
1576 2690 1976 2761 postmodum]

329 2774 591 2830 fuerunt.
625 2775 737 2832 Sed
768 2781 825 2833 et
855 2777 1066 2832 mulier
1095 2778 1388 2849 quaedam,
1419 2794 1553 2832 cum
1592 2778 1747 2832 inter
1775 2779 1894 2832 haec
1908 2779 1974 2832 fi-

329 2860 447 2917 lius
467 2862 596 2934 ejus
645 2863 978 2922 exhalasset
1021 2865 1316 2939 spiritum,
1350 2867 1450 2938 qui
1482 2865 1592 2922 sibi
1625 2867 1812 2922 fuerat
1842 2866 1971 2922 uni-

331 2951 777 3023 cu_s,exanimati
790 2967 1002 3026 corpus
1011 2955 1182 3027 juxta
1192 2955 1345 3028 regis
1361 2953 1658 3011 tumulum
1677 2957 1968 3028 deposuit,

326 3038 430 3094 Dei
459 3045 516 3096 et
553 3041 740 3098 sancti
786 3043 914 3115 ejus
959 3059 1136 3116 super
1164 3060 1230 3100 eo
1259 3043 1644 3117 imploratura
1682 3045 1965 3101 solamen.

325 3129 472 3186 Mira
500 3131 737 3203 quidem
769 3149 882 3201 res,
913 3137 971 3188 et
1008 3134 1224 3190 nostris
1262 3133 1550 3206 stupenda
1579 3133 1964 3206 temporibus,

2109 909 2410 977 miraculo,
2451 909 2726 965 haustam
2759 925 2973 981 aquam
3019 907 3144 964 loco
3183 925 3290 964 suo
3325 907 3752 965 restituerunt:

2105 1014 2210 1052 nec
2234 1002 2448 1065 tamen,
2479 1014 2546 1053 ea
2568 998 2782 1067 refusa,
2837 997 3025 1071 magis
3055 997 3128 1052 ob
3159 997 3270 1054 hoc
3301 997 3510 1054 tumba
3537 995 3755 1070 repleta

2102 1087 2231 1140 fuit.

2172 1177 2260 1230 39.
2322 1177 2507 1242 Tunc,
2554 1180 2824 1248 cooperto
2875 1175 3164 1248 sepulcro,
3207 1174 3416 1231 laudes
3445 1179 3504 1232 et
3531 1176 3751 1249 gratias

2100 1265 2310 1320 divina:
2345 1265 2543 1336 pietati
2576 1265 3024 1338 proclamantes,
3082 1281 3217 1320 cum
3250 1265 3322 1320 de
3351 1263 3588 1321 invento
3627 1265 3766 1320 the»

2099 1370 2274 1409 sauro
2301 1354 2653 1410 beatissima;
2675 1353 2876 1410 Matris
2899 1353 2998 1410 Dei
3021 1353 3322 1427 genitricis
3355 1358 3414 1410 et
3460 1358 3750 1426 perpetuae

2094 1442 2339 1514 virginis
2365 1443 2543 1498 altare
2574 1447 3006 1515 reparaverunt,
3065 1441 3300 1500 interim
3321 1442 3500 1509 Deus,
3533 1442 3640 1515 qui
3666 1447 3754 1500 est

2097 1531 2380 1586 mirabilis
2435 1533 2492 1586 in
2553 1533 2772 1588 sanctis
2825 1532 2949 1588 suis
2989 1533 3162 1602 (Psal.
3196 1548 3364 1600 LXVII,
3391 1532 3508 1602 36),
3541 1532 3745 1589 effusis

2095 1619 2218 1675 suis
2270 1620 2558 1692 largitatis
2589 1621 2908 1688 beneﬁciis,
2962 1619 3294 1694 petentibus
3326 1619 3747 1677 miraculorum

2093 1727 2334 1763 suorum
2363 1709 2550 1780 signis
2571 1725 2632 1765 se
2654 1715 2998 1782 przesentem
3033 1727 3161 1766 esse
3193 1709 3518 1765 notiﬁcavit
3543 1710 3658 1780 (90)
3689 1711 3745 1764 in

2093 1803 2342 1864 tantum,
2382 1804 2442 1853 ut
2472 1804 2704 1870 tempus
2730 1799 2878 1854 illud
2929 1798 3242 1855 Dominicae
3287 1797 3746 1855 conversationis

2105 1887 2254 1941 inter
2275 1887 2544 1943 homines
2567 1888 2860 1944 videretur
2877 1887 3228 1956 revolutum,
3245 1888 3318 1944 de
3348 1904 3465 1960 quo
3495 1887 3742 1961 legitur:

2097 1981 2303 2030 Omnes
2330 1978 2408 2046 (9|
2429 1981 2462 2038 i,
2487 1978 2586 2048 qui
2623 1976 2917 2032 habebant
2945 1979 3212 2032 inﬁrmos
3241 1976 3418 2032 variis
3447 1976 3742 2050 languori-

2098 2066 2229 2130 bus,
2259 2067 2552 2121 ducebant
2580 2065 2712 2121 illos
2743 2067 2813 2121 ad
2845 2067 3047 2122 Jesum
3081 2071 3140 2122 et
3191 2066 3571 2123 curabantur.
3618 2066 3743 2122 Hec

2096 2155 2294 2209 omnia
2336 2155 2519 2210 virtus
2573 2155 2770 2210 divina
2798 2173 2915 2212 non
2945 2155 3134 2211 solum
3168 2156 3299 2228 ipsa
3328 2154 3443 2221 die,
3477 2155 3584 2212 sed
3616 2160 3744 2227 post

2095 2248 2354 2315 tempore
2375 2246 2485 2315 (92)
2516 2243 2720 2314 multo,
2756 2261 2858 2316 per
2903 2245 3108 2300 merita
3137 2243 3344 2300 famuli
3375 2243 3470 2300 sui
3502 2243 3744 2317 dignata

2092 2336 2180 2387 est
2201 2334 2449 2404 operari,
2483 2333 2635 2404 quod
2657 2333 2834 2388 etiam
2865 2334 2935 2389 de
2967 2332 3100 2390 aliis
3149 2332 3508 2406 regionibus,
3543 2333 3743 2389 audita

2090 2422 2505 2477 beneficiorum
2539 2422 2638 2477 Dei
2671 2422 2846 2488 fama,
2880 2439 2984 2494 pro
3031 2421 3431 2494 recuperanda
3469 2421 3740 2490 sanitate,

2089 2510 2452 2566 diversarum
2469 2510 2873 2566 valetudinum
2896 2512 3006 2583 (93)
3025 2511 3246 2567 morbis
3275 2509 3637 2579 laborantes,
3670 2511 3738 2566 ad

2089 2600 2366 2670 suffragia
2384 2601 2534 2655 beati
2551 2600 2652 2654 viri
2668 2617 2798 2656 cum
2817 2616 3029 2672 magno
3043 2598 3331 2656 desiderio
3343 2599 3738 2656 convolarent.

2087 2689 2398 2744 Comitissa
2419 2707 2549 2744 vero
2567 2689 2832 2760 quaedam
2853 2687 3737 2755 nobilitatiseximiie,matrona,

2085 2777 2320 2832 nomine
2351 2777 2606 2833 Mathide
2639 2779 2774 2848 (94),
2806 2777 2996 2833 tribus
3027 2777 3322 2833 continuis
3353 2777 3530 2834 annis
3556 2779 3735 2834 visce-

2082 2882 2212 2920 rum
2245 2866 2441 2922 dolore
2473 2873 2730 2938 gravata,
2757 2867 2884 2937 jam
2925 2866 3099 2922 morti
3141 2866 3407 2938 proxima
3436 2865 3574 2922 fuit.
3605 2868 3735 2932 Qua

2079 2971 2114 3008 a
2137 2955 2263 3008 suis
2295 2955 2353 3008 in
2390 2956 2601 3010 feretro
2633 2954 2846 3022 delata,
2883 2971 3016 3011 mox
3045 2954 3177 3027 ipsa
3232 2955 3324 3012 die
3383 2972 3504 3028 qua
3551 2957 3737 3012 sancti

2075 3043 2181 3098 viri
2239 3043 2535 3100 tumulum
2567 3043 2758 3117 attigit
2787 3043 3069 3116 paulatim
3101 3060 3162 3100 se
3179 3043 3497 3100 melioriari
3528 3045 3733 3112 sensit,

2076 3148 2143 3187 ac
2174 3131 2234 3187 in
2266 3133 2426 3188 brevi
2455 3133 2583 3188 vitae
2616 3132 2826 3204 prioris
2855 3132 3138 3205 sospitate
3177 3137 3428 3206 recepta,
3490 3150 3730 3206 magna-

325 3233 440 3276 non
472 3217 636 3293 prius
660 3237 828 3278 orare
857 3221 1069 3278 mulier
1087 3223 1313 3279 destitit
1337 3240 1514 3296 quam
1549 3224 1758 3290 filium,
1793 3240 1968 3296 quem
1998 3208 2041 3276 C
2079 3219 2158 3276 lia
2191 3220 2286 3276 Dei
2312 3237 2414 3294 per
2444 3221 2646 3277 famuli
2677 3221 2769 3277 sui
2801 3219 3011 3278 merita
3039 3221 3099 3276 in
3131 3237 3194 3278 se
3234 3225 3618 3278 remunerata
3647 3221 3730 3276 di-

323 3307 665 3366 defunctum
691 3309 1088 3380 collocaverat,
1119 3312 1406 3369 viventem
1439 3313 1678 3386 accepit.

389 3397 656 3456 38.Mane
703 3399 874 3469 facto,
906 3400 999 3456 die
1031 3406 1162 3473 post
1208 3402 1686 3474 Assumptionem
1717 3401 1962 3459 sanctis-

318 3486 484 3556 sima
511 3487 754 3562 virginis
775 3489 971 3546 Maria
1009 3489 1236 3562 quinto,
1269 3490 1746 3547 convenientibus
1778 3490 1836 3546 in
1869 3507 1962 3546 ec-

315 3575 553 3634 clesiam
585 3594 719 3635 cum
750 3594 885 3650 rege
914 3578 1300 3652 principibus,
1324 3597 1458 3636 cum
1490 3579 1640 3636 clero
1674 3579 1960 3652 pontifici-

315 3666 450 3734 bus,
485 3665 744 3740 primum
775 3667 959 3723 missa
989 3684 1093 3740 pro
1152 3668 1442 3724 defunctis
1499 3668 1787 3724 celebrata
1821 3673 1910 3725 est
1945 3689 1957 3734 ;

314 3755 527 3812 deinde
558 3755 792 3812 sublata
814 3755 1016 3812 tabula
1060 3774 1406 3826 marmorea,
1461 3775 1587 3830 quae
1627 3757 1958 3830 pavimento

311 3843 713 3916 praeminebat.
737 3843 1052 3917 Postquam
1075 3851 1416 3920 perventum
1443 3851 1532 3902 est
1569 3848 1640 3902 ad
1667 3848 1954 3916 tumbam,

312 3935 480 3988 tanta
498 3933 820 4006 fragrantia
841 3949 1016 3990 suave
1045 3935 1359 3990 redolentis
1407 3935 1602 3991 odoris
1631 3935 1691 3990 in
1723 3935 1955 4008 appari-

311 4019 470 4076 tione
493 4020 682 4092 ipsius
713 4037 916 4079 omnes
947 4023 1050 4096 qui
1095 4024 1339 4079 aderant
1361 4023 1766 4090 circumdedit,
1799 4025 1956 4096 quod

310 4107 374 4164 in
402 4108 662 4167 medium
692 4111 950 4184 paradisi
977 4111 1323 4168 deliciarum
1371 4112 1592 4168 donum
1650 4130 1713 4168 se
1756 4118 1953 4186 raptos

309 4197 710 4272 opinarentur.
746 4201 879 4274 Ipsa
925 4217 1158 4274 quoque
1188 4201 1394 4256 tumba
1441 4200 1614 4273 plena
1663 4201 1772 4256 fuit
1801 4219 1955 4275 aqua

307 4303 517 4360 parum
539 4289 793 4356 rubenti,
828 4289 997 4362 quasi
1027 4289 1153 4345 oleo
1202 4290 1502 4362 permista,
1536 4289 1594 4346 in
1627 4307 1763 4364 qua,
1793 4291 1954 4347 velut

304 4375 366 4432 in
392 4377 659 4436 balsamo
675 4378 1362 4452 liquefacto,quieverunt
1390 4397 1524 4436 ossa
1542 4381 1950 4452 pretiosa.0ui-

303 4465 418 4523 bus
463 4467 525 4523 in
567 4467 965 4526 mundissimo
1013 4467 1353 4525 linteamine
1402 4468 1679 4537 collectis,
1729 4469 1787 4524 in
1819 4469 1948 4542 ipso

2075 3309 2350 3384 vulgavit.

2144 3401 2232 3454 40.
2264 3403 2478 3456 Caetera
2523 3417 2657 3456 vero
2707 3399 3126 3456 miraculorum
3159 3399 3258 3456 Dei
3290 3401 3596 3474 prodigia,
3626 3418 3727 3474 pro

2071 3487 2382 3544 dilectione
2403 3489 2608 3544 famuli
2637 3489 2728 3545 sui
2755 3489 2984 3546 cmlitus
3015 3495 3396 3558 ostensa,non
3420 3489 3554 3545 ideo
3569 3490 3724 3562 quod

2071 3577 2511 3644 fastidiam,non
2537 3577 2756 3650 scripta
2775 3577 3190 3650 dereliqui,sed
3216 3578 3356 3650 quia
3387 3596 3506 3634 non
3528 3578 3722 3635 solum

2070 3666 2213 3722 mihi
2247 3666 2464 3739 placuit
2495 3667 2800 3735 Dominus,
2835 3667 2934 3740 qui
2966 3683 3143 3740 super
3188 3668 3374 3723 bonos
3427 3673 3489 3723 et
3534 3667 3722 3724 malos

2069 3755 2248 3812 solem
2277 3773 2451 3810 suum
2501 3756 2819 3812 clarescere
2851 3757 2987 3812 facit
3031 3757 3238 3827 (Matth.
3263 3773 3318 3824 ν,
3353 3757 3465 3829 45),
3502 3757 3721 3814 beneﬁ-

2067 3844 2291 3899 ciorum
2318 3843 2507 3916 ipsius
2540 3843 2972 3917 multiplicitate
3012 3846 3148 3916 [lege
3198 3844 3718 3917 multiplicitatem]

2065 3937 2411 3988 cunctorum
2463 3933 2700 4004 proficio
2759 3933 2872 4003 (95)
2925 3933 3352 4000 consulentem,
3387 3932 3720 3990 innumeris

2063 4020 2429 4094 sapientibus
2459 4037 2607 4093 quos
2638 4021 2934 4094 Hungaria
2993 4021 3144 4078 fovet
3203 4027 3260 4076 et
3316 4022 3713 4094 amplectitur,

2064 4109 2212 4182 style
2243 4109 2654 4166 declarandam
2685 4109 3110 4166 commendavi.
3145 4109 3297 4168 Illud
3338 4127 3475 4168 vero
3506 4113 3569 4168 in
3600 4113 3714 4168 ﬁne

2062 4198 2278 4255 codicis
2309 4203 2539 4255 tantum
2569 4199 2862 4255 adhaerere
2905 4199 3156 4267 decrevi,
3216 4201 3501 4273 quoniam
3560 4201 3710 4257 miro

2060 4287 2296 4360 pietatis
2323 4288 2424 4343 Dei
2457 4305 2698 4344 munere
2730 4288 2831 4342 diu
2871 4287 3153 4360 quaesitus
3203 4292 3260 4346 et
3289 4307 3404 4345 non
3439 4290 3712 4346 inventus

2059 4375 2336 4446 annulus,
2361 4394 2495 4433 cum
2526 4377 2655 4449 ipsa
2682 4377 2834 4433 beati
2865 4376 2973 4433 viri
3003 4378 3259 4445 dextera,
3291 4383 3424 4451 post
3453 4379 3710 4436 transla-

2055 4464 2234 4522 tionis
2262 4467 2390 4537 ejus
2421 4466 2740 4522 terminum
2770 4471 2860 4522 est
2889 4465 3317 4523 manifestatus.
3382 4467 3709 4524 Monachus

301 4554 530 4628 liquore
559 4556 893 4614 diutissime
921 4561 1010 4614 est
1030 4557 1310 4629 quaesitus
1341 4557 1615 4625 annulus,
1661 4559 1762 4632 qui
1795 4559 1948 4616 beati
1977 4578 2024 4644 D
2057 4554 2562 4626 quidam,nomine
2584 4555 2928 4624 Mercurius,
2954 4555 3055 4629 qui
3077 4555 3137 4611 in
3160 4557 3362 4613 ordine
3385 4555 3703 4612 clericatus

298 4645 408 4701 viri
430 4645 676 4702 dexterae
699 4647 811 4719 (88)
833 4647 1023 4703 fuerat
1043 4646 1370 4720 impositus.
1407 4649 1528 4715 Quo
1551 4665 1664 4704 non
1687 4649 1940 4719 invento,

391 4806 482 4882 85)
513 4807 1100 4882 Legendumopinor,
1133 4807 1336 4882 hymno
1387 4809 1568 4865 laudis
1602 4810 1836 4882 prolato.

515 4877 721 4953 forms.
752 4877 985 4953 legitur,
1013 4897 1114 4952 per
1152 4877 1356 4952 famuli
1391 4883 1481 4936 sui
1519 4877 1940 4938 venerationem.

391 4948 482 5024 87)
519 4949 754 5024 Editum
787 4948 911 5024 e'rat
927 4948 1030 5024 pe;
1043 4948 1382 5022 mensuram,
1403 4953 1504 5008 sed
1527 4953 1808 5009 mendum
1824 4971 1944 5010 cor-

296 5023 508 5106 reilr’ive‘x
527 5021 715 5106 git-io,
741 5023 843 5094 qui
865 5021 1286 5106 sensum‘recte
1315 5024 1620 5106 expressit.

365 5091 483 5165 (88)
529 5089 778 5148 Εᾶίὶυῐῐὶ
820 5099 946 5151 erat
995 5095 1241 5160 dextera,
1275 5101 1334 5150 at
1388 5089 1446 5150 in
1480 5096 1648 5150 Surio
1679 5095 1937 5152 duriorum

291 5163 564 5239 Annulus
595 5169 792 5239 autem
822 5166 1066 5239 dextera:
1089 5167 1112 5220 f
1113 5166 1424 5239 uitimposi
1437 5173 1530 5224 tus
1556 5172 1828 5239 tempore
1848 5186 1937 5224 se-

291 5234 561 5306 pultura.
597 5235 870 5302 Quesitus
900 5237 997 5292 ille
1034 5242 1125 5294 est
1158 5234 1584 5309 Asine'dextcra,
1629 5234 1784 5309 quod
1817 5237 1938 5295 haec

289 5309 626 5381 crederetur
644 5313 920 5381 corrupta
938 5325 1070 5364 cum
1095 5307 1320 5380 reliquo
1343 5325 1600 5381 corpore.

327 5379 576 5505 Ιὲἓερῃῐῐξ
608 5377 940 5452 appositum
972 5386 1062 5437 est
1109 5398 1178 5437 ex
1219 5377 1391 5437 Surio
1435 5377 1509 5436 ad
1554 5396 1794 5436 sensum
1837 5396 1934 5436 ex-

287 5462 594 5517 piendum.

355 5522 468 5595 (90)
496 5521 658 5595 Alias
690 5521 988 5595 mendose,
1017 5524 1335 5595 noti/icabit.

353 5591 470 5718 [(31)
498 5592 727 5718 Igdicat
746 5591 942 5648 locum
990 5591 1141 5650 Luc.
1169 5612 1247 5666 ιν,
1271 5596 1359 5664 40,
1394 5595 1451 5650 in
1480 5594 1595 5650 fine
1623 5591 1930 5666 paululum

411 5680 444 5718 a
474 5680 509 5718 u
583 5703 597 5716 .

281 5670 597 5719 mutatum.

355 5732 474 5819 (92)
511 5730 756 5799 Editum
785 5735 911 5790 erat
929 5737 1222 5810 temporis;
1253 5740 1315 5796 at
1342 5737 1626 5796 mendum
1662 5752 1733 5796 ex
1761 5734 1931 5801 Surio

369 4805 387 5019 ἓ

2054 4643 2318 4700 thesauri
2348 4648 2640 4717 perpetuae
2669 4643 2929 4718 Virginis
2987 4649 3186 4702 custos
3244 4646 3454 4713 fuerat,
3499 4649 3557 4702 et
3578 4647 3704 4717 jam

2056 4805 2490 4944 suggmlrrlims.
2516 4877 2955 4935 invaletudinum
2973 4895 2994 4942 ,ο
3025 4879 3128 4935 sed
3161 4879 3317 4936 idem
3346 4883 3437 4936 est
3465 4897 3700 4938 sensus.

2145 4951 2235 5016 94)
2274 4951 2442 5022 Apud
2492 4949 2730 5005 Surium
2789 4951 3091 5022 Matii-fidis,
3145 4949 3229 5006 uti
3289 4951 3468 5007 etiam
3526 4951 3703 5008 habet

2053 5019 2354 5076 Bonﬁnius
2379 5021 2438 5075 in
2470 5022 2898 5078 Commentario
2928 5021 3202 5078 laudatus
3229 5039 3394 5079 num.
3429 5023 3556 5079 446.

2122 5093 2232 5163 (95)
2268 5093 2435 5146 Forte
2493 5092 2804 5165 legendum
2858 5095 3118 5165 proﬁcuo,
3176 5093 3234 5149 id
3285 5098 3375 5165 est
3431 5094 3696 5162 utilitati,

2050 5163 2764 5238 commodo/Fota'period
2778 5163 2998 5238 iishaec
3027 5169 3325 5238 utcunque
3354 5163 3555 5238 luxata
3589 5172 3696 5238 est,

2049 5233 2212 5306 Illam
2247 5234 2454 5290 Surius
2485 5233 2772 5306 expressit
2802 5235 2911 5292 hoc
2942 5236 3114 5292 modo
3144 5253 3158 5291 :
3183 5259 3210 5286 ‹‹
3230 5233 3362 5292 Alia
3406 5236 3698 5294 miracula

2047 5305 2268 5381 czelitus
2291 5305 2617 5381 perpetrata
2642 5323 2760 5362 non
2795 5307 3009 5381 idcirco
3035 5307 3412 5381 praetermisi,
3441 5309 3600 5381 quod
3632 5325 3700 5365 ea

2044 5377 2342 5432 fastidiam
2365 5395 2378 5447 ;
2400 5377 2512 5434 sed
2543 5394 2677 5433 cum
2709 5396 2825 5434 non
2850 5377 2993 5433 mihi
3021 5377 3123 5434 uni
3169 5380 3336 5447 pluat
3381 5377 3694 5446 Dominus,

2045 5448 2144 5520 qui
2177 5447 2362 5522 solem
2395 5466 2570 5522 suum
2601 5449 2740 5505 oriri
2770 5450 2909 5506 facit
2961 5459 3138 5522 super
3169 5447 3362 5522 bonos
3393 5455 3452 5506 et
3483 5451 3694 5516 malos,

2041 5523 2267 5594 tantam
2291 5520 2705 5594 beneficiorum
2729 5523 2858 5593 ejus
2875 5520 3124 5594 copiam,
3150 5521 3420 5594 omnium
3455 5523 3694 5594 utilitati

2041 5589 2346 5665 consulere
2360 5589 2963 5665 cupiens,innumeris
2977 5591 3342 5665 sapientibus
3364 5593 3530 5662 viris,
3547 5589 3693 5665 ques

2041 5661 2340 5790 ξθιίρῃξῖαέἐε.
2358 5661 2509 5720 fovet
2530 5666 2587 5720 et
2605 5663 3029 5742 complectitur,
3046 5661 3195 5744 style
3215 5661 3690 5746 prosequendum

2128 5751 2147 5790 1
2316 5775 2330 5790 .
2358 5755 2390 5787 ὶὶ

2040 5749 2330 5816 relinquo.
2358 5755 2390 5787 »
