3924 6210
173 380 336 448 1938
1486 384 1788 451 MONITA

1991 389 2276 455 FILIUM.

3424 396 3587 469 1284

172 520 287 592 (96)
318 536 428 594 per
457 526 723 577 amorem
749 518 1000 577 caelestis
1041 518 1239 593 patrias
1287 520 1497 577 saeculo
1528 521 1825 579 renuntia-
1855 525 1910 593 Α
1938 530 2181 583 cunctos
2204 525 2487 584 virtutum
2512 527 2731 599 gradus
2761 526 3094 587 ascendere.
3126 527 3290 588 Unde
3314 531 3436 604 [τηις.
3468 531 3580 591 Ve-

170 612 352 676 verat,
387 610 523 682 ipsa
566 609 710 665 hora
760 627 879 681 qua
924 609 1192 665 tumulus
1240 614 1475 682 apertus
1515 612 1721 680 fuerat,
1754 630 1826 669 ne
1935 619 2089 689 rum]
2120 617 2346 674 Veritas
2377 618 2458 674 ait
2502 619 2561 673 in
2612 617 2921 690 Evangelia
2954 636 2966 674 :
3000 622 3156 676 Beati
3183 622 3583 690 misericordes,

173 698 314 771 quid
346 701 694 754 sanctarum
724 698 1104 770 reliquiarum
1136 704 1386 771 raperet,
1418 700 1826 773 redargutione
1935 711 2195 779 quoniam
2239 709 2347 779 ipsi
2387 708 2823 764 misericorde
2866 713 3261 779 consequentur
3284 711 3489 781 (Matth.
3519 730 3576 780 ν,

171 785 351 859 regali
386 786 592 859 procul
622 788 758 842 inde
788 790 876 843 est
904 791 1183 843 remotus.
1217 787 1321 842 Cui
1352 788 1507 843 tristi
1554 789 1721 845 vultu
1765 789 1822 844 in

170 876 348 931 choro
381 876 665 931 rea’denti
705 877 941 947 juvenis
998 877 1262 948 quidam,
1298 876 1446 932 albis
1488 878 1822 945 vestitutus,

170 981 438 1037 pannum
474 965 804 1021 involutum
831 965 1299 1033 tradidit,dicens
1321 983 1333 1020 :
1359 966 1525 1021 Hune
1548 967 1648 1022 tibi
1674 985 1822 1023 com-

170 1054 383 1109 mendo
418 1054 936 1123 servandum,cum
964 1058 1199 1127 tempus
1229 1055 1423 1120 fuerit,
1452 1056 1825 1111 manifestan-

170 1144 333 1199 dum.
362 1143 505 1199 Post
534 1142 981 1216 completionem
1014 1143 1189 1199 oftlcii
1220 1146 1368 1199 sacri
1410 1145 1732 1201 monachus
1760 1146 1820 1201 in

169 1231 404 1305 angulis
429 1231 649 1288 domus
676 1249 937 1305 pannum
969 1233 1262 1305 expendit,
1286 1233 1690 1307 integramque
1719 1236 1819 1291 Dei

166 1320 271 1376 viri
302 1337 552 1377 manum
596 1338 732 1377 cum
782 1322 997 1377 annulo
1051 1321 1281 1377 mirifici
1332 1323 1524 1395 operis
1554 1340 1817 1391 cernens,

168 1410 414 1483 expavit,
450 1414 630 1482 atque
679 1426 900 1478 secum,
949 1411 1182 1466 nomine
1233 1411 1469 1478 sciente,
1504 1411 1575 1467 ad
1624 1429 1821 1467 mona-

167 1500 433 1567 sterium,
475 1499 635 1572 quod
666 1517 772 1557 suo
799 1499 1067 1573 regimini
1107 1501 1577 1556 commendatum
1609 1501 1816 1567 fuerat,

164 1592 398 1661 tempus
430 1606 466 1643 a
487 1590 705 1661 juvene
736 1590 845 1644 sibi
879 1588 1245 1661 praedictum,
1276 1607 1310 1645 a
1340 1590 1567 1646 Christo
1589 1594 1819 1662 praesto-

168 1677 858 1749 laturus,deportavit,ibi
891 1678 989 1732 diu
1023 1677 1184 1734 solus
1216 1678 1539 1734 abseonditi
1574 1679 1634 1733 in
1676 1695 1816 1752 agro

167 1766 423 1823 thesauri
458 1768 789 1822 custodiam
819 1770 876 1822 et
907 1767 1181 1823 excubias
1212 1768 1480 1823 decrevit.
1514 1768 1649 1824 Post
1678 1768 1815 1823 fun-

170 1857 394 1912 datores
427 1856 621 1929 ipsius
652 1856 897 1915 coenobii
927 1857 1191 1913 conscios
1221 1858 1335 1927 (97)
1374 1857 1530 1925 fecit,
1561 1859 1631 1913 ad
1678 1856 1811 1912 ulti-

169 1962 327 2001 mum
355 1947 868 2018 appropinquante
887 1951 1147 2018 tempore
1168 1946 1248 2001 rei
1268 1945 1814 2019 declarandae,regis

168 2035 236 2091 ad
268 2035 541 2091 notitiam
572 2036 860 2107 perduxit.
893 2036 1000 2100 Qui
1031 2051 1184 2103 mox,
1220 2035 1494 2091 adunatis
1524 2035 1812 2108 episcopis

168 2128 222 2180 et
250 2124 561 2197 Hungarize
592 2124 820 2198 primis,
844 2123 1046 2181 multis
1077 2142 1109 2179 a
1138 2124 1366 2180 Christo
1393 2125 1811 2181 miraculorum

156 2213 223 2281 (in
252 2213 673 2270 beneficiorum
702 2214 818 2285 (98)
843 2214 1117 2287 erogatis,
1148 2212 1368 2270 elevare
1397 2212 1506 2269 viri
1544 2214 1646 2269 Dei
1676 2215 1812 2270 dex-

166 2308 297 2359 teras
328 2304 501 2359 diem
520 2303 728 2359 statuit
757 2303 1132 2360 celebritatis.

234 2392 319 2446 41.
352 2391 504 2457 Quid
529 2396 637 2457 est,
670 2393 897 2459 fratres,
933 2392 1088 2464 quod
1121 2392 1344 2448 caeteris
1375 2392 1657 2448 membris
1691 2392 1809 2447 dis-

171 2478 373 2536 solutis
402 2483 458 2535 et
486 2481 551 2535 in
595 2479 831 2552 pulvere
856 2497 1028 2536 carne
1058 2481 1310 2548 redacta,
1342 2480 1575 2553 penitus
1605 2481 1810 2536 defun-

170 2569 296 2637 ctis,
353 2569 597 2642 solaque
651 2570 888 2625 dextera
941 2586 1152 2625 manus
1207 2570 1460 2638 ossibus,
1495 2574 1625 2626 cute
1677 2587 1810 2626 cum

173 2657 355 2714 nervis
405 2658 758 2727 adhaerente,
803 2676 920 2714 suae
966 2659 1217 2715 servavit
1262 2660 1416 2714 Deus
1458 2658 1812 2731 integritatis

173 2746 314 2819 (99)?
344 2748 470 2803 Non
506 2748 631 2817 (ms.
665 2747 767 2812 nil]
799 2747 956 2802 aliud
988 2747 1253 2812 arbitror,
1289 2748 1401 2804 nisi
1446 2748 1625 2803 divini
1676 2765 1809 2804 con-

172 2832 281 2891 silii
302 2836 701 2908 profunditate
718 2837 776 2891 in
794 2837 973 2908 hujus
988 2837 1329 2893 excellentia
1349 2838 1535 2893 sancti
1557 2837 1812 2893 voluisse

170 2923 441 2981 declarari
472 2924 879 2982 dissolutionis
910 2926 1056 2998 (100)
1109 2942 1279 2999 opus,
1326 2932 1385 2981 et
1430 2926 1810 3000 eleemosynaa

237 3067 344 3149 (96)
382 3072 447 3123 In
494 3085 608 3123 ms.
648 3067 1186 3149 .l.egitur_ecclesia3,
1238 3070 1338 3124 sed
1398 3071 1694 3149 mendose,
1738 3072 1809 3149 _i_n

173 3139 425 3212 editione
444 3156 583 3212 vero
612 3139 779 3212 etiam
808 3139 982 3195 unica
1008 3156 1168 3205 voce,
1220 3157 1396 3212 quam
1442 3140 1499 3195 in
1543 3142 1690 3198 duas
1721 3143 1807 3197 di-

168 3209 292 3285 visi,
324 3216 388 3265 ut
415 3211 595 3267 habet
643 3211 871 3279 Surius,
922 3228 1056 3267 cum
1105 3212 1188 3266 sic
1237 3209 1449 3267 sensus
1498 3212 1574 3267 sit
1622 3215 1807 3285 perfe-

171 3282 324 3337 ctior.

236 3353 343 3425 (97)
374 3358 439 3408 In
490 3370 604 3427 ms.
653 3354 942 3427 consocios.
994 3353 1248 3427 Utraque
1295 3353 1416 3427 bare
1458 3371 1566 3410 vox
1614 3356 1806 3427 requi-

172 3422 243 3497 rit
269 3422 334 3479 ut
354 3429 499 3497 ante
527 3423 756 3497 legatur
783 3424 1119 3497 fundatores,
1151 3422 1253 3481 ubi
1286 3425 1508 3480 editum
1530 3430 1653 3481 erat
1671 3422 1806 3497 fun-

170 3493 466 3557 datoribus;
499 3493 689 3551 simile
722 3493 998 3551 mendum
1019 3514 1152 3552 mox
1175 3502 1501 3552 correctum
1533 3515 1600 3553 ex
1621 3493 1807 3565 surio,

173 3572 227 3641 et
272 3584 371 3638 pro
418 3568 697 3639 temporis,
744 3566 830 3622 uti
885 3565 1035 3624 male
1085 3572 1208 3623 erat
1257 3568 1503 3635 editum,
1553 3568 1809 3641 positum

171 3638 418 3705 tempore.

238 3709 346 3779 (98)
374 3708 478 3765 Hic
508 3726 745 3781 rursum
778 3725 943 3781 asque
974 3710 1173 3765 omnia
1204 3715 1343 3765 sunt
1370 3711 1667 3767 mendosa.
1704 3712 1811 3767 Pro

171 3780 677 3853 inubeneﬁciorum,
707 3780 1012 3853 legendum
1059 3782 1325 3853 suspicor
1366 3782 1600 3837 interim
1636 3784 1810 3838 bene-

173 3849 335 3920 ﬁciis,
368 3849 425 3908 et
458 3870 592 3907 mox
641 3870 743 3924 pro
764 3849 993 3918 Elerare,
1038 3849 1492 3911 clcvd-ndmAudi
1523 3854 1762 3909 Surium
1798 3872 1810 3910 :

174 3942 199 3968 ‹‹
238 3926 635 4005 18.ξ’θΓρ,.ῙΠΟΧ
663 3923 866 4006 accitis
879 3999 888 4006 ι
913 3924 1201 4006 episcopis
1229 3928 1306 4006 ει
1340 3925 1661 4006 ,Ημηεθςίεε
1705 3925 1815 4006 pri-

172 3993 365 4050 mariis
389 3994 552 4061 viris,
585 4011 717 4049 cum
749 3994 934 4050 multa
952 3993 1196 4050 interim
1222 3993 1816 4053 Christus'miraculo-

172 4066 607 4139 rumgbeneficia
661 4066 979 4139 exhiberet.
1033 4066 1321 4139 celebrem
1390 4069 1633 4139 praefixit
1660 4071 1816 4125 diem

174 4133 317 4190 beati
349 4137 504 4193 regis
537 4138 783 4192 dexterae
814 4137 1123 4193 elevandae.
1160 4160 1187 4186 ››

180 4273 190 4284 0
243 4205 352 4278 (99)
386 4205 625 4284 Phrasis
654 4208 774 4284 hazc
804 4208 1006 4284 luxata
1030 4213 1119 4264 est
1167 4208 1225 4284 in
1280 4209 1531 4284 editione
1560 4229 1724 4283 Inque
1755 4230 1820 4267 ac

178 4278 231 4351 in
260 4280 489 4351 ms.,uti
523 4278 789 4351 pluribus
820 4279 962 4335 locis
984 4281 1109 4350 jam
1132 4281 1427 4336 observavi
1460 4282 1614 4337 circa
1629 4278 1820 4339 'tinem

175 4344 345 4418 hujus
369 4344 745 4406 VitaeISurius
778 4368 906 4407 eam
930 4344 1164 4406 exhibet
1186 4352 1632 4423 integram,sive
1662 4357 1819 4426 quod

1932 797 2010 866 7).
2043 798 2113 852 Et
2142 798 2279 852 item
2314 813 2326 850 :
2368 798 2518 862 Date,
2568 801 2619 853 et
2664 796 2888 852 dabitur
2929 798 3084 862 nobis
3137 798 3288 869 (Luc.
3336 816 3414 866 vr,
3460 801 3575 871 38).

1933 890 2077 941 Item
2110 886 2167 940 in
2202 885 2314 941 alio
2344 885 2470 941 loco
2507 904 2520 941 :
2554 885 2718 942 Sicut
2746 903 2900 958 aqua
2928 887 3220 960 extinguit
3248 888 3465 961 ignem,
3498 889 3579 946 ita

1933 974 2299 1047 elccmosyna
2355 974 2643 1047 extinguit
2709 979 3011 1045 peccatum
3070 977 3259 1045 (Eccli.
3318 991 3406 1045 Ill,
3463 978 3573 1049 33).

1931 1062 2135 1118 Merito
2165 1078 2299 1133 ergo
2330 1064 2451 1133 (ms.
2470 1067 2622 1130 vero]
2653 1062 2805 1118 beati
2836 1062 2959 1118 Viri
2990 1064 3228 1120 dextera
3251 1065 3363 1122 fuit
3390 1065 3580 1124 aliena

1931 1150 2278 1223 putredinis,
2312 1169 2437 1223 quae
2468 1167 2699 1225 semper
2736 1151 2968 1224 pietatis
3012 1151 3154 1209 ﬂore
3202 1154 3573 1225 reviviscens,

1933 1241 1988 1295 in
2023 1240 2246 1295 alendis
2276 1241 2631 1312 pauperibus
2664 1255 2988 1312 numquam
3016 1258 3201 1299 vacua
3246 1242 3357 1299 fuit
3403 1243 3574 1301 donis

1929 1328 2303 1401 erogationis,
2336 1329 2606 1385 subvenit
2666 1329 2725 1384 in
2759 1330 3104 1385 necessitate
3134 1330 3575 1402 positis,libera-

1929 1418 2012 1472 vit
2026 1433 2337 1490 oppressos
2354 1435 2387 1473 a
2398 1419 2544 1489 jugo
2560 1417 3124 1488 captivitatis,vestes
3136 1424 3192 1475 et
3211 1419 3572 1493 hospitalita-

1928 1510 2015 1562 tes
2037 1507 2285 1578 praebuit
2306 1506 2962 1578 peregrinis,viduarum
2983 1507 3445 1580 etorphanorum
3468 1509 3575 1566 mi-

1928 1595 2109 1652 serias
2137 1600 2194 1651 et
2220 1595 2574 1668 indigentiae
2605 1612 2742 1651 suas
2772 1610 2899 1652 esse
2937 1597 3318 1668 computavit,
3346 1614 3573 1657 caenam

1928 1686 2097 1756 (101),
2131 1689 2187 1741 et
2216 1685 2562 1741 mandatum
2594 1684 2963 1740 Dominicum
2985 1685 3045 1740 in
3076 1684 3339 1742 lavandis
3361 1702 3573 1760 egeno-

1926 1791 2058 1829 rum
2087 1775 2336 1846 pedibus
2365 1773 2625 1845 quotidie
2655 1772 3415 1846 renovavit.Eleemosynam
3455 1791 3575 1832 non

1925 1864 1995 1919 de
2027 1864 2249 1935 rapina,
2284 1862 2372 1918 vel
2402 1863 2651 1918 aliorum
2684 1863 2918 1931 damno,
2955 1863 3052 1918 sed
3088 1864 3159 1919 de
3198 1862 3448 1936 propriis
3489 1864 3573 1921 fa-

1926 1953 2262 2020 cultatibus,
2309 1952 2601 2008 confluere
2654 1952 2810 2008 fecit.
2843 1952 2917 2008 Ut
2963 1953 3170 2009 domos
3219 1952 3321 2010 Dei
3366 1952 3574 2010 divites

1923 2043 2193 2110 efﬁceret,
2226 2041 2339 2097 sibi
2366 2041 2725 2097 voluntatem
2758 2042 2877 2112 [ma
2912 2041 3277 2114 facultatem]
3316 2041 3573 2099 habendi

1922 2132 2232 2199 subtraxit,
2267 2130 2467 2202 sicque
2497 2129 2725 2186 cunctis
2748 2129 2823 2185 ad
2853 2134 3064 2187 nutum
3095 2130 3399 2203 dignitatis
3438 2146 3571 2203 pro-

1923 2220 2147 2288 ﬁciens,
2179 2236 2414 2276 carnem
2446 2236 2614 2274 suam
2647 2235 2781 2274 cum
2807 2219 2966 2275 vitiis
2997 2222 3056 2275 et
3082 2219 3573 2291 concupiscentiis

1922 2308 2369 2379 cruciﬁxit(Gal.
2403 2325 2457 2374 v,
2484 2310 2595 2379 24).
2626 2309 2766 2364 Inde
2797 2311 2887 2363 est
2916 2307 3175 2380 corporis
3218 2312 3277 2364 et
3323 2308 3569 2365 dextera:

1921 2397 2284 2454 delectabilis
2332 2401 2387 2452 et
2436 2397 2705 2452 miranda
2755 2396 3068 2465 veneratio,
3120 2397 3256 2454 inde
3294 2395 3484 2453 dulcis
3513 2400 3573 2454 et

1921 2487 2057 2543 felix
2087 2490 2310 2542 aeternas
2342 2486 2467 2540 vitae
2499 2484 2825 2555 retributio,
2858 2485 2994 2540 inde
3029 2484 3438 2542 desiderabilis
3468 2502 3569 2541 su-

1921 2591 2232 2648 pernorum
2291 2574 2505 2630 civium
2562 2572 2937 2640 cohabitatio,
2987 2571 3086 2628 ubi
3143 2572 3386 2629 irradiat
3441 2574 3568 2645 [ηις.

1922 2665 2365 2735 radiat]semper
2393 2662 2596 2718 lucens
2625 2666 2681 2717 et
2713 2660 3053 2717 indeﬁciens
3083 2661 3362 2734 splendor
3390 2662 3570 2718 unius

1922 2768 2285 2824 summaeque
2317 2752 2570 2818 deitatis,
2602 2750 2786 2806 Patris
2816 2754 2875 2806 et
2905 2749 3037 2806 Filii
3062 2754 3120 2806 et
3147 2750 3402 2823 Spiritus
3433 2768 3567 2809 san-

1920 2843 2020 2911 cti,
2051 2858 2153 2915 per
2173 2841 2404 2897 intinita
2425 2839 2640 2896 saecula
2669 2838 3035 2895 saeculorum.
3063 2840 3269 2895 Amen.

1918 3074 2096 3131 talem
2126 3075 2185 3128 in
2219 3090 2324 3128 suo
2359 3090 2469 3128 ms.
2494 3071 2925 3140 invenerit,sive
2955 3070 3111 3143 quod
3143 3069 3571 3143 mendacorre-

1919 3145 2084 3225 xerit.
2116 3145 2306 3225 Verba
2348 3143 2537 3225 ipsius
2589 3143 2785 3225 accipe
2818 3160 2830 3197 :
2875 3165 2903 3192 ‹‹
2932 3141 3046 3225 seq
3086 3141 3227 3225 quid
3260 3141 3562 3225 sibi‘vult,

1921 3218 2126 3272 fratres
2177 3216 2313 3279 mei,
2364 3212 2537 3286 Quod,
2588 3212 2810 3270 caeteris
2862 3212 3153 3286 membris.
3192 3212 3466 3269 resolutis
3513 3216 3572 3268 et

1922 3304 2093 3343 carne
2123 3287 2182 3341 in
2214 3283 2511 3358 pulverem
2545 3283 2994 3358 _redacta,solam
3026 3284 3290 3358 dextram
3320 3298 3568 3340 manum

1918 3375 2052 3414 cum
2084 3354 2233 3429 ejus'
2253 3362 2407 3424 cute,
2441 3356 2674 3413 ossibus
2713 3361 2771 3413 et
2816 3356 3030 3425 nervis,
3072 3359 3226 3411 Deus
3275 3354 3565 3427 integram

1918 3429 2322 3486 conservavit?
2350 3452 2371 3480 ι

1988 3501 2134 3571 (100)
2162 3504 2284 3555 Vox
2311 3499 2430 3554 haec
2463 3499 2674 3571 iterum
2704 3497 2903 3555 luxata
2928 3497 3177 3571 videtur,
3212 3494 3327 3571 nisi
3368 3495 3565 3571 disso-

1919 3566 2067 3627 lutio
2099 3566 2457 3642 captivorum
2476 3569 2950 3642 intelligaturaut
2969 3566 3277 3642 dissolutio
3290 3570 3569 3642 sumatur

1918 3660 2022 3716 pro
2053 3638 2416 3716 remissione.
2460 3640 2621 3716 Alias
2650 3638 2965 3716 légendum
2995 3638 3563 3716 est,.dish°_i_lmtienis.

1917 3707 2138 3788 pictatis
2166 3713 2578 3788 misericordia,
2630 3707 2739 3767 aut
2778 3712 2918 3784 quid
2967 3707 3180 3775 simile,
3229 3708 3314 3765 uti
3357 3724 3567 3767 conse-

1923 3786 2161 3859 quentia
2176 3786 2510 3859 insinuant.

1994 3856 2141 3929 (101)
2164 3852 2291 3929 Vox
2319 3873 2528 3929 comam
2556 3855 2615 3910 in
2646 3871 2754 3929 ms.
2781 3854 3055 3929 jungitur
3082 3868 3226 3929 cum
3269 3848 3568 3929 sequenti-

1923 3921 2056 4001 bus,
2091 3921 2173 4001 uti
2205 3928 2395 4001 posui.
2429 3929 2537 4001 Per
2566 3921 3300 4001 mandatum'Dominicum
3331 3921 3466 3978 mox
3485 3921 3570 4001 in-

1924 3999 2132 4071 telligit
2178 3994 2350 4055 verba
2396 3998 2607 4053 Christi
2652 3998 2821 4053 Joan.
2875 3998 3158 4071 xm,’1ti:
3193 3994 3252 4071 Si
3302 3999 3569 4071 ergoego

1930 4064 2231 4148 lavivpcdcs
2265 4075 2461 4148 uestros
2491 4072 2754 4148 Dominus
2782 4070 3146 4148 eimqgister,
3178 4070 3231 4123 et
3258 4081 3348 4148 vos
3370 4064 3576 4148 delictis

1926 4135 2085 4197 alter:
2123 4143 2350 4201 alterius
2383 4144 2567 4197 lavare
2587 4141 2766 4211 pedes,
2799 4144 2907 4197 etc.
2940 4135 3072 4211 Haec
3104 4154 3238 4211 cum
3280 4135 3340 4191 in
3372 4135 3578 4192 ultima

1929 4231 2099 4291 emno1
2120 4212 2430 4291 discipulis
2460 4208 2965 4291 suis—mandaverit
2993 4208 3574 4291 Do‘minus,sanctus-

1931 4303 2044 4358 que
2074 4281 2437 4358 factitaverit,
2471 4300 2694 4337 scenam
2745 4287 2803 4337 et
2848 4281 3195 4337 mandatum
3225 4281 3457 4334 Domini
3487 4292 3578 4332 re-

1935 4352 2207 4412 novatum
2239 4352 2379 4409 dicit
2408 4358 2627 4409 auctor.

1617 4641 2128 4737 MONITA.

376 4814 613 4885 Quibus
643 4815 1001 4896 Stephanus
1030 4816 1229 4878 filium
1264 4816 1617 4879 Emericum
1650 4820 1974 4898 instruxit,
2006 4827 2078 4884 ut
2109 4835 2370 4897 regnum
2406 4820 2570 4878 recte
2602 4816 2831 4897 pieque
2866 4809 3357 4875 administraret.

238 5060 598 5134 Quamquam
629 5063 921 5120 incertum
953 5065 1030 5121 sit
1061 5084 1132 5122 an
1166 5068 1223 5123 S.
1248 5066 1579 5140 Stephanus
1610 5088 1672 5126 se
1702 5088 1879 5144 regno
1912 5073 2181 5128 abdicare
2211 5069 2458 5126 voluerit
2486 5068 2546 5125 in
2571 5067 2821 5143 gratiam
2851 5065 2954 5123 ﬁlii
2986 5066 3259 5139 Emeriei,
3287 5069 3347 5125 id
3378 5069 3581 5123 tamen

174 5152 385 5205 certum
415 5155 663 5217 est,eum
697 5152 815 5207 filio
849 5168 955 5208 suo
987 5172 1230 5226 regnum
1264 5157 1686 5229 destinasse,ac
1719 5160 1862 5215 nihil
1896 5159 2337 5235 prmtermisisse
2367 5176 2482 5231 quo
2513 5177 2647 5215 eum
2670 5157 2929 5215 erudiret
2956 5161 3023 5214 ad
3058 5161 3280 5216 rectam
3302 5157 3584 5233 piamque

176 5235 429 5307 ejusdem
458 5238 620 5310 regni
654 5239 1242 5299 administrationem.
1296 5249 1654 5302 Documenta
1683 5248 1802 5304 filio
1833 5250 1987 5319 data,
2023 5266 2148 5321 quae
2180 5249 2525 5305 brevissimo
2557 5248 2901 5321 compendio
2932 5246 3412 5305 commemoravit
3439 5245 3581 5300 Car-

175 5322 417 5381 thuitius
447 5343 610 5381 num.
641 5330 732 5394 26,
757 5327 1122 5386 luculentum
1150 5331 1254 5403 pia:
1286 5332 1445 5389 illius
1475 5351 1625 5390 cura:
1665 5337 1926 5409 praebent
1967 5338 2400 5409 testimonium;
2450 5339 2744 5411 simulque
2794 5338 3114 5395 ostendunt
3163 5336 3356 5411 qualis
3406 5334 3584 5390 fuerit

173 5413 491 5504 Stephanus
516 5415 657 5487 ipse,
690 5433 826 5473 cum
859 5418 1173 5477 verisimile
1204 5439 1320 5477 non
1352 5423 1429 5478 sit
1460 5423 1629 5481 illum
1664 5427 1989 5500 neglexisse
2028 5445 2096 5483 ea
2140 5448 2270 5501 qua:
2312 5429 2431 5486 filio
2463 5429 2773 5504 diligenter
2802 5427 3131 5486 inculcavit.
3164 5428 3384 5485 Monita
3412 5422 3517 5480 illa
3546 5439 3582 5479 a

172 5501 524 5595 variisedita
547 5509 705 5595 sunt,
738 5510 913 5577 atque
941 5509 1094 5579 apud
1124 5509 1531 5568 Werboczium
1564 5515 1802 5587 quidem
1836 5516 1897 5571 in
1942 5518 2123 5589 Opere
2168 5520 2460 5592 tripartito
2492 5501 2633 5577 tom.
2671 5525 2739 5590 II,
2774 5538 2808 5577 a
2843 5536 2975 5595 pag.
3010 5522 3036 5576 1
3072 5519 3181 5575 sub
3209 5518 3319 5575 hoc
3349 5512 3523 5573 titulo
3552 5511 3581 5567 ?

176 5589 351 5646 Sancti
382 5591 642 5663 Stephani
657 5596 832 5665 primi
859 5597 1000 5665 regis
1033 5598 1289 5668 U-cgariae
1335 5601 1672 5659 deﬂetorum
1719 5606 1858 5660 liber
1898 5608 2115 5677 primus
2163 5589 2525 5669 ait—sanctum
2571 5589 2879 5669 Emericmn
2923 5589 3137 5669 ducem.
3187 5607 3583 5666 Accensentur

177 5677 326 5736 enim
355 5679 603 5738 decretis
634 5697 735 5738 seu
763 5681 991 5756 legibus
1024 5687 1185 5757 regni
1209 5687 1812 5764 Hungariae,quamvis
1844 5694 2074 5766 proprie
2104 5697 2262 5771 leges
2293 5718 2407 5758 non
2440 5702 2683 5775 sint,sed
2716 5702 2941 5761 monita
2968 5702 3204 5777 regibus
3233 5702 3372 5760 data
3400 5697 3472 5758 ad
3494 5712 3583 5753 re-
