3924 6210
346 366 506 441 1235

1348 377 1413 440 S.
1462 372 1854 438 STEPHANI
1899 368 2455 435 HUNGARORUM
2498 372 2757 435 REGIS.

3609 371 3764 437 1236

339 530 523 588 gnum
555 515 826 589 praeclare
857 514 1412 572 administrandum.
1446 512 1552 567 Illa
1582 514 1776 567 autem
1804 508 1920 564 huc
1947 504 2266 562 tranlcram
2298 523 2367 561 ex
2397 508 2648 565 editione
2680 513 3023 575 memorata,
3057 511 3231 582 prout
3280 508 3473 566 divisa
3522 513 3673 566 sunt
3697 508 3754 566 in

343 604 743 677 praefationem
774 610 831 661 et
858 605 1059 661 decem
1089 604 1308 676 capita;
1340 603 1735 672 lectionesque
1764 596 2055 653 variantes
2083 595 2234 651 dabo
2284 597 2354 651 ad
2407 597 2731 669 marginem
2781 615 2851 654 ex
2891 598 3146 654 editione
3179 598 3425 655 Joannis
3457 600 3754 668 Sambuci,

339 693 442 764 qui
471 694 676 750 eadem
706 694 869 750 dedit
901 698 1033 767 post
1064 692 1310 751 Bonﬁnii
1342 692 1708 762 aliorumque
1738 689 1947 760 Opera.
1981 686 2040 741 Si
2073 701 2204 757 quas
2234 701 2364 742 vero
2394 688 2737 743 obscuriora
2782 687 3155 756 videbuntur,
3189 686 3249 743 in
3301 687 3456 744 notis
3509 688 3758 745 breviter

342 780 629 866 explicare
659 784 931 840 conabor.

1860 871 2259 886 ψ

978 952 1368 1009 PREFATIO.

346 1041 412 1097 In
439 1057 549 1113 qua
604 1058 704 1097 rex
745 1043 994 1097 hortatur
1039 1042 1229 1097 ducem
1278 1042 1349 1096 ad
1395 1040 1718 1111 capessenda
1766 1042 1999 1110 paterna

787 1114 997 1169 monita
1024 1117 1076 1169 et
1099 1116 1371 1185 prxcepta
1401 1114 1570 1184 (102).

418 1222 483 1274 In
517 1219 752 1275 nomine
770 1223 985 1275 sancta:
1016 1218 1321 1275 Trinitatis
1351 1225 1407 1275 et
1435 1218 1750 1274 individua:
1798 1217 1993 1273 Unita-

348 1307 446 1365 tis.

417 1397 564 1453 Cum
596 1402 808 1455 cuncta
837 1400 934 1455 Dei
968 1402 1115 1453 nutu
1146 1398 1399 1467 condita,
1435 1414 1659 1469 suaque
1690 1397 1997 1453 evidentis-

346 1485 501 1542 sima
524 1487 1013 1558 preordinatione
1042 1485 1346 1558 disposita,
1363 1490 1483 1540 tam
1517 1485 1575 1539 in
1606 1484 1995 1556 amplitudine

347 1574 475 1631 cceli
508 1592 685 1648 quam
718 1576 778 1630 in
810 1576 941 1631 istis
971 1574 1358 1647 amplissimis
1393 1575 1509 1640 [al.,
1539 1572 1996 1645 aptissimis]ter-

346 1680 547 1720 rarum
604 1663 961 1732 climatibus,
1009 1663 1233 1719 ratione
1282 1662 1677 1735 intelligentiae
1729 1661 1995 1717 funditus

346 1752 600 1809 sentiam
628 1754 821 1826 vigere
852 1757 1027 1825 atque
1059 1752 1378 1808 subsistere
1427 1770 1440 1808 :
1491 1769 1744 1823 cumque
1773 1751 1994 1807 affatim

351 1841 625 1897 universa
652 1841 970 1913 hujusvitie
985 1841 1220 1898 utilitati
1244 1841 1665 1913 dignitatisque
1685 1840 1875 1913 gratia
1895 1839 1995 1897 Dei

350 1946 648 1997 concessa,
680 1930 900 1987 scilicet
929 1947 1127 2003 regna,
1161 1929 1523 1998 consulatus,
1548 1929 1997 1997 ducatus,comi-

352 2024 532 2088 tatus,
589 2020 984 2093 pontiﬁcatus,
1016 2025 1369 2092 cazterasque
1410 2018 1747 2091 dignitates,
1780 2019 1994 2091 partim

352 2108 566 2165 divinis
596 2108 1101 2181 praeceptis,atque
1124 2108 1653 2179 in'stitutis,partim
1682 2107 1992 2181 legalibus,

349 2197 852 2269 partimjuridicis
883 2198 1005 2268 [al.,
1027 2195 1463 2268 juridicialibus
1493 2197 1613 2253 sive
1634 2197 1790 2267 juris
1829 2197 1992 2253 ictio-

2020 947 2076 1012 Α
2106 945 2365 1003 minatus
2413 951 2503 1004 est
2549 948 2764 1021 populo
2784 948 3191 1021 percussiones
3234 949 3466 1006 frameae
3497 966 3605 1021 pro
3636 967 3756 1007 ma-

2105 1034 2296 1107 stigiis
2325 1037 2508 1108 patris
2556 1039 2677 1109 [al.,
2728 1038 2913 1110 patris
2962 1037 3282 1112 mittitur],
3316 1038 3537 1094 idcirco
3572 1038 3757 1095 multa

2106 1122 2262 1179 mala
2291 1141 2502 1197 passus
2533 1132 2623 1183 est
2648 1126 2708 1183 in
2741 1144 2942 1200 regno,
2974 1132 3033 1184 et
3068 1128 3141 1184 ad
3187 1127 3464 1183 ultimum
3494 1128 3758 1200 dejectus

2105 1216 2194 1267 est
2226 1213 2321 1284 (III
2359 1216 2482 1286 Reg.
2534 1232 2609 1281 in,
2658 1217 2767 1289 11).
2819 1216 2936 1272 Hoc
2982 1216 3090 1271 tibi
3144 1232 3217 1273 ne
3264 1216 3510 1284 accidat,
3563 1217 3757 1288 obedi,

2107 1300 2209 1365 ﬁli,
2242 1302 2415 1371 mihi;
2450 1320 2594 1375 puer
2616 1304 3050 1374 es,deliciarum
3082 1306 3203 1376 [al.,
3249 1304 3614 1378 divitiarum]
3635 1321 3757 1361 ver-

2105 1389 2262 1456 nula,
2295 1392 2619 1464 pulvinaris
2648 1393 2862 1460 accola,
2917 1394 3074 1450 fotus
3127 1394 3530 1466 educatusque
3571 1393 3632 1449 in
3660 1394 3754 1450 de-

2104 1478 2255 1534 liciis
2307 1480 2555 1550 cunctis,
2598 1482 3059 1554 expeditionum,
3127 1482 3347 1539 laboris
3398 1483 3523 1553 [al.,
3578 1483 3756 1539 totius

2103 1568 2537 1640 expeditionum
2570 1569 2832 1642 laboris),
2866 1577 3041 1643 atque
3088 1571 3455 1627 diversarum
3491 1572 3754 1644 gentium

2104 1656 2457 1715 incursionis
2487 1676 2712 1732 expers,
2744 1660 2805 1715 in
2854 1660 3070 1732 quibus
3118 1676 3225 1732 ego
3267 1661 3396 1732 jam
3424 1660 3550 1717 fere
3575 1665 3755 1717 totam

2105 1758 2305 1800 meam"
2330 1747 2571 1802 contrivi
2603 1752 2852 1805 (etatem.
2883 1752 3016 1805 Jam
3046 1752 3281 1822 tempus
3323 1749 3512 1816 adest,
3548 1748 3609 1804 in
3640 1767 3753 1822 quo

2104 1833 2206 1888 tibi
2238 1852 2354 1889 non
2386 1852 2619 1907 semper
2640 1836 3037 1909 pulvinarium
3062 1836 3467 1910 mollities[at.,
3488 1837 3756 1910 pulvinar

2072 1976 2075 1981 .
2105 1922 2415 1995 mollitiei],
2451 1941 2578 1997 quas
2622 1930 2678 1981 te
2725 1925 2993 1982 hebetem
3026 1930 3085 1982 et
3119 1925 3435 1982 delicatum
3484 1925 3751 1995 reddant,

2106 2011 2450 2067 adhibenda:
2478 2017 2636 2081 sunt,
2666 2015 2822 2087 quod
2870 2019 2961 2070 est
3006 2014 3312 2086 dissipatio
3363 2014 3652 2071 virtutum
3701 2021 3753 2071 et

2103 2101 2376 2156 vitiorum
2402 2101 3301 2176 fomentum,atquecontemptio
3314 2103 3748 2160 mandatorum:

2104 2189 2205 2243 sed
2244 2189 2539 2247 interdum
2588 2192 2873 2263 asperitas
2925 2192 3239 2249 tribuenda
3283 2196 3395 2261 est,
3427 2209 3562 2264 quae
3591 2197 3751 2249 tuam

348 2284 566 2357 nibus],
617 2285 831 2358 partim
880 2285 1146 2341 civilibus
1198 2301 1264 2341 ac
1314 2285 1665 2341 nobiliorum
1710 2289 1992 2358 aetateque
2021 2313 2068 2378 Β
2104 2276 2549 2378 intellig-entiam
2581 2281 2653 2336 ad
2683 2297 2770 2349 ea,
2958 2280 3251 2378 praecipio,
3285 2282 3535 2378 reddant
3571 2286 3753 2378 atten-

346 2377 749 2446 provectorum
800 2374 1081 2441 consiliis,
1109 2374 1509 2443 suasionibus,
1566 2375 1685 2446 regi
1733 2375 1988 2444 defendi,

346 2462 548 2531 dividi,
581 2462 899 2519 coadunari
929 2463 1156 2520 videam
1183 2480 1197 2531 ;
1229 2466 1286 2518 et
1315 2480 1448 2519 cum
1502 2480 1707 2519 omnes
1755 2464 1990 2520 ordines

344 2552 564 2625 ubique
592 2556 905 2616 terrarum,
937 2553 1343 2624 cujuscunque
1373 2552 1491 2607 sint
1520 2552 1849 2623 dignitatis,
1873 2570 1987 2608 non

343 2640 536 2697 solum
564 2640 936 2706 satellitibus,
969 2639 1193 2708 amicis,
1228 2641 1990 2711 servis,pra3cipere,consu-

340 2728 459 2786 lere
507 2730 629 2801 [al.,
663 2728 963 2786 consiliari
1009 2729 1129 2785 sive
1176 2728 1520 2798 consulere],
1566 2730 1833 2795 suadere,
1886 2731 1986 2786 sed

340 2817 521 2873 etiam
552 2816 693 2874 ﬁliis
721 2834 827 2888 pro
852 2821 1007 2873 certo
1038 2817 1252 2883 sciam;
1285 2820 1423 2872 tunc
1454 2834 1547 2873 mc
1570 2835 1684 2873 non
1708 2818 1985 2890 piget]al.,

339 2922 413 2961 ne
442 2904 680 2978 pigeat],
713 2904 795 2959 ﬁli
844 2904 1286 2968 amabilissime,
1322 2904 1432 2960 hac
1461 2905 1579 2961 vita
1615 2906 1846 2974 comite,
1880 2907 1985 2962 tibi

338 2994 712 3060 documenta,
744 2997 1055 3066 precepts,
1086 2991 1331 3049 consilia
1362 2998 1419 3048 et
1448 2995 1754 3052 suasiones
1784 3012 1988 3068 parare

337 3083 460 3155 [at.,
502 3082 866 3154 proponere],
913 3082 1133 3154 quibus
1179 3085 1293 3137 tua:
1336 3081 1464 3137 vitae
1514 3100 1727 3151 mores,
1762 3086 1985 3157 tibique

335 3171 739 3243 subjectorum
764 3186 1028 3238 exornes,
1064 3171 1320 3242 quando,
1354 3188 1590 3228 summa
1635 3174 1985 3231 concedente

329 3259 615 3328 Potentia,
648 3264 781 3332 post
811 3276 905 3315 me
935 3259 1229 3333 regnabis.

403 3350 484 3406 Te
531 3352 729 3405 autem
783 3349 1064 3418 studiose,
1117 3349 1379 3406 adhibita
1426 3350 1742 3419 audientis,
1800 3353 1983 3423 patris

331 3438 807 3510 praeceptaJuxta
836 3437 1046 3493 divinae
1072 3437 1370 3510 sapientia:
1402 3456 1666 3507 suasum,
1706 3432 1985 3496 concedet

330 3526 912 3593 observare,dicentis
943 3542 1047 3598 per
1074 3543 1140 3581 os
1166 3525 1498 3582 Salomonis
1533 3545 1545 3581 :
1579 3528 1740 3592 Audi,
1772 3530 1859 3599 ﬁli
1881 3531 1981 3595 mi,

2101 2371 2240 2422 tam.
2287 2367 2389 2424 His
2436 2368 2633 2441 itaque
2680 2369 2958 2442 praefatis,
3008 2370 3318 2427 redeamus
3367 2370 3438 2427 ad
3487 2373 3750 2443 proposi-

2098 2460 2249 2512 tum.

2169 2545 2302 2601 Car.
2337 2549 2380 2602 Ι.
2412 2548 2488 2603 De
2514 2550 2848 2604 observanda
2876 2550 3146 2605 catholica
3194 2551 3320 2621 ﬁde.
3356 2552 3651 2616 Quoniam
3679 2551 3746 2607 ad

2100 2633 2317 2707 regulis
2348 2636 2652 2709 dignitatis
2682 2639 2946 2695 ordinem
2978 2656 3093 2694 non
3123 2643 3395 2712 Opportet
3413 2639 3530 2696 nisi
3553 2639 3746 2696 ﬁdeles

2097 2726 2153 2778 et
2192 2723 2479 2780 catholica
2505 2726 2619 2782 ﬁde
2647 2727 2909 2783 imbutos
2941 2728 3233 2795 accedere,
3266 2728 3486 2785 idcirco
3538 2733 3745 2785 sancta:

2098 2811 2234 2867 ﬁdei
2264 2813 2320 2868 in
2344 2815 2563 2871 nostris
2584 2816 2878 2873 mandatis
2899 2817 3158 2888 primum
3180 2818 3396 2873 damus
3412 2817 3745 2875 locume‘

2096 2900 2304 2972 primis
2351 2903 2640 2976 praecipio,
2674 2904 2940 2971 consulo,
2971 2906 3210 2975 suadeo,
3244 2906 3326 2961 ﬁli
3374 2905 3740 2977 charissima,

2096 2989 2145 3044 si
2178 2991 2432 3063 regalem
2463 2993 2630 3065 cupis
2661 2993 2971 3050 honestare
3000 3011 3275 3050 coronam
3308 2996 3433 3066 [at.,
3479 2996 3741 3067 curiam],

2096 3082 2159 3133 ut
2190 3079 2365 3135 ﬁdem
2422 3080 2769 3138 catholicam
2828 3087 2886 3138 et
2913 3082 3746 3160 apostolicam,ta1idiligentia

2093 3171 2152 3222 et
2181 3170 2447 3225 custodia
2476 3187 2804 3239 conserves,
2837 3176 2903 3227 ut
2930 3172 3208 3229 omnibus
3257 3172 3362 3229 tibi
3392 3191 3427 3228 a
3457 3174 3579 3230 Deo
3610 3176 3740 3231 sub-

2086 3256 2256 3327 jectis
2296 3258 2626 3331 exemplum
2675 3261 2953 3332 praebeas,
3006 3262 3320 3334 cunctique
3364 3261 3742 3320 ecclesiastici

2091 3344 2199 3399 viri
2231 3348 2352 3416 [al.,
2388 3345 2515 3418 filii]
2548 3348 2756 3404 merito
2780 3352 2837 3405 te
2890 3366 3092 3405 verum
3125 3350 3475 3407 Christiana;
3523 3353 3738 3424 profes-

2092 3434 2276 3490 sionis
2307 3436 2611 3492 nominent
2638 3436 2848 3504 virum,
2883 3437 3009 3493 sine
3061 3455 3197 3511 qua,
3233 3456 3338 3511 pro
3372 3446 3535 3497 certo
3568 3442 3734 3505 scias.

2091 3522 2461 3580 Christianus
2510 3542 2625 3581 non
2675 3526 2908 3595 diceris,
2941 3526 3028 3583 vel
3082 3526 3348 3583 Ecclesiae
3401 3529 3587 3586 ﬁlius.
3638 3529 3737 3595 Qui

322 3617 505 3687 patri:
533 3617 616 3671 tui
651 3614 1023 3686 disciplinam,
1074 3622 1124 3670 et
1168 3631 1240 3670 ne
1286 3616 1527 3671 dimittas
1574 3618 1745 3688 legem
1787 3620 1982 3674 matri:
2018 3678 2053 3691 _
2091 3612 2247 3667 enim
2281 3613 2425 3669 false
2455 3614 2825 3681 credunt,ch
2859 3616 3033 3671 ﬁdem
3065 3616 3124 3671 in
3155 3616 3327 3673 bonis
3352 3634 3469 3673 non
3500 3617 3740 3691 implent

328 3678 443 3761 tua:
471 3704 653 3776 (Prov.
688 3704 743 3774 1,
775 3678 851 3775 ἑ),
884 3708 951 3758 ut
1002 3678 1255 3759 addatur
1302 3704 1490 3776 gratia
1537 3678 1711 3778 capiti
1759 3710 1881 3775 tuo,
1923 3711 1979 3762 et
2011 3678 2055 3746 Ο
2092 3704 2149 3755 et
2178 3707 2388 3757 ornant
2417 3678 2885 3776 operibuslquia
2913 3706 3057 3761 ﬁdes
3089 3704 3216 3761 sine
3262 3723 3437 3778 opere
3478 3678 3740 3776 moritur)

333 3790 804 3863 multiplicentur
848 3792 951 3847 tibi
985 3792 1123 3847 anni
1153 3792 1278 3847 vitae
1310 3795 1534 3848 tuae.Ex
1554 3793 1662 3849 hac
1683 3811 1820 3867 ergo
1852 3813 1979 3853 sen-

326 3879 513 3936 tentia
554 3880 1017 3936 animadvertere
1068 3880 1306 3952 poteris,
1340 3883 1387 3936 si
1443 3897 1511 3936 ea
1560 3899 1688 3954 quea
1737 3890 1979 3956 paterna

328 3967 544 4041 pietate
585 3967 692 4024 tibi
739 3969 1011 4040 praecipio
1060 3970 1483 4042 contempseris
1527 3972 1705 4042 (quod
1760 3975 1975 4047 adsit!)

327 4056 484 4129 quod
512 4056 766 4129 amplius
796 4059 917 4129 [al.,
952 4060 1105 4131 quod
1133 4059 1260 4129 jam
1292 4058 1573 4131 amplius]
1618 4062 1844 4119 amicus
1879 4065 1974 4121 Dei

324 4149 384 4201 et
413 4145 721 4202 hominum
755 4163 867 4203 non
899 4148 1189 4203 eris.Audi
1218 4164 1351 4203 vero
1383 4147 1971 4223 inobedientium[at.,

322 4234 575 4291 mendose
616 4235 1093 4308 inobedientiam]
1144 4237 1651 4307 praevaricatorum
1700 4243 1973 4314 praecepti

321 4340 527 4381 casum
556 4329 613 4380 et
644 4325 1243 4397 praacipitiumAdam
1275 4325 1538 4396 quidem,
1574 4343 1747 4398 quem
1776 4329 1973 4387 Domi-

322 4430 435 4469 nus
463 4412 728 4469 conditor
743 4414 1327 4485 totiusquecreaturae
1355 4412 1771 4484 plasmator,ad
1800 4435 1968 4475 suam

320 4501 591 4557 formavit
620 4501 1069 4559 similitudinem
1101 4501 1254 4571 (Gen.
1298 4520 1336 4568 ι,
1385 4502 1501 4572 26),
1533 4520 1786 4576 eumque
1839 4509 1968 4563 uni-

317 4589 560 4647 versalis
593 4590 725 4646 fecit
768 4590 1058 4646 hwredem
1108 4590 1431 4663 dignitatis,
1463 4590 1759 4649 vinculum
1796 4596 1969 4668 fregit

317 4684 758 4752 praeceptorum,
784 4678 1106 4752 statimque
1130 4678 1483 4752 dignitatum
1519 4682 1963 4753 sublimitatem,

2090 3807 2193 3845 nec
2227 3791 2319 3845 hic
2367 3791 2607 3849 honeste
2639 3798 2905 3866 regnant,
2942 3810 3045 3849 nec
3091 3794 3149 3849 in
3205 3799 3423 3851 aeterno
3451 3812 3632 3870 regno
3659 3796 3736 3853 vel

2087 3895 2299 3934 corona
2321 3880 2670 3952 participant
2699 3883 2822 3953 [al.,
2856 3881 3405 3954 participantur].Si
3436 3902 3576 3941 vero
3621 3903 3736 3941 scu-

2085 3972 2211 4022 tum
2240 3969 2361 4039 [αιἾ
2397 3974 2637 4037 statum]
2671 3971 2885 4027 retines
2916 3971 3271 4039 ﬁdei,habes
3302 3972 3481 4028 etiam
3514 3974 3735 4047 galeam

2086 4056 2313 4113 salutis.
2348 4058 2450 4114 llis
2482 4060 2720 4130 quidem
2753 4059 3136 4116 armamentis
3187 4061 3733 4119 contrainvisibiles

2082 4149 2138 4200 et
2166 4146 2424 4202 visibiles
2454 4146 2711 4219 legitime
2741 4147 3019 4204 dimicare
3043 4147 3259 4221 poteris
3289 4149 3730 4207 inimicos.Nam

2083 4234 2165 4290 ait
2193 4235 2506 4307 Apostolus
2539 4253 2552 4291 :
2586 4235 2709 4291 Non
2742 4237 3137 4306 coronabitur,
3171 4237 3284 4293 nisi
3326 4238 3429 4310 qui
3478 4239 3732 4313 legitime

2081 4324 2387 4380 certaverit
2417 4326 2488 4392 (Il
2517 4326 2650 4381 Tim.
2696 4343 2755 4395 ιι,
2808 4328 2886 4388 5).
2940 4326 3106 4382 Fides
3155 4343 3318 4400 ergo,
3371 4328 3443 4384 de
3493 4346 3614 4400 qua
3658 4328 3730 4385 lo-

2080 4429 2248 4483 quor,
2292 4413 2411 4468 haec
2457 4418 2546 4470 est
2577 4431 2590 4468 :
2626 4419 2691 4469 ut
2733 4415 2960 4470 Patrem
3013 4415 3195 4471 Deum
3246 4416 3726 4489 omnipotentem,

2082 4504 2357 4558 factorem
2390 4503 2570 4560 totius
2600 4508 2873 4559 creatura:
2919 4504 3040 4577 [al.,
3096 4505 3376 4575 factum],
3424 4510 3483 4562 et
3528 4508 3726 4580 unige-

2080 4590 2267 4647 nitum
2301 4593 2428 4662 ejus
2466 4590 2693 4660 Filium,
2732 4593 3042 4648 Dominum
3084 4598 3352 4649 nostrum
3400 4595 3633 4662 Jesum,
3664 4596 3729 4651 de

2079 4680 2262 4735 Maria
2286 4681 2531 4754 virgine,
2564 4679 2770 4753 angelo
2801 4681 3208 4745 annuntiante,
3255 4687 3488 4752 natum,
3540 4689 3599 4740 et
3628 4701 3727 4757 pro

315 4783 383 4822 ac
414 4768 779 4825 mansionem
812 4768 1067 4840 paradisi
1095 4769 1347 4840 perdidit
1376 4770 1527 4841 (Gen.
1561 4771 1965 4846 m).Antiquus
2075 4770 2257 4825 tutius
2288 4770 2493 4825 mundi
2525 4770 2713 4825 salute
2746 4771 2805 4826 in
2835 4771 3028 4827 crucis
3068 4770 3331 4843 patibulo
3373 4789 3647 4844 passum,
3678 4776 3731 4828 et

316 4870 550 4928 quoque
580 4856 832 4929 populus
862 4875 895 4912 a
926 4862 1040 4913 Deo
1070 4857 1290 4913 electus
1318 4862 1375 4913 et
1404 4857 1672 4927 dilectus,
1707 4861 1846 4932 quia
1889 4861 1966 4918 le-
2074 4859 2355 4931 Spiritum
2391 4859 2787 4931 sanctum,qui
2810 4876 2914 4931 per
2933 4859 3249 4933 prophetas
3274 4865 3331 4916 et
3352 4861 3654 4934 apostolos
3675 4865 3730 4917 et

313 4943 553 5015 gemina
604 4944 729 5018 [al.,
777 4944 1083 5017 ligamina]
1129 4946 1565 5013 mandatorum,
1617 4948 1820 5021 digitis
1861 4951 1962 5006 Dei
2071 4947 2458 5019 evangelistas
2489 4946 2720 5003 locutus
2751 4953 3046 5015 est,unam
3077 4948 3355 5005 deitatcm
3387 4951 3724 5022 perfectam,

312 5032 564 5100 condita,
597 5033 846 5102 disjecit,
896 5032 1112 5090 idcirco
1156 5034 1401 5091 diversis
1451 5035 1674 5092 interiit
1718 5039 1909 5094 modis
1943 5058 1957 5096 :
1991 5047 2038 5110 ι)
2069 5035 2536 5091 indissolubilem
2578 5035 3101 5092 incontaminatam
3144 5053 3274 5094 esse
3328 5038 3585 5094 ﬁrmiter
3613 5026 3747 5093 cre-'

309 5123 534 5190 partem
586 5120 825 5192 quidem
877 5126 1032 5177 terra
1079 5121 1387 5194 deglutivit
1436 5125 1619 5194 (Num.
1672 5143 1809 5191 xvu,
1842 5128 1953 5198 35),
2067 5125 2194 5190 das,
2226 5129 2282 5180 et
2312 5123 2439 5180 sine
2469 5126 2625 5180 omni
2659 5126 3043 5199 ambiguitate
3072 5126 3435 5183 teneas.Hzec
3458 5132 3552 5184 est
3580 5127 3725 5183 ﬁdes

309 5210 534 5278 partem
565 5223 800 5279 quoque
843 5209 1258 5265 exterminator
1310 5211 1703 5279 mortiﬁcavit,
1735 5219 1792 5269 et
1822 5232 1958 5286 pars
2069 5213 2373 5281 catholica,
2434 5231 2612 5286 quam
2648 5214 2824 5286 (sicut
2853 5216 2974 5286 [at.,
3021 5214 3125 5281 sic]
3171 5214 3538 5272 Athanasius
3585 5216 3725 5271 dicit

310 5294 557 5351 invicem
616 5312 679 5353 se
721 5296 1026 5352 interfecit.
1081 5297 1263 5354 Filius
1312 5316 1546 5372 quoque
1600 5301 1954 5374 Solomonis,
2067 5301 2179 5357 nisi
2210 5303 2344 5374 quis
2375 5302 2625 5358 ﬁdeliter
2657 5302 3015 5375 lirmiterque
3038 5302 3723 5372 crediderit,salvusesse

311 5380 592 5449 abjiciens
622 5383 865 5455 paciﬁca
890 5384 1065 5440 verba
1096 5385 1300 5456 patris,
1329 5404 1394 5443 ac
1444 5388 1719 5460 superbia
1765 5389 1955 5447 elatus
2066 5408 2180 5445 non
2214 5390 2442 5461 poterit.
2477 5391 2535 5447 Si
2567 5391 2883 5464 aliquando
2932 5392 3084 5447 infra
3128 5396 3295 5447 tuam
3346 5393 3720 5450 inveniantur

582 5505 684 5561 Hic
715 5507 1085 5584 przefationis
1133 5508 1340 5564 titulus
1389 5510 1542 5584 apud
1594 5511 1951 5584 sambucam

312 5577 618 5652 omittitur,
675 5581 931 5652 etgccrto
985 5584 1239 5652 nonest
1284 5584 1340 5635 S.
1389 5577 1698 5652 Stephani;
1732 5583 1953 5643 omissa

313 5638 527 5695 ibidem
568 5638 838 5700 similiter
886 5648 1168 5704 invocatio
1216 5638 1598 5708 sanctissimae
1646 5638 1949 5713 Trinitatis

2064 5533 2191 5643 θυαε
2222 5514 2616 5571 verisimiliter
2653 5514 2805 5587 regis
2854 5521 2964 5583 est,
3018 5517 3190 5588 cujus
3236 5519 3419 5575 verba
3462 5536 3713 5592 sequun-

2090 5604 2177 5642 ur.

2090 5604 2177 5642 ur.
