  <div class='ocr_page' id='page_1' title='image "/cluster/home/n/w/nwhite01/storage/ocr_20150623/151/uva.x000829795/669.png"; bbox 0 0 3924 6210; ppageno 0'>
   <div class='ocr_carea' id='block_1_1' title="bbox 313 285 470 388">
    <p class='ocr_par' dir='ltr' id='par_1_1' title="bbox 313 285 470 388">
     <span class='ocr_line' id='line_1_1' title="bbox 313 285 470 388; baseline 0.025 -5"><span class='ocrx_word' id='word_1_1' title='bbox 313 285 470 388; x_wconf 48' lang='grc' dir='ltr'>βψ</span> 
     </span>
    </p>
   </div>
   <div class='ocr_carea' id='block_1_2' title="bbox 1307 289 2712 383">
    <p class='ocr_par' dir='ltr' id='par_1_2' title="bbox 1307 289 2712 383">
     <span class='ocr_line' id='line_1_2' title="bbox 1307 289 2712 383; baseline 0 -31"><span class='ocrx_word' id='word_1_2' title='bbox 1307 289 1372 352; x_wconf 90' lang='lat' dir='ltr'>s.</span> <span class='ocrx_word' id='word_1_3' title='bbox 1419 289 1809 376; x_wconf 67' lang='lat' dir='ltr'>STEPHANI</span> <span class='ocrx_word' id='word_1_4' title='bbox 1851 289 2405 383; x_wconf 65' lang='lat' dir='ltr'>HUseAaoaUM</span> <span class='ocrx_word' id='word_1_5' title='bbox 2456 289 2712 353; x_wconf 83' lang='lat' dir='ltr'>REGIS.</span> 
     </span>
    </p>
   </div>
   <div class='ocr_carea' id='block_1_3' title="bbox 3561 289 3739 372">
    <p class='ocr_par' dir='ltr' id='par_1_3' title="bbox 3561 289 3739 372">
     <span class='ocr_line' id='line_1_3' title="bbox 3561 289 3739 372; baseline -0.045 0"><span class='ocrx_word' id='word_1_6' title='bbox 3561 289 3739 372; x_wconf 61' lang='lat'>1340</span> 
     </span>
    </p>
   </div>
   <div class='ocr_carea' id='block_1_4' title="bbox 309 420 3734 504">
    <p class='ocr_par' dir='ltr' id='par_1_4' title="bbox 309 420 3734 504">
     <span class='ocr_line' id='line_1_4' title="bbox 309 420 3734 504; baseline 0.001 -26"><span class='ocrx_word' id='word_1_7' title='bbox 309 421 572 504; x_wconf 81' lang='lat' dir='ltr'>gnitatis,</span> <span class='ocrx_word' id='word_1_8' title='bbox 605 437 670 478; x_wconf 91' lang='lat' dir='ltr'>ac</span> <span class='ocrx_word' id='word_1_9' title='bbox 701 420 880 478; x_wconf 83' lang='lat' dir='ltr'>divini</span> <span class='ocrx_word' id='word_1_10' title='bbox 925 423 1285 479; x_wconf 89' lang='lat' dir='ltr'>Sacramenti</span> <span class='ocrx_word' id='word_1_11' title='bbox 1334 425 1766 496; x_wconf 65' lang='lat' dir='ltr'>dispensatores</span> <span class='ocrx_word' id='word_1_12' title='bbox 1827 424 1947 494; x_wconf 88' lang='lat' dir='ltr'>[al.,</span> <span class='ocrx_word' id='word_1_13' title='bbox 1978 422 2036 490; x_wconf 78' lang='grc' dir='ltr'><strong>Α</strong></span> <span class='ocrx_word' id='word_1_14' title='bbox 2139 421 2270 478; x_wconf 58' lang='lat' dir='ltr'>Car.</span> <span class='ocrx_word' id='word_1_15' title='bbox 2304 422 2372 476; x_wconf 90' lang='lat' dir='ltr'>V.</span> <span class='ocrx_word' id='word_1_16' title='bbox 2408 427 2486 478; x_wconf 89' lang='lat' dir='ltr'>De</span> <span class='ocrx_word' id='word_1_17' title='bbox 2512 423 2779 478; x_wconf 78' lang='lat' dir='ltr'>servanda</span> <span class='ocrx_word' id='word_1_18' title='bbox 2811 425 3015 479; x_wconf 84' lang='lat' dir='ltr'>virtute</span> <span class='ocrx_word' id='word_1_19' title='bbox 3041 422 3734 504; x_wconf 63' lang='lat' dir='ltr'>patientiz,ettribuendo</span> 
     </span>
    </p>
   </div>
   <div class='ocr_carea' id='block_1_5' title="bbox 309 497 1957 584">
    <p class='ocr_par' dir='ltr' id='par_1_5' title="bbox 309 497 1957 584">
     <span class='ocr_line' id='line_1_5' title="bbox 309 497 1957 584; baseline -0.001 -17"><span class='ocrx_word' id='word_1_20' title='bbox 309 497 714 584; x_wconf 76' lang='lat' dir='ltr'>dispositores]</span> <span class='ocrx_word' id='word_1_21' title='bbox 745 515 804 568; x_wconf 89' lang='lat' dir='ltr'>et</span> <span class='ocrx_word' id='word_1_22' title='bbox 831 511 1084 568; x_wconf 82' lang='lat' dir='ltr'>datores.</span> <span class='ocrx_word' id='word_1_23' title='bbox 1119 512 1255 568; x_wconf 86' lang='lat' dir='ltr'>Sine</span> <span class='ocrx_word' id='word_1_24' title='bbox 1287 513 1443 568; x_wconf 87' lang='lat' dir='ltr'>enim</span> <span class='ocrx_word' id='word_1_25' title='bbox 1474 512 1588 568; x_wconf 80' lang='lat' dir='ltr'>illis</span> <span class='ocrx_word' id='word_1_26' title='bbox 1611 529 1723 567; x_wconf 91' lang='lat' dir='ltr'>non</span> <span class='ocrx_word' id='word_1_27' title='bbox 1747 512 1957 567; x_wconf 90' lang='lat' dir='ltr'>consti-</span> 
     </span>
    </p>
   </div>
   <div class='ocr_carea' id='block_1_6' title="bbox 306 589 1950 674">
    <p class='ocr_par' dir='ltr' id='par_1_6' title="bbox 306 589 1950 674">
     <span class='ocr_line' id='line_1_6' title="bbox 306 589 1950 674; baseline -0.001 -18"><span class='ocrx_word' id='word_1_28' title='bbox 306 602 558 656; x_wconf 88' lang='lat' dir='ltr'>tuuntur</span> <span class='ocrx_word' id='word_1_29' title='bbox 587 589 752 673; x_wconf 89' lang='lat' dir='ltr'>reges</span> <span class='ocrx_word' id='word_1_30' title='bbox 783 616 890 657; x_wconf 90' lang='lat' dir='ltr'>nec</span> <span class='ocrx_word' id='word_1_31' title='bbox 918 600 1282 672; x_wconf 81' lang='lat' dir='ltr'>principatus</span> <span class='ocrx_word' id='word_1_32' title='bbox 1331 602 1452 672; x_wconf 87' lang='lat' dir='ltr'>[at.,</span> <span class='ocrx_word' id='word_1_33' title='bbox 1506 599 1950 674; x_wconf 86' lang='lat' dir='ltr'>principantur].</span> 
     </span>
    </p>
   </div>
   <div class='ocr_carea' id='block_1_7' title="bbox 308 685 1948 746">
    <p class='ocr_par' dir='ltr' id='par_1_7' title="bbox 308 685 1948 746">
     <span class='ocr_line' id='line_1_7' title="bbox 308 685 1948 746; baseline -0.001 0"><span class='ocrx_word' id='word_1_34' title='bbox 308 685 416 746; x_wconf 84' lang='lat' dir='ltr'>Per</span> <span class='ocrx_word' id='word_1_35' title='bbox 445 688 1307 746; x_wconf 87' lang='lat' dir='ltr'>illoruminterventumdelicta</span> <span class='ocrx_word' id='word_1_36' title='bbox 1337 689 1604 745; x_wconf 79' lang='lat' dir='ltr'>delentur</span> <span class='ocrx_word' id='word_1_37' title='bbox 1622 690 1948 745; x_wconf 88' lang='lat' dir='ltr'>hominum.</span> 
     </span>
    </p>
   </div>
   <div class='ocr_carea' id='block_1_8' title="bbox 307 777 1949 850">
    <p class='ocr_par' dir='ltr' id='par_1_8' title="bbox 307 777 1949 850">
     <span class='ocr_line' id='line_1_8' title="bbox 307 777 1949 850; baseline -0.001 -16"><span class='ocrx_word' id='word_1_38' title='bbox 307 777 369 834; x_wconf 84' lang='lat' dir='ltr'>Si</span> <span class='ocrx_word' id='word_1_39' title='bbox 401 777 532 834; x_wconf 87' lang='lat' dir='ltr'>illos</span> <span class='ocrx_word' id='word_1_40' title='bbox 563 778 815 850; x_wconf 73' lang='lat' dir='ltr'>perfecte</span> <span class='ocrx_word' id='word_1_41' title='bbox 845 795 1030 845; x_wconf 88' lang='lat' dir='ltr'>amas,</span> <span class='ocrx_word' id='word_1_42' title='bbox 1064 783 1120 833; x_wconf 90' lang='lat' dir='ltr'>te</span> <span class='ocrx_word' id='word_1_43' title='bbox 1150 779 1346 850; x_wconf 90' lang='lat' dir='ltr'>ipsum</span> <span class='ocrx_word' id='word_1_44' title='bbox 1379 778 1506 833; x_wconf 84' lang='lat' dir='ltr'>sine</span> <span class='ocrx_word' id='word_1_45' title='bbox 1544 778 1722 832; x_wconf 90' lang='lat' dir='ltr'>dubio</span> <span class='ocrx_word' id='word_1_46' title='bbox 1756 795 1949 845; x_wconf 90' lang='lat' dir='ltr'>sanas,</span> 
     </span>
    </p>
   </div>
   <div class='ocr_carea' id='block_1_9' title="bbox 306 866 1951 940">
    <p class='ocr_par' dir='ltr' id='par_1_9' title="bbox 306 866 1951 940">
     <span class='ocr_line' id='line_1_9' title="bbox 306 866 1951 940; baseline 0.002 -19"><span class='ocrx_word' id='word_1_47' title='bbox 306 869 593 938; x_wconf 86' lang='lat' dir='ltr'>tuumque</span> <span class='ocrx_word' id='word_1_48' title='bbox 624 881 868 940; x_wconf 79' lang='lat' dir='ltr'>regnum</span> <span class='ocrx_word' id='word_1_49' title='bbox 902 866 1218 922; x_wconf 83' lang='lat' dir='ltr'>honoriﬁce</span> <span class='ocrx_word' id='word_1_50' title='bbox 1257 868 1570 939; x_wconf 83' lang='lat' dir='ltr'>gubernas.</span> <span class='ocrx_word' id='word_1_51' title='bbox 1630 868 1689 922; x_wconf 93' lang='lat' dir='ltr'>In</span> <span class='ocrx_word' id='word_1_52' title='bbox 1741 883 1951 924; x_wconf 89' lang='lat' dir='ltr'>manus</span> 
     </span>
    </p>
   </div>
   <div class='ocr_carea' id='block_1_10' title="bbox 304 953 1950 1028">
    <p class='ocr_par' dir='ltr' id='par_1_10' title="bbox 304 953 1950 1028">
     <span class='ocr_line' id='line_1_10' title="bbox 304 953 1950 1028; baseline 0 -17"><span class='ocrx_word' id='word_1_53' title='bbox 304 954 460 1011; x_wconf 85' lang='lat' dir='ltr'>enim</span> <span class='ocrx_word' id='word_1_54' title='bbox 491 953 727 1011; x_wconf 89' lang='lat' dir='ltr'>illorum</span> <span class='ocrx_word' id='word_1_55' title='bbox 760 954 950 1026; x_wconf 88' lang='lat' dir='ltr'>posita</span> <span class='ocrx_word' id='word_1_56' title='bbox 980 959 1068 1010; x_wconf 89' lang='lat' dir='ltr'>est</span> <span class='ocrx_word' id='word_1_57' title='bbox 1100 959 1359 1027; x_wconf 80' lang='lat' dir='ltr'>potestas</span> <span class='ocrx_word' id='word_1_58' title='bbox 1380 954 1598 1026; x_wconf 88' lang='lat' dir='ltr'>ligandi</span> <span class='ocrx_word' id='word_1_59' title='bbox 1622 972 1728 1010; x_wconf 90' lang='lat' dir='ltr'>nos</span> <span class='ocrx_word' id='word_1_60' title='bbox 1746 956 1804 1010; x_wconf 92' lang='lat' dir='ltr'>in</span> <span class='ocrx_word' id='word_1_61' title='bbox 1824 973 1950 1028; x_wconf 87' lang='lat' dir='ltr'>pec-</span> 
     </span>
    </p>
   </div>
   <div class='ocr_carea' id='block_1_11' title="bbox 303 1042 1946 1114">
    <p class='ocr_par' dir='ltr' id='par_1_11' title="bbox 303 1042 1946 1114">
     <span class='ocr_line' id='line_1_11' title="bbox 303 1042 1946 1114; baseline 0 -15"><span class='ocrx_word' id='word_1_62' title='bbox 303 1043 471 1110; x_wconf 81' lang='lat' dir='ltr'>catis,</span> <span class='ocrx_word' id='word_1_63' title='bbox 504 1047 564 1099; x_wconf 90' lang='lat' dir='ltr'>et</span> <span class='ocrx_word' id='word_1_64' title='bbox 593 1059 627 1098; x_wconf 89' lang='lat' dir='ltr'>a</span> <span class='ocrx_word' id='word_1_65' title='bbox 661 1044 914 1114; x_wconf 90' lang='lat' dir='ltr'>peccatis</span> <span class='ocrx_word' id='word_1_66' title='bbox 971 1042 1252 1099; x_wconf 86' lang='lat' dir='ltr'>solvendi.</span> <span class='ocrx_word' id='word_1_67' title='bbox 1302 1045 1740 1099; x_wconf 81' lang='lat' dir='ltr'>Testamentum</span> <span class='ocrx_word' id='word_1_68' title='bbox 1791 1044 1946 1100; x_wconf 90' lang='lat' dir='ltr'>enim</span> 
     </span>
    </p>
   </div>
   <div class='ocr_carea' id='block_1_12' title="bbox 304 1131 1948 1206">
    <p class='ocr_par' dir='ltr' id='par_1_12' title="bbox 304 1131 1948 1206">
     <span class='ocr_line' id='line_1_12' title="bbox 304 1131 1948 1206; baseline 0.002 -20"><span class='ocrx_word' id='word_1_69' title='bbox 304 1132 429 1204; x_wconf 80' lang='lat' dir='ltr'>[al.,</span> <span class='ocrx_word' id='word_1_70' title='bbox 461 1137 614 1199; x_wconf 90' lang='lat' dir='ltr'>vero]</span> <span class='ocrx_word' id='word_1_71' title='bbox 651 1131 1074 1204; x_wconf 88' lang='lat' dir='ltr'>sempiternum</span> <span class='ocrx_word' id='word_1_72' title='bbox 1107 1133 1316 1188; x_wconf 83' lang='lat' dir='ltr'>statuit</span> <span class='ocrx_word' id='word_1_73' title='bbox 1349 1132 1465 1188; x_wconf 89' lang='lat' dir='ltr'>illis</span> <span class='ocrx_word' id='word_1_74' title='bbox 1515 1133 1690 1200; x_wconf 87' lang='lat' dir='ltr'>Deus,</span> <span class='ocrx_word' id='word_1_75' title='bbox 1730 1149 1948 1206; x_wconf 90' lang='lat' dir='ltr'>eosque</span> 
     </span>
    </p>
   </div>
   <div class='ocr_carea' id='block_1_13' title="bbox 302 1217 1948 1294">
    <p class='ocr_par' dir='ltr' id='par_1_13' title="bbox 302 1217 1948 1294">
     <span class='ocr_line' id='line_1_13' title="bbox 302 1217 1948 1294; baseline 0.002 -19"><span class='ocrx_word' id='word_1_76' title='bbox 302 1219 630 1292; x_wconf 78' lang='lat' dir='ltr'>segregavit</span> <span class='ocrx_word' id='word_1_77' title='bbox 659 1221 730 1276; x_wconf 89' lang='lat' dir='ltr'>ab</span> <span class='ocrx_word' id='word_1_78' title='bbox 762 1217 1186 1290; x_wconf 89' lang='lat' dir='ltr'>hominibus,et</span> <span class='ocrx_word' id='word_1_79' title='bbox 1217 1222 1306 1277; x_wconf 90' lang='lat' dir='ltr'>sui</span> <span class='ocrx_word' id='word_1_80' title='bbox 1339 1221 1595 1277; x_wconf 88' lang='lat' dir='ltr'>nominis</span> <span class='ocrx_word' id='word_1_81' title='bbox 1617 1226 1790 1294; x_wconf 89' lang='lat' dir='ltr'>atque</span> <span class='ocrx_word' id='word_1_82' title='bbox 1821 1241 1948 1278; x_wconf 85' lang='lat' dir='ltr'>san-</span> 
     </span>
    </p>
   </div>
   <div class='ocr_carea' id='block_1_14' title="bbox 297 1303 1945 1382">
    <p class='ocr_par' dir='ltr' id='par_1_14' title="bbox 297 1303 1945 1382">
     <span class='ocr_line' id='line_1_14' title="bbox 297 1303 1945 1382; baseline 0.001 -18"><span class='ocrx_word' id='word_1_83' title='bbox 297 1303 516 1365; x_wconf 81' lang='lat' dir='ltr'>ctitatis</span> <span class='ocrx_word' id='word_1_84' title='bbox 548 1307 682 1364; x_wconf 87' lang='lat' dir='ltr'>fecit</span> <span class='ocrx_word' id='word_1_85' title='bbox 711 1309 1045 1382; x_wconf 80' lang='lat' dir='ltr'>participes,</span> <span class='ocrx_word' id='word_1_86' title='bbox 1085 1314 1141 1365; x_wconf 88' lang='lat' dir='ltr'>et</span> <span class='ocrx_word' id='word_1_87' title='bbox 1187 1310 1260 1365; x_wconf 90' lang='lat' dir='ltr'>ab</span> <span class='ocrx_word' id='word_1_88' title='bbox 1319 1309 1658 1365; x_wconf 87' lang='lat' dir='ltr'>hominibus</span> <span class='ocrx_word' id='word_1_89' title='bbox 1709 1313 1826 1381; x_wconf 81' lang='lat' dir='ltr'>[ai.,</span> <span class='ocrx_word' id='word_1_90' title='bbox 1873 1313 1945 1366; x_wconf 93' lang='lat' dir='ltr'>ab</span> 
     </span>
    </p>
   </div>
   <div class='ocr_carea' id='block_1_15' title="bbox 297 1395 1946 1471">
    <p class='ocr_par' dir='ltr' id='par_1_15' title="bbox 297 1395 1946 1471">
     <span class='ocr_line' id='line_1_15' title="bbox 297 1395 1946 1471; baseline 0.001 -19"><span class='ocrx_word' id='word_1_91' title='bbox 297 1396 556 1452; x_wconf 88' lang='lat' dir='ltr'>humano</span> <span class='ocrx_word' id='word_1_92' title='bbox 585 1397 700 1469; x_wconf 91' lang='lat' dir='ltr'>die]</span> <span class='ocrx_word' id='word_1_93' title='bbox 746 1395 1041 1453; x_wconf 84' lang='lat' dir='ltr'>interdixit</span> <span class='ocrx_word' id='word_1_94' title='bbox 1089 1398 1594 1469; x_wconf 88' lang='lat' dir='ltr'>reprehendendos</span> <span class='ocrx_word' id='word_1_95' title='bbox 1641 1415 1787 1466; x_wconf 90' lang='lat' dir='ltr'>esse,</span> <span class='ocrx_word' id='word_1_96' title='bbox 1845 1417 1946 1471; x_wconf 91' lang='lat' dir='ltr'>per</span> 
     </span>
    </p>
   </div>
   <div class='ocr_carea' id='block_1_16' title="bbox 303 1484 1943 1558">
    <p class='ocr_par' dir='ltr' id='par_1_16' title="bbox 303 1484 1943 1558">
     <span class='ocr_line' id='line_1_16' title="bbox 303 1484 1943 1558; baseline 0.002 -17"><span class='ocrx_word' id='word_1_97' title='bbox 303 1484 483 1541; x_wconf 80' lang='lat' dir='ltr'>David</span> <span class='ocrx_word' id='word_1_98' title='bbox 515 1486 790 1541; x_wconf 84' lang='lat' dir='ltr'>deificum</span> <span class='ocrx_word' id='word_1_99' title='bbox 823 1503 1016 1558; x_wconf 90' lang='lat' dir='ltr'>regem</span> <span class='ocrx_word' id='word_1_100' title='bbox 1042 1505 1056 1542; x_wconf 91' lang='lat'><strong>:</strong></span> <span class='ocrx_word' id='word_1_101' title='bbox 1090 1487 1265 1541; x_wconf 81' lang='lat' dir='ltr'>Nolite</span> <span class='ocrx_word' id='word_1_102' title='bbox 1293 1491 1518 1555; x_wconf 76' lang='lat' dir='ltr'>tangere</span> <span class='ocrx_word' id='word_1_103' title='bbox 1546 1489 1772 1542; x_wconf 76' lang='lat' dir='ltr'>christos</span> <span class='ocrx_word' id='word_1_104' title='bbox 1799 1505 1943 1544; x_wconf 80' lang='lat' dir='ltr'>meos</span> 
     </span>
    </p>
   </div>
   <div class='ocr_carea' id='block_1_17' title="bbox 297 1573 1944 1649">
    <p class='ocr_par' dir='ltr' id='par_1_17' title="bbox 297 1573 1944 1649">
     <span class='ocr_line' id='line_1_17' title="bbox 297 1573 1944 1649; baseline 0.003 -22"><span class='ocrx_word' id='word_1_105' title='bbox 297 1573 468 1644; x_wconf 69' lang='lat' dir='ltr'>(Ptol.</span> <span class='ocrx_word' id='word_1_106' title='bbox 503 1590 616 1640; x_wconf 84' lang='lat' dir='ltr'>CIV,</span> <span class='ocrx_word' id='word_1_107' title='bbox 646 1575 758 1645; x_wconf 79' lang='grc'>45),</span> <span class='ocrx_word' id='word_1_108' title='bbox 791 1579 898 1630; x_wconf 90' lang='lat' dir='ltr'>etc.</span> <span class='ocrx_word' id='word_1_109' title='bbox 959 1573 1060 1630; x_wconf 92' lang='lat' dir='ltr'>Ille</span> <span class='ocrx_word' id='word_1_110' title='bbox 1117 1579 1310 1630; x_wconf 91' lang='lat' dir='ltr'>autem</span> <span class='ocrx_word' id='word_1_111' title='bbox 1372 1574 1494 1647; x_wconf 83' lang='lat' dir='ltr'>[al.,</span> <span class='ocrx_word' id='word_1_112' title='bbox 1544 1575 1720 1646; x_wconf 72' lang='lat' dir='ltr'>enim]</span> <span class='ocrx_word' id='word_1_113' title='bbox 1757 1578 1944 1649; x_wconf 82' lang='lat' dir='ltr'>tangit</span> 
     </span>
    </p>
   </div>
   <div class='ocr_carea' id='block_1_18' title="bbox 291 1660 1938 1736">
    <p class='ocr_par' dir='ltr' id='par_1_18' title="bbox 291 1660 1938 1736">
     <span class='ocr_line' id='line_1_18' title="bbox 291 1660 1938 1736; baseline 0.002 -20"><span class='ocrx_word' id='word_1_114' title='bbox 291 1660 544 1718; x_wconf 84' lang='lat' dir='ltr'>cbristos</span> <span class='ocrx_word' id='word_1_115' title='bbox 574 1661 697 1728; x_wconf 87' lang='lat' dir='ltr'>Dei,</span> <span class='ocrx_word' id='word_1_116' title='bbox 729 1664 830 1734; x_wconf 90' lang='lat' dir='ltr'>qui</span> <span class='ocrx_word' id='word_1_117' title='bbox 862 1667 1063 1718; x_wconf 91' lang='lat' dir='ltr'>contra</span> <span class='ocrx_word' id='word_1_118' title='bbox 1117 1663 1378 1719; x_wconf 91' lang='lat' dir='ltr'>divinum</span> <span class='ocrx_word' id='word_1_119' title='bbox 1429 1669 1603 1736; x_wconf 86' lang='lat' dir='ltr'>atque</span> <span class='ocrx_word' id='word_1_120' title='bbox 1648 1681 1938 1721; x_wconf 87' lang='lat' dir='ltr'>canonum</span> 
     </span>
    </p>
   </div>
   <div class='ocr_carea' id='block_1_19' title="bbox 291 1749 1933 1809">
    <p class='ocr_par' dir='ltr' id='par_1_19' title="bbox 291 1749 1933 1809">
     <span class='ocr_line' id='line_1_19' title="bbox 291 1749 1933 1809; baseline 0.002 -4"><span class='ocrx_word' id='word_1_121' title='bbox 291 1749 627 1808; x_wconf 82' lang='lat' dir='ltr'>institutum</span> <span class='ocrx_word' id='word_1_122' title='bbox 659 1751 810 1806; x_wconf 82' lang='lat' dir='ltr'>sacri</span> <span class='ocrx_word' id='word_1_123' title='bbox 839 1751 1064 1806; x_wconf 87' lang='lat' dir='ltr'>ordinis</span> <span class='ocrx_word' id='word_1_124' title='bbox 1092 1751 1248 1807; x_wconf 91' lang='lat' dir='ltr'>viros</span> <span class='ocrx_word' id='word_1_125' title='bbox 1279 1751 1441 1807; x_wconf 81' lang='lat' dir='ltr'>falsis</span> <span class='ocrx_word' id='word_1_126' title='bbox 1463 1753 1810 1809; x_wconf 90' lang='lat' dir='ltr'>criminibus</span> <span class='ocrx_word' id='word_1_127' title='bbox 1833 1753 1933 1809; x_wconf 87' lang='lat' dir='ltr'>fee-</span> 
     </span>
    </p>
   </div>
   <div class='ocr_carea' id='block_1_20' title="bbox 290 1837 1929 1912">
    <p class='ocr_par' dir='ltr' id='par_1_20' title="bbox 290 1837 1929 1912">
     <span class='ocr_line' id='line_1_20' title="bbox 290 1837 1929 1912; baseline 0.002 -19"><span class='ocrx_word' id='word_1_128' title='bbox 290 1838 394 1893; x_wconf 79' lang='lat' dir='ltr'>dat</span> <span class='ocrx_word' id='word_1_129' title='bbox 421 1841 594 1910; x_wconf 85' lang='lat' dir='ltr'>atque</span> <span class='ocrx_word' id='word_1_130' title='bbox 621 1837 682 1894; x_wconf 92' lang='lat' dir='ltr'>in</span> <span class='ocrx_word' id='word_1_131' title='bbox 711 1838 1010 1912; x_wconf 91' lang='lat' dir='ltr'>publicum</span> <span class='ocrx_word' id='word_1_132' title='bbox 1040 1841 1348 1912; x_wconf 85' lang='lat' dir='ltr'>protrahit.</span> <span class='ocrx_word' id='word_1_133' title='bbox 1381 1842 1543 1905; x_wconf 89' lang='lat' dir='ltr'>Quod</span> <span class='ocrx_word' id='word_1_134' title='bbox 1585 1846 1638 1896; x_wconf 92' lang='lat' dir='ltr'>te</span> <span class='ocrx_word' id='word_1_135' title='bbox 1671 1842 1929 1910; x_wconf 88' lang='lat' dir='ltr'>omnino,</span> 
     </span>
    </p>
   </div>
   <div class='ocr_carea' id='block_1_21' title="bbox 299 1925 1935 2000">
    <p class='ocr_par' dir='ltr' id='par_1_21' title="bbox 299 1925 1935 2000">
     <span class='ocr_line' id='line_1_21' title="bbox 299 1925 1935 2000; baseline 0.004 -20"><span class='ocrx_word' id='word_1_136' title='bbox 299 1925 382 1981; x_wconf 80' lang='lat' dir='ltr'>fili</span> <span class='ocrx_word' id='word_1_137' title='bbox 441 1927 544 1995; x_wconf 89' lang='lat' dir='ltr'>mi,</span> <span class='ocrx_word' id='word_1_138' title='bbox 593 1943 762 2000; x_wconf 88' lang='lat' dir='ltr'>agere</span> <span class='ocrx_word' id='word_1_139' title='bbox 785 1928 1081 2000; x_wconf 85' lang='lat' dir='ltr'>prohibeo,</span> <span class='ocrx_word' id='word_1_140' title='bbox 1142 1929 1190 1983; x_wconf 87' lang='lat' dir='ltr'>si</span> <span class='ocrx_word' id='word_1_141' title='bbox 1249 1929 1336 1985; x_wconf 89' lang='lat' dir='ltr'>vis</span> <span class='ocrx_word' id='word_1_142' title='bbox 1390 1931 1594 1985; x_wconf 89' lang='lat' dir='ltr'>beatus</span> <span class='ocrx_word' id='word_1_143' title='bbox 1638 1931 1844 1997; x_wconf 86' lang='lat' dir='ltr'>vivere,</span> <span class='ocrx_word' id='word_1_144' title='bbox 1877 1935 1935 1987; x_wconf 87' lang='lat' dir='ltr'>et</span> 
     </span>
    </p>
   </div>
   <div class='ocr_carea' id='block_1_22' title="bbox 299 2017 1934 2092">
    <p class='ocr_par' dir='ltr' id='par_1_22' title="bbox 299 2017 1934 2092">
     <span class='ocr_line' id='line_1_22' title="bbox 299 2017 1934 2092; baseline 0.002 -20"><span class='ocrx_word' id='word_1_145' title='bbox 299 2019 470 2072; x_wconf 74' lang='lat' dir='ltr'>tuum</span> <span class='ocrx_word' id='word_1_146' title='bbox 486 2032 732 2090; x_wconf 87' lang='lat' dir='ltr'>regnum</span> <span class='ocrx_word' id='word_1_147' title='bbox 745 2017 1070 2073; x_wconf 87' lang='lat' dir='ltr'>honestare.</span> <span class='ocrx_word' id='word_1_148' title='bbox 1105 2018 1250 2082; x_wconf 86' lang='lat' dir='ltr'>Quia</span> <span class='ocrx_word' id='word_1_149' title='bbox 1265 2019 1322 2073; x_wconf 90' lang='lat' dir='ltr'>in</span> <span class='ocrx_word' id='word_1_150' title='bbox 1342 2018 1435 2074; x_wconf 89' lang='lat' dir='ltr'>his</span> <span class='ocrx_word' id='word_1_151' title='bbox 1453 2019 1628 2074; x_wconf 87' lang='lat' dir='ltr'>rebus</span> <span class='ocrx_word' id='word_1_152' title='bbox 1642 2020 1934 2092; x_wconf 88' lang='lat' dir='ltr'>imprimis</span> 
     </span>
    </p>
   </div>
   <div class='ocr_carea' id='block_1_23' title="bbox 296 2105 1934 2180">
    <p class='ocr_par' dir='ltr' id='par_1_23' title="bbox 296 2105 1934 2180">
     <span class='ocr_line' id='line_1_23' title="bbox 296 2105 1934 2180; baseline 0.002 -20"><span class='ocrx_word' id='word_1_153' title='bbox 296 2105 611 2162; x_wconf 74' lang='lat' dir='ltr'>offenditur</span> <span class='ocrx_word' id='word_1_154' title='bbox 639 2110 810 2163; x_wconf 90' lang='lat' dir='ltr'>Deus.</span> <span class='ocrx_word' id='word_1_155' title='bbox 841 2107 898 2160; x_wconf 84' lang='lat' dir='ltr'>Si</span> <span class='ocrx_word' id='word_1_156' title='bbox 933 2105 1228 2162; x_wconf 87' lang='lat' dir='ltr'>accidente</span> <span class='ocrx_word' id='word_1_157' title='bbox 1258 2122 1396 2164; x_wconf 90' lang='lat' dir='ltr'>casu</span> <span class='ocrx_word' id='word_1_158' title='bbox 1429 2106 1600 2180; x_wconf 89' lang='lat' dir='ltr'>culpa</span> <span class='ocrx_word' id='word_1_159' title='bbox 1625 2108 1934 2180; x_wconf 88' lang='lat' dir='ltr'>reprehen-</span> 
     </span>
    </p>
   </div>
   <div class='ocr_carea' id='block_1_24' title="bbox 291 2195 1935 2268">
    <p class='ocr_par' dir='ltr' id='par_1_24' title="bbox 291 2195 1935 2268">
     <span class='ocr_line' id='line_1_24' title="bbox 291 2195 1935 2268; baseline 0 -16"><span class='ocrx_word' id='word_1_160' title='bbox 291 2195 664 2268; x_wconf 85' lang='lat' dir='ltr'>sione&#39;digna</span> <span class='ocrx_word' id='word_1_161' title='bbox 695 2212 873 2268; x_wconf 87' lang='lat' dir='ltr'>super</span> <span class='ocrx_word' id='word_1_162' title='bbox 900 2195 1155 2268; x_wconf 86' lang='lat' dir='ltr'>aliquem</span> <span class='ocrx_word' id='word_1_163' title='bbox 1179 2195 1488 2263; x_wconf 86' lang='lat' dir='ltr'>horum,de</span> <span class='ocrx_word' id='word_1_164' title='bbox 1510 2196 1722 2267; x_wconf 89' lang='lat' dir='ltr'>quibus</span> <span class='ocrx_word' id='word_1_165' title='bbox 1745 2214 1935 2252; x_wconf 89' lang='lat' dir='ltr'>sermo</span> 
     </span>
    </p>
   </div>
   <div class='ocr_carea' id='block_1_25' title="bbox 289 2282 1936 2357">
    <p class='ocr_par' dir='ltr' id='par_1_25' title="bbox 289 2282 1936 2357">
     <span class='ocr_line' id='line_1_25' title="bbox 289 2282 1936 2357; baseline 0 -17"><span class='ocrx_word' id='word_1_166' title='bbox 289 2287 398 2347; x_wconf 84' lang='lat' dir='ltr'>est.</span> <span class='ocrx_word' id='word_1_167' title='bbox 432 2283 724 2349; x_wconf 88' lang='lat' dir='ltr'>ceciderit,</span> <span class='ocrx_word' id='word_1_168' title='bbox 758 2284 936 2355; x_wconf 88' lang='lat' dir='ltr'>(quod</span> <span class='ocrx_word' id='word_1_169' title='bbox 969 2282 1184 2351; x_wconf 80' lang='lat' dir='ltr'>absit!)</span> <span class='ocrx_word' id='word_1_170' title='bbox 1227 2283 1454 2356; x_wconf 87' lang='lat' dir='ltr'>corripe</span> <span class='ocrx_word' id='word_1_171' title='bbox 1484 2302 1618 2340; x_wconf 92' lang='lat' dir='ltr'>eum</span> <span class='ocrx_word' id='word_1_172' title='bbox 1651 2289 1758 2354; x_wconf 88' lang='lat' dir='ltr'>ter,</span> <span class='ocrx_word' id='word_1_173' title='bbox 1791 2303 1936 2357; x_wconf 85' lang='lat' dir='ltr'>qua-</span> 
     </span>
    </p>
   </div>
   <div class='ocr_carea' id='block_1_26' title="bbox 288 2371 1936 2446">
    <p class='ocr_par' dir='ltr' id='par_1_26' title="bbox 288 2371 1936 2446">
     <span class='ocr_line' id='line_1_26' title="bbox 288 2371 1936 2446; baseline -0.001 -17"><span class='ocrx_word' id='word_1_174' title='bbox 288 2372 555 2439; x_wconf 86' lang='lat' dir='ltr'>ter,inter</span> <span class='ocrx_word' id='word_1_175' title='bbox 581 2376 637 2428; x_wconf 85' lang='lat' dir='ltr'>te</span> <span class='ocrx_word' id='word_1_176' title='bbox 662 2375 722 2428; x_wconf 90' lang='lat' dir='ltr'>et</span> <span class='ocrx_word' id='word_1_177' title='bbox 752 2372 946 2444; x_wconf 90' lang='lat' dir='ltr'>ipsum</span> <span class='ocrx_word' id='word_1_178' title='bbox 970 2371 1355 2444; x_wconf 85' lang='lat' dir='ltr'>solum,juxta</span> <span class='ocrx_word' id='word_1_179' title='bbox 1376 2379 1727 2446; x_wconf 69' lang='lat' dir='ltr'>praeceptum</span> <span class='ocrx_word' id='word_1_180' title='bbox 1749 2375 1936 2430; x_wconf 80' lang='lat' dir='ltr'>Evan-</span> 
     </span>
    </p>
   </div>
   <div class='ocr_carea' id='block_1_27' title="bbox 291 2460 1936 2534">
    <p class='ocr_par' dir='ltr' id='par_1_27' title="bbox 291 2460 1936 2534">
     <span class='ocr_line' id='line_1_27' title="bbox 291 2460 1936 2534; baseline 0.001 -17"><span class='ocrx_word' id='word_1_181' title='bbox 291 2461 428 2534; x_wconf 86' lang='lat' dir='ltr'>gelii</span> <span class='ocrx_word' id='word_1_182' title='bbox 459 2460 664 2532; x_wconf 78' lang='lat' dir='ltr'>(Matth.</span> <span class='ocrx_word' id='word_1_183' title='bbox 699 2477 858 2524; x_wconf 84' lang='lat' dir='ltr'>xvm,</span> <span class='ocrx_word' id='word_1_184' title='bbox 895 2463 1002 2531; x_wconf 86' lang='grc'>15).</span> <span class='ocrx_word' id='word_1_185' title='bbox 1035 2461 1093 2516; x_wconf 92' lang='lat' dir='ltr'>Si</span> <span class='ocrx_word' id='word_1_186' title='bbox 1125 2465 1266 2517; x_wconf 88' lang='lat' dir='ltr'>tunc</span> <span class='ocrx_word' id='word_1_187' title='bbox 1297 2467 1513 2517; x_wconf 87' lang='lat' dir='ltr'>secrete</span> <span class='ocrx_word' id='word_1_188' title='bbox 1545 2463 1804 2518; x_wconf 89' lang='lat' dir='ltr'>renuerit</span> <span class='ocrx_word' id='word_1_189' title='bbox 1833 2481 1936 2518; x_wconf 89' lang='lat' dir='ltr'>au-</span> 
     </span>
    </p>
   </div>
   <div class='ocr_carea' id='block_1_28' title="bbox 291 2549 1936 2621">
    <p class='ocr_par' dir='ltr' id='par_1_28' title="bbox 291 2549 1936 2621">
     <span class='ocr_line' id='line_1_28' title="bbox 291 2549 1936 2621; baseline 0.001 -16"><span class='ocrx_word' id='word_1_190' title='bbox 291 2549 416 2605; x_wconf 88' lang='lat' dir='ltr'>dire</span> <span class='ocrx_word' id='word_1_191' title='bbox 443 2550 686 2617; x_wconf 90' lang='lat' dir='ltr'>monita,</span> <span class='ocrx_word' id='word_1_192' title='bbox 711 2549 1044 2605; x_wconf 88' lang='lat' dir='ltr'>adhibenda</span> <span class='ocrx_word' id='word_1_193' title='bbox 1063 2549 1164 2605; x_wconf 88' lang='lat' dir='ltr'>tibi</span> <span class='ocrx_word' id='word_1_194' title='bbox 1194 2554 1334 2605; x_wconf 91' lang='lat' dir='ltr'>sunt</span> <span class='ocrx_word' id='word_1_195' title='bbox 1351 2551 1936 2621; x_wconf 90' lang='lat' dir='ltr'>publica,secundum</span> 
     </span>
    </p>
   </div>
   <div class='ocr_carea' id='block_1_29' title="bbox 291 2636 1936 2711">
    <p class='ocr_par' dir='ltr' id='par_1_29' title="bbox 291 2636 1936 2711">
     <span class='ocr_line' id='line_1_29' title="bbox 291 2636 1936 2711; baseline 0.001 -18"><span class='ocrx_word' id='word_1_196' title='bbox 291 2636 452 2693; x_wconf 64' lang='lat' dir='ltr'>hac:</span> <span class='ocrx_word' id='word_1_197' title='bbox 484 2638 543 2694; x_wconf 92' lang='lat' dir='ltr'>Si</span> <span class='ocrx_word' id='word_1_198' title='bbox 579 2642 635 2694; x_wconf 90' lang='lat' dir='ltr'>te</span> <span class='ocrx_word' id='word_1_199' title='bbox 666 2655 782 2694; x_wconf 89' lang='lat' dir='ltr'>non</span> <span class='ocrx_word' id='word_1_200' title='bbox 815 2637 1086 2705; x_wconf 81' lang='lat' dir='ltr'>audierit,</span> <span class='ocrx_word' id='word_1_201' title='bbox 1139 2637 1234 2694; x_wconf 92' lang='lat' dir='ltr'>dic</span> <span class='ocrx_word' id='word_1_202' title='bbox 1283 2637 1549 2694; x_wconf 66' lang='lat' dir='ltr'>Ecclesia:</span> <span class='ocrx_word' id='word_1_203' title='bbox 1596 2639 1775 2705; x_wconf 77' lang='grc' dir='ltr'>(1ὺίιί.,</span> <span class='ocrx_word' id='word_1_204' title='bbox 1826 2641 1936 2711; x_wconf 77' lang='lat' dir='ltr'>l7).</span> 
     </span>
    </p>
   </div>
   <div class='ocr_carea' id='block_1_30' title="bbox 291 2726 1937 2799">
    <p class='ocr_par' dir='ltr' id='par_1_30' title="bbox 291 2726 1937 2799">
     <span class='ocr_line' id='line_1_30' title="bbox 291 2726 1937 2799; baseline 0 -17"><span class='ocrx_word' id='word_1_205' title='bbox 291 2726 438 2782; x_wconf 86' lang='lat' dir='ltr'>Nam</span> <span class='ocrx_word' id='word_1_206' title='bbox 469 2726 520 2783; x_wconf 87' lang='lat' dir='ltr'>si</span> <span class='ocrx_word' id='word_1_207' title='bbox 548 2730 612 2782; x_wconf 83' lang='lat' dir='ltr'>tu</span> <span class='ocrx_word' id='word_1_208' title='bbox 645 2726 802 2783; x_wconf 90' lang='lat' dir='ltr'>hunc</span> <span class='ocrx_word' id='word_1_209' title='bbox 832 2727 1097 2782; x_wconf 86' lang='lat' dir='ltr'>ordinem</span> <span class='ocrx_word' id='word_1_210' title='bbox 1130 2727 1743 2799; x_wconf 89' lang='lat' dir='ltr'>servabis,gloriosam</span> <span class='ocrx_word' id='word_1_211' title='bbox 1775 2733 1937 2784; x_wconf 88' lang='lat' dir='ltr'>tuam</span> 
     </span>
    </p>
   </div>
   <div class='ocr_carea' id='block_1_31' title="bbox 293 2813 1172 2886">
    <p class='ocr_par' dir='ltr' id='par_1_31' title="bbox 293 2813 1172 2886">
     <span class='ocr_line' id='line_1_31' title="bbox 293 2813 1172 2886; baseline 0 -16"><span class='ocrx_word' id='word_1_212' title='bbox 293 2814 530 2886; x_wconf 88' lang='lat' dir='ltr'>penitus</span> <span class='ocrx_word' id='word_1_213' title='bbox 557 2813 842 2871; x_wconf 82' lang='lat' dir='ltr'>exaltabis</span> <span class='ocrx_word' id='word_1_214' title='bbox 875 2831 1172 2870; x_wconf 90' lang='lat' dir='ltr'>coronam.</span> 
     </span>
    </p>
   </div>
   <div class='ocr_carea' id='block_1_32' title="bbox 364 2902 1937 2976">
    <p class='ocr_par' dir='ltr' id='par_1_32' title="bbox 364 2902 1937 2976">
     <span class='ocr_line' id='line_1_32' title="bbox 364 2902 1937 2976; baseline 0.001 -18"><span class='ocrx_word' id='word_1_215' title='bbox 364 2902 500 2958; x_wconf 77' lang='lat' dir='ltr'>CAP.</span> <span class='ocrx_word' id='word_1_216' title='bbox 537 2903 630 2957; x_wconf 83' lang='lat' dir='ltr'>IV.</span> <span class='ocrx_word' id='word_1_217' title='bbox 664 2907 743 2958; x_wconf 89' lang='lat' dir='ltr'>De</span> <span class='ocrx_word' id='word_1_218' title='bbox 770 2905 962 2960; x_wconf 84' lang='lat' dir='ltr'>merito</span> <span class='ocrx_word' id='word_1_219' title='bbox 993 2904 1196 2960; x_wconf 83' lang='lat' dir='ltr'>honore</span> <span class='ocrx_word' id='word_1_220' title='bbox 1219 2905 1534 2976; x_wconf 82' lang='lat' dir='ltr'>principum</span> <span class='ocrx_word' id='word_1_221' title='bbox 1573 2913 1623 2960; x_wconf 84' lang='lat' dir='ltr'>et</span> <span class='ocrx_word' id='word_1_222' title='bbox 1653 2908 1937 2962; x_wconf 84' lang='lat' dir='ltr'>baronum.</span> 
     </span>
    </p>
   </div>
   <div class='ocr_carea' id='block_1_33' title="bbox 293 2989 1938 3066">
    <p class='ocr_par' dir='ltr' id='par_1_33' title="bbox 293 2989 1938 3066">
     <span class='ocr_line' id='line_1_33' title="bbox 293 2989 1938 3066; baseline 0.001 -20"><span class='ocrx_word' id='word_1_223' title='bbox 293 2991 548 3056; x_wconf 85' lang='lat' dir='ltr'>Quartus</span> <span class='ocrx_word' id='word_1_224' title='bbox 577 2991 754 3047; x_wconf 89' lang='lat' dir='ltr'>decor</span> <span class='ocrx_word' id='word_1_225' title='bbox 779 2989 1083 3062; x_wconf 90' lang='lat' dir='ltr'>regiminis</span> <span class='ocrx_word' id='word_1_226' title='bbox 1113 2995 1171 3047; x_wconf 89' lang='lat' dir='ltr'>et</span> <span class='ocrx_word' id='word_1_227' title='bbox 1202 2991 1784 3061; x_wconf 87' lang='lat' dir='ltr'>fidelitas,fortitudo,</span> <span class='ocrx_word' id='word_1_228' title='bbox 1819 2993 1938 3066; x_wconf 89' lang='lat' dir='ltr'>agi-</span> 
     </span>
    </p>
   </div>
   <div class='ocr_carea' id='block_1_34' title="bbox 294 3079 1938 3155">
    <p class='ocr_par' dir='ltr' id='par_1_34' title="bbox 294 3079 1938 3155">
     <span class='ocr_line' id='line_1_34' title="bbox 294 3079 1938 3155; baseline 0.001 -20"><span class='ocrx_word' id='word_1_229' title='bbox 294 3079 1090 3148; x_wconf 82' lang='lat' dir='ltr'>litas,comitas,confldentia</span> <span class='ocrx_word' id='word_1_230' title='bbox 1120 3081 1450 3153; x_wconf 87' lang='lat' dir='ltr'>principum</span> <span class='ocrx_word' id='word_1_231' title='bbox 1477 3083 1938 3155; x_wconf 84' lang='lat' dir='ltr'>[at.,principum</span> 
     </span>
    </p>
   </div>
   <div class='ocr_carea' id='block_1_35' title="bbox 293 3166 1940 3239">
    <p class='ocr_par' dir='ltr' id='par_1_35' title="bbox 293 3166 1940 3239">
     <span class='ocr_line' id='line_1_35' title="bbox 293 3166 1940 3239; baseline 0.001 -14"><span class='ocrx_word' id='word_1_232' title='bbox 293 3169 462 3236; x_wconf 73' lang='lat' dir='ltr'>abest,</span> <span class='ocrx_word' id='word_1_233' title='bbox 493 3176 545 3225; x_wconf 85' lang='lat' dir='ltr'>et</span> <span class='ocrx_word' id='word_1_234' title='bbox 570 3183 700 3224; x_wconf 72' lang='lat' dir='ltr'>mox</span> <span class='ocrx_word' id='word_1_235' title='bbox 729 3166 1060 3239; x_wconf 90' lang='lat' dir='ltr'>nobilium],</span> <span class='ocrx_word' id='word_1_236' title='bbox 1094 3170 1404 3237; x_wconf 90' lang='lat' dir='ltr'>baronum,</span> <span class='ocrx_word' id='word_1_237' title='bbox 1448 3170 1752 3238; x_wconf 89' lang='lat' dir='ltr'>comitum,</span> <span class='ocrx_word' id='word_1_238' title='bbox 1787 3169 1940 3226; x_wconf 89' lang='lat' dir='ltr'>mili-</span> 
     </span>
    </p>
   </div>
   <div class='ocr_carea' id='block_1_36' title="bbox 295 3255 1944 3331">
    <p class='ocr_par' dir='ltr' id='par_1_36' title="bbox 295 3255 1944 3331">
     <span class='ocr_line' id='line_1_36' title="bbox 295 3255 1944 3331; baseline -0.001 -15"><span class='ocrx_word' id='word_1_239' title='bbox 295 3262 446 3326; x_wconf 88' lang='lat' dir='ltr'>tum,</span> <span class='ocrx_word' id='word_1_240' title='bbox 482 3256 789 3314; x_wconf 87' lang='lat' dir='ltr'>nobilium.</span> <span class='ocrx_word' id='word_1_241' title='bbox 824 3255 918 3313; x_wconf 86' lang='lat' dir='ltr'>[lli</span> <span class='ocrx_word' id='word_1_242' title='bbox 951 3257 1107 3312; x_wconf 73' lang='lat' dir='ltr'>enim</span> <span class='ocrx_word' id='word_1_243' title='bbox 1129 3261 1268 3313; x_wconf 89' lang='lat' dir='ltr'>sunt</span> <span class='ocrx_word' id='word_1_244' title='bbox 1297 3259 1456 3330; x_wconf 87' lang='lat' dir='ltr'>regni</span> <span class='ocrx_word' id='word_1_245' title='bbox 1482 3263 1944 3331; x_wconf 79' lang='lat' dir='ltr'>prepugnatores</span> 
     </span>
    </p>
   </div>
   <div class='ocr_carea' id='block_1_37' title="bbox 293 3345 1942 3420">
    <p class='ocr_par' dir='ltr' id='par_1_37' title="bbox 293 3345 1942 3420">
     <span class='ocr_line' id='line_1_37' title="bbox 293 3345 1942 3420; baseline 0.001 -18"><span class='ocrx_word' id='word_1_246' title='bbox 293 3349 416 3420; x_wconf 84' lang='lat' dir='ltr'>[al.,</span> <span class='ocrx_word' id='word_1_247' title='bbox 449 3345 1006 3420; x_wconf 85' lang='lat' dir='ltr'>propugnaculum],</span> <span class='ocrx_word' id='word_1_248' title='bbox 1036 3346 1372 3404; x_wconf 83' lang='lat' dir='ltr'>defensores</span> <span class='ocrx_word' id='word_1_249' title='bbox 1421 3347 1826 3415; x_wconf 88' lang='lat' dir='ltr'>imbecillium,</span> <span class='ocrx_word' id='word_1_250' title='bbox 1847 3364 1942 3404; x_wconf 82' lang='lat' dir='ltr'>ex-</span> 
     </span>
    </p>
   </div>
   <div class='ocr_carea' id='block_1_38' title="bbox 296 3433 1942 3510">
    <p class='ocr_par' dir='ltr' id='par_1_38' title="bbox 296 3433 1942 3510">
     <span class='ocr_line' id='line_1_38' title="bbox 296 3433 1942 3510; baseline -0.001 -19"><span class='ocrx_word' id='word_1_251' title='bbox 296 3439 656 3510; x_wconf 89' lang='lat' dir='ltr'>pugnatores</span> <span class='ocrx_word' id='word_1_252' title='bbox 685 3433 1174 3500; x_wconf 84' lang='lat' dir='ltr'>adversariorum,</span> <span class='ocrx_word' id='word_1_253' title='bbox 1209 3439 1682 3507; x_wconf 88' lang='lat' dir='ltr'>augmentatores</span> <span class='ocrx_word' id='word_1_254' title='bbox 1713 3452 1942 3491; x_wconf 87' lang='lat' dir='ltr'>monar-</span> 
     </span>
    </p>
   </div>
   <div class='ocr_carea' id='block_1_39' title="bbox 297 3521 1947 3596">
    <p class='ocr_par' dir='ltr' id='par_1_39' title="bbox 297 3521 1947 3596">
     <span class='ocr_line' id='line_1_39' title="bbox 297 3521 1947 3596; baseline -0.001 -15"><span class='ocrx_word' id='word_1_255' title='bbox 297 3524 589 3582; x_wconf 89' lang='lat' dir='ltr'>chiarum.</span> <span class='ocrx_word' id='word_1_256' title='bbox 625 3522 712 3579; x_wconf 89' lang='lat' dir='ltr'>Illi</span> <span class='ocrx_word' id='word_1_257' title='bbox 742 3521 872 3591; x_wconf 89' lang='lat' dir='ltr'>tibi,</span> <span class='ocrx_word' id='word_1_258' title='bbox 905 3521 988 3578; x_wconf 86' lang='lat' dir='ltr'>fili</span> <span class='ocrx_word' id='word_1_259' title='bbox 1022 3522 1124 3589; x_wconf 89' lang='lat' dir='ltr'>mi,</span> <span class='ocrx_word' id='word_1_260' title='bbox 1153 3522 1272 3578; x_wconf 90' lang='lat' dir='ltr'>sint</span> <span class='ocrx_word' id='word_1_261' title='bbox 1293 3529 1486 3596; x_wconf 87' lang='lat' dir='ltr'>patres</span> <span class='ocrx_word' id='word_1_262' title='bbox 1517 3529 1573 3579; x_wconf 91' lang='lat' dir='ltr'>et</span> <span class='ocrx_word' id='word_1_263' title='bbox 1603 3524 1833 3580; x_wconf 85' lang='lat' dir='ltr'>fratres.</span> <span class='ocrx_word' id='word_1_264' title='bbox 1866 3525 1947 3579; x_wconf 82' lang='lat' dir='ltr'><strong>Ex</strong></span> 
     </span>
    </p>
   </div>
   <div class='ocr_carea' id='block_1_40' title="bbox 297 3609 1944 3684">
    <p class='ocr_par' dir='ltr' id='par_1_40' title="bbox 297 3609 1944 3684">
     <span class='ocr_line' id='line_1_40' title="bbox 297 3609 1944 3684; baseline -0.002 -12"><span class='ocrx_word' id='word_1_265' title='bbox 297 3613 392 3672; x_wconf 84' lang='lat' dir='ltr'>his</span> <span class='ocrx_word' id='word_1_266' title='bbox 413 3627 547 3670; x_wconf 89' lang='lat' dir='ltr'>vero</span> <span class='ocrx_word' id='word_1_267' title='bbox 579 3610 874 3668; x_wconf 86' lang='lat' dir='ltr'>neminem</span> <span class='ocrx_word' id='word_1_268' title='bbox 906 3609 965 3666; x_wconf 91' lang='lat' dir='ltr'>in</span> <span class='ocrx_word' id='word_1_269' title='bbox 987 3611 1322 3667; x_wconf 88' lang='lat' dir='ltr'>servitutem</span> <span class='ocrx_word' id='word_1_270' title='bbox 1347 3613 1690 3684; x_wconf 89' lang='lat' dir='ltr'>redigas,vel</span> <span class='ocrx_word' id='word_1_271' title='bbox 1713 3630 1944 3668; x_wconf 89' lang='lat' dir='ltr'>servum</span> 
     </span>
    </p>
   </div>
   <div class='ocr_carea' id='block_1_41' title="bbox 300 3698 1947 3768">
    <p class='ocr_par' dir='ltr' id='par_1_41' title="bbox 300 3698 1947 3768">
     <span class='ocr_line' id='line_1_41' title="bbox 300 3698 1947 3768; baseline -0.002 -9"><span class='ocrx_word' id='word_1_272' title='bbox 300 3701 567 3760; x_wconf 83' lang='lat' dir='ltr'>nomines</span> <span class='ocrx_word' id='word_1_273' title='bbox 591 3719 605 3768; x_wconf 90' lang='lat'><strong>;</strong></span> <span class='ocrx_word' id='word_1_274' title='bbox 638 3699 720 3756; x_wconf 89' lang='lat' dir='ltr'>illi</span> <span class='ocrx_word' id='word_1_275' title='bbox 755 3699 882 3764; x_wconf 84' lang='lat' dir='ltr'>tibi,</span> <span class='ocrx_word' id='word_1_276' title='bbox 904 3698 1298 3765; x_wconf 88' lang='lat' dir='ltr'>militent,non</span> <span class='ocrx_word' id='word_1_277' title='bbox 1320 3701 1802 3767; x_wconf 89' lang='lat' dir='ltr'>serviant,eorum</span> <span class='ocrx_word' id='word_1_278' title='bbox 1826 3719 1947 3756; x_wconf 85' lang='lat' dir='ltr'>om-</span> 
     </span>
    </p>
   </div>
   <div class='ocr_carea' id='block_1_42' title="bbox 300 3787 1945 3860">
    <p class='ocr_par' dir='ltr' id='par_1_42' title="bbox 300 3787 1945 3860">
     <span class='ocr_line' id='line_1_42' title="bbox 300 3787 1945 3860; baseline 0 -16"><span class='ocrx_word' id='word_1_279' title='bbox 300 3789 476 3846; x_wconf 84' lang='lat' dir='ltr'>nibus</span> <span class='ocrx_word' id='word_1_280' title='bbox 506 3789 632 3845; x_wconf 87' lang='lat' dir='ltr'>sine</span> <span class='ocrx_word' id='word_1_281' title='bbox 655 3788 740 3842; x_wconf 84' lang='lat' dir='ltr'>ira</span> <span class='ocrx_word' id='word_1_282' title='bbox 769 3791 827 3842; x_wconf 92' lang='lat' dir='ltr'>et</span> <span class='ocrx_word' id='word_1_283' title='bbox 846 3787 1120 3858; x_wconf 90' lang='lat' dir='ltr'>superbia</span> <span class='ocrx_word' id='word_1_284' title='bbox 1141 3793 1316 3860; x_wconf 88' lang='lat' dir='ltr'>atque</span> <span class='ocrx_word' id='word_1_285' title='bbox 1333 3789 1550 3844; x_wconf 91' lang='lat' dir='ltr'>invidia</span> <span class='ocrx_word' id='word_1_286' title='bbox 1572 3789 1945 3860; x_wconf 82' lang='lat' dir='ltr'>pacifice,hu-</span> 
     </span>
    </p>
   </div>
   <div class='ocr_carea' id='block_1_43' title="bbox 301 3877 1950 3947">
    <p class='ocr_par' dir='ltr' id='par_1_43' title="bbox 301 3877 1950 3947">
     <span class='ocr_line' id='line_1_43' title="bbox 301 3877 1950 3947; baseline 0.001 -13"><span class='ocrx_word' id='word_1_287' title='bbox 301 3877 849 3946; x_wconf 89' lang='lat' dir='ltr'>militer,mansuete</span> <span class='ocrx_word' id='word_1_288' title='bbox 878 3877 1489 3947; x_wconf 86' lang='lat' dir='ltr'>dominare,memoria</span> <span class='ocrx_word' id='word_1_289' title='bbox 1515 3878 1773 3934; x_wconf 88' lang='lat' dir='ltr'>retinens</span> <span class='ocrx_word' id='word_1_290' title='bbox 1803 3896 1950 3934; x_wconf 89' lang='lat' dir='ltr'>sem-</span> 
     </span>
    </p>
   </div>
   <div class='ocr_carea' id='block_1_44' title="bbox 301 3965 1944 4048">
    <p class='ocr_par' dir='ltr' id='par_1_44' title="bbox 301 3965 1944 4048">
     <span class='ocr_line' id='line_1_44' title="bbox 301 3965 1944 4048; baseline -0.001 -24"><span class='ocrx_word' id='word_1_291' title='bbox 301 3983 424 4048; x_wconf 86' lang='lat' dir='ltr'>per,</span> <span class='ocrx_word' id='word_1_292' title='bbox 457 3966 611 4040; x_wconf 91' lang='lat' dir='ltr'>quod</span> <span class='ocrx_word' id='word_1_293' title='bbox 644 3981 847 4022; x_wconf 88' lang='lat' dir='ltr'>omnes</span> <span class='ocrx_word' id='word_1_294' title='bbox 877 3965 1147 4022; x_wconf 89' lang='lat' dir='ltr'>homines</span> <span class='ocrx_word' id='word_1_295' title='bbox 1177 3967 1354 4022; x_wconf 90' lang='lat' dir='ltr'>unius</span> <span class='ocrx_word' id='word_1_296' title='bbox 1385 3970 1526 4022; x_wconf 89' lang='lat' dir='ltr'>sunt</span> <span class='ocrx_word' id='word_1_297' title='bbox 1553 3967 1905 4022; x_wconf 88' lang='lat' dir='ltr'>conditionis</span> <span class='ocrx_word' id='word_1_298' title='bbox 1931 3985 1944 4024; x_wconf 90' lang='lat'>:</span> 
     </span>
    </p>
   </div>
   <div class='ocr_carea' id='block_1_45' title="bbox 300 4053 1945 4128">
    <p class='ocr_par' dir='ltr' id='par_1_45' title="bbox 300 4053 1945 4128">
     <span class='ocr_line' id='line_1_45' title="bbox 300 4053 1945 4128; baseline -0.001 -14"><span class='ocrx_word' id='word_1_299' title='bbox 300 4059 359 4115; x_wconf 86' lang='lat' dir='ltr'>et</span> <span class='ocrx_word' id='word_1_300' title='bbox 381 4055 537 4128; x_wconf 88' lang='lat' dir='ltr'>quod</span> <span class='ocrx_word' id='word_1_301' title='bbox 569 4053 652 4109; x_wconf 90' lang='lat' dir='ltr'>nil</span> <span class='ocrx_word' id='word_1_302' title='bbox 684 4053 888 4118; x_wconf 88' lang='lat' dir='ltr'>elevat,</span> <span class='ocrx_word' id='word_1_303' title='bbox 921 4054 1032 4110; x_wconf 87' lang='lat' dir='ltr'>nisi</span> <span class='ocrx_word' id='word_1_304' title='bbox 1067 4054 1410 4111; x_wconf 88' lang='lat' dir='ltr'>humilitas:</span> <span class='ocrx_word' id='word_1_305' title='bbox 1444 4060 1501 4110; x_wconf 89' lang='lat' dir='ltr'>et</span> <span class='ocrx_word' id='word_1_306' title='bbox 1547 4055 1693 4111; x_wconf 90' lang='lat' dir='ltr'>nihil</span> <span class='ocrx_word' id='word_1_307' title='bbox 1725 4055 1945 4126; x_wconf 86' lang='lat' dir='ltr'>dejicit,</span> 
     </span>
    </p>
   </div>
   <div class='ocr_carea' id='block_1_46' title="bbox 300 4143 1946 4216">
    <p class='ocr_par' dir='ltr' id='par_1_46' title="bbox 300 4143 1946 4216">
     <span class='ocr_line' id='line_1_46' title="bbox 300 4143 1946 4216; baseline 0 -16"><span class='ocrx_word' id='word_1_308' title='bbox 300 4143 415 4200; x_wconf 88' lang='lat' dir='ltr'>nisi</span> <span class='ocrx_word' id='word_1_309' title='bbox 447 4143 722 4216; x_wconf 87' lang='lat' dir='ltr'>superbia</span> <span class='ocrx_word' id='word_1_310' title='bbox 741 4148 799 4199; x_wconf 91' lang='lat' dir='ltr'>et</span> <span class='ocrx_word' id='word_1_311' title='bbox 828 4143 1065 4200; x_wconf 85' lang='lat' dir='ltr'>invidia.</span> <span class='ocrx_word' id='word_1_312' title='bbox 1098 4144 1154 4198; x_wconf 92' lang='lat' dir='ltr'>Si</span> <span class='ocrx_word' id='word_1_313' title='bbox 1187 4144 1300 4200; x_wconf 90' lang='lat' dir='ltr'>eris</span> <span class='ocrx_word' id='word_1_314' title='bbox 1355 4144 1656 4215; x_wconf 76' lang='lat' dir='ltr'>pacificus,</span> <span class='ocrx_word' id='word_1_315' title='bbox 1689 4149 1829 4200; x_wconf 87' lang='lat' dir='ltr'>tunc</span> <span class='ocrx_word' id='word_1_316' title='bbox 1859 4147 1946 4200; x_wconf 91' lang='lat' dir='ltr'>di-</span> 
     </span>
    </p>
   </div>
   <div class='ocr_carea' id='block_1_47' title="bbox 301 4229 1948 4306">
    <p class='ocr_par' dir='ltr' id='par_1_47' title="bbox 301 4229 1948 4306">
     <span class='ocr_line' id='line_1_47' title="bbox 301 4229 1948 4306; baseline 0 -17"><span class='ocrx_word' id='word_1_317' title='bbox 301 4229 449 4289; x_wconf 85' lang='lat' dir='ltr'>ceris</span> <span class='ocrx_word' id='word_1_318' title='bbox 479 4248 575 4288; x_wconf 85' lang='lat' dir='ltr'>rex</span> <span class='ocrx_word' id='word_1_319' title='bbox 605 4237 661 4289; x_wconf 93' lang='lat' dir='ltr'>et</span> <span class='ocrx_word' id='word_1_320' title='bbox 691 4231 843 4306; x_wconf 89' lang='lat' dir='ltr'>regis</span> <span class='ocrx_word' id='word_1_321' title='bbox 875 4232 1052 4300; x_wconf 86' lang='lat' dir='ltr'>filius,</span> <span class='ocrx_word' id='word_1_322' title='bbox 1087 4237 1262 4304; x_wconf 91' lang='lat' dir='ltr'>atque</span> <span class='ocrx_word' id='word_1_323' title='bbox 1313 4233 1602 4288; x_wconf 88' lang='lat' dir='ltr'>amaberis</span> <span class='ocrx_word' id='word_1_324' title='bbox 1639 4250 1673 4288; x_wconf 88' lang='lat' dir='ltr'>a</span> <span class='ocrx_word' id='word_1_325' title='bbox 1721 4233 1948 4290; x_wconf 90' lang='lat' dir='ltr'>cunctis</span> 
     </span>
    </p>
   </div>
   <div class='ocr_carea' id='block_1_48' title="bbox 303 4320 1946 4394">
    <p class='ocr_par' dir='ltr' id='par_1_48' title="bbox 303 4320 1946 4394">
     <span class='ocr_line' id='line_1_48' title="bbox 303 4320 1946 4394; baseline -0.002 -14"><span class='ocrx_word' id='word_1_326' title='bbox 303 4320 613 4394; x_wconf 77' lang='lat' dir='ltr'>militibus.</span> <span class='ocrx_word' id='word_1_327' title='bbox 647 4320 705 4377; x_wconf 91' lang='lat' dir='ltr'>Si</span> <span class='ocrx_word' id='word_1_328' title='bbox 737 4320 1074 4387; x_wconf 91' lang='lat' dir='ltr'>iracundus,</span> <span class='ocrx_word' id='word_1_329' title='bbox 1107 4321 1419 4394; x_wconf 89' lang='lat' dir='ltr'>superbus,</span> <span class='ocrx_word' id='word_1_330' title='bbox 1443 4321 1946 4391; x_wconf 84' lang='lat' dir='ltr'>invidus.impaei-</span> 
     </span>
    </p>
   </div>
   <div class='ocr_carea' id='block_1_49' title="bbox 303 4410 1948 4484">
    <p class='ocr_par' dir='ltr' id='par_1_49' title="bbox 303 4410 1948 4484">
     <span class='ocr_line' id='line_1_49' title="bbox 303 4410 1948 4484; baseline -0.002 -15"><span class='ocrx_word' id='word_1_331' title='bbox 303 4411 469 4478; x_wconf 80' lang='lat' dir='ltr'>ﬁcus,</span> <span class='ocrx_word' id='word_1_332' title='bbox 500 4427 567 4467; x_wconf 89' lang='lat' dir='ltr'>ac</span> <span class='ocrx_word' id='word_1_333' title='bbox 599 4411 723 4482; x_wconf 87' lang='lat' dir='ltr'>[at.,</span> <span class='ocrx_word' id='word_1_334' title='bbox 754 4427 820 4470; x_wconf 87' lang='lat' dir='ltr'>ac</span> <span class='ocrx_word' id='word_1_335' title='bbox 851 4412 1020 4480; x_wconf 75' lang='lat' dir='ltr'>abest]</span> <span class='ocrx_word' id='word_1_336' title='bbox 1047 4426 1226 4482; x_wconf 91' lang='lat' dir='ltr'>super</span> <span class='ocrx_word' id='word_1_337' title='bbox 1253 4411 1496 4466; x_wconf 89' lang='lat' dir='ltr'>comites</span> <span class='ocrx_word' id='word_1_338' title='bbox 1552 4415 1608 4465; x_wconf 92' lang='lat' dir='ltr'>et</span> <span class='ocrx_word' id='word_1_339' title='bbox 1657 4410 1948 4484; x_wconf 90' lang='lat' dir='ltr'>principes</span> 
     </span>
    </p>
   </div>
   <div class='ocr_carea' id='block_1_50' title="bbox 302 4498 2025 4585">
    <p class='ocr_par' dir='ltr' id='par_1_50' title="bbox 302 4498 2025 4585">
     <span class='ocr_line' id='line_1_50' title="bbox 302 4498 2025 4585; baseline -0.001 -29"><span class='ocrx_word' id='word_1_340' title='bbox 302 4500 582 4557; x_wconf 86' lang='lat' dir='ltr'>cervicem</span> <span class='ocrx_word' id='word_1_341' title='bbox 613 4499 885 4563; x_wconf 84' lang='lat' dir='ltr'>erexeris,</span> <span class='ocrx_word' id='word_1_342' title='bbox 936 4499 1063 4554; x_wconf 91' lang='lat' dir='ltr'>sine</span> <span class='ocrx_word' id='word_1_343' title='bbox 1117 4498 1296 4554; x_wconf 91' lang='lat' dir='ltr'>dubio</span> <span class='ocrx_word' id='word_1_344' title='bbox 1339 4498 1616 4554; x_wconf 81' lang='lat' dir='ltr'>fortitudo</span> <span class='ocrx_word' id='word_1_345' title='bbox 1668 4499 1944 4568; x_wconf 89' lang='lat' dir='ltr'>militum,</span> <span class='ocrx_word' id='word_1_346' title='bbox 1978 4521 2025 4585; x_wconf 71' lang='grc' dir='ltr'><strong>Β</strong></span> 
     </span>
    </p>
   </div>
   <div class='ocr_carea' id='block_1_51' title="bbox 301 4585 1949 4661">
    <p class='ocr_par' dir='ltr' id='par_1_51' title="bbox 301 4585 1949 4661">
     <span class='ocr_line' id='line_1_51' title="bbox 301 4585 1949 4661; baseline -0.001 -15"><span class='ocrx_word' id='word_1_347' title='bbox 301 4589 594 4646; x_wconf 89' lang='lat' dir='ltr'>hebetudo</span> <span class='ocrx_word' id='word_1_348' title='bbox 623 4589 731 4644; x_wconf 90' lang='lat' dir='ltr'>erit</span> <span class='ocrx_word' id='word_1_349' title='bbox 762 4585 1047 4659; x_wconf 86' lang='lat' dir='ltr'>regalium</span> <span class='ocrx_word' id='word_1_350' title='bbox 1091 4586 1466 4661; x_wconf 86' lang='lat' dir='ltr'>dignitatum,</span> <span class='ocrx_word' id='word_1_351' title='bbox 1501 4592 1557 4642; x_wconf 92' lang='lat' dir='ltr'>et</span> <span class='ocrx_word' id='word_1_352' title='bbox 1588 4586 1796 4643; x_wconf 90' lang='lat' dir='ltr'>alienis</span> <span class='ocrx_word' id='word_1_353' title='bbox 1825 4593 1949 4644; x_wconf 89' lang='lat' dir='ltr'>tra-</span> 
     </span>
    </p>
   </div>
   <div class='ocr_carea' id='block_1_52' title="bbox 302 4677 1952 4750">
    <p class='ocr_par' dir='ltr' id='par_1_52' title="bbox 302 4677 1952 4750">
     <span class='ocr_line' id='line_1_52' title="bbox 302 4677 1952 4750; baseline -0.002 -14"><span class='ocrx_word' id='word_1_354' title='bbox 302 4679 443 4736; x_wconf 89' lang='lat' dir='ltr'>dent</span> <span class='ocrx_word' id='word_1_355' title='bbox 496 4693 743 4750; x_wconf 85' lang='lat' dir='ltr'>regnum</span> <span class='ocrx_word' id='word_1_356' title='bbox 803 4680 994 4732; x_wconf 91' lang='lat' dir='ltr'>tuum.</span> <span class='ocrx_word' id='word_1_357' title='bbox 1075 4677 1190 4732; x_wconf 86' lang='lat' dir='ltr'>Hoc</span> <span class='ocrx_word' id='word_1_358' title='bbox 1247 4677 1482 4744; x_wconf 91' lang='lat' dir='ltr'>timens,</span> <span class='ocrx_word' id='word_1_359' title='bbox 1554 4693 1687 4731; x_wconf 91' lang='lat' dir='ltr'>cum</span> <span class='ocrx_word' id='word_1_360' title='bbox 1749 4677 1952 4750; x_wconf 88' lang='lat' dir='ltr'>regula</span> 
     </span>
    </p>
   </div>
   <div class='ocr_carea' id='block_1_53' title="bbox 301 4764 1952 4838">
    <p class='ocr_par' dir='ltr' id='par_1_53' title="bbox 301 4764 1952 4838">
     <span class='ocr_line' id='line_1_53' title="bbox 301 4764 1952 4838; baseline 0 -16"><span class='ocrx_word' id='word_1_361' title='bbox 301 4767 585 4824; x_wconf 86' lang='lat' dir='ltr'>virtutum</span> <span class='ocrx_word' id='word_1_362' title='bbox 614 4765 798 4838; x_wconf 84' lang='lat' dir='ltr'>dirige</span> <span class='ocrx_word' id='word_1_363' title='bbox 831 4765 1010 4820; x_wconf 89' lang='lat' dir='ltr'>vitam</span> <span class='ocrx_word' id='word_1_364' title='bbox 1063 4764 1368 4832; x_wconf 90' lang='lat' dir='ltr'>comitum,</span> <span class='ocrx_word' id='word_1_365' title='bbox 1422 4771 1488 4821; x_wconf 91' lang='lat' dir='ltr'>ut</span> <span class='ocrx_word' id='word_1_366' title='bbox 1516 4768 1618 4820; x_wconf 90' lang='lat' dir='ltr'>tua</span> <span class='ocrx_word' id='word_1_367' title='bbox 1643 4765 1952 4824; x_wconf 86' lang='lat' dir='ltr'>dilectione</span> 
     </span>
    </p>
   </div>
   <div class='ocr_carea' id='block_1_54' title="bbox 302 4853 1947 4928">
    <p class='ocr_par' dir='ltr' id='par_1_54' title="bbox 302 4853 1947 4928">
     <span class='ocr_line' id='line_1_54' title="bbox 302 4853 1947 4928; baseline 0 -17"><span class='ocrx_word' id='word_1_368' title='bbox 302 4853 585 4928; x_wconf 85' lang='lat' dir='ltr'>angulati,</span> <span class='ocrx_word' id='word_1_369' title='bbox 639 4869 869 4928; x_wconf 90' lang='lat' dir='ltr'>semper</span> <span class='ocrx_word' id='word_1_370' title='bbox 925 4853 1101 4928; x_wconf 86' lang='lat' dir='ltr'>regali</span> <span class='ocrx_word' id='word_1_371' title='bbox 1154 4853 1440 4927; x_wconf 87' lang='lat' dir='ltr'>dignitate</span> <span class='ocrx_word' id='word_1_372' title='bbox 1497 4853 1832 4910; x_wconf 66' lang='lat' dir='ltr'>adhaereant</span> <span class='ocrx_word' id='word_1_373' title='bbox 1859 4855 1947 4911; x_wconf 91' lang='lat' dir='ltr'>in-</span> 
     </span>
    </p>
   </div>
   <div class='ocr_carea' id='block_1_55' title="bbox 300 4942 1946 5018">
    <p class='ocr_par' dir='ltr' id='par_1_55' title="bbox 300 4942 1946 5018">
     <span class='ocr_line' id='line_1_55' title="bbox 300 4942 1946 5018; baseline -0.002 -17"><span class='ocrx_word' id='word_1_374' title='bbox 300 4944 591 5013; x_wconf 79' lang='lat' dir='ltr'>offensi,et</span> <span class='ocrx_word' id='word_1_375' title='bbox 623 4946 686 4998; x_wconf 90' lang='lat' dir='ltr'>ut</span> <span class='ocrx_word' id='word_1_376' title='bbox 711 4949 880 4999; x_wconf 89' lang='lat' dir='ltr'>tuum</span> <span class='ocrx_word' id='word_1_377' title='bbox 902 4959 1145 5018; x_wconf 90' lang='lat' dir='ltr'>regnum</span> <span class='ocrx_word' id='word_1_378' title='bbox 1165 4959 1268 5016; x_wconf 90' lang='lat' dir='ltr'>per</span> <span class='ocrx_word' id='word_1_379' title='bbox 1291 4943 1491 4999; x_wconf 87' lang='lat' dir='ltr'>omnia</span> <span class='ocrx_word' id='word_1_380' title='bbox 1507 4942 1584 4998; x_wconf 88' lang='lat' dir='ltr'>sit</span> <span class='ocrx_word' id='word_1_381' title='bbox 1613 4943 1946 5015; x_wconf 87' lang='lat' dir='ltr'>pacificum.</span> 
     </span>
    </p>
   </div>
   <div class='ocr_carea' id='block_1_56' title="bbox 299 5104 1949 5180">
    <p class='ocr_par' dir='ltr' id='par_1_56' title="bbox 299 5104 1949 5180">
     <span class='ocr_line' id='line_1_56' title="bbox 299 5104 1949 5180; baseline -0.001 -19"><span class='ocrx_word' id='word_1_382' title='bbox 299 5122 409 5180; x_wconf 71' lang='lat' dir='ltr'>sua</span> <span class='ocrx_word' id='word_1_383' title='bbox 435 5104 712 5180; x_wconf 78' lang='lat' dir='ltr'>dogmata</span> <span class='ocrx_word' id='word_1_384' title='bbox 741 5104 1544 5180; x_wconf 79' lang='lat' dir='ltr'>conentur_pertrahere,lieet</span> <span class='ocrx_word' id='word_1_385' title='bbox 1574 5123 1642 5161; x_wconf 86' lang='lat' dir='ltr'>ex</span> <span class='ocrx_word' id='word_1_386' title='bbox 1673 5105 1949 5180; x_wconf 84' lang='lat' dir='ltr'>omnibus</span> 
     </span>
    </p>
   </div>
   <div class='ocr_carea' id='block_1_57' title="bbox 297 5175 1946 5250">
    <p class='ocr_par' dir='ltr' id='par_1_57' title="bbox 297 5175 1946 5250">
     <span class='ocr_line' id='line_1_57' title="bbox 297 5175 1946 5250; baseline -0.001 -18"><span class='ocrx_word' id='word_1_387' title='bbox 297 5175 488 5250; x_wconf 90' lang='lat' dir='ltr'>ipsius</span> <span class='ocrx_word' id='word_1_388' title='bbox 517 5175 700 5250; x_wconf 78' lang='lat' dir='ltr'>gestis</span> <span class='ocrx_word' id='word_1_389' title='bbox 730 5177 959 5250; x_wconf 80' lang='lat' dir='ltr'>abunde</span> <span class='ocrx_word' id='word_1_390' title='bbox 989 5175 1211 5232; x_wconf 79' lang='lat' dir='ltr'>discere</span> <span class='ocrx_word' id='word_1_391' title='bbox 1226 5175 1537 5250; x_wconf 73' lang='lat' dir='ltr'>possintse</span> <span class='ocrx_word' id='word_1_392' title='bbox 1559 5194 1592 5232; x_wconf 87' lang='lat' dir='ltr'>a</span> <span class='ocrx_word' id='word_1_393' title='bbox 1621 5177 1946 5250; x_wconf 88' lang='lat' dir='ltr'>primorum</span> 
     </span>
    </p>
   </div>
   <div class='ocr_carea' id='block_1_58' title="bbox 297 5246 1947 5322">
    <p class='ocr_par' dir='ltr' id='par_1_58' title="bbox 297 5246 1947 5322">
     <span class='ocr_line' id='line_1_58' title="bbox 297 5246 1947 5322; baseline -0.002 -16"><span class='ocrx_word' id='word_1_394' title='bbox 297 5246 712 5322; x_wconf 68' lang='lat' dir='ltr'>Bungarorum</span> <span class='ocrx_word' id='word_1_395' title='bbox 735 5247 847 5322; x_wconf 86' lang='lat' dir='ltr'>fide</span> <span class='ocrx_word' id='word_1_396' title='bbox 877 5247 1050 5322; x_wconf 81' lang='lat' dir='ltr'>longe</span> <span class='ocrx_word' id='word_1_397' title='bbox 1091 5246 1420 5322; x_wconf 79' lang='lat' dir='ltr'>recessisse.</span> <span class='ocrx_word' id='word_1_398' title='bbox 1455 5246 1739 5303; x_wconf 65' lang='lat' dir='ltr'>Caeterum</span> <span class='ocrx_word' id='word_1_399' title='bbox 1790 5249 1947 5318; x_wconf 87' lang='lat' dir='ltr'>quod</span> 
     </span>
    </p>
   </div>
   <div class='ocr_carea' id='block_1_59' title="bbox 301 5317 1950 5392">
    <p class='ocr_par' dir='ltr' id='par_1_59' title="bbox 301 5317 1950 5392">
     <span class='ocr_line' id='line_1_59' title="bbox 301 5317 1950 5392; baseline -0.001 -18"><span class='ocrx_word' id='word_1_400' title='bbox 301 5319 371 5376; x_wconf 89' lang='lat' dir='ltr'>de</span> <span class='ocrx_word' id='word_1_401' title='bbox 401 5317 755 5392; x_wconf 71' lang='lat' dir='ltr'>etymologia</span> <span class='ocrx_word' id='word_1_402' title='bbox 780 5320 1010 5388; x_wconf 77' lang='lat' dir='ltr'>Augusti</span> <span class='ocrx_word' id='word_1_403' title='bbox 1030 5318 1096 5392; x_wconf 80' lang='lat' dir='ltr'>in</span> <span class='ocrx_word' id='word_1_404' title='bbox 1128 5319 1242 5372; x_wconf 89' lang='lat' dir='ltr'>fine</span> <span class='ocrx_word' id='word_1_405' title='bbox 1273 5318 1507 5392; x_wconf 76' lang='lat' dir='ltr'>dicitur,</span> <span class='ocrx_word' id='word_1_406' title='bbox 1540 5335 1696 5392; x_wconf 88' lang='lat' dir='ltr'>mere</span> <span class='ocrx_word' id='word_1_407' title='bbox 1727 5317 1950 5392; x_wconf 81' lang='lat' dir='ltr'>accom-</span> 
     </span>
    </p>
   </div>
   <div class='ocr_carea' id='block_1_60' title="bbox 301 5388 1949 5458">
    <p class='ocr_par' dir='ltr' id='par_1_60' title="bbox 301 5388 1949 5458">
     <span class='ocr_line' id='line_1_60' title="bbox 301 5388 1949 5458; baseline 0 -14"><span class='ocrx_word' id='word_1_408' title='bbox 301 5388 684 5446; x_wconf 28' lang='lat' dir='ltr'>moda—titium’</span> <span class='ocrx_word' id='word_1_409' title='bbox 707 5394 827 5444; x_wconf 89' lang='lat' dir='ltr'>est:</span> <span class='ocrx_word' id='word_1_410' title='bbox 862 5407 996 5444; x_wconf 82' lang='lat' dir='ltr'>nam</span> <span class='ocrx_word' id='word_1_411' title='bbox 1028 5388 1407 5458; x_wconf 89' lang='lat' dir='ltr'>imperatores</span> <span class='ocrx_word' id='word_1_412' title='bbox 1439 5389 1574 5443; x_wconf 87' lang='lat' dir='ltr'>dicti</span> <span class='ocrx_word' id='word_1_413' title='bbox 1610 5393 1748 5444; x_wconf 90' lang='lat' dir='ltr'>sunt</span> <span class='ocrx_word' id='word_1_414' title='bbox 1772 5389 1949 5458; x_wconf 82' lang='lat' dir='ltr'>Augu-</span> 
     </span>
    </p>
   </div>
   <div class='ocr_carea' id='block_1_61' title="bbox 296 5460 1950 5532">
    <p class='ocr_par' dir='ltr' id='par_1_61' title="bbox 296 5460 1950 5532">
     <span class='ocr_line' id='line_1_61' title="bbox 296 5460 1950 5532; baseline -0.001 -16"><span class='ocrx_word' id='word_1_415' title='bbox 296 5462 471 5532; x_wconf 18' lang='lat' dir='ltr'>stigab</span> <span class='ocrx_word' id='word_1_416' title='bbox 505 5461 854 5532; x_wconf 81' lang='lat' dir='ltr'>imperatore</span> <span class='ocrx_word' id='word_1_417' title='bbox 893 5464 1174 5532; x_wconf 84' lang='lat' dir='ltr'>Augusto,</span> <span class='ocrx_word' id='word_1_418' title='bbox 1206 5461 1376 5514; x_wconf 89' lang='lat' dir='ltr'>sicuti</span> <span class='ocrx_word' id='word_1_419' title='bbox 1410 5464 1648 5516; x_wconf 80' lang='lat' dir='ltr'>Ca&#39;surcs</span> <span class='ocrx_word' id='word_1_420' title='bbox 1675 5460 1950 5514; x_wconf 86' lang='lat' dir='ltr'>dicuntur</span> 
     </span>
    </p>
   </div>
   <div class='ocr_carea' id='block_1_62' title="bbox 302 5530 791 5590">
    <p class='ocr_par' dir='ltr' id='par_1_62' title="bbox 302 5530 791 5590">
     <span class='ocr_line' id='line_1_62' title="bbox 302 5530 791 5590; baseline -0.002 -6"><span class='ocrx_word' id='word_1_421' title='bbox 302 5551 335 5590; x_wconf 84' lang='lat' dir='ltr'>a</span> <span class='ocrx_word' id='word_1_422' title='bbox 359 5530 515 5585; x_wconf 85' lang='lat' dir='ltr'>Julio</span> <span class='ocrx_word' id='word_1_423' title='bbox 547 5531 791 5585; x_wconf 64' lang='lat' dir='ltr'>Cazsare.</span> 
     </span>
    </p>
   </div>
   <div class='ocr_carea' id='block_1_63' title="bbox 371 5597 1942 5660">
    <p class='ocr_par' dir='ltr' id='par_1_63' title="bbox 371 5597 1942 5660">
     <span class='ocr_line' id='line_1_63' title="bbox 371 5597 1942 5660; baseline 0.001 -5"><span class='ocrx_word' id='word_1_424' title='bbox 371 5599 543 5660; x_wconf 75' lang='lat'>(103&#39;)</span> <span class='ocrx_word' id='word_1_425' title='bbox 579 5599 696 5651; x_wconf 84' lang='lat' dir='ltr'>Hoc</span> <span class='ocrx_word' id='word_1_426' title='bbox 726 5597 850 5654; x_wconf 91' lang='lat' dir='ltr'>loco</span> <span class='ocrx_word' id='word_1_427' title='bbox 908 5600 1084 5654; x_wconf 88' lang='lat' dir='ltr'>editio</span> <span class='ocrx_word' id='word_1_428' title='bbox 1129 5599 1404 5657; x_wconf 88' lang='lat' dir='ltr'>Sambuci</span> <span class='ocrx_word' id='word_1_429' title='bbox 1452 5601 1524 5658; x_wconf 90' lang='lat' dir='ltr'>ab</span> <span class='ocrx_word' id='word_1_430' title='bbox 1575 5599 1690 5656; x_wconf 88' lang='lat' dir='ltr'>illis</span> <span class='ocrx_word' id='word_1_431' title='bbox 1720 5599 1942 5657; x_wconf 89' lang='lat' dir='ltr'>verbis:</span> 
     </span>
    </p>
   </div>
   <div class='ocr_carea' id='block_1_64' title="bbox 2054 510 3731 584">
    <p class='ocr_par' dir='ltr' id='par_1_64' title="bbox 2054 510 3731 584">
     <span class='ocr_line' id='line_1_64' title="bbox 2054 510 3731 584; baseline 0.001 -18"><span class='ocrx_word' id='word_1_432' title='bbox 2054 511 2286 582; x_wconf 81' lang='lat' dir='ltr'>judicio.</span> <span class='ocrx_word' id='word_1_433' title='bbox 2322 510 2612 565; x_wconf 71' lang='lat' dir='ltr'>Patientia:</span> <span class='ocrx_word' id='word_1_434' title='bbox 2663 511 2947 582; x_wconf 83' lang='lat' dir='ltr'>etjudicii</span> <span class='ocrx_word' id='word_1_435' title='bbox 3008 511 3336 568; x_wconf 87' lang='lat' dir='ltr'>observatio</span> <span class='ocrx_word' id='word_1_436' title='bbox 3384 511 3599 584; x_wconf 89' lang='lat' dir='ltr'>quinta</span> <span class='ocrx_word' id='word_1_437' title='bbox 3629 530 3731 569; x_wconf 85' lang='lat' dir='ltr'>re-</span> 
     </span>
    </p>
   </div>
   <div class='ocr_carea' id='block_1_65' title="bbox 2063 597 3729 674">
    <p class='ocr_par' dir='ltr' id='par_1_65' title="bbox 2063 597 3729 674">
     <span class='ocr_line' id='line_1_65' title="bbox 2063 597 3729 674; baseline 0.002 -20"><span class='ocrx_word' id='word_1_438' title='bbox 2063 597 2212 672; x_wconf 89' lang='lat' dir='ltr'>galis</span> <span class='ocrx_word' id='word_1_439' title='bbox 2261 617 2483 654; x_wconf 72' lang='lat' dir='ltr'>corona:</span> <span class='ocrx_word' id='word_1_440' title='bbox 2537 606 2625 655; x_wconf 85' lang='lat' dir='ltr'>est</span> <span class='ocrx_word' id='word_1_441' title='bbox 2672 600 2918 656; x_wconf 89' lang='lat' dir='ltr'>ornatio.</span> <span class='ocrx_word' id='word_1_442' title='bbox 2961 600 3137 656; x_wconf 90' lang='lat' dir='ltr'>David</span> <span class='ocrx_word' id='word_1_443' title='bbox 3197 617 3296 656; x_wconf 85' lang='lat' dir='ltr'>rex</span> <span class='ocrx_word' id='word_1_444' title='bbox 3348 605 3524 673; x_wconf 89' lang='lat' dir='ltr'>atque</span> <span class='ocrx_word' id='word_1_445' title='bbox 3585 618 3729 674; x_wconf 91' lang='lat' dir='ltr'>pro-</span> 
     </span>
    </p>
   </div>
   <div class='ocr_carea' id='block_1_66' title="bbox 2064 687 3726 762">
    <p class='ocr_par' dir='ltr' id='par_1_66' title="bbox 2064 687 3726 762">
     <span class='ocr_line' id='line_1_66' title="bbox 2064 687 3726 762; baseline 0.002 -21"><span class='ocrx_word' id='word_1_446' title='bbox 2064 687 2239 760; x_wconf 85' lang='lat' dir='ltr'>pheta</span> <span class='ocrx_word' id='word_1_447' title='bbox 2269 688 2451 742; x_wconf 82' lang='lat' dir='ltr'>dixit:</span> <span class='ocrx_word' id='word_1_448' title='bbox 2514 690 2671 754; x_wconf 73' lang='lat' dir='ltr'>Deus,</span> <span class='ocrx_word' id='word_1_449' title='bbox 2717 689 2994 762; x_wconf 77' lang='lat' dir='ltr'>judicium</span> <span class='ocrx_word' id='word_1_450' title='bbox 3053 699 3207 744; x_wconf 79' lang='lat' dir='ltr'>tuum</span> <span class='ocrx_word' id='word_1_451' title='bbox 3265 691 3382 760; x_wconf 75' lang='lat' dir='ltr'>regi</span> <span class='ocrx_word' id='word_1_452' title='bbox 3435 689 3506 745; x_wconf 85' lang='lat' dir='ltr'>da</span> <span class='ocrx_word' id='word_1_453' title='bbox 3539 691 3726 761; x_wconf 67' lang='lat' dir='ltr'>(ant.</span> 
     </span>
    </p>
   </div>
   <div class='ocr_carea' id='block_1_67' title="bbox 2060 776 3728 850">
    <p class='ocr_par' dir='ltr' id='par_1_67' title="bbox 2060 776 3728 850">
     <span class='ocr_line' id='line_1_67' title="bbox 2060 776 3728 850; baseline 0.003 -20"><span class='ocrx_word' id='word_1_454' title='bbox 2060 792 2211 842; x_wconf 70' lang='lat' dir='ltr'>cxxr,</span> <span class='ocrx_word' id='word_1_455' title='bbox 2243 779 2320 846; x_wconf 81' lang='lat'>2).</span> <span class='ocrx_word' id='word_1_456' title='bbox 2350 778 2418 832; x_wconf 87' lang='lat' dir='ltr'>Et</span> <span class='ocrx_word' id='word_1_457' title='bbox 2448 777 2600 833; x_wconf 91' lang='lat' dir='ltr'>idem</span> <span class='ocrx_word' id='word_1_458' title='bbox 2651 776 2826 834; x_wconf 90' lang='lat' dir='ltr'>alibi:</span> <span class='ocrx_word' id='word_1_459' title='bbox 2890 780 3072 834; x_wconf 82' lang='lat' dir='ltr'>Honor</span> <span class='ocrx_word' id='word_1_460' title='bbox 3101 781 3242 849; x_wconf 76' lang='lat' dir='ltr'>regis</span> <span class='ocrx_word' id='word_1_461' title='bbox 3287 778 3569 850; x_wconf 86' lang='lat' dir='ltr'>judicium</span> <span class='ocrx_word' id='word_1_462' title='bbox 3626 779 3728 835; x_wconf 83' lang='lat' dir='ltr'>di-</span> 
     </span>
    </p>
   </div>
   <div class='ocr_carea' id='block_1_68' title="bbox 2062 865 3730 940">
    <p class='ocr_par' dir='ltr' id='par_1_68' title="bbox 2062 865 3730 940">
     <span class='ocr_line' id='line_1_68' title="bbox 2062 865 3730 940; baseline 0.003 -21"><span class='ocrx_word' id='word_1_463' title='bbox 2062 866 2187 935; x_wconf 88' lang='lat' dir='ltr'>ligit</span> <span class='ocrx_word' id='word_1_464' title='bbox 2215 867 2388 936; x_wconf 73' lang='lat' dir='ltr'>(Psal.</span> <span class='ocrx_word' id='word_1_465' title='bbox 2421 881 2614 933; x_wconf 86' lang='lat' dir='ltr'>xcvm,</span> <span class='ocrx_word' id='word_1_466' title='bbox 2650 867 2722 934; x_wconf 80' lang='grc'>4).</span> <span class='ocrx_word' id='word_1_467' title='bbox 2749 867 2827 923; x_wconf 93' lang='lat' dir='ltr'>De</span> <span class='ocrx_word' id='word_1_468' title='bbox 2847 867 3130 939; x_wconf 85' lang='lat' dir='ltr'>patientia</span> <span class='ocrx_word' id='word_1_469' title='bbox 3159 865 3378 924; x_wconf 88' lang='lat' dir='ltr'>Paulus</span> <span class='ocrx_word' id='word_1_470' title='bbox 3409 867 3730 940; x_wconf 88' lang='lat' dir='ltr'>apostolus</span> 
     </span>
    </p>
   </div>
   <div class='ocr_carea' id='block_1_69' title="bbox 2059 953 3724 1029">
    <p class='ocr_par' dir='ltr' id='par_1_69' title="bbox 2059 953 3724 1029">
     <span class='ocr_line' id='line_1_69' title="bbox 2059 953 3724 1029; baseline 0.002 -21"><span class='ocrx_word' id='word_1_471' title='bbox 2059 953 2354 1026; x_wconf 88' lang='lat' dir='ltr'>loquitur:</span> <span class='ocrx_word' id='word_1_472' title='bbox 2387 957 2664 1011; x_wconf 73' lang='lat' dir='ltr'>Patiente:</span> <span class='ocrx_word' id='word_1_473' title='bbox 2711 961 2874 1012; x_wconf 77' lang='lat' dir='ltr'>estote</span> <span class='ocrx_word' id='word_1_474' title='bbox 2919 956 2989 1012; x_wconf 85' lang='lat' dir='ltr'>ad</span> <span class='ocrx_word' id='word_1_475' title='bbox 3037 971 3220 1012; x_wconf 82' lang='lat' dir='ltr'>omnes</span> <span class='ocrx_word' id='word_1_476' title='bbox 3268 957 3316 1026; x_wconf 86' lang='grc' dir='ltr'>(Ι</span> <span class='ocrx_word' id='word_1_477' title='bbox 3341 956 3514 1012; x_wconf 77' lang='lat' dir='ltr'>Thess.</span> <span class='ocrx_word' id='word_1_478' title='bbox 3543 974 3602 1029; x_wconf 87' lang='lat' dir='ltr'>v,</span> <span class='ocrx_word' id='word_1_479' title='bbox 3637 957 3724 1028; x_wconf 74' lang='grc'>4).</span> 
     </span>
    </p>
   </div>
   <div class='ocr_carea' id='block_1_70' title="bbox 2059 1041 3720 1117">
    <p class='ocr_par' dir='ltr' id='par_1_70' title="bbox 2059 1041 3720 1117">
     <span class='ocr_line' id='line_1_70' title="bbox 2059 1041 3720 1117; baseline 0.003 -21"><span class='ocrx_word' id='word_1_480' title='bbox 2059 1041 2128 1096; x_wconf 85' lang='lat' dir='ltr'>Et</span> <span class='ocrx_word' id='word_1_481' title='bbox 2158 1042 2441 1097; x_wconf 91' lang='lat' dir='ltr'>Dominus</span> <span class='ocrx_word' id='word_1_482' title='bbox 2473 1043 2532 1098; x_wconf 92' lang='lat' dir='ltr'>in</span> <span class='ocrx_word' id='word_1_483' title='bbox 2565 1044 2888 1116; x_wconf 87' lang='lat' dir='ltr'>Evangelio.</span> <span class='ocrx_word' id='word_1_484' title='bbox 2927 1045 2987 1099; x_wconf 91' lang='lat' dir='ltr'>In</span> <span class='ocrx_word' id='word_1_485' title='bbox 3022 1044 3303 1116; x_wconf 89' lang='lat' dir='ltr'>patientia</span> <span class='ocrx_word' id='word_1_486' title='bbox 3349 1049 3543 1101; x_wconf 90' lang='lat' dir='ltr'>vestra</span> <span class='ocrx_word' id='word_1_487' title='bbox 3577 1062 3720 1117; x_wconf 87' lang='lat' dir='ltr'>pos-</span> 
     </span>
    </p>
   </div>
   <div class='ocr_carea' id='block_1_71' title="bbox 2061 1129 3721 1205">
    <p class='ocr_par' dir='ltr' id='par_1_71' title="bbox 2061 1129 3721 1205">
     <span class='ocr_line' id='line_1_71' title="bbox 2061 1129 3721 1205; baseline 0.003 -21"><span class='ocrx_word' id='word_1_488' title='bbox 2061 1129 2326 1187; x_wconf 90' lang='lat' dir='ltr'>sidebitis</span> <span class='ocrx_word' id='word_1_489' title='bbox 2379 1132 2606 1188; x_wconf 88' lang='lat' dir='ltr'>animas</span> <span class='ocrx_word' id='word_1_490' title='bbox 2650 1137 2872 1189; x_wconf 88' lang='lat' dir='ltr'>vestras</span> <span class='ocrx_word' id='word_1_491' title='bbox 2931 1134 3080 1204; x_wconf 87' lang='lat' dir='ltr'>(Luc.</span> <span class='ocrx_word' id='word_1_492' title='bbox 3133 1151 3250 1201; x_wconf 69' lang='grc' dir='ltr'>χχι,</span> <span class='ocrx_word' id='word_1_493' title='bbox 3313 1133 3420 1205; x_wconf 80' lang='grc'>19).</span> <span class='ocrx_word' id='word_1_494' title='bbox 3467 1133 3553 1188; x_wconf 84' lang='lat' dir='ltr'>Ad</span> <span class='ocrx_word' id='word_1_495' title='bbox 3603 1133 3721 1190; x_wconf 90' lang='lat' dir='ltr'>hoc</span> 
     </span>
    </p>
   </div>
   <div class='ocr_carea' id='block_1_72' title="bbox 2059 1218 3724 1294">
    <p class='ocr_par' dir='ltr' id='par_1_72' title="bbox 2059 1218 3724 1294">
     <span class='ocr_line' id='line_1_72' title="bbox 2059 1218 3724 1294; baseline 0.003 -21"><span class='ocrx_word' id='word_1_496' title='bbox 2059 1219 2252 1285; x_wconf 91' lang='lat' dir='ltr'>tende,</span> <span class='ocrx_word' id='word_1_497' title='bbox 2291 1218 2369 1273; x_wconf 89' lang='lat' dir='ltr'>fili</span> <span class='ocrx_word' id='word_1_498' title='bbox 2404 1219 2516 1276; x_wconf 90' lang='lat' dir='ltr'>mi:</span> <span class='ocrx_word' id='word_1_499' title='bbox 2551 1220 2600 1275; x_wconf 92' lang='lat' dir='ltr'>si</span> <span class='ocrx_word' id='word_1_500' title='bbox 2631 1220 2716 1277; x_wconf 91' lang='lat' dir='ltr'>vis</span> <span class='ocrx_word' id='word_1_501' title='bbox 2746 1222 2909 1293; x_wconf 87' lang='lat' dir='ltr'>regni</span> <span class='ocrx_word' id='word_1_502' title='bbox 2942 1220 3152 1278; x_wconf 88' lang='lat' dir='ltr'>habere</span> <span class='ocrx_word' id='word_1_503' title='bbox 3185 1220 3489 1288; x_wconf 90' lang='lat' dir='ltr'>honorem,</span> <span class='ocrx_word' id='word_1_504' title='bbox 3532 1221 3724 1294; x_wconf 88' lang='lat' dir='ltr'>dilige</span> 
     </span>
    </p>
   </div>
   <div class='ocr_carea' id='block_1_73' title="bbox 2048 1306 3722 1384">
    <p class='ocr_par' dir='ltr' id='par_1_73' title="bbox 2048 1306 3722 1384">
     <span class='ocr_line' id='line_1_73' title="bbox 2048 1306 3722 1384; baseline 0.004 -23"><span class='ocrx_word' id='word_1_505' title='bbox 2048 1306 2387 1376; x_wconf 89' lang='lat' dir='ltr'>judicium:</span> <span class='ocrx_word' id='word_1_506' title='bbox 2443 1309 2490 1364; x_wconf 92' lang='lat' dir='ltr'>si</span> <span class='ocrx_word' id='word_1_507' title='bbox 2543 1309 2801 1365; x_wconf 89' lang='lat' dir='ltr'>animam</span> <span class='ocrx_word' id='word_1_508' title='bbox 2851 1315 3012 1366; x_wconf 88' lang='lat' dir='ltr'>tuam</span> <span class='ocrx_word' id='word_1_509' title='bbox 3072 1310 3368 1384; x_wconf 90' lang='lat' dir='ltr'>possidere</span> <span class='ocrx_word' id='word_1_510' title='bbox 3416 1312 3528 1378; x_wconf 90' lang='lat' dir='ltr'>vis,</span> <span class='ocrx_word' id='word_1_511' title='bbox 3587 1316 3722 1368; x_wconf 89' lang='lat' dir='ltr'>esto</span> 
     </span>
    </p>
   </div>
   <div class='ocr_carea' id='block_1_74' title="bbox 2055 1396 3715 1470">
    <p class='ocr_par' dir='ltr' id='par_1_74' title="bbox 2055 1396 3715 1470">
     <span class='ocr_line' id='line_1_74' title="bbox 2055 1396 3715 1470; baseline 0.002 -20"><span class='ocrx_word' id='word_1_512' title='bbox 2055 1396 2302 1466; x_wconf 90' lang='lat' dir='ltr'>patiens.</span> <span class='ocrx_word' id='word_1_513' title='bbox 2337 1397 2830 1470; x_wconf 88' lang='lat' dir='ltr'>Quotiescunque,</span> <span class='ocrx_word' id='word_1_514' title='bbox 2865 1398 2944 1454; x_wconf 85' lang='lat' dir='ltr'>fili</span> <span class='ocrx_word' id='word_1_515' title='bbox 2977 1398 3340 1467; x_wconf 90' lang='lat' dir='ltr'>charissime,</span> <span class='ocrx_word' id='word_1_516' title='bbox 3385 1399 3472 1454; x_wconf 87' lang='lat' dir='ltr'>vel</span> <span class='ocrx_word' id='word_1_517' title='bbox 3526 1415 3715 1454; x_wconf 87' lang='lat' dir='ltr'>causa</span> 
     </span>
    </p>
   </div>
   <div class='ocr_carea' id='block_1_75' title="bbox 2052 1483 3711 1560">
    <p class='ocr_par' dir='ltr' id='par_1_75' title="bbox 2052 1483 3711 1560">
     <span class='ocr_line' id='line_1_75' title="bbox 2052 1483 3711 1560; baseline 0.004 -22"><span class='ocrx_word' id='word_1_518' title='bbox 2052 1483 2229 1555; x_wconf 89' lang='lat' dir='ltr'>digna</span> <span class='ocrx_word' id='word_1_519' title='bbox 2251 1484 2502 1554; x_wconf 83' lang='lat' dir='ltr'>judicari</span> <span class='ocrx_word' id='word_1_520' title='bbox 2536 1486 2605 1540; x_wconf 91' lang='lat' dir='ltr'>ad</span> <span class='ocrx_word' id='word_1_521' title='bbox 2639 1491 2694 1541; x_wconf 90' lang='lat' dir='ltr'>te</span> <span class='ocrx_word' id='word_1_522' title='bbox 2743 1487 2982 1556; x_wconf 86' lang='lat' dir='ltr'>venerit,</span> <span class='ocrx_word' id='word_1_523' title='bbox 3026 1485 3110 1542; x_wconf 91' lang='lat' dir='ltr'>vel</span> <span class='ocrx_word' id='word_1_524' title='bbox 3163 1486 3378 1560; x_wconf 89' lang='lat' dir='ltr'>aliquis</span> <span class='ocrx_word' id='word_1_525' title='bbox 3429 1487 3711 1560; x_wconf 86' lang='lat' dir='ltr'>capitalis</span> 
     </span>
    </p>
   </div>
   <div class='ocr_carea' id='block_1_76' title="bbox 2053 1573 3707 1648">
    <p class='ocr_par' dir='ltr' id='par_1_76' title="bbox 2053 1573 3707 1648">
     <span class='ocr_line' id='line_1_76' title="bbox 2053 1573 3707 1648; baseline 0.004 -22"><span class='ocrx_word' id='word_1_526' title='bbox 2053 1573 2350 1626; x_wconf 71' lang='lat' dir='ltr'>sententia:</span> <span class='ocrx_word' id='word_1_527' title='bbox 2382 1591 2534 1638; x_wconf 90' lang='lat' dir='ltr'>reus,</span> <span class='ocrx_word' id='word_1_528' title='bbox 2569 1573 2686 1630; x_wconf 92' lang='lat' dir='ltr'>noli</span> <span class='ocrx_word' id='word_1_529' title='bbox 2719 1575 3089 1648; x_wconf 89' lang='lat' dir='ltr'>impatienter</span> <span class='ocrx_word' id='word_1_530' title='bbox 3119 1579 3370 1648; x_wconf 90' lang='lat' dir='ltr'>portare,</span> <span class='ocrx_word' id='word_1_531' title='bbox 3419 1575 3509 1632; x_wconf 90' lang='lat' dir='ltr'>vel</span> <span class='ocrx_word' id='word_1_532' title='bbox 3563 1592 3707 1632; x_wconf 87' lang='lat' dir='ltr'>cum</span> 
     </span>
    </p>
   </div>
   <div class='ocr_carea' id='block_1_77' title="bbox 2043 1660 3714 1737">
    <p class='ocr_par' dir='ltr' id='par_1_77' title="bbox 2043 1660 3714 1737">
     <span class='ocr_line' id='line_1_77' title="bbox 2043 1660 3714 1737; baseline 0.004 -23"><span class='ocrx_word' id='word_1_533' title='bbox 2043 1660 2378 1730; x_wconf 85' lang='lat' dir='ltr'>juramento</span> <span class='ocrx_word' id='word_1_534' title='bbox 2410 1663 2642 1718; x_wconf 86' lang='lat' dir='ltr'>firmare</span> <span class='ocrx_word' id='word_1_535' title='bbox 2673 1663 2838 1718; x_wconf 90' lang='lat' dir='ltr'>illum</span> <span class='ocrx_word' id='word_1_536' title='bbox 2870 1665 3118 1736; x_wconf 78' lang='lat' dir='ltr'>punire,-</span> <span class='ocrx_word' id='word_1_537' title='bbox 3149 1665 3304 1737; x_wconf 92' lang='lat' dir='ltr'>quod</span> <span class='ocrx_word' id='word_1_538' title='bbox 3338 1664 3619 1721; x_wconf 81' lang='lat' dir='ltr'>instabile</span> <span class='ocrx_word' id='word_1_539' title='bbox 3651 1669 3714 1720; x_wconf 89' lang='lat' dir='ltr'>et</span> 
     </span>
    </p>
   </div>
   <div class='ocr_carea' id='block_1_78' title="bbox 2054 1748 3682 1826">
    <p class='ocr_par' dir='ltr' id='par_1_78' title="bbox 2054 1748 3682 1826">
     <span class='ocr_line' id='line_1_78' title="bbox 2054 1748 3682 1826; baseline 0.002 -21"><span class='ocrx_word' id='word_1_540' title='bbox 2054 1748 2266 1820; x_wconf 77' lang='lat' dir='ltr'>fragile</span> <span class='ocrx_word' id='word_1_541' title='bbox 2297 1751 2467 1806; x_wconf 92' lang='lat' dir='ltr'>debet</span> <span class='ocrx_word' id='word_1_542' title='bbox 2495 1753 2788 1824; x_wconf 87' lang='lat' dir='ltr'>esse,quia</span> <span class='ocrx_word' id='word_1_543' title='bbox 2817 1752 2996 1808; x_wconf 88' lang='lat' dir='ltr'>stulta</span> <span class='ocrx_word' id='word_1_544' title='bbox 3023 1757 3156 1809; x_wconf 89' lang='lat' dir='ltr'>vota</span> <span class='ocrx_word' id='word_1_545' title='bbox 3185 1753 3507 1826; x_wconf 88' lang='lat' dir='ltr'>frangenda</span> <span class='ocrx_word' id='word_1_546' title='bbox 3537 1757 3682 1810; x_wconf 86' lang='lat' dir='ltr'>sunt</span> 
     </span>
    </p>
   </div>
   <div class='ocr_carea' id='block_1_79' title="bbox 2040 1836 3693 1916">
    <p class='ocr_par' dir='ltr' id='par_1_79' title="bbox 2040 1836 3693 1916">
     <span class='ocr_line' id='line_1_79' title="bbox 2040 1836 3693 1916; baseline 0.004 -25"><span class='ocrx_word' id='word_1_547' title='bbox 2040 1836 2128 1892; x_wconf 86' lang='lat' dir='ltr'>vel</span> <span class='ocrx_word' id='word_1_548' title='bbox 2160 1855 2262 1908; x_wconf 92' lang='lat' dir='ltr'>per</span> <span class='ocrx_word' id='word_1_549' title='bbox 2291 1842 2345 1893; x_wconf 90' lang='lat' dir='ltr'>te</span> <span class='ocrx_word' id='word_1_550' title='bbox 2376 1839 2569 1911; x_wconf 87' lang='lat' dir='ltr'>ipsum</span> <span class='ocrx_word' id='word_1_551' title='bbox 2592 1841 2931 1912; x_wconf 85' lang='lat' dir='ltr'>dijudicare,</span> <span class='ocrx_word' id='word_1_552' title='bbox 2958 1859 3026 1896; x_wconf 92' lang='lat' dir='ltr'>ne</span> <span class='ocrx_word' id='word_1_553' title='bbox 3054 1845 3154 1897; x_wconf 90' lang='lat' dir='ltr'>tua</span> <span class='ocrx_word' id='word_1_554' title='bbox 3184 1841 3396 1914; x_wconf 82' lang='lat' dir='ltr'>regalis</span> <span class='ocrx_word' id='word_1_555' title='bbox 3424 1843 3693 1916; x_wconf 87' lang='lat' dir='ltr'>dignitas</span> 
     </span>
    </p>
   </div>
   <div class='ocr_carea' id='block_1_80' title="bbox 2041 1927 3693 2003">
    <p class='ocr_par' dir='ltr' id='par_1_80' title="bbox 2041 1927 3693 2003">
     <span class='ocr_line' id='line_1_80' title="bbox 2041 1927 3693 2003; baseline 0.003 -21"><span class='ocrx_word' id='word_1_556' title='bbox 2041 1927 2420 1999; x_wconf 90' lang='lat' dir='ltr'>usurpatione</span> <span class='ocrx_word' id='word_1_557' title='bbox 2467 1929 2806 1985; x_wconf 87' lang='lat' dir='ltr'>inferiorum</span> <span class='ocrx_word' id='word_1_558' title='bbox 2858 1931 3220 2003; x_wconf 89' lang='lat' dir='ltr'>negotiorum</span> <span class='ocrx_word' id='word_1_559' title='bbox 3271 1931 3540 2000; x_wconf 65' lang='lat' dir='ltr'>findetur,</span> <span class='ocrx_word' id='word_1_560' title='bbox 3585 1931 3693 1987; x_wconf 89' lang='lat' dir='ltr'>sed</span> 
     </span>
    </p>
   </div>
   <div class='ocr_carea' id='block_1_81' title="bbox 2043 2015 3698 2092">
    <p class='ocr_par' dir='ltr' id='par_1_81' title="bbox 2043 2015 3698 2092">
     <span class='ocr_line' id='line_1_81' title="bbox 2043 2015 3698 2092; baseline 0.004 -23"><span class='ocrx_word' id='word_1_561' title='bbox 2043 2016 2237 2087; x_wconf 86' lang='lat' dir='ltr'>potius</span> <span class='ocrx_word' id='word_1_562' title='bbox 2259 2015 2910 2091; x_wconf 87' lang='lat' dir='ltr'>bujusmodinegotium</span> <span class='ocrx_word' id='word_1_563' title='bbox 2933 2020 3002 2075; x_wconf 90' lang='lat' dir='ltr'>ad</span> <span class='ocrx_word' id='word_1_564' title='bbox 3020 2020 3252 2091; x_wconf 88' lang='lat' dir='ltr'>judices</span> <span class='ocrx_word' id='word_1_565' title='bbox 3275 2020 3698 2092; x_wconf 87' lang='lat' dir='ltr'>mitte,quibus</span> 
     </span>
    </p>
   </div>
   <div class='ocr_carea' id='block_1_82' title="bbox 2044 2105 3702 2181">
    <p class='ocr_par' dir='ltr' id='par_1_82' title="bbox 2044 2105 3702 2181">
     <span class='ocr_line' id='line_1_82' title="bbox 2044 2105 3702 2181; baseline 0.003 -23"><span class='ocrx_word' id='word_1_566' title='bbox 2044 2105 2151 2159; x_wconf 89' lang='lat' dir='ltr'>hoc</span> <span class='ocrx_word' id='word_1_567' title='bbox 2183 2105 2564 2162; x_wconf 84' lang='lat' dir='ltr'>commissum</span> <span class='ocrx_word' id='word_1_568' title='bbox 2598 2113 2705 2172; x_wconf 87' lang='lat' dir='ltr'>est,</span> <span class='ocrx_word' id='word_1_569' title='bbox 2725 2109 2880 2179; x_wconf 92' lang='lat' dir='ltr'>quod</span> <span class='ocrx_word' id='word_1_570' title='bbox 2903 2109 3012 2181; x_wconf 91' lang='lat' dir='ltr'>ipsi</span> <span class='ocrx_word' id='word_1_571' title='bbox 3037 2108 3359 2164; x_wconf 89' lang='lat' dir='ltr'>secundum</span> <span class='ocrx_word' id='word_1_572' title='bbox 3384 2126 3554 2165; x_wconf 88' lang='lat' dir='ltr'>suam</span> <span class='ocrx_word' id='word_1_573' title='bbox 3581 2108 3702 2164; x_wconf 89' lang='lat' dir='ltr'>hoc</span> 
     </span>
    </p>
   </div>
   <div class='ocr_carea' id='block_1_83' title="bbox 2045 2194 3704 2272">
    <p class='ocr_par' dir='ltr' id='par_1_83' title="bbox 2045 2194 3704 2272">
     <span class='ocr_line' id='line_1_83' title="bbox 2045 2194 3704 2272; baseline 0.002 -23"><span class='ocrx_word' id='word_1_574' title='bbox 2045 2195 2338 2250; x_wconf 87' lang='lat' dir='ltr'>discernat</span> <span class='ocrx_word' id='word_1_575' title='bbox 2368 2194 2576 2266; x_wconf 84' lang='lat' dir='ltr'>legem.</span> <span class='ocrx_word' id='word_1_576' title='bbox 2611 2197 2776 2252; x_wconf 88' lang='lat' dir='ltr'>Time</span> <span class='ocrx_word' id='word_1_577' title='bbox 2806 2213 2934 2253; x_wconf 91' lang='lat' dir='ltr'>esse</span> <span class='ocrx_word' id='word_1_578' title='bbox 2955 2198 3159 2268; x_wconf 84' lang='lat' dir='ltr'>judex,</span> <span class='ocrx_word' id='word_1_579' title='bbox 3207 2199 3397 2272; x_wconf 90' lang='lat' dir='ltr'>gaude</span> <span class='ocrx_word' id='word_1_580' title='bbox 3429 2215 3565 2254; x_wconf 88' lang='lat' dir='ltr'>vero</span> <span class='ocrx_word' id='word_1_581' title='bbox 3601 2215 3704 2253; x_wconf 85' lang='lat' dir='ltr'>rex</span> 
     </span>
    </p>
   </div>
   <div class='ocr_carea' id='block_1_84' title="bbox 2046 2284 3700 2360">
    <p class='ocr_par' dir='ltr' id='par_1_84' title="bbox 2046 2284 3700 2360">
     <span class='ocr_line' id='line_1_84' title="bbox 2046 2284 3700 2360; baseline 0.002 -22"><span class='ocrx_word' id='word_1_582' title='bbox 2046 2300 2174 2339; x_wconf 88' lang='lat' dir='ltr'>esse</span> <span class='ocrx_word' id='word_1_583' title='bbox 2204 2288 2260 2338; x_wconf 83' lang='lat' dir='ltr'>et</span> <span class='ocrx_word' id='word_1_584' title='bbox 2291 2284 2602 2339; x_wconf 90' lang='lat' dir='ltr'>nominari.</span> <span class='ocrx_word' id='word_1_585' title='bbox 2639 2285 2824 2358; x_wconf 84' lang='lat' dir='ltr'>Reges</span> <span class='ocrx_word' id='word_1_586' title='bbox 2869 2287 3154 2358; x_wconf 86' lang='lat' dir='ltr'>patientes</span> <span class='ocrx_word' id='word_1_587' title='bbox 3204 2290 3470 2360; x_wconf 87' lang='lat' dir='ltr'>regnant,</span> <span class='ocrx_word' id='word_1_588' title='bbox 3507 2287 3700 2358; x_wconf 88' lang='lat' dir='ltr'>impa-</span> 
     </span>
    </p>
   </div>
   <div class='ocr_carea' id='block_1_85' title="bbox 2047 2373 3700 2447">
    <p class='ocr_par' dir='ltr' id='par_1_85' title="bbox 2047 2373 3700 2447">
     <span class='ocr_line' id='line_1_85' title="bbox 2047 2373 3700 2447; baseline 0.002 -21"><span class='ocrx_word' id='word_1_589' title='bbox 2047 2373 2256 2427; x_wconf 85' lang='lat' dir='ltr'>tientes</span> <span class='ocrx_word' id='word_1_590' title='bbox 2302 2390 2435 2428; x_wconf 88' lang='lat' dir='ltr'>vero</span> <span class='ocrx_word' id='word_1_591' title='bbox 2485 2374 2871 2446; x_wconf 86' lang='lat' dir='ltr'>tyrannizant.</span> <span class='ocrx_word' id='word_1_592' title='bbox 2934 2375 3176 2439; x_wconf 89' lang='lat' dir='ltr'>Quando</span> <span class='ocrx_word' id='word_1_593' title='bbox 3227 2379 3424 2431; x_wconf 87' lang='lat' dir='ltr'>autem</span> <span class='ocrx_word' id='word_1_594' title='bbox 3469 2373 3700 2447; x_wconf 89' lang='lat' dir='ltr'>aliquid</span> 
     </span>
    </p>
   </div>
   <div class='ocr_carea' id='block_1_86' title="bbox 2048 2462 3704 2536">
    <p class='ocr_par' dir='ltr' id='par_1_86' title="bbox 2048 2462 3704 2536">
     <span class='ocr_line' id='line_1_86' title="bbox 2048 2462 3704 2536; baseline 0.002 -21"><span class='ocrx_word' id='word_1_595' title='bbox 2048 2463 2201 2532; x_wconf 88' lang='lat' dir='ltr'>quod</span> <span class='ocrx_word' id='word_1_596' title='bbox 2235 2466 2346 2517; x_wconf 75' lang='lat' dir='ltr'>tuze</span> <span class='ocrx_word' id='word_1_597' title='bbox 2379 2462 2648 2518; x_wconf 91' lang='lat' dir='ltr'>convenit</span> <span class='ocrx_word' id='word_1_598' title='bbox 2697 2463 2768 2517; x_wconf 90' lang='lat' dir='ltr'>ad</span> <span class='ocrx_word' id='word_1_599' title='bbox 2805 2463 3196 2534; x_wconf 81' lang='lat' dir='ltr'>judicandum</span> <span class='ocrx_word' id='word_1_600' title='bbox 3248 2463 3543 2536; x_wconf 88' lang='lat' dir='ltr'>dignitati,</span> <span class='ocrx_word' id='word_1_601' title='bbox 3593 2463 3704 2518; x_wconf 85' lang='lat' dir='ltr'>tibi</span> 
     </span>
    </p>
   </div>
   <div class='ocr_carea' id='block_1_87' title="bbox 2047 2550 3704 2622">
    <p class='ocr_par' dir='ltr' id='par_1_87' title="bbox 2047 2550 3704 2622">
     <span class='ocr_line' id='line_1_87' title="bbox 2047 2550 3704 2622; baseline 0.002 -18"><span class='ocrx_word' id='word_1_602' title='bbox 2047 2550 2287 2616; x_wconf 87' lang='lat' dir='ltr'>venerit,</span> <span class='ocrx_word' id='word_1_603' title='bbox 2321 2567 2456 2605; x_wconf 88' lang='lat' dir='ltr'>cum</span> <span class='ocrx_word' id='word_1_604' title='bbox 2488 2550 2768 2622; x_wconf 87' lang='lat' dir='ltr'>patientia</span> <span class='ocrx_word' id='word_1_605' title='bbox 2797 2555 2852 2606; x_wconf 93' lang='lat' dir='ltr'>et</span> <span class='ocrx_word' id='word_1_606' title='bbox 2883 2551 3302 2617; x_wconf 88' lang='lat' dir='ltr'>misericordia,</span> <span class='ocrx_word' id='word_1_607' title='bbox 3358 2552 3478 2608; x_wconf 86' lang='lat' dir='ltr'>sive</span> <span class='ocrx_word' id='word_1_608' title='bbox 3519 2552 3704 2607; x_wconf 89' lang='lat' dir='ltr'>mise-</span> 
     </span>
    </p>
   </div>
   <div class='ocr_carea' id='block_1_88' title="bbox 2049 2639 3703 2710">
    <p class='ocr_par' dir='ltr' id='par_1_88' title="bbox 2049 2639 3703 2710">
     <span class='ocr_line' id='line_1_88' title="bbox 2049 2639 3703 2710; baseline 0.002 -18"><span class='ocrx_word' id='word_1_609' title='bbox 2049 2639 2260 2697; x_wconf 88' lang='lat' dir='ltr'>rantia.</span> <span class='ocrx_word' id='word_1_610' title='bbox 2291 2639 2398 2693; x_wconf 88' lang='lat' dir='ltr'>hoc</span> <span class='ocrx_word' id='word_1_611' title='bbox 2424 2639 2648 2710; x_wconf 88' lang='lat' dir='ltr'>judica,</span> <span class='ocrx_word' id='word_1_612' title='bbox 2699 2644 2765 2695; x_wconf 90' lang='lat' dir='ltr'>ut</span> <span class='ocrx_word' id='word_1_613' title='bbox 2809 2644 2912 2695; x_wconf 89' lang='lat' dir='ltr'>tua</span> <span class='ocrx_word' id='word_1_614' title='bbox 2941 2656 3154 2696; x_wconf 89' lang='lat' dir='ltr'>corona</span> <span class='ocrx_word' id='word_1_615' title='bbox 3187 2639 3503 2697; x_wconf 90' lang='lat' dir='ltr'>laudabilis</span> <span class='ocrx_word' id='word_1_616' title='bbox 3535 2640 3618 2696; x_wconf 87' lang='lat' dir='ltr'>sit</span> <span class='ocrx_word' id='word_1_617' title='bbox 3643 2645 3703 2696; x_wconf 88' lang='lat' dir='ltr'>et</span> 
     </span>
    </p>
   </div>
   <div class='ocr_carea' id='block_1_89' title="bbox 2048 2728 2479 2799">
    <p class='ocr_par' dir='ltr' id='par_1_89' title="bbox 2048 2728 2479 2799">
     <span class='ocr_line' id='line_1_89' title="bbox 2048 2728 2479 2799; baseline 0.005 -17"><span class='ocrx_word' id='word_1_618' title='bbox 2048 2728 2258 2782; x_wconf 90' lang='lat' dir='ltr'>decora</span> <span class='ocrx_word' id='word_1_619' title='bbox 2284 2729 2479 2799; x_wconf 77' lang='lat'>(103&#39;).</span> 
     </span>
    </p>
   </div>
   <div class='ocr_carea' id='block_1_90' title="bbox 2120 2878 3708 2950">
    <p class='ocr_par' dir='ltr' id='par_1_90' title="bbox 2120 2878 3708 2950">
     <span class='ocr_line' id='line_1_90' title="bbox 2120 2878 3708 2950; baseline 0.001 -16"><span class='ocrx_word' id='word_1_620' title='bbox 2120 2879 2253 2934; x_wconf 80' lang='lat' dir='ltr'>CAP.</span> <span class='ocrx_word' id='word_1_621' title='bbox 2313 2878 2405 2933; x_wconf 86' lang='lat' dir='ltr'>VI.</span> <span class='ocrx_word' id='word_1_622' title='bbox 2440 2883 2519 2936; x_wconf 87' lang='lat' dir='ltr'>De</span> <span class='ocrx_word' id='word_1_623' title='bbox 2574 2881 2882 2950; x_wconf 82' lang='lat' dir='ltr'>acceptione</span> <span class='ocrx_word' id='word_1_624' title='bbox 2914 2889 3228 2936; x_wconf 73' lang='lat' dir='ltr'>exterarum</span> <span class='ocrx_word' id='word_1_625' title='bbox 3254 2887 3306 2936; x_wconf 89' lang='lat' dir='ltr'>et</span> <span class='ocrx_word' id='word_1_626' title='bbox 3358 2881 3708 2936; x_wconf 82' lang='lat' dir='ltr'>nutrimento</span> 
     </span>
    </p>
   </div>
   <div class='ocr_carea' id='block_1_91' title="bbox 2049 2966 3711 3040">
    <p class='ocr_par' dir='ltr' id='par_1_91' title="bbox 2049 2966 3711 3040">
     <span class='ocr_line' id='line_1_91' title="bbox 2049 2966 3711 3040; baseline 0.001 -18"><span class='ocrx_word' id='word_1_627' title='bbox 2049 2966 2340 3038; x_wconf 76' lang='lat' dir='ltr'>hospitum.</span> <span class='ocrx_word' id='word_1_628' title='bbox 2377 2971 2438 3022; x_wconf 87' lang='lat' dir='ltr'>ln</span> <span class='ocrx_word' id='word_1_629' title='bbox 2472 2967 2804 3040; x_wconf 88' lang='lat' dir='ltr'>hospitibus</span> <span class='ocrx_word' id='word_1_630' title='bbox 2845 2971 2903 3024; x_wconf 87' lang='lat' dir='ltr'>et</span> <span class='ocrx_word' id='word_1_631' title='bbox 2951 2967 3287 3024; x_wconf 90' lang='lat' dir='ltr'>adventitiis</span> <span class='ocrx_word' id='word_1_632' title='bbox 3345 2968 3491 3026; x_wconf 86' lang='lat' dir='ltr'>viris</span> <span class='ocrx_word' id='word_1_633' title='bbox 3539 2973 3711 3024; x_wconf 87' lang='lat' dir='ltr'>tanta.</span> 
     </span>
    </p>
   </div>
   <div class='ocr_carea' id='block_1_92' title="bbox 2051 3055 3702 3130">
    <p class='ocr_par' dir='ltr' id='par_1_92' title="bbox 2051 3055 3702 3130">
     <span class='ocr_line' id='line_1_92' title="bbox 2051 3055 3702 3130; baseline 0.002 -20"><span class='ocrx_word' id='word_1_634' title='bbox 2051 3055 2202 3112; x_wconf 89' lang='lat' dir='ltr'>inest</span> <span class='ocrx_word' id='word_1_635' title='bbox 2233 3055 2480 3122; x_wconf 88' lang='lat' dir='ltr'>utilitas,</span> <span class='ocrx_word' id='word_1_636' title='bbox 2531 3061 2594 3111; x_wconf 91' lang='lat' dir='ltr'>ut</span> <span class='ocrx_word' id='word_1_637' title='bbox 2633 3056 2808 3129; x_wconf 87' lang='lat' dir='ltr'>digne</span> <span class='ocrx_word' id='word_1_638' title='bbox 2839 3061 2998 3112; x_wconf 81' lang='lat' dir='ltr'>sexto</span> <span class='ocrx_word' id='word_1_639' title='bbox 3043 3057 3102 3112; x_wconf 91' lang='lat' dir='ltr'>in</span> <span class='ocrx_word' id='word_1_640' title='bbox 3143 3056 3356 3130; x_wconf 87' lang='lat' dir='ltr'>regalis</span> <span class='ocrx_word' id='word_1_641' title='bbox 3387 3057 3702 3130; x_wconf 87' lang='lat' dir='ltr'>dignitatis</span> 
     </span>
    </p>
   </div>
   <div class='ocr_carea' id='block_1_93' title="bbox 1966 3144 3713 3221">
    <p class='ocr_par' dir='ltr' id='par_1_93' title="bbox 1966 3144 3713 3221">
     <span class='ocr_line' id='line_1_93' title="bbox 1966 3144 3713 3221; baseline 0.001 -21"><span class='ocrx_word' id='word_1_642' title='bbox 1966 3155 2014 3221; x_wconf 65' lang='grc' dir='ltr'><strong><em>ε</em></strong></span> <span class='ocrx_word' id='word_1_643' title='bbox 2052 3144 2178 3200; x_wconf 92' lang='lat' dir='ltr'>loco</span> <span class='ocrx_word' id='word_1_644' title='bbox 2208 3145 2394 3216; x_wconf 90' lang='lat' dir='ltr'>possit</span> <span class='ocrx_word' id='word_1_645' title='bbox 2424 3145 2644 3201; x_wconf 89' lang='lat' dir='ltr'>haberi.</span> <span class='ocrx_word' id='word_1_646' title='bbox 2669 3145 2831 3201; x_wconf 90' lang='lat' dir='ltr'>Unde</span> <span class='ocrx_word' id='word_1_647' title='bbox 2853 3145 3143 3218; x_wconf 90' lang='lat' dir='ltr'>imprimis</span> <span class='ocrx_word' id='word_1_648' title='bbox 3166 3147 3496 3202; x_wconf 83' lang='lat' dir='ltr'>Romanum</span> <span class='ocrx_word' id='word_1_649' title='bbox 3528 3147 3713 3202; x_wconf 83' lang='lat' dir='ltr'>crevit</span> 
     </span>
    </p>
   </div>
   <div class='ocr_carea' id='block_1_94' title="bbox 2055 3233 3710 3308">
    <p class='ocr_par' dir='ltr' id='par_1_94' title="bbox 2055 3233 3710 3308">
     <span class='ocr_line' id='line_1_94' title="bbox 2055 3233 3710 3308; baseline 0.001 -20"><span class='ocrx_word' id='word_1_650' title='bbox 2055 3233 2390 3306; x_wconf 89' lang='lat' dir='ltr'>imperium,</span> <span class='ocrx_word' id='word_1_651' title='bbox 2424 3233 2788 3306; x_wconf 83' lang='lat' dir='ltr'>Romanique</span> <span class='ocrx_word' id='word_1_652' title='bbox 2818 3250 2984 3308; x_wconf 84' lang='lat' dir='ltr'>reges</span> <span class='ocrx_word' id='word_1_653' title='bbox 3023 3234 3323 3291; x_wconf 89' lang='lat' dir='ltr'>sublimati</span> <span class='ocrx_word' id='word_1_654' title='bbox 3363 3235 3626 3302; x_wconf 84' lang='lat' dir='ltr'>fuerunt,</span> <span class='ocrx_word' id='word_1_655' title='bbox 3653 3242 3710 3290; x_wconf 89' lang='lat' dir='ltr'>et</span> 
     </span>
    </p>
   </div>
   <div class='ocr_carea' id='block_1_95' title="bbox 2055 3321 3714 3396">
    <p class='ocr_par' dir='ltr' id='par_1_95' title="bbox 2055 3321 3714 3396">
     <span class='ocr_line' id='line_1_95' title="bbox 2055 3321 3714 3396; baseline 0.003 -20"><span class='ocrx_word' id='word_1_656' title='bbox 2055 3321 2316 3396; x_wconf 89' lang='lat' dir='ltr'>gloriosi,</span> <span class='ocrx_word' id='word_1_657' title='bbox 2351 3322 2462 3378; x_wconf 91' lang='lat' dir='ltr'>nisi</span> <span class='ocrx_word' id='word_1_658' title='bbox 2497 3323 2651 3394; x_wconf 90' lang='lat' dir='ltr'>quod</span> <span class='ocrx_word' id='word_1_659' title='bbox 2688 3321 2855 3378; x_wconf 89' lang='lat' dir='ltr'>multi</span> <span class='ocrx_word' id='word_1_660' title='bbox 2907 3323 3134 3380; x_wconf 90' lang='lat' dir='ltr'>nobiles</span> <span class='ocrx_word' id='word_1_661' title='bbox 3184 3329 3241 3379; x_wconf 92' lang='lat' dir='ltr'>et</span> <span class='ocrx_word' id='word_1_662' title='bbox 3291 3323 3594 3396; x_wconf 87' lang='lat' dir='ltr'>sapientes</span> <span class='ocrx_word' id='word_1_663' title='bbox 3641 3339 3714 3381; x_wconf 79' lang='lat' dir='ltr'>ex</span> 
     </span>
    </p>
   </div>
   <div class='ocr_carea' id='block_1_96' title="bbox 2055 3410 3710 3484">
    <p class='ocr_par' dir='ltr' id='par_1_96' title="bbox 2055 3410 3710 3484">
     <span class='ocr_line' id='line_1_96' title="bbox 2055 3410 3710 3484; baseline 0.001 -18"><span class='ocrx_word' id='word_1_664' title='bbox 2055 3410 2297 3468; x_wconf 89' lang='lat' dir='ltr'>diversis</span> <span class='ocrx_word' id='word_1_665' title='bbox 2320 3411 2455 3466; x_wconf 91' lang='lat' dir='ltr'>illuc</span> <span class='ocrx_word' id='word_1_666' title='bbox 2468 3412 2840 3468; x_wconf 78' lang='lat' dir='ltr'>confluebant</span> <span class='ocrx_word' id='word_1_667' title='bbox 2857 3412 3344 3484; x_wconf 68' lang='lat' dir='ltr'>partibus‘moma</span> <span class='ocrx_word' id='word_1_668' title='bbox 3362 3428 3496 3468; x_wconf 89' lang='lat' dir='ltr'>vero</span> <span class='ocrx_word' id='word_1_669' title='bbox 3520 3429 3710 3484; x_wconf 89' lang='lat' dir='ltr'>usque</span> 
     </span>
    </p>
   </div>
   <div class='ocr_carea' id='block_1_97' title="bbox 2057 3499 3710 3579">
    <p class='ocr_par' dir='ltr' id='par_1_97' title="bbox 2057 3499 3710 3579">
     <span class='ocr_line' id='line_1_97' title="bbox 2057 3499 3710 3579; baseline 0.001 -25"><span class='ocrx_word' id='word_1_670' title='bbox 2057 3499 2228 3555; x_wconf 89' lang='lat' dir='ltr'>hodie</span> <span class='ocrx_word' id='word_1_671' title='bbox 2253 3505 2409 3555; x_wconf 87' lang='lat' dir='ltr'>esset</span> <span class='ocrx_word' id='word_1_672' title='bbox 2452 3499 2684 3565; x_wconf 89' lang='lat' dir='ltr'>ancilla,</span> <span class='ocrx_word' id='word_1_673' title='bbox 2735 3499 2859 3579; x_wconf 75' lang='lat' dir='ltr'>nisi</span> <span class='ocrx_word' id='word_1_674' title='bbox 2896 3501 3178 3556; x_wconf 64' lang='lat' dir='ltr'>Eneades</span> <span class='ocrx_word' id='word_1_675' title='bbox 3225 3502 3415 3572; x_wconf 89' lang='lat' dir='ltr'>ipsam</span> <span class='ocrx_word' id='word_1_676' title='bbox 3474 3501 3710 3557; x_wconf 80' lang='lat' dir='ltr'>fecisset</span> 
     </span>
    </p>
   </div>
   <div class='ocr_carea' id='block_1_98' title="bbox 2054 3586 3708 3662">
    <p class='ocr_par' dir='ltr' id='par_1_98' title="bbox 2054 3586 3708 3662">
     <span class='ocr_line' id='line_1_98' title="bbox 2054 3586 3708 3662; baseline 0.002 -21"><span class='ocrx_word' id='word_1_677' title='bbox 2054 3586 2322 3644; x_wconf 90' lang='lat' dir='ltr'>liberam.</span> <span class='ocrx_word' id='word_1_678' title='bbox 2355 3589 2517 3644; x_wconf 89' lang='lat' dir='ltr'>Sicut</span> <span class='ocrx_word' id='word_1_679' title='bbox 2546 3589 2701 3644; x_wconf 91' lang='lat' dir='ltr'>enim</span> <span class='ocrx_word' id='word_1_680' title='bbox 2751 3605 2820 3644; x_wconf 85' lang='lat' dir='ltr'>ex</span> <span class='ocrx_word' id='word_1_681' title='bbox 2857 3589 3106 3645; x_wconf 85' lang='lat' dir='ltr'>diversis</span> <span class='ocrx_word' id='word_1_682' title='bbox 3155 3590 3422 3662; x_wconf 86' lang='lat' dir='ltr'>partibus</span> <span class='ocrx_word' id='word_1_683' title='bbox 3471 3589 3708 3661; x_wconf 79' lang='lat' dir='ltr'>provin-</span> 
     </span>
    </p>
   </div>
   <div class='ocr_carea' id='block_1_99' title="bbox 2058 3676 3710 3750">
    <p class='ocr_par' dir='ltr' id='par_1_99' title="bbox 2058 3676 3710 3750">
     <span class='ocr_line' id='line_1_99' title="bbox 2058 3676 3710 3750; baseline 0.001 -19"><span class='ocrx_word' id='word_1_684' title='bbox 2058 3676 2279 3733; x_wconf 90' lang='lat' dir='ltr'>ciarum</span> <span class='ocrx_word' id='word_1_685' title='bbox 2312 3677 2552 3733; x_wconf 90' lang='lat' dir='ltr'>veniunt</span> <span class='ocrx_word' id='word_1_686' title='bbox 2599 3677 2881 3749; x_wconf 90' lang='lat' dir='ltr'>hospites,</span> <span class='ocrx_word' id='word_1_687' title='bbox 2930 3678 3010 3734; x_wconf 90' lang='lat' dir='ltr'>ita</span> <span class='ocrx_word' id='word_1_688' title='bbox 3057 3678 3318 3734; x_wconf 89' lang='lat' dir='ltr'>diversas</span> <span class='ocrx_word' id='word_1_689' title='bbox 3367 3677 3606 3750; x_wconf 90' lang='lat' dir='ltr'>linguas</span> <span class='ocrx_word' id='word_1_690' title='bbox 3646 3681 3710 3732; x_wconf 83' lang='lat' dir='ltr'>ut</span> 
     </span>
    </p>
   </div>
   <div class='ocr_carea' id='block_1_100' title="bbox 2057 3766 3708 3838">
    <p class='ocr_par' dir='ltr' id='par_1_100' title="bbox 2057 3766 3708 3838">
     <span class='ocr_line' id='line_1_100' title="bbox 2057 3766 3708 3838; baseline 0.002 -18"><span class='ocrx_word' id='word_1_691' title='bbox 2057 3767 2886 3838; x_wconf 85' lang='lat' dir='ltr'>consuetudines,diversaque</span> <span class='ocrx_word' id='word_1_692' title='bbox 2899 3766 3248 3822; x_wconf 85' lang='lat' dir='ltr'>documenta</span> <span class='ocrx_word' id='word_1_693' title='bbox 3258 3772 3315 3822; x_wconf 90' lang='lat' dir='ltr'>et</span> <span class='ocrx_word' id='word_1_694' title='bbox 3325 3783 3492 3822; x_wconf 89' lang='lat' dir='ltr'>arma</span> <span class='ocrx_word' id='word_1_695' title='bbox 3505 3784 3708 3823; x_wconf 90' lang='lat' dir='ltr'>secum</span> 
     </span>
    </p>
   </div>
   <div class='ocr_carea' id='block_1_101' title="bbox 2059 3854 3703 3928">
    <p class='ocr_par' dir='ltr' id='par_1_101' title="bbox 2059 3854 3703 3928">
     <span class='ocr_line' id='line_1_101' title="bbox 2059 3854 3703 3928; baseline 0.001 -19"><span class='ocrx_word' id='word_1_696' title='bbox 2059 3855 2300 3922; x_wconf 91' lang='lat' dir='ltr'>ducunt,</span> <span class='ocrx_word' id='word_1_697' title='bbox 2335 3873 2461 3927; x_wconf 72' lang='lat' dir='ltr'>qua:</span> <span class='ocrx_word' id='word_1_698' title='bbox 2494 3854 2693 3910; x_wconf 90' lang='lat' dir='ltr'>omnia</span> <span class='ocrx_word' id='word_1_699' title='bbox 2718 3856 2936 3926; x_wconf 86' lang='lat' dir='ltr'>regiam</span> <span class='ocrx_word' id='word_1_700' title='bbox 2978 3861 3190 3911; x_wconf 90' lang='lat' dir='ltr'>ornant</span> <span class='ocrx_word' id='word_1_701' title='bbox 3227 3861 3285 3911; x_wconf 88' lang='lat' dir='ltr'>et</span> <span class='ocrx_word' id='word_1_702' title='bbox 3325 3855 3703 3928; x_wconf 85' lang='lat' dir='ltr'>magnificant</span> 
     </span>
    </p>
   </div>
   <div class='ocr_carea' id='block_1_102' title="bbox 2059 3942 3701 4017">
    <p class='ocr_par' dir='ltr' id='par_1_102' title="bbox 2059 3942 3701 4017">
     <span class='ocr_line' id='line_1_102' title="bbox 2059 3942 3701 4017; baseline 0.001 -19"><span class='ocrx_word' id='word_1_703' title='bbox 2059 3942 2276 4010; x_wconf 86' lang='lat' dir='ltr'>aulam,</span> <span class='ocrx_word' id='word_1_704' title='bbox 2307 3948 2363 3998; x_wconf 88' lang='lat' dir='ltr'>et</span> <span class='ocrx_word' id='word_1_705' title='bbox 2393 3945 2767 4015; x_wconf 86' lang='lat' dir='ltr'>perterritant</span> <span class='ocrx_word' id='word_1_706' title='bbox 2787 3945 3701 4017; x_wconf 75' lang='lat' dir='ltr'>exterorumarrogantiam.l\&#39;am</span> 
     </span>
    </p>
   </div>
   <div class='ocr_carea' id='block_1_103' title="bbox 2059 4031 3708 4106">
    <p class='ocr_par' dir='ltr' id='par_1_103' title="bbox 2059 4031 3708 4106">
     <span class='ocr_line' id='line_1_103' title="bbox 2059 4031 3708 4106; baseline 0.001 -19"><span class='ocrx_word' id='word_1_707' title='bbox 2059 4031 2235 4088; x_wconf 89' lang='lat' dir='ltr'>unius</span> <span class='ocrx_word' id='word_1_708' title='bbox 2267 4032 2502 4105; x_wconf 73' lang='lat' dir='ltr'>linguzn,</span> <span class='ocrx_word' id='word_1_709' title='bbox 2535 4033 2830 4106; x_wconf 86' lang='lat' dir='ltr'>uniusque</span> <span class='ocrx_word' id='word_1_710' title='bbox 2881 4032 3058 4090; x_wconf 86' lang='lat' dir='ltr'>moris</span> <span class='ocrx_word' id='word_1_711' title='bbox 3116 4034 3240 4104; x_wconf 83' lang='lat' dir='ltr'>[al.,</span> <span class='ocrx_word' id='word_1_712' title='bbox 3295 4032 3586 4104; x_wconf 83' lang='lat' dir='ltr'>mortalis]</span> <span class='ocrx_word' id='word_1_713' title='bbox 3619 4051 3708 4089; x_wconf 89' lang='lat' dir='ltr'>re-</span> 
     </span>
    </p>
   </div>
   <div class='ocr_carea' id='block_1_104' title="bbox 2057 4120 3702 4195">
    <p class='ocr_par' dir='ltr' id='par_1_104' title="bbox 2057 4120 3702 4195">
     <span class='ocr_line' id='line_1_104' title="bbox 2057 4120 3702 4195; baseline 0.001 -18"><span class='ocrx_word' id='word_1_714' title='bbox 2057 4139 2238 4195; x_wconf 89' lang='lat' dir='ltr'>gnum</span> <span class='ocrx_word' id='word_1_715' title='bbox 2271 4121 2559 4177; x_wconf 88' lang='lat' dir='ltr'>imbecille</span> <span class='ocrx_word' id='word_1_716' title='bbox 2589 4127 2647 4178; x_wconf 92' lang='lat' dir='ltr'>et</span> <span class='ocrx_word' id='word_1_717' title='bbox 2677 4120 2880 4193; x_wconf 87' lang='lat' dir='ltr'>fragile</span> <span class='ocrx_word' id='word_1_718' title='bbox 2911 4126 3019 4176; x_wconf 90' lang='lat' dir='ltr'>est.</span> <span class='ocrx_word' id='word_1_719' title='bbox 3060 4121 3371 4194; x_wconf 89' lang='lat' dir='ltr'>Propterea</span> <span class='ocrx_word' id='word_1_720' title='bbox 3407 4121 3594 4192; x_wconf 88' lang='lat' dir='ltr'>jubeo</span> <span class='ocrx_word' id='word_1_721' title='bbox 3625 4127 3702 4189; x_wconf 82' lang='lat' dir='ltr'>te,</span> 
     </span>
    </p>
   </div>
   <div class='ocr_carea' id='block_1_105' title="bbox 2061 4208 3708 4277">
    <p class='ocr_par' dir='ltr' id='par_1_105' title="bbox 2061 4208 3708 4277">
     <span class='ocr_line' id='line_1_105' title="bbox 2061 4208 3708 4277; baseline 0 -11"><span class='ocrx_word' id='word_1_722' title='bbox 2061 4211 2141 4266; x_wconf 90' lang='lat' dir='ltr'>fili</span> <span class='ocrx_word' id='word_1_723' title='bbox 2176 4211 2276 4276; x_wconf 89' lang='lat' dir='ltr'>mi,</span> <span class='ocrx_word' id='word_1_724' title='bbox 2311 4216 2374 4266; x_wconf 90' lang='lat' dir='ltr'>ut</span> <span class='ocrx_word' id='word_1_725' title='bbox 2404 4211 2556 4266; x_wconf 89' lang='lat' dir='ltr'>bona</span> <span class='ocrx_word' id='word_1_726' title='bbox 2585 4210 2881 4266; x_wconf 88' lang='lat' dir='ltr'>voluntate</span> <span class='ocrx_word' id='word_1_727' title='bbox 2914 4208 3043 4265; x_wconf 86' lang='lat' dir='ltr'>illos</span> <span class='ocrx_word' id='word_1_728' title='bbox 3091 4210 3339 4277; x_wconf 89' lang='lat' dir='ltr'>nutrias,</span> <span class='ocrx_word' id='word_1_729' title='bbox 3374 4213 3431 4266; x_wconf 91' lang='lat' dir='ltr'>et</span> <span class='ocrx_word' id='word_1_730' title='bbox 3461 4209 3708 4266; x_wconf 86' lang='lat' dir='ltr'>honeste</span> 
     </span>
    </p>
   </div>
   <div class='ocr_carea' id='block_1_106' title="bbox 2057 4298 3705 4371">
    <p class='ocr_par' dir='ltr' id='par_1_106' title="bbox 2057 4298 3705 4371">
     <span class='ocr_line' id='line_1_106' title="bbox 2057 4298 3705 4371; baseline 0 -17"><span class='ocrx_word' id='word_1_731' title='bbox 2057 4304 2276 4365; x_wconf 87' lang='lat' dir='ltr'>teneas,</span> <span class='ocrx_word' id='word_1_732' title='bbox 2311 4305 2375 4355; x_wconf 91' lang='lat' dir='ltr'>ut</span> <span class='ocrx_word' id='word_1_733' title='bbox 2398 4304 2588 4355; x_wconf 90' lang='lat' dir='ltr'>tecum</span> <span class='ocrx_word' id='word_1_734' title='bbox 2647 4298 2928 4354; x_wconf 89' lang='lat' dir='ltr'>libentius</span> <span class='ocrx_word' id='word_1_735' title='bbox 2976 4299 3212 4371; x_wconf 89' lang='lat' dir='ltr'>degant,</span> <span class='ocrx_word' id='word_1_736' title='bbox 3259 4314 3436 4371; x_wconf 90' lang='lat' dir='ltr'>quam</span> <span class='ocrx_word' id='word_1_737' title='bbox 3486 4298 3705 4355; x_wconf 88' lang='lat' dir='ltr'>alicubi</span> 
     </span>
    </p>
   </div>
   <div class='ocr_carea' id='block_1_107' title="bbox 2057 4387 3710 4460">
    <p class='ocr_par' dir='ltr' id='par_1_107' title="bbox 2057 4387 3710 4460">
     <span class='ocr_line' id='line_1_107' title="bbox 2057 4387 3710 4460; baseline 0.001 -18"><span class='ocrx_word' id='word_1_738' title='bbox 2057 4389 2177 4460; x_wconf 85' lang='lat' dir='ltr'>[al.,</span> <span class='ocrx_word' id='word_1_739' title='bbox 2211 4388 2365 4456; x_wconf 86' lang='lat' dir='ltr'>alibi]</span> <span class='ocrx_word' id='word_1_740' title='bbox 2402 4388 2684 4444; x_wconf 90' lang='lat' dir='ltr'>habitent.</span> <span class='ocrx_word' id='word_1_741' title='bbox 2719 4389 2778 4444; x_wconf 91' lang='lat' dir='ltr'>Si</span> <span class='ocrx_word' id='word_1_742' title='bbox 2809 4388 2966 4444; x_wconf 87' lang='lat' dir='ltr'>enim</span> <span class='ocrx_word' id='word_1_743' title='bbox 2997 4393 3060 4443; x_wconf 90' lang='lat' dir='ltr'>tu</span> <span class='ocrx_word' id='word_1_744' title='bbox 3083 4388 3383 4444; x_wconf 86' lang='lat' dir='ltr'>destruere</span> <span class='ocrx_word' id='word_1_745' title='bbox 3409 4387 3568 4459; x_wconf 93' lang='lat' dir='ltr'>quod</span> <span class='ocrx_word' id='word_1_746' title='bbox 3600 4405 3710 4460; x_wconf 84' lang='lat' dir='ltr'>ego</span> 
     </span>
    </p>
   </div>
   <div class='ocr_carea' id='block_1_108' title="bbox 2055 4475 3708 4550">
    <p class='ocr_par' dir='ltr' id='par_1_108' title="bbox 2055 4475 3708 4550">
     <span class='ocr_line' id='line_1_108' title="bbox 2055 4475 3708 4550; baseline 0 -18"><span class='ocrx_word' id='word_1_747' title='bbox 2055 4478 2356 4544; x_wconf 65' lang='lat' dir='ltr'>rediticavi,</span> <span class='ocrx_word' id='word_1_748' title='bbox 2389 4483 2492 4534; x_wconf 90' lang='lat' dir='ltr'>aut</span> <span class='ocrx_word' id='word_1_749' title='bbox 2519 4477 2807 4550; x_wconf 89' lang='lat' dir='ltr'>dissipare</span> <span class='ocrx_word' id='word_1_750' title='bbox 2829 4477 2982 4548; x_wconf 90' lang='lat' dir='ltr'>quod</span> <span class='ocrx_word' id='word_1_751' title='bbox 3005 4475 3348 4549; x_wconf 83' lang='lat' dir='ltr'>congregavi</span> <span class='ocrx_word' id='word_1_752' title='bbox 3389 4477 3708 4533; x_wconf 88' lang='lat' dir='ltr'>studueris.</span> 
     </span>
    </p>
   </div>
   <div class='ocr_carea' id='block_1_109' title="bbox 2059 4564 3711 4636">
    <p class='ocr_par' dir='ltr' id='par_1_109' title="bbox 2059 4564 3711 4636">
     <span class='ocr_line' id='line_1_109' title="bbox 2059 4564 3711 4636; baseline -0.001 -14"><span class='ocrx_word' id='word_1_753' title='bbox 2059 4568 2184 4622; x_wconf 85' lang='lat' dir='ltr'>sine</span> <span class='ocrx_word' id='word_1_754' title='bbox 2216 4567 2393 4622; x_wconf 88' lang='lat' dir='ltr'>dubio</span> <span class='ocrx_word' id='word_1_755' title='bbox 2425 4567 2746 4622; x_wconf 81' lang='lat' dir='ltr'>maximum</span> <span class='ocrx_word' id='word_1_756' title='bbox 2786 4564 3202 4622; x_wconf 89' lang='lat' dir='ltr'>detrimentum</span> <span class='ocrx_word' id='word_1_757' title='bbox 3253 4570 3421 4619; x_wconf 92' lang='lat' dir='ltr'>tuum</span> <span class='ocrx_word' id='word_1_758' title='bbox 3453 4566 3711 4636; x_wconf 88' lang='lat' dir='ltr'>patietur</span> 
     </span>
    </p>
   </div>
   <div class='ocr_carea' id='block_1_110' title="bbox 2059 4653 3706 4729">
    <p class='ocr_par' dir='ltr' id='par_1_110' title="bbox 2059 4653 3706 4729">
     <span class='ocr_line' id='line_1_110' title="bbox 2059 4653 3706 4729; baseline -0.001 -19"><span class='ocrx_word' id='word_1_759' title='bbox 2059 4657 2493 4729; x_wconf 87' lang='lat' dir='ltr'>regnum.Quod</span> <span class='ocrx_word' id='word_1_760' title='bbox 2536 4672 2607 4711; x_wconf 93' lang='lat' dir='ltr'>ne</span> <span class='ocrx_word' id='word_1_761' title='bbox 2636 4656 2930 4724; x_wconf 90' lang='lat' dir='ltr'>fiat,tuum</span> <span class='ocrx_word' id='word_1_762' title='bbox 2963 4653 3224 4727; x_wconf 90' lang='lat' dir='ltr'>quotidie</span> <span class='ocrx_word' id='word_1_763' title='bbox 3254 4667 3402 4726; x_wconf 84' lang='lat' dir='ltr'>auge</span> <span class='ocrx_word' id='word_1_764' title='bbox 3435 4670 3706 4726; x_wconf 81' lang='lat' dir='ltr'>regnum,</span> 
     </span>
    </p>
   </div>
   <div class='ocr_carea' id='block_1_111' title="bbox 2059 4742 3708 4816">
    <p class='ocr_par' dir='ltr' id='par_1_111' title="bbox 2059 4742 3708 4816">
     <span class='ocr_line' id='line_1_111' title="bbox 2059 4742 3708 4816; baseline -0.002 -16"><span class='ocrx_word' id='word_1_765' title='bbox 2059 4751 2124 4800; x_wconf 93' lang='lat' dir='ltr'>ut</span> <span class='ocrx_word' id='word_1_766' title='bbox 2153 4752 2255 4801; x_wconf 88' lang='lat' dir='ltr'>tua</span> <span class='ocrx_word' id='word_1_767' title='bbox 2284 4762 2497 4802; x_wconf 89' lang='lat' dir='ltr'>corona</span> <span class='ocrx_word' id='word_1_768' title='bbox 2526 4745 2599 4799; x_wconf 92' lang='lat' dir='ltr'>ab</span> <span class='ocrx_word' id='word_1_769' title='bbox 2629 4744 2904 4800; x_wconf 86' lang='lat' dir='ltr'>omnibus</span> <span class='ocrx_word' id='word_1_770' title='bbox 2955 4747 3208 4816; x_wconf 87' lang='lat' dir='ltr'>augusta</span> <span class='ocrx_word' id='word_1_771' title='bbox 3261 4742 3384 4814; x_wconf 84' lang='lat' dir='ltr'>[al.,</span> <span class='ocrx_word' id='word_1_772' title='bbox 3420 4743 3574 4798; x_wconf 78' lang='lat' dir='ltr'>abest</span> <span class='ocrx_word' id='word_1_773' title='bbox 3599 4759 3708 4798; x_wconf 91' lang='lat' dir='ltr'>au-</span> 
     </span>
    </p>
   </div>
   <div class='ocr_carea' id='block_1_112' title="bbox 2059 4833 2770 4908">
    <p class='ocr_par' dir='ltr' id='par_1_112' title="bbox 2059 4833 2770 4908">
     <span class='ocr_line' id='line_1_112' title="bbox 2059 4833 2770 4908; baseline -0.003 -18"><span class='ocrx_word' id='word_1_774' title='bbox 2059 4835 2254 4908; x_wconf 89' lang='lat' dir='ltr'>gusta]</span> <span class='ocrx_word' id='word_1_775' title='bbox 2286 4835 2570 4891; x_wconf 85' lang='lat' dir='ltr'>habeatur</span> <span class='ocrx_word' id='word_1_776' title='bbox 2597 4837 2612 4904; x_wconf 94' lang='lat'>(</span> <span class='ocrx_word' id='word_1_777' title='bbox 2632 4833 2770 4905; x_wconf 83' lang='grc'>104).</span> 
     </span>
    </p>
   </div>
   <div class='ocr_carea' id='block_1_113' title="bbox 2129 4937 3710 5012">
    <p class='ocr_par' dir='ltr' id='par_1_113' title="bbox 2129 4937 3710 5012">
     <span class='ocr_line' id='line_1_113' title="bbox 2129 4937 3710 5012; baseline 0 -16"><span class='ocrx_word' id='word_1_778' title='bbox 2129 4941 2263 4996; x_wconf 76' lang='lat' dir='ltr'>CAP.</span> <span class='ocrx_word' id='word_1_779' title='bbox 2297 4941 2417 4997; x_wconf 86' lang='lat' dir='ltr'>VII.</span> <span class='ocrx_word' id='word_1_780' title='bbox 2453 4945 2532 4996; x_wconf 88' lang='lat' dir='ltr'>De</span> <span class='ocrx_word' id='word_1_781' title='bbox 2561 4940 2940 5012; x_wconf 81' lang='lat' dir='ltr'>magnitudine</span> <span class='ocrx_word' id='word_1_782' title='bbox 2965 4941 3204 4994; x_wconf 78' lang='lat' dir='ltr'>consilii.</span> <span class='ocrx_word' id='word_1_783' title='bbox 3225 4937 3287 4993; x_wconf 88' lang='lat' dir='ltr'>In</span> <span class='ocrx_word' id='word_1_784' title='bbox 3315 4938 3710 4998; x_wconf 87' lang='lat' dir='ltr'>tribunalibus</span> 
     </span>
    </p>
   </div>
   <div class='ocr_carea' id='block_1_114' title="bbox 2060 5098 3710 5182">
    <p class='ocr_par' dir='ltr' id='par_1_114' title="bbox 2060 5098 3710 5182">
     <span class='ocr_line' id='line_1_114' title="bbox 2060 5098 3710 5182; baseline -0.001 -24"><span class='ocrx_word' id='word_1_785' title='bbox 2060 5105 2204 5182; x_wconf 77' lang='lat' dir='ltr'>_1in_ze</span> <span class='ocrx_word' id='word_1_786' title='bbox 2232 5119 2344 5182; x_wconf 57' lang='lat' dir='ltr'>esse</span> <span class='ocrx_word' id='word_1_787' title='bbox 2363 5101 2556 5182; x_wconf 39' lang='lat' dir='ltr'>ludor,</span> <span class='ocrx_word' id='word_1_788' title='bbox 2590 5100 2750 5182; x_wconf 81' lang='lat' dir='ltr'>varia</span> <span class='ocrx_word' id='word_1_789' title='bbox 2796 5099 2981 5182; x_wconf 62' lang='lat' dir='ltr'>habet</span> <span class='ocrx_word' id='word_1_790' title='bbox 3004 5099 3242 5182; x_wconf 66' lang='lat' dir='ltr'>menda,</span> <span class='ocrx_word' id='word_1_791' title='bbox 3285 5099 3371 5182; x_wconf 70' lang='lat' dir='ltr'>uti</span> <span class='ocrx_word' id='word_1_792' title='bbox 3403 5098 3710 5182; x_wconf 79' lang='lat' dir='ltr'>studiosus</span> 
     </span>
    </p>
   </div>
   <div class='ocr_carea' id='block_1_115' title="bbox 2058 5169 3706 5254">
    <p class='ocr_par' dir='ltr' id='par_1_115' title="bbox 2058 5169 3706 5254">
     <span class='ocr_line' id='line_1_115' title="bbox 2058 5169 3706 5254; baseline -0.001 -26"><span class='ocrx_word' id='word_1_793' title='bbox 2058 5174 2238 5229; x_wconf 91' lang='lat' dir='ltr'>lector</span> <span class='ocrx_word' id='word_1_794' title='bbox 2267 5169 2434 5254; x_wconf 75' lang='lat' dir='ltr'>facile</span> <span class='ocrx_word' id='word_1_795' title='bbox 2465 5172 2741 5228; x_wconf 79' lang='lat' dir='ltr'>advertat.</span> <span class='ocrx_word' id='word_1_796' title='bbox 2796 5170 2902 5226; x_wconf 90' lang='lat' dir='ltr'>Illa</span> <span class='ocrx_word' id='word_1_797' title='bbox 2940 5169 3120 5244; x_wconf 90' lang='lat' dir='ltr'>igitur</span> <span class='ocrx_word' id='word_1_798' title='bbox 3163 5169 3398 5244; x_wconf 87' lang='lat' dir='ltr'>singula</span> <span class='ocrx_word' id='word_1_799' title='bbox 3446 5172 3706 5228; x_wconf 86' lang='lat' dir='ltr'>notanda</span> 
     </span>
    </p>
   </div>
   <div class='ocr_carea' id='block_1_116' title="bbox 2059 5260 2428 5300">
    <p class='ocr_par' dir='ltr' id='par_1_116' title="bbox 2059 5260 2428 5300">
     <span class='ocr_line' id='line_1_116' title="bbox 2059 5260 2428 5300; baseline -0.008 0"><span class='ocrx_word' id='word_1_800' title='bbox 2059 5262 2172 5300; x_wconf 91' lang='lat' dir='ltr'>non</span> <span class='ocrx_word' id='word_1_801' title='bbox 2205 5260 2428 5299; x_wconf 77' lang='lat' dir='ltr'>censui.</span> 
     </span>
    </p>
   </div>
   <div class='ocr_carea' id='block_1_117' title="bbox 2159 5312 3708 5396">
    <p class='ocr_par' dir='ltr' id='par_1_117' title="bbox 2159 5312 3708 5396">
     <span class='ocr_line' id='line_1_117' title="bbox 2159 5312 3708 5396; baseline -0.002 -25"><span class='ocrx_word' id='word_1_802' title='bbox 2159 5317 2275 5388; x_wconf 71' lang='grc'>104)</span> <span class='ocrx_word' id='word_1_803' title='bbox 2296 5317 2462 5396; x_wconf 43' lang='lat' dir='ltr'>“Quze</span> <span class='ocrx_word' id='word_1_804' title='bbox 2521 5313 2591 5369; x_wconf 90' lang='lat' dir='ltr'>de</span> <span class='ocrx_word' id='word_1_805' title='bbox 2636 5312 2956 5396; x_wconf 76' lang='lat' dir='ltr'>multorum</span> <span class='ocrx_word' id='word_1_806' title='bbox 2991 5313 3307 5396; x_wconf 70' lang='lat' dir='ltr'>hospitum</span> <span class='ocrx_word' id='word_1_807' title='bbox 3350 5312 3608 5396; x_wconf 78' lang='lat' dir='ltr'>adventu</span> <span class='ocrx_word' id='word_1_808' title='bbox 3626 5313 3708 5396; x_wconf 62' lang='lat' dir='ltr'>in</span> 
     </span>
    </p>
   </div>
   <div class='ocr_carea' id='block_1_118' title="bbox 2058 5385 3710 5458">
    <p class='ocr_par' dir='ltr' id='par_1_118' title="bbox 2058 5385 3710 5458">
     <span class='ocr_line' id='line_1_118' title="bbox 2058 5385 3710 5458; baseline -0.001 -16"><span class='ocrx_word' id='word_1_809' title='bbox 2058 5385 2618 5458; x_wconf 12' lang='lat' dir='ltr'>urbemigRomanam</span> <span class='ocrx_word' id='word_1_810' title='bbox 2652 5385 3136 5458; x_wconf 86' lang='lat' dir='ltr'>dicuntur,videri</span> <span class='ocrx_word' id='word_1_811' title='bbox 3168 5389 3417 5458; x_wconf 82' lang='lat' dir='ltr'>possunt</span> <span class='ocrx_word' id='word_1_812' title='bbox 3445 5385 3604 5456; x_wconf 86' lang='lat' dir='ltr'>apud</span> <span class='ocrx_word' id='word_1_813' title='bbox 3626 5385 3710 5458; x_wconf 86' lang='lat' dir='ltr'>Li-</span> 
     </span>
    </p>
   </div>
   <div class='ocr_carea' id='block_1_119' title="bbox 2055 5455 3709 5523">
    <p class='ocr_par' dir='ltr' id='par_1_119' title="bbox 2055 5455 3709 5523">
     <span class='ocr_line' id='line_1_119' title="bbox 2055 5455 3709 5523; baseline 0.001 -13"><span class='ocrx_word' id='word_1_814' title='bbox 2055 5459 2239 5523; x_wconf 89' lang='lat' dir='ltr'>vium,</span> <span class='ocrx_word' id='word_1_815' title='bbox 2272 5457 2372 5511; x_wconf 89' lang='lat' dir='ltr'>lib.</span> <span class='ocrx_word' id='word_1_816' title='bbox 2407 5474 2444 5521; x_wconf 81' lang='grc' dir='ltr'>ι,</span> <span class='ocrx_word' id='word_1_817' title='bbox 2479 5456 2578 5509; x_wconf 86' lang='lat' dir='ltr'>ubi</span> <span class='ocrx_word' id='word_1_818' title='bbox 2613 5463 2885 5511; x_wconf 86' lang='lat' dir='ltr'>narratur</span> <span class='ocrx_word' id='word_1_819' title='bbox 2913 5457 3130 5520; x_wconf 82' lang='lat' dir='ltr'>quibus</span> <span class='ocrx_word' id='word_1_820' title='bbox 3170 5455 3402 5511; x_wconf 76' lang='lat' dir='ltr'>artibus</span> <span class='ocrx_word' id='word_1_821' title='bbox 3452 5455 3601 5512; x_wconf 83' lang='lat' dir='ltr'>usus</span> <span class='ocrx_word' id='word_1_822' title='bbox 3632 5457 3709 5512; x_wconf 88' lang='lat' dir='ltr'>sit</span> 
     </span>
    </p>
   </div>
   <div class='ocr_carea' id='block_1_120' title="bbox 2059 5526 3706 5606">
    <p class='ocr_par' dir='ltr' id='par_1_120' title="bbox 2059 5526 3706 5606">
     <span class='ocr_line' id='line_1_120' title="bbox 2059 5526 3706 5606; baseline -0.001 -23"><span class='ocrx_word' id='word_1_823' title='bbox 2059 5527 2366 5606; x_wconf 73' lang='lat' dir='ltr'>Romulus,</span> <span class='ocrx_word' id='word_1_824' title='bbox 2399 5543 2578 5606; x_wconf 79' lang='lat' dir='ltr'>supra</span> <span class='ocrx_word' id='word_1_825' title='bbox 2605 5527 2887 5606; x_wconf 52' lang='lat' dir='ltr'>Aineades</span> <span class='ocrx_word' id='word_1_826' title='bbox 2916 5527 3197 5595; x_wconf 89' lang='lat' dir='ltr'>dictus,ut</span> <span class='ocrx_word' id='word_1_827' title='bbox 3229 5527 3476 5584; x_wconf 83' lang='lat' dir='ltr'>Romam</span> <span class='ocrx_word' id='word_1_828' title='bbox 3511 5526 3706 5583; x_wconf 69' lang='lat' dir='ltr'>multi-</span> 
     </span>
    </p>
   </div>
   <div class='ocr_carea' id='block_1_121' title="bbox 2054 5595 2808 5670">
    <p class='ocr_par' dir='ltr' id='par_1_121' title="bbox 2054 5595 2808 5670">
     <span class='ocr_line' id='line_1_121' title="bbox 2054 5595 2808 5670; baseline -0.005 -14"><span class='ocrx_word' id='word_1_829' title='bbox 2054 5600 2258 5656; x_wconf 89' lang='lat' dir='ltr'>tudine</span> <span class='ocrx_word' id='word_1_830' title='bbox 2287 5595 2491 5670; x_wconf 86' lang='lat' dir='ltr'>populi</span> <span class='ocrx_word' id='word_1_831' title='bbox 2520 5597 2808 5670; x_wconf 86' lang='lat' dir='ltr'>impleret.</span> 
     </span>
    </p>
   </div>
  </div>
