3924 6210
153 331 296 403 1841

1443 329 1746 395 ΜΟΝΙΤΑ
1792 329 1896 395 AD
1941 331 2243 396 FILIUM.

3389 326 3547 395 me

146 481 345 538 regum
388 462 698 521 consilium
750 463 860 521 sibi
909 462 1227 537 septimum
1276 464 1530 520 vindicat
1576 464 1794 526 locum.
1830 469 1878 533 Α
1910 479 2092 531 meas,
2128 468 2191 521 ut
2227 464 2382 521 inter
2417 466 2551 521 tuos
2596 462 2866 523 habearis
2915 464 3261 538 praecipuus,
3293 469 3352 523 et
3394 465 3548 522 inter

145 552 393 608 Consilio
442 553 599 609 enim
655 552 1095 610 constituuntur
1149 570 1335 626 reges,
1387 555 1793 626 gubernantur

144 658 337 713 regna,
369 642 705 698 defenditur
737 644 944 714 patria,
979 648 1410 714 componuntur
1440 642 1659 715 praelia,
1694 661 1792 697 su-

145 731 320 786 mitur
365 731 624 798 victoria,
677 731 1083 803 propelluntur
1130 732 1373 796 inimici,
1425 732 1796 804 appellantur

147 820 336 887 amici,
361 820 624 876 civitates
655 826 1098 887 construuntur,
1123 827 1180 877 et
1208 827 1397 877 castra
1428 820 1790 877 adversario-

144 926 267 964 rum
302 909 707 964 destruuntur.
734 911 974 975 Quando
1004 927 1136 965 vero
1167 910 1428 965 consiliis
1458 911 1610 965 inest
1640 909 1794 964 utili-

144 1002 254 1051 tas.
295 997 439 1053 Nam
492 998 786 1069 [al.,jam]
820 1016 852 1054 a
900 1000 1119 1069 sti-'cis,
1165 1004 1220 1054 et
1266 999 1696 1071 arrogantibus,
1729 1014 1795 1053 ac

154 1085 542 1141 mediocribus
573 1087 661 1158 (ut
692 1087 837 1142 mihi
880 1087 946 1138 vi
979 1090 1126 1159 stur)
1158 1106 1274 1145 non
1305 1087 1499 1143 valent
1524 1089 1793 1158 componi

139 1174 262 1240 viri,
286 1175 383 1229 sed
418 1192 452 1228 a
485 1176 811 1245 majoribus
846 1182 903 1231 et
934 1177 1293 1245 .nelioribus,
1320 1175 1799 1249 sapientioribus-

138 1279 245 1334 que
275 1280 339 1318 ac
373 1263 813 1321 honestissimis
845 1265 1195 1334 senioribus,
1220 1266 1463 1337 exprimi
1492 1264 1705 1320 debent
1734 1261 1797 1318 et

136 1350 319 1422 poliri.
372 1352 612 1421 Idcirco,
644 1353 727 1408 ﬁli
784 1355 885 1418 u.i,
919 1371 1052 1409 cum
1105 1356 1422 1425 juvenibus
1474 1359 1532 1410 et
1596 1357 1795 1415 minus

136 1439 491 1511 sapientibus
531 1442 648 1498 noli
695 1444 1009 1510 consillni-i,
1045 1448 1145 1499 aut
1193 1445 1263 1498 de
1332 1443 1446 1501 illis
1478 1444 1788 1500 consilium

137 1544 382 1599 quaerere
413 1531 539 1601 [al.,
563 1534 805 1604 quaere];
840 1546 938 1589 seu
963 1552 995 1589 a
1018 1534 1369 1601 senioribus,
1405 1535 1618 1606 quibus
1648 1534 1794 1589 illud

140 1619 429 1690 negotium
467 1627 703 1693 propter
733 1627 961 1678 aetatem
1001 1629 1057 1678 et
1089 1623 1433 1695 sapientiam
1470 1623 1544 1677 sit
1570 1629 1792 1694 aptum,

140 1706 278 1761 Nam
296 1707 540 1763 consilia
561 1726 765 1781 regum
786 1710 844 1764 in
872 1728 1054 1782 praeco
1074 1710 1215 1765 rdiis
1236 1710 1564 1782 sapientum
1582 1712 1795 1785 debent

1901 552 2121 610 alienos
2150 552 2485 609 laudabilis.

1972 646 2102 697 CAP.
2154 643 2240 698 IX.
2295 642 2577 699 Orandum
2623 660 2735 700 esse
2790 652 2841 700 et
2896 645 3176 715 quomodo.
3209 643 3543 700 Observatio

1903 730 2181 786 orationis
2214 732 2469 788 maxima
2514 732 2822 805 acquisitio
2849 738 2938 789 est
2967 731 3178 804 regalis
3224 732 3455 798 salutis,
3489 736 3546 789 et

1902 818 2031 875 ideo
2074 838 2293 876 nonum
2339 820 2403 894 [Ῑ.
2445 822 2568 877 add.
2617 822 2840 878 obtinet
2893 821 3140 889 locum];
3192 825 3249 878 et
3302 823 3545 877 nonaria

1902 909 2071 981 regie
2103 909 2402 982 dignitatis
2454 911 2612 966 canit
2660 911 2879 983 regula.
2912 912 3202 967 Continua
3232 910 3414 965 oratio
3458 914 3548 965 est

1902 1001 2270 1069 peccatorum
2311 997 2530 1055 ablutio
2574 1001 2694 1071 [al.,
2729 999 2981 1067 abolitio]
3037 1004 3093 1055 et
3139 999 3426 1054 remissio.
3459 999 3544 1053 Tu

1905 1090 2119 1154 autem,
2145 1085 2225 1139 fili
2259 1087 2355 1154 mi,
2377 1088 2837 1161 quotiescunque
2868 1090 2941 1143 ad
2972 1088 3254 1160 templum
3279 1088 3377 1143 Dei
3414 1104 3544 1141 cur-

1905 1174 2005 1239 ris,
2032 1179 2092 1228 ut
2121 1175 2304 1229 Deum
2348 1177 2573 1245 adores,
2601 1194 2734 1232 cum
2766 1178 3075 1233 Salomone
3122 1177 3241 1232 ﬁlio
3291 1176 3466 1249 regis.
3489 1180 3546 1231 et

1902 1262 2028 1334 ipse
2059 1280 2155 1319 rex
2187 1280 2417 1337 semper
2453 1267 2612 1322 dicas
2647 1283 2658 1322 :
2692 1269 2905 1335 Emitte,
2940 1268 3182 1333 Domine,
3214 1266 3543 1337 sapientiam

1903 1353 1966 1408 de
1992 1353 2113 1408 sede
2141 1355 2540 1425 magnitudinis
2569 1360 2699 1422 iure,
2722 1364 2781 1411 ut
2810 1373 3022 1411 mecum
3049 1358 3138 1422 sit,
3164 1364 3215 1410 et
3234 1370 3443 1409 mecum
3467 1355 3542 1409 la-

1905 1441 2068 1508 boret,
2096 1447 2153 1496 ut
2180 1444 2350 1498 sciam
2381 1444 2511 1515 quid
2538 1449 2812 1516 acceptum
2838 1448 2908 1500 sit
2936 1461 3122 1500 coram
3154 1448 3203 1499 te
3231 1445 3384 1498 omni
3414 1447 3545 1498 tem-

1897 1530 2199 1602 pore(Sap.
2226 1549 2301 1595 ix,
2328 1533 2434 1603 10).
2461 1533 2526 1586 Et
2564 1533 2773 1588 iterum
2809 1551 2820 1588 :
2856 1534 3077 1589 Domini
3112 1535 3271 1587 Pater
3311 1536 3361 1587 et
3404 1533 3543 1587 Deus

1902 1622 2027 1674 vita:
2057 1635 2213 1689 meae,
2236 1637 2304 1674 ne
2323 1622 2679 1691 derelinquas
2697 1638 2781 1677 me
2809 1624 2869 1676 in
2897 1624 3132 1691 cogitatu
3152 1623 3415 1691 maligno,
3449 1637 3542 1676 ea;-

1903 1709 2205 1765 tollentian:
2236 1712 2520 1765 oculorum
2548 1727 2791 1765 meorum
2820 1728 2888 1766 ne
2917 1710 3126 1766 dederis
3152 1711 3313 1773 mihi,
3335 1714 3385 1763 et
3405 1709 3545 1763 desi-

140 1793 346 1863 claudi,
408 1813 527 1852 non
583 1800 929 1855 ventositate
988 1799 1309 1855 stultorum
1360 1801 1688 1872 propagari.
1734 1802 1792 1858 Si
1824 1829 1871 1895 B
1903 1797 2115 1853 derium
2153 1800 2461 1870 malignum
2508 1809 2690 1855 averte
2718 1817 2751 1855 a
2778 1816 2882 1865 me,
2928 1800 3184 1860 Domine;
3214 1803 3372 1869 aufer
3401 1814 3434 1852 a
3461 1813 3548 1852 me

139 1883 284 1938 enim
315 1887 603 1958 gradieris
637 1906 770 1944 cum
804 1889 1188 1961 sapientibus,
1219 1889 1455 1960 sapiens
1480 1890 1786 1954 efﬁcieris;

136 1972 181 2026 si
213 1974 462 2029 versaris
494 1993 626 2030 cum
660 1976 876 2044 stultis,
903 1978 1240 2047 sociabcris,
1266 1978 1404 2046 illis,
1431 1979 1643 2033 fatente
1666 1979 1792 2050 Spi-

134 2059 245 2115 ritu
277 2067 479 2120 sancto
522 2081 625 2138 per
675 2066 1045 2122 Salomouem
1084 2085 1096 2122 :
1132 2068 1236 2135 Qui
1282 2084 1401 2122 cum
1449 2068 1788 2139 sapientibus

133 2151 392 2220 graditur,
425 2158 743 2227 sapientum
768 2158 876 2211 erit
909 2158 1116 2211 amicus
1142 2173 1242 2211 nec
1268 2157 1560 2211 stultorum
1588 2159 1693 2211 erit
1721 2158 1792 2210 si-

134 2240 275 2295 milis
301 2241 502 2314 (Prov.
531 2261 654 2314 xm,
686 2246 799 2317 20).
825 2246 896 2300 Et
937 2244 1117 2301 David
1160 2244 1359 2317 psallit
1391 2262 1403 2300 :
1445 2246 1580 2300 Cum
1608 2248 1792 2301 sancto

131 2324 343 2386 sanctus
373 2334 508 2397 eris,
536 2337 587 2387 et
631 2351 754 2388 cum
796 2335 909 2389 viro
940 2336 1220 2389 innocente
1269 2336 1526 2390 innocens
1576 2337 1704 2405 eris,
1737 2352 1792 2423 e.8

128 2434 246 2473 cum
284 2420 454 2476 electo
498 2422 698 2476 electus
749 2425 876 2484 eris.
909 2426 958 2477 et
987 2439 1111 2477 cum
1156 2439 1412 2493 perverso
1463 2427 1767 2494 perverteri

131 2508 296 2576 (Psal.
329 2525 470 2576 xvu,
502 2511 593 2577 26,
624 2510 739 2579 27).
774 2511 853 2565 Ad
900 2510 1008 2565 hoc
1053 2510 1341 2583 quidquid
1394 2512 1608 2584 negotii
1661 2514 1790 2568 uni-

136 2594 337 2667 cuique
394 2597 702 2654 conveniat
758 2598 936 2664 aztati,
970 2599 1027 2653 in
1080 2598 1189 2654 hoc
1252 2616 1313 2654 se
1370 2603 1786 2673 exerceat[al.,

133 2687 469 2758 exerceant],
505 2686 729 2761 scilicet
768 2688 1021 2757 juvenes
1054 2688 1109 2742 in
1145 2690 1348 2754 armis,
1382 2696 1681 2746 senatores
1730 2692 1788 2746 in

132 2773 404 2843 consiliis,
424 2776 666 2831 omnino
694 2780 892 2831 tamen
917 2777 1166 2846 juvenes
1194 2794 1308 2833 non
1336 2784 1475 2834 sunt
1503 2779 1789 2850 expellen-

133 2862 187 2916 di
216 2879 250 2917 a
273 2863 559 2919 consiliis.
586 2865 825 2931 Quoties
854 2883 989 2920 vero
1020 2882 1155 2920 cum
1187 2866 1303 2922 illis
1332 2867 1643 2923 consilium
1676 2868 1785 2922 ini-

136 2950 239 3019 bis,
262 2952 496 3009 etiamsi
539 2953 751 3021 habile,
785 2958 982 3010 tamen
1029 2972 1260 3027 semper
1289 2957 1359 3011 ad
1406 2959 1655 3029 majores
1688 2959 1785 3014 de-

132 3039 277 3097 feras
308 3040 427 3113 [al.,
459 3042 742 3113 differas],
772 3047 837 3097 ut
867 3060 1070 3099 omnes
1101 3049 1267 3101 actus
1297 3051 1430 3101 tuos
1463 3063 1669 3102 norma
1699 3065 1789 3103 sa-

136 3127 357 3199 pientiae
389 3147 599 3185 mensu
610 3147 720 3186 res.

201 3220 326 3273 CAP.
356 3219 509 3275 VIII.
554 3219 704 3287 Quod
741 3222 975 3291 majores
1021 3223 1236 3277 imitari
1282 3222 1527 3290 debeant,
1574 3233 1626 3280 et
1670 3226 1784 3295 filii
1810 3191 1853 3257 C

133 3305 339 3362 obedire
361 3296 704 3379 parentibus.
738 3308 989 3365 Imitatio
1022 3311 1144 3383 [al.,
1177 3311 1460 3386 executio]
1490 3314 1779 3384 majorum

134 3393 187 3449 in
218 3395 394 3469 regali
426 3395 714 3468 dignitate
738 3402 1005 3454 octavum
1040 3400 1299 3471 possidet
1327 3400 1543 3456 locum.
1571 3403 1781 3474 Regale

131 3489 540 3540 ornamentum
563 3485 707 3540 scito
739 3502 865 3542 esse
890 3490 1237 3555 maximum,
1263 3489 1427 3561 sequi
1460 3494 1784 3547 antecesso-

133 3586 221 3626 res
249 3588 435 3644 reges,
470 3576 530 3628 et
558 3572 838 3629 honestos
886 3575 1103 3631 imitari
1154 3582 1443 3650 parentes.
1470 3579 1576 3644 Qui
1621 3580 1780 3636 enim

132 3663 566 3717 antecessorum
599 3663 832 3718 decreta
863 3665 1085 3736 spernit
1129 3670 1382 3739 patrum,
1416 3685 1522 3723 nec
1553 3669 1780 3725 divinas

132 3755 400 3819 procurat
429 3749 611 3823 leges,
644 3753 877 3824 peribit.
903 3752 1102 3808 Patres
1127 3755 1281 3809 enim
1316 3755 1497 3811 idirco
1519 3762 1658 3812 sunt
1687 3775 1783 3829 pa-

131 3839 263 3904 tres,
287 3843 352 3893 ut
395 3840 662 3895 nutriant
709 3840 880 3907 filios,
914 3842 1159 3914 ideoque
1192 3849 1330 3898 sunt
1376 3844 1500 3912 filii,
1535 3854 1597 3900 ut
1646 3847 1779 3902 obe-

130 3924 288 3981 diant
315 3927 603 3999 patribus.
628 3929 734 3993 Qui
766 3931 914 4002 patri
961 3948 1067 3985 suo
1098 3933 1336 3998 resistit,
1370 3933 1646 3991 inimicus
1679 3936 1779 3991 Dei

128 4012 318 4069 existit
368 4016 495 4088 [al.,
533 4016 842 4089 consistit].
879 4019 1092 4074 Omnes
1144 4022 1302 4075 enim
1355 4022 1776 4090 inobedientes,

130 4105 235 4157 Deo
283 4108 425 4159 sunt
473 4105 833 4163 resistentes.
869 4107 1122 4180 Spiritus
1163 4110 1319 4166 enim
1369 4111 1777 4168 inobedientiee

126 4190 407 4265 dispergit
455 4193 625 4250 ﬂores
668 4211 910 4251 coronre.
948 4198 1346 4254 lnobedientia
1394 4200 1547 4256 enim
1601 4203 1779 4257 totius

126 4281 282 4352 regni
313 4286 406 4337 est
432 4283 783 4354 pestilentia.
809 4285 1138 4357 Propterea,
1163 4286 1243 4341 fili
1271 4287 1634 4357 eharissime,
1660 4292 1777 4346 edi-

123 4372 211 4423 cta
241 4370 426 4442 patris
458 4370 539 4426 tui
569 4389 800 4445 semper
832 4374 936 4428 tibi
970 4375 1089 4429 sint
1121 4380 1522 4449 promptuosa,
1550 4382 1613 4432 ut
1644 4396 1773 4449 pro-

124 4459 367 4529 speritas
398 4464 503 4516 tua
555 4461 773 4534 ubique
823 4462 1116 4536 regalibus
1166 4464 1451 4537 dirigatur
1503 4466 1766 4523 habenis.

1898 1889 2408 1959 concupiscentiam,
2429 1897 2479 1944 et
2510 1890 2695 1943 animo
2721 1889 3043 1944 irreverenti
3061 1896 3111 1943 et
3132 1888 3401 1958 infrunito
3422 1883 3544 1957 [al.,

1902 1977 2196 2049 iii/renato]
2241 1993 2309 2031 ne
2355 1977 2539 2032 tradas
2586 1993 2673 2032 me
2702 1978 2899 2046 (Eccli.
2932 1994 3091 2043 xxui,
3128 1977 3266 2043 4-6),
3296 1976 3543 2031 Domine.

1901 2064 2030 2118 Haec
2062 2066 2258 2136 itaque
2297 2067 2556 2121 oratione
2602 2066 2826 2137 antiqui
2876 2067 3191 2122 utebantur
3238 2081 3423 2137 reges.
3457 2064 3545 2119 Tu

1901 2170 2128 2226 quoque
2160 2154 2267 2209 hac
2298 2155 2499 2211 eadem
2539 2160 2716 2226 utere,
2741 2159 2806 2212 ut
2835 2155 2988 2210 Deus
3021 2158 3230 2210 cuncta
3258 2152 3400 2208 vitia
3430 2170 3463 2207 a
3490 2156 3548 2208 te

1901 2243 2127 2297 auferre
2156 2244 2448 2315 dignetur,
2475 2248 2535 2300 ut
2561 2244 2986 2300 invictissimus
3007 2261 3107 2299 rex
3137 2261 3171 2298 a
3191 2242 3419 2302 cunctis
3442 2259 3544 2296 nn-
3590 2293 3595 2297 .

1903 2332 2161 2387 mineris.
2183 2332 2295 2387 Ora
2336 2334 2533 2399 etiam,
2558 2338 2624 2390 ut
2661 2333 2947 2389 desidiam
2979 2337 3036 2388 et
3065 2331 3478 2389 hebetudinem
3512 2348 3546 2385 a

1900 2424 1955 2475 te
1986 2420 2256 2491 depellat,
2290 2426 2347 2476 et
2376 2422 2845 2494 supplementum
2891 2423 3152 2477 omnium
3188 2420 3293 2476 tibi
3321 2421 3544 2475 tribuat

1899 2509 2200 2575 virtutum,
2228 2510 2442 2583 quibus
2484 2511 2742 2566 visibiles
2770 2516 2825 2566 et
2854 2510 3177 2566 invisibiles
3205 2511 3403 2565 vincas
3431 2508 3540 2564 ini-

1903 2599 2103 2665 micos,
2131 2604 2194 2653 ut
2227 2617 2467 2655 securus
2499 2605 2556 2655 et
2585 2600 2888 2671 expeditus
2917 2600 2989 2655 ab
3020 2599 3179 2657 omni
3211 2598 3543 2655 incursione

1898 2688 2385 2755 adversariorum,
2406 2706 2539 2744 cum
2562 2688 2836 2745 omnibus
2858 2690 2962 2745 tibi
2985 2689 3287 2760 subjectis,
3302 2703 3543 2743 cursum

1897 2777 2083 2832 astatis
2113 2782 2225 2831 tua;
2254 2778 2383 2833 vitis
2414 2794 2547 2833 cum
2579 2794 2717 2850 pace
2748 2777 2938 2851 possis
2971 2777 3157 2833 ﬁnire.

1967 2866 2094 2921 CAP.
2130 2870 2198 2920 X.
2232 2868 2307 2921 De
2328 2869 2529 2939 pietate
2571 2870 2620 2923 et
2662 2868 3057 2935 misericordia,
3086 2869 3401 2939 caeterisque
3430 2869 3541 2922 vir-

1896 2956 2122 3010 tutibus.
2158 2956 2365 3011 Modus
2398 2956 2681 3012 virtutum
2711 2956 2880 3012 ornat
2910 2973 3184 3013 coronam
3226 2972 3454 3029 regum,
3486 2960 3545 3013 et

1892 3042 1952 3097 in
1987 3044 2287 3115 praeceptis
2326 3045 2562 3117 ponitur
2599 3045 2864 3101 decimus
2897 3062 2910 3100 :
2947 3061 3082 3101 nam
3114 3045 3399 3102 Dominus
3427 3045 3542 3101 vir-

1895 3135 2087 3187 tutum
2136 3133 2261 3204 ipse
2291 3138 2379 3188 est
2410 3134 2526 3188 Rex
2574 3149 2800 3204 regum.
2833 3134 2994 3189 Sicut
3041 3150 3178 3205 ergo
3229 3135 3320 3188 sui
3376 3151 3541 3189 exer-

1893 3221 2045 3275 citus
2088 3220 2338 3276 caelestis
2388 3221 2690 3294 plenitudo
2722 3222 2783 3275 in
2815 3222 2982 3277 denis
3031 3222 3300 3277 consistit
3348 3222 3542 3278 choris

1891 3311 2087 3377 (104'),
2114 3310 2195 3365 sic
2225 3317 2337 3365 tua:
2368 3312 2496 3365 vitae
2540 3311 2900 3367 conversatio
2931 3310 2987 3367 in
3014 3311 3211 3366 decem
3264 3309 3540 3382 persistat

1892 3399 2206 3455 mandatis.
2232 3399 2467 3470 Oportet
2491 3415 2685 3471 regem
2717 3416 2845 3455 esse
2868 3399 3051 3470 pium,
3077 3398 3537 3465 misericordem,

1891 3490 1946 3541 et
1991 3488 2214 3542 czeteris
2259 3486 2574 3542 virtutibus
2632 3486 2924 3541 imbutum
2973 3492 3032 3542 et
3078 3490 3371 3541 ornatum.
3422 3486 3539 3542 Rex

1891 3575 2048 3631 enim
2102 3576 2399 3647 impietate
2440 3580 2496 3631 et
2545 3574 2883 3631 crudelitate
2935 3575 3204 3640 fmdatus,
3237 3574 3537 3630 incassum

1891 3664 2001 3720 sibi
2036 3666 2301 3720 vendicat
2331 3681 2540 3720 nomen
2575 3665 2749 3736 regis,
2777 3664 2913 3737 quia
2936 3668 3218 3737 tyrannus
3241 3668 3329 3719 est
3348 3663 3540 3719 dicen-

1890 3754 2021 3808 dus.
2056 3754 2139 3809 Ob
2182 3754 2286 3809 hoc
2331 3770 2467 3826 ergo
2500 3754 2620 3825 [al.,
2652 3754 2801 3827 ego],
2830 3753 2911 3808 [ili
2967 3753 3042 3807 mi
3092 3751 3535 3819 amabilissime,

1890 3842 2135 3899 dulcedo
2168 3844 2361 3899 cordis
2413 3844 2548 3911 mei,
2592 3860 2726 3915 spes
2780 3843 2989 3898 futurae
3044 3841 3280 3907 sobolis,
3314 3858 3534 3913 precor,

1882 3933 2081 4004 jubeo,
2117 3938 2182 3987 ut
2213 3951 2313 4005 per
2343 3933 2540 3988 omnia
2584 3938 2640 3988 et
2671 3933 2728 3987 in
2762 3931 3037 3988 omnibus
3070 3931 3281 4005 pietate
3329 3930 3534 3998 fultus,

1890 4039 2003 4077 non
2036 4021 2227 4077 solum
2260 4021 2570 4095 parentelaa
2594 4026 2651 4078 et
2671 4020 3127 4095 (.ognationi,vel
3152 4020 3536 4093 principibus,

1888 4111 2007 4167 sive
2035 4111 2304 4178 ducibus,
2339 4111 2458 4167 sive
2505 4111 2806 4178 divitibus,
2839 4127 2940 4166 seu
2972 4111 3179 4166 vicinis
3227 4116 3284 4165 et
3330 4109 3539 4166 incolis

1888 4201 1969 4255 sis
2002 4199 2318 4271 prepitius;
2351 4216 2552 4254 verum
2585 4200 2757 4255 etiam
2801 4200 3091 4254 extraneis
3120 4203 3175 4255 et
3205 4199 3432 4253 cunctis
3464 4198 3535 4253 ad

1887 4294 1941 4344 te
1971 4288 2360 4344 venientibus.
2393 4288 2539 4343 Nam
2585 4305 2729 4360 opus
2762 4287 2994 4359 pietatis
3027 4288 3097 4342 ad
3149 4302 3445 4341 summam
3479 4291 3536 4341 te

1886 4377 2046 4432 ducit
2095 4376 2538 4431 beatitudinem.
2574 4378 2667 4433 Sis
2718 4374 3046 4431 misericors
3095 4374 3369 4429 omnibus
3416 4373 3534 4430 vim

1886 4465 2263 4537 patientibus,
2288 4481 2519 4536 semper
2547 4465 2689 4520 illud
2717 4464 2937 4520 Domini
2972 4462 3031 4518 in
3053 4462 3170 4519 tuis
3199 4463 3534 4533 praecordiis

124 4545 308 4604 Mores
353 4548 594 4619 quidem
645 4568 830 4617 meos,
859 4568 1007 4623 quos
1053 4553 1231 4626 regali
1262 4554 1421 4609 vides
1470 4556 1776 4612 convenire
1803 4554 1851 4619 D
1884 4554 2106 4609 habens
2135 4552 2465 4626 exemplum
2493 4572 2505 4609 :
2531 4553 2957 4610 Misericordiam
2986 4553 3123 4617 volo,
3148 4554 3195 4606 et
3226 4567 3333 4605 non
3356 4555 3535 4606 sacri-

122 4634 414 4708 dignitati,
443 4637 569 4694 sine
598 4639 827 4695 vinculo
856 4643 1037 4698 totius
1069 4643 1471 4715 ambiguitatis
1504 4661 1767 4715 sequere.

122 4723 297 4780 Grave
325 4727 485 4782 enim
516 4727 625 4783 tibi
655 4733 744 4784 est
768 4729 949 4799 hujus
982 4730 1233 4787 climatis
1279 4736 1472 4787 tenere
1503 4750 1769 4806 regnum,

119 4811 228 4868 nisi
257 4814 522 4872 imitator
550 4834 683 4873 cou:
698 4818 988 4875 uetudinis
1027 4825 1163 4877 ante
1190 4821 1561 4893 regnantium
1593 4825 1765 4879 exsti-

114 4902 252 4958 teris
300 4920 531 4977 regum.
566 4908 608 4972 Ο
685 4911 989 4963 s-Graacus
1022 4916 1244 4981 regeret
1291 4910 1522 4966 Latinos
1553 4911 1766 4967 Graecis

115 4991 422 5048 moribus?
454 4998 595 5049 aut:
673 4996 723 5051 is
762 4996 1001 5052 Latinus
1032 4998 1259 5054 Graecos
1294 4998 1506 5054 Latinis
1545 5005 1768 5073 regeret

114 5080 423 5138 moribus?
474 5082 573 5137 nul
649 5099 697 5137 s.
751 5084 969 5139 Idcirco
1018 5087 1473 5142 consuetudines
1527 5106 1765 5159 sequere

155 5186 556 5267 q’lOﬁ'IQupd
586 5189 1017 5267 supradicitur
1045 5192 1307 5267 cmlestis
1329 5195 1614 5249 exercitus
1645 5195 1765 5267 ple-

111 5258 313 5312 nitudo
356 5260 419 5313 in
468 5258 631 5339 denis
662 5258 811 5339 horis
861 5262 1196 5339 consistere,
1232 5263 1447 5339 mirum
1507 5258 1763 5339 apparet,

111 5344 241 5383 cum
277 5346 488 5403 novem
515 5333 741 5386 tantum
765 5331 1286 5403 angelorumchori
1311 5331 1728 5392 enumerantur
1751 5331 1763 5393 ὲ

111 5403 168 5452 at
197 5400 497 5472 suspicior
526 5406 792 5473 sanetum
825 5400 928 5473 for
957 5400 1200 5458 chorum
1233 5406 1525 5463 decimum
1555 5408 1766 5463 intelli-

150 5486 488 5545 ere_omnes
528 5472 793 5545 homines
825 5474 1038 5529 eolesti
1089 5475 1271 5545 gloria
1320 5478 1623 5535 exaltatos.
1656 5481 1765 5535 Ha-

152 5559 214 5597 es
230 5542 360 5618 hic,
394 5543 597 5607 lector,
624 5544 840 5599 Monita
870 5546 1053 5618 sancti
1086 5542 1257 5617 regis,
1282 5550 1769 5618 quaeluculenter

114 5613 365 5671 tendunt
424 5618 682 5681 quantus
764 5616 956 5684 fuerit,
1006 5633 1121 5673 non
1152 5613 1341 5674 “modo
1418 5621 1767 5679 Christianis

1880 4644 2067 4712 ficium
2105 4641 2313 4714 (Matth.
2345 4644 2555 4714 1x,13).
2587 4643 2818 4698 Patiens
2868 4645 2986 4697 esto
3036 4641 3106 4696 ad
3155 4655 3377 4707 omnes,
3415 4657 3531 4695 non

1885 4736 2111 4787 tantum
2146 4736 2429 4802 potentes,
2458 4733 2558 4787 sed
2588 4731 2762 4788 etiam
2805 4734 3087 4804 potestate
3118 4732 3402 4786 carentes.
3438 4729 3532 4784 Sis

1875 4820 2124 4891 denique
2155 4821 2339 4887 fortis,
2365 4837 2436 4876 ne
2465 4826 2520 4874 te
2552 4820 2907 4892 prosperitas
2957 4819 3136 4875 nimis
3193 4817 3394 4885 elevet,
3427 4822 3531 4874 aut

1875 4908 2193 4965 adversitas
2223 4910 2475 4981 dejiciat.
2495 4909 2587 4964 Sis
2630 4925 2861 4981 quoque
2909 4908 3173 4980 humilis,
3199 4915 3263 4963 ut
3291 4907 3446 4963 Deus
3478 4913 3534 4964 te

1876 4999 2059 5054 altum
2093 4996 2284 5063 faciat,
2307 4998 2401 5052 hic
2447 5001 2503 5052 et
2551 4998 2610 5052 in
2661 4998 2875 5053 futuro.
2911 4997 3004 5053 Sis
3032 5015 3167 5053 vero
3200 4998 3525 5066 modestus,

1877 5092 1932 5143 et
1965 5087 2115 5142 ultra
2147 5087 2384 5139 modum
2434 5084 2728 5140 neminem
2770 5084 2982 5157 punias
3014 5086 3099 5140 vel
3133 5087 3398 5142 damnes.
3434 5087 3527 5142 Sis

1874 5193 2209 5269 virtutibus,
2257 5192 2359 5247 sed
2409 5190 2583 5269 etiam
2633 5195 2755 5246 arte
2790 5191 3116 5269 _regna_ndi_.
3157 5193 3340 5269 Digna
3387 5208 3528 5248 sane

1878 5268 1997 5323 haec
2028 5268 2166 5345 sunt
2195 5281 2322 5335 quae
2355 5260 2685 5345 pripcipum
2709 5260 2923 5345 animis
2947 5260 3061 5317 alte
3092 5260 3388 5345 insculpta
3411 5280 3525 5319 ma-

1878 5342 2071 5393 neant.
2106 5332 2270 5391 Nunc
2325 5332 2594 5390 similiter
2646 5333 2794 5388 dabo
2850 5332 3026 5403 leges,
3052 5350 3200 5403 quas
3233 5332 3386 5389 idem
3430 5350 3526 5389 rex

1878 5406 2132 5464 subditis
2177 5407 2300 5462 suis
2350 5405 2722 5478 przescripsit,
2748 5410 2814 5459 ut
2871 5420 2937 5457 ex
2996 5404 3273 5460 omnibus
3334 5408 3527 5478 pateat

1877 5479 2069 5557 qualis
2092 5475 2693 5557 quantusque-tuerit,
2726 5479 3131 5557 quantumque
3163 5475 3425 5557 apostolo
3458 5490 3523 5530 ac

1876 5545 2195 5623 legislatori
2231 5568 2338 5606 suo
2368 5545 2696 5607 Christiana
2726 5545 2932 5605 debeat
2962 5545 3277 5615 Hungaria.
