3924 6210
176 379 325 445 124⁸5

1726 372 2004 439 LEGES.

3410 370 3567 439 1246

174 515 392 572 tensam
413 513 692 569 ducerent
708 510 994 578 vitam,ut
1011 510 1392 568 sicutdivinis
1414 509 1642 583 legibus
1670 513 1809 566 sunt
1837 509 1889 575 Α
1991 512 2122 565 CAP.
2158 509 2253 565 Ill.
2288 509 2484 579 Quales
2512 509 2739 567 debeant
2767 526 2879 566 esse
2905 515 3245 567 accusatores
3274 519 3326 567 et
3384 514 3564 578 testes,

174 603 356 671 ditati,
387 601 660 660 similiter
690 601 866 657 etiam
898 600 1263 657 secularibus
1296 600 1415 655 sint
1461 598 1697 663 addicti,
1748 602 1812 653 ut

173 696 452 767 quantum
481 691 617 747 boni
650 690 711 746 in
742 689 956 746 divinis
984 689 1362 763 ampliantur,
1398 691 1629 743 tantum
1671 686 1810 743 mali

171 784 225 837 et
251 780 329 837 rei
362 781 422 835 in
452 778 584 837 istis
616 778 933 836 vilitentur.
960 780 1095 843 Quae
1121 782 1317 834 autem
1340 776 1726 842 decrevimus,
1750 776 1809 831 in

171 868 550 940 sequentibus
579 867 1028 923 subnotavimus
1049 868 1217 940 (105).

238 958 368 1014 CAP.
402 957 443 1013 Ι.
477 957 551 1013 De
578 959 722 1013 statu
751 958 1111 1013 ecclesiastico
1138 964 1189 1013 et
1216 958 1563 1012 veneratione
1619 954 1810 1010 domus

168 1047 279 1102 Dei.
312 1044 589 1117 Quisquis
619 1045 774 1101 fastu
814 1045 1101 1118 superbia:
1147 1043 1358 1111 elatus,
1410 1045 1657 1100 domum
1709 1041 1808 1097 Dei

170 1134 324 1191 ducit
347 1134 869 1207 contemptibilem,
890 1139 947 1190 et
967 1134 1369 1206 possessiones
1381 1139 1494 1189 Deo
1506 1148 1808 1189 consecra-

168 1228 273 1292 tas,
305 1226 479 1295 atque
510 1224 582 1280 ad
616 1224 899 1280 honorem
931 1223 1031 1279 Dei
1066 1224 1176 1279 sub
1207 1224 1367 1296 regia
1415 1221 1809 1278 immunitatis

170 1310 491 1369 defensione
524 1312 898 1371 constitutas.
932 1311 1242 1369 inhoneste
1271 1312 1557 1379 tractarit,
1588 1310 1674 1366 vel
1717 1309 1807 1365 in-

171 1400 409 1474 fringere
430 1402 895 1474 praesumpserit,
937 1403 1105 1474 quasi
1124 1402 1356 1457 invasor
1376 1406 1431 1457 et
1447 1401 1694 1458 violator
1714 1402 1810 1456 do-

168 1506 294 1548 mus
323 1490 420 1546 Dei
444 1491 1007 1546 exeommunicetur.
1041 1490 1215 1546 Decet
1244 1490 1401 1546 enim
1436 1495 1500 1546 ut
1535 1490 1804 1563 indigna-

167 1579 377 1635 tionem
399 1579 588 1652 ipsius
606 1580 828 1636 domini
848 1580 1004 1653 regis
1026 1580 1259 1647 sentiat,
1285 1581 1453 1649 cujus
1466 1582 1573 1635 ben
1583 1580 1807 1636 evolen-

165 1666 255 1723 tiae
281 1671 646 1741 contemptor
669 1673 727 1725 et
752 1669 1191 1725 constitutionis
1208 1671 1613 1741 praevaricator
1629 1670 1804 1726 exsti-

168 1756 251 1812 tit.
273 1755 669 1814 Nihilominus
689 1762 884 1814 tamen
909 1776 1003 1814 rex
1033 1776 1153 1814 sua:
1173 1760 1567 1816 concessionis
1587 1758 1802 1814 immu-

168 1845 396 1901 nitatem
428 1847 502 1902 ab
528 1846 866 1903 hominibus
888 1847 1093 1903 ditioni
1116 1864 1235 1903 suae
1256 1848 1539 1918 subjectis
1558 1847 1799 1903 illaasam

167 1934 478 1990 conservari
520 1935 821 2008 praecipiat
849 1953 862 2003 ;
896 1953 1206 1992 assensum
1238 1952 1371 1991 vero
1404 1953 1517 1991 non
1548 1938 1805 2008 praebeat

165 2020 472 2095 improvide
493 2024 932 2080 afﬁrmantibus
958 2042 1071 2081 non
1094 2025 1303 2081 debere
1324 2030 1479 2081 esset
1501 2042 1591 2081 res
1613 2026 1804 2080 Domi-

166 2109 333 2181 nicas,
366 2111 423 2167 id
455 2116 548 2169 est
576 2112 819 2169 Domino
851 2114 1281 2169 dominantium
1315 2114 1578 2169 traditas.
1601 2117 1803 2187 Itaque

163 2198 266 2254 sub
293 2199 631 2256 defensione
649 2201 803 2274 regis
826 2201 924 2269 sit,
943 2207 1000 2257 et
1020 2202 1192 2258 sicuti
1212 2219 1332 2258 sua:
1365 2204 1609 2275 propria:
1628 2203 1797 2259 beare-

164 2286 340 2355 ditati,
365 2289 697 2363 magisque,
727 2291 1003 2347 advertat.
1034 2291 1180 2359 Quia
1208 2296 1426 2363 quanto
1443 2292 1596 2347 Deus
1620 2291 1802 2347 excel-

163 2374 361 2432 lentior
396 2382 484 2434 est
530 2378 786 2446 homine,
842 2384 1003 2435 tanto
1056 2380 1424 2452 praestantior
1467 2385 1558 2436 est
1602 2381 1800 2435 divina

162 2480 327 2521 causa
352 2466 690 2523 mortalium
717 2468 1107 2540 possessione.
1170 2470 1450 2533 Quocirca
1508 2469 1799 2542 decipitur

164 2553 418 2627 quisquis
446 2555 589 2629 plus
617 2556 677 2611 in
710 2557 961 2630 prOpriis
993 2575 1169 2630 quam
1198 2558 1256 2613 in
1281 2558 1598 2614 Dominicis
1622 2559 1798 2614 rebus

164 2641 467 2715 gloriatur:
506 2661 756 2716 quarum
792 2647 910 2715 [al.,
945 2646 1170 2702 additur
1198 2645 1528 2702 divinarum
1574 2646 1799 2723 rerum]

164 2731 434 2802 defensor,
466 2737 526 2790 ct
543 2738 741 2790 custos
759 2735 1078 2791 divinitatis
1098 2738 1116 2807 [
1132 2736 1244 2807 lege
1256 2735 1554 2807 divinitus]
1579 2737 1794 2791 consti-

166 2823 336 2889 tutus,
369 2820 637 2896 diligenti
670 2839 810 2878 cura
838 2840 952 2880 non
1003 2822 1197 2879 solum
1255 2841 1354 2879 eas
1407 2830 1655 2889 sonare,
1692 2825 1794 2881 sed

167 2908 331 2965 etiam
362 2909 753 2983 multiplicare
781 2913 970 2981 debet,
1004 2912 1310 2986 magisque
1340 2912 1459 2983 illa,
1494 2929 1622 2985 qua
1648 2913 1793 2969 dixi-

167 3014 289 3054 mus
315 3001 739 3072 praestantiora,
766 3018 944 3073 quam
971 3018 1080 3058 sua
1100 3001 1419 3058 defendere
1469 3007 1715 3075 oportet,
1738 3009 1796 3058 et

165 3092 549 3160 augmentare.
580 3090 636 3145 Si
673 3091 805 3163 quis
838 3090 1016 3163 igitur
1045 3091 1308 3159 insanus,
1353 3092 1793 3163 importunitate

164 3174 640 3250 improbitateque
661 3196 770 3235 sua
800 3196 993 3252 regem
1014 3197 1047 3234 a
1069 3183 1221 3234 recto
1243 3180 1541 3252 proposito
1558 3197 1759 3252 perver
1782 3212 1789 3219 ο

1918 602 2027 654 etc.
2059 599 2263 667 Testes
2295 605 2518 668 autem,
2550 603 2607 656 et
2635 603 3004 656 accusatores
3033 600 3159 656 sine
3214 599 3419 671 aliqua
3447 598 3566 655 sint

1916 687 2177 758 infamia,
2205 694 2482 745 uxoreset
2500 689 2651 744 filios
2684 689 2984 757 habentes,
3019 694 3075 744 et
3099 689 3337 744 omnnio
3367 687 3561 743 Chris-

1917 780 2076 831 stum
2106 777 2514 849 praedicantes.
2547 777 2976 835 Testimonium
3000 777 3131 833 laici
3157 778 3435 833 adversus
3456 776 3566 832 cle-

1918 864 2103 922 ricum
2134 883 2303 922 nemo
2334 867 2615 940 recipiat:
2645 883 2816 923 nemo
2847 866 3022 923 etiam
3047 864 3367 939 quemlibet
3397 864 3563 920 cleri-

1918 970 2050 1008 cum
2086 954 2143 1009 in
2176 955 2427 1027 publico,
2461 956 2575 1012 nisi
2604 956 2661 1011 in
2693 955 2942 1012 ecclesia
2972 953 3306 1011 examinare
3328 954 3450 1025 [at.,
3473 970 3564 1008 ex-

1918 1044 2352 1100 communicare
2375 1046 2394 1117 ]
2426 1049 2763 1118 praesumat.

1987 1130 2123 1185 CAP.
2158 1132 2250 1186 IV.
2284 1134 2359 1187 De
2395 1134 2613 1189 assiduo
2643 1142 2694 1190 et
2745 1135 2904 1205 gravi
2958 1134 3145 1188 labore
3199 1131 3556 1187 sacerdotum.

1916 1218 2149 1284 Scitote,
2184 1220 2392 1277 fratres
2420 1223 2613 1278 cuncti
2648 1224 2802 1295 quod
2835 1240 3014 1294 supra
3044 1238 3247 1277 omnes
3291 1220 3560 1276 laborant

1916 1308 2264 1376 sacerdotes,
2297 1310 2705 1383 unusquisque
2733 1312 2889 1367 enim
2928 1315 3186 1366 vestrum
3218 1327 3391 1365 suum
3450 1310 3559 1364 fert

1916 1395 2172 1453 laborem
2204 1400 2545 1471 proprium;
2580 1400 2662 1456 illi
2697 1403 2817 1472 [at.,
2874 1400 2967 1455 ille
2994 1403 3077 1455 uti
3130 1402 3179 1455 et
3206 1400 3379 1470 infra]
3422 1414 3556 1454 vero

1913 1490 1972 1541 et
2002 1504 2198 1555 suum,
2232 1493 2289 1543 et
2310 1488 2698 1560 singulorum.
2727 1490 2856 1544 Ideo
2879 1487 3128 1544 sicutilli
3162 1505 3265 1560 pro
3282 1486 3557 1543 omnibus

1914 1575 2099 1641 vobis,
2133 1577 2213 1630 ita
2242 1582 2299 1632 et
2314 1594 2412 1632 vos
2436 1592 2637 1633 omnes
2665 1595 2766 1649 pro
2788 1578 2873 1633 eis
2896 1593 3266 1648 summopere
3286 1575 3557 1631 laborare

1915 1664 2159 1731 debetis,
2196 1666 2250 1720 in
2284 1670 2542 1735 tantum,
2576 1671 2638 1721 ut
2667 1667 2716 1722 si
2743 1666 3060 1722 necessitas
3091 1665 3282 1732 fuerit,
3329 1664 3558 1720 animas

1912 1756 2132 1808 vestras
2166 1771 2269 1826 pro
2298 1755 2383 1810 eis
2417 1756 2667 1828 ponatis.

1983 1841 2114 1897 CAP.
2151 1842 2217 1896 V.
2260 1844 2408 1914 (107)
2467 1846 2542 1899 De
2593 1845 2931 1899 concessione
2977 1843 3154 1913 regali
3204 1843 3560 1914 propriarum

1914 1945 2118 1984 rerum.
2153 1930 2525 1986 Decrevimus
2549 1931 2725 2005 regali
2751 1936 2954 1987 nostra
2978 1929 3260 2003 patientia
3286 1932 3350 1983 ut
3372 1944 3558 1983 unus-

1914 2017 2161 2089 quisque
2191 2019 2402 2075 liabeat
2432 2020 2767 2075 facultatem
2792 2037 2901 2076 sua
2921 2018 3235 2084 dividendi,
3259 2015 3557 2073 tribuendi

1913 2107 2098 2171 uxori,
2161 2109 2315 2174 (iliis,
2369 2110 2721 2181 ﬁliabusque
2780 2114 2954 2180 atque
3009 2107 3373 2181 parentibus,
3439 2106 3557 2161 sive

1910 2195 2200 2264 Ecclesiae,
2235 2214 2339 2253 nec
2371 2203 2502 2270 post
2532 2200 2659 2269 ejus
2690 2198 2919 2253 obitum
2952 2196 3086 2270 quis
3118 2196 3226 2251 hoc
3257 2195 3555 2250 destruere

1910 2285 2140 2341 audeaL

1979 2376 2111 2429 CAP.
2148 2376 2241 2431 Vl.
2274 2377 2499 2445 Regalia
2528 2381 2579 2431 et
2606 2376 2725 2446 ﬁsci
2745 2393 2830 2431 res
2858 2376 2971 2430 sint
2994 2376 3230 2429 intactae.
3264 2370 3552 2427 Volumus

1909 2462 2168 2535 quidem,
2201 2469 2262 2519 ut
2280 2464 2433 2520 sicut
2456 2465 2679 2520 cmteris
2702 2463 3038 2519 facultatem
3059 2461 3330 2517 dedimus
3361 2459 3551 2515 domi-

1908 2551 2083 2605 nandi
2117 2570 2358 2609 suarum
2390 2570 2609 2615 rerum.
2641 2553 2722 2608 ita
2751 2552 2924 2608 etiam
2958 2567 3069 2617 res,
3106 2548 3344 2615 milites,
3376 2546 3549 2615 servi,

1905 2650 1959 2701 et
1991 2642 2280 2720 quidquid
2311 2644 2384 2699 ad
2419 2648 2683 2699 nostram
2713 2640 2965 2714 regalem
2998 2638 3342 2708 dignitatem
3373 2635 3549 2708 perti-

1905 2742 2021 2804 net,
2056 2749 2395 2808 permanere
2413 2733 2617 2788 debeat
2646 2729 2968 2795 immobile,
2991 2733 3049 2784 et
3077 2746 3109 2783 a
3134 2725 3386 2782 nemime
3406 2724 3550 2796 quid

1904 2826 2040 2881 inde
2071 2825 2353 2897 rapiatur,
2374 2826 2475 2877 aut
2499 2819 2901 2886 subtrahatur,
2922 2834 3026 2873 nec
3042 2815 3355 2889 quisquam
3380 2814 3438 2868 in
3458 2812 3551 2868 his

1904 2914 2197 2988 praedictis
2228 2912 2343 2969 sibi
2374 2912 2629 2967 favorem
2661 2908 2962 2981 acquirere
2990 2906 3220 2962 audeat.

1973 3005 2106 3060 CAP.
2140 3002 2260 3057 Vll.
2313 3003 2387 3056 De
2434 3000 2805 3056 observatione
2834 2998 3143 3053 ﬂaminicae
3162 2994 3294 3064 diei,
3342 2996 3452 3048 etc.
3486 2990 3547 3047 Si

1902 3093 2034 3165 quis
2068 3092 2245 3163 igitur
2271 3091 2588 3164 presbyter,
2648 3086 2738 3143 vel
2770 3102 2987 3151 comes,
3046 3084 3166 3140 sive
3196 3082 3396 3154 aliqua
3434 3078 3549 3135 alia

1901 3198 2149 3254 persona
2198 3178 2407 3243 fidelis,
2466 3177 2559 3233 die
2588 3176 2891 3232 Dominica
2917 3171 3197 3229 invenerit
3225 3169 3548 3243 quemlibet

163 3244 273 3319 tere
299 3244 621 3336 tentaverit,
658 3244 953 3340 nullisqvue
982 3244 1260 3324 remediis
1306 3244 1578 3341 mitigari.
1619 3286 1791 3341 posse
1821 3244 1863 3311 (ἶ
1900 3244 2282 3333 laborantem,
2314 3267 2602 3339 abigatur.
2636 3265 2695 3320 Si
2726 3280 2858 3318 vero
2903 3279 3035 3317 cum
3068 3261 3275 3324 bobus,
3306 3257 3544 3313 tollatur

162 3350 311 3408 visus
339 3354 531 3421 fuerit,
566 3355 703 3412 licet
722 3356 1018 3428 obsequiis
1038 3356 1335 3428 aliquibus
1360 3361 1415 3413 et
1436 3357 1793 3413 transitoriis

163 3438 234 3496 sit
259 3443 642 3510 necessarius,
690 3444 1056 3516 abjieiendus
1112 3446 1184 3501 ab
1241 3463 1307 3501 eo
1366 3445 1789 3518 projiciendus-

164 3543 268 3599 que
294 3535 400 3600 est,
423 3532 597 3603 juxta
628 3532 768 3588 illud
802 3533 1179 3607 Evangelium
1207 3551 1218 3589 :
1253 3535 1312 3590 Si
1371 3552 1493 3607 pes,
1554 3553 1788 3602 manus,

163 3621 257 3673 aut
284 3620 483 3676 oculus
511 3624 656 3678 tuus
680 3622 1037 3678 scandalizat
1066 3626 1123 3678 te
1151 3639 1287 3678 erue
1312 3640 1468 3692 eum,
1488 3630 1545 3680 et
1576 3624 1791 3697 projicc

162 3705 257 3762 abs
285 3710 339 3762 te
366 3709 573 3781 (Matth.
607 3727 765 3778 xvm,
796 3711 850 3782 8)
883 3711 1076 3783 (l05').

224 3793 348 3851 CAP.
384 3797 452 3854 lI.
483 3801 562 3854 De
611 3803 875 3870 potestate
901 3802 1273 3872 episcopbrum
1302 3818 1465 3874 super
1492 3820 1577 3858 res
1623 3804 1789 3859 eccle-

154 3883 408 3942 siasticas.
442 3886 516 3943 Ut
547 3888 805 3959 episc0pi
837 3888 1093 3944 habeant
1123 3894 1464 3959 potestatem
1496 3909 1589 3948 res
1609 3891 1787 3949 eccle-

158 3969 407 4046 siasticas
433 3975 760 4048 providere,
796 3993 993 4049 regere
1014 3981 1070 4033 et
1095 3979 1441 4050 gubernare,
1468 3987 1643 4052 atque
1669 3982 1785 4037 dis-

155 4072 382 4129 pensare
411 4064 736 4120 secundum
791 4082 1081 4121 canonum
1143 4069 1570 4136 auctoritatem,
1632 4068 1787 4125 volu-

154 4163 276 4205 mus
304 4156 368 4207 ut
396 4151 527 4209 laici
555 4154 572 4224 (
606 4153 730 4221 406)
769 4171 971 4210 eorum
1005 4155 1333 4213 ministerio
1365 4159 1659 4224 obediant,
1712 4160 1786 4215 ad

153 4240 421 4311 regendas
450 4241 752 4308 ecclesias,
791 4242 1002 4299 viduas
1033 4249 1090 4300 et
1148 4245 1443 4318 orphanos
1475 4247 1785 4304 defensan-

151 4326 303 4396 dum,
336 4332 393 4385 et
422 4334 487 4386 ut
517 4330 852 4388 obedientes
875 4332 995 4388 sint
1016 4334 1101 4389 eis
1128 4334 1199 4390 ad
1225 4352 1429 4391 eorum
1446 4335 1785 4391 Christiani-

152 4418 314 4472 tatem
347 4421 717 4488 servandam,
746 4422 1295 4494 consentientesque
1321 4423 1440 4479 sint
1465 4424 1707 4480 comites
1727 4430 1785 4481 et

142 4502 358 4571 judiees
388 4508 738 4579 praesulibus
758 4510 885 4566 suis
909 4512 979 4565 ad
993 4510 1253 4582 justitias
1276 4512 1592 4576 faciendas,
1612 4512 1783 4583 juxta

1901 3359 2009 3415 sibi
2045 3359 2169 3424 bos,
2203 3363 2261 3411 et
2294 3356 2519 3411 civibus
2574 3355 2645 3409 ad
2697 3351 3173 3407 manducandum
3230 3349 3420 3404 detur.
3485 3346 3545 3401 Si

1901 3450 2095 3502 autem
2121 3462 2253 3500 eum
2286 3443 2475 3515 equis,
2508 3441 2748 3497 tollatur
2791 3455 2998 3512 equus,
3035 3452 3207 3509 quem
3266 3435 3544 3491 dominus

1900 3538 2042 3592 bove
2065 3535 2334 3601 redimat,
2367 3533 2415 3588 si
2449 3530 2585 3587 velit
2611 3548 2624 3599 ;
2651 3533 2708 3585 et
2738 3529 2892 3583 idem
2916 3528 3021 3582 bos
3049 3526 3452 3590 manducetur,
3480 3529 3544 3581 ut

1899 3626 2121 3681 dictum
2153 3628 2260 3679 est.
2295 3622 2353 3678 Si
2385 3621 2482 3693 qui
2516 3619 2646 3676 aliis
2676 3616 3106 3676 instrumentis.
3137 3613 3418 3675 tollantur
3462 3612 3545 3668 in-

1899 3718 2245 3782 slrumenta,
2279 3715 2336 3767 et
2363 3710 2736 3766 vestimenta:
2768 3723 2894 3778 qua:
2926 3705 2975 3762 si
3027 3703 3184 3771 velit,
3243 3719 3377 3757 cum
3409 3706 3540 3759 cute

1899 3804 2169 3861 redimat.

1968 3897 2101 3948 CAP.
2135 3890 2283 3946 Vill.
2321 3892 2381 3947 Ut
2410 3889 2594 3945 eodem
2622 3887 2710 3943 die
2740 3886 3049 3951 Dominico,
3083 3888 3189 3937 etc.
3210 3880 3540 3937 Asacerdo-

1897 3984 2057 4038 tibus
2088 3997 2221 4037 vero
2252 3985 2309 4035 et
2338 3978 2657 4034 comitibus
2675 3974 3119 4031 commendetur
3141 3970 3420 4026 omnibus
3441 3968 3541 4024 vil-

1897 4071 2043 4139 licis,
2067 4070 2150 4125 ita
2179 4073 2244 4124 ut
2274 4069 2532 4141 ipsorum
2568 4067 2765 4137 jussu,
2807 4080 3009 4119 omnes
3066 4062 3419 4116 concurrant
3448 4058 3541 4114 die

1895 4160 2201 4218 Dominica
2232 4159 2304 4214 ad
2335 4156 2663 4223 ecclesiam,
2698 4154 2951 4224 majores
2982 4155 3039 4206 et
3058 4149 3332 4213 minores,
3361 4146 3542 4202 viriet

1896 4249 2191 4316 mulieres,
2226 4245 2481 4318 exceptis
2511 4244 2630 4300 illis
2661 4243 2761 4315 qui
2820 4242 2985 4314 ignes
3036 4236 3375 4293 custodiunt
3407 4234 3537 4307 [al.,

1893 4337 2265 4405 custodiant].
2304 4335 2363 4389 Si
2394 4333 2528 4404 quis
2552 4349 2685 4387 vero
2718 4330 3051 4386 obstinatus
3076 4324 3415 4389 remanebit,
3440 4340 3536 4377 va-

1892 4427 2054 4500 pulet
2080 4430 2137 4481 et
2156 4422 2444 4495 depiletur
2469 4421 2639 4491 (108).

1961 4516 2095 4571 CAP.
2134 4513 2218 4568 IX.
2270 4511 2466 4566 Diebus
2519 4512 2751 4581 quatuor
2801 4510 3106 4576 temporum
3167 4519 3361 4557 carnes
3425 4518 3538 4556 non

149 4601 421 4668 precepts.
449 4596 597 4670 legis
626 4598 855 4667 divinae,
880 4603 937 4656 et
956 4600 1299 4656 nullatenus
1320 4617 1421 4672 per
1441 4599 1773 4672 aliquorum
1806 4613 1852 4677 D
1884 4602 2253 4662 comedantur.
2285 4599 2343 4653 Si
2374 4596 2507 4669 quis
2562 4598 2821 4660 Quatuor
2875 4594 3230 4664 Temporum
3281 4590 3537 4660 jejunia,

148 4684 459 4756 mendacia,
476 4686 562 4743 vel
583 4686 797 4743 falsum
814 4688 1213 4744 testimonium
1226 4731 1239 4756 ,
1264 4705 1452 4759 neque
1464 4705 1567 4760 per
1584 4690 1704 4760 perj
1714 4707 1773 4744 u-

148 4768 532 4847 rium,aut.per
541 4776 849 4847 praimium
864 4776 951 4832 lex
957 4776 1191 4848 justain
1205 4776 1401 4848 aliquo
1416 4777 1778 4849 depravetur.

176 4949 359 5029 .(105)
406 4952 627 5029 Sensus
685 4954 866 5029 hujus
923 4956 1281 5029 praefatiouis
1340 4955 1779 5029 initioﬂobscu-

145 5025 389 5109 rior‘est,
420 5025 782 5109 quiavarie
828 5025 1171 5109 interpungi
1219 5032 1445 5109 potest.
1498 5027 1637 5109 Mihi
1699 5028 1778 5109 le-

143 5092 388 5214 gendum
424 5092 483 5152 et
514 5092 1050 5171 interpungendu'm
1082 5092 1328 5161 videtur,
1391 5104 1456 5154 ut
1513 5099 1777 5171 phrasim

179 5163 286 5214 edl-
326 5165 463 5214 licet
490 5166 658 5214 aliter
698 5169 1165 5214 ininrnnnvnrint
1222 5169 1338 5214 alii-
1395 5171 1617 5214 Sensum
1647 5176 1771 5214 ngt'

179 5163 286 5231 edi,
326 5165 463 5241 licet
490 5163 1165 5241 aliterfintErpunxerint
1222 5169 1339 5224 alii.
1395 5163 1617 5227 Sensus
1647 5176 1771 5227 est:

142 5230 293 5304 Opus
324 5237 499 5310 regis,
533 5230 922 5310 quodalendo
946 5240 1294 5297 catholicam
1327 5242 1501 5297 ﬁdem
1527 5242 1773 5297 solidius

142 5309 446 5384 promovet,
490 5309 636 5366 solet
657 5309 788 5367 aliis
801 5312 1179 5384 operantibus
1192 5313 1263 5367 ad
1287 5314 1558 5369 eumdem
1574 5316 1771 5383 finem,

142 5374 336 5432 adesse
366 5374 467 5436 seu
503 5374 863 5437 succurrecm

206 5447 374 5521 (495‘)
400 5452 624 5535 Totum
657 5453 767 5535 hoc
798 5458 993 5535 caput,
1024 5455 1109 5535 uti
1137 5458 1192 5509 et
1220 5470 1496 5535 sequens,
1530 5456 1774 5535 desum-

142 5518 301 5638 gtum
330 5518 419 5577 est
448 5538 516 5577 ex
547 5524 789 5579 concilio
821 5518 1160 5597 M‘oguntino
1191 5518 1326 5580 anni
1360 5518 1493 5594 847,
1520 5528 1630 5582 sub
1665 5528 1772 5583 lla-

181 5604 306 5638 ann-
335 5592 432 5638 llhi
468 5592 575 5638 hnc.
602 5599 690 5638 mai,
729 5612 911 5638 nnnnn
944 5601 1142 5638 anxius:
1205 5612 1459 5638 nanimnq
1510 5614 1644 5638 vam
1682 5615 1772 5638 an-

181 5604 307 5669 ano,
335 5592 435 5647 ubi
460 5592 696 5669 honest
729 5592 1164 5669 canon‘sextus,
1204 5592 1479 5669 sequens
1510 5614 1644 5654 vero
1682 5615 1772 5654 se-

144 5662 375 5733 ptimus,
411 5663 495 5719 uti
518 5665 701 5721 videri
732 5671 925 5739 potest
954 5668 1108 5740 apud
1136 5662 1433 5724 Labbeum
1454 5672 1600 5727 tom.
1623 5669 1772 5728 VIII.

1884 5460 2017 5531 poni
2054 5476 2087 5529 p

1882 4693 2108 4752 cunctis
2141 4687 2397 4761 cognit,a
2425 4701 2657 4741 carnem
2682 4682 3065 4747 manducans,
3090 4678 3410 4744 violaverit,
3437 4693 3539 4750 per

1891 4782 2148 4856 spatium
2179 4777 2357 4833 unius
2388 4772 2764 4829 hebdomadas
2797 4768 3064 4825 inclusus
3084 4769 3333 4840 jejunet.

1888 4960 1998 5016 col.
2033 4960 2118 5014 44.
2153 4957 2235 5012 Ex
2264 4972 2329 5010 eo
2362 4952 2670 5023 corrigitur
2700 4947 2980 5023 mendum
3012 4946 3155 5023 illud
3176 4963 3401 5023 “supra
3445 4947 3529 5023 uti

1886 5030 2195 5087 divini/aiis
2226 5027 2282 5081 in
2317 5018 2591 5082 omnibus
2622 5020 2835 5094 legitur
2859 5036 2962 5091 pro
3002 5018 3309 5085 divinitus,
3348 5022 3413 5074 ut
3443 5021 3532 5074 est

1886 5104 2038 5175 apud
2072 5099 2388 5175 Labbeum.

1960 5173 2105 5247 (106)
2140 5170 2374 5247 Rectius
2405 5167 2461 5221 in
2496 5162 2852 5247 Moguntina.
2886 5161 3062 5245 verba
3118 5161 3530 5247 superioranut

1885 5232 2036 5313 laici,
2070 5232 2201 5311 etc,
2234 5241 2318 5297 sic
2340 5232 2621 5313 leguntur
2634 5253 2644 5292 :
2669 5237 2733 5291 Et
2756 5238 2811 5289 ut
2835 5234 2967 5288 laici
2989 5235 3048 5288 in
3068 5248 3255 5290 eorum
3278 5232 3525 5285 ministe-

1882 5320 1966 5373 rio
1994 5312 2531 5381 obediantepiseopis.

1958 5371 2103 5459 (407)
2134 5371 2364 5459 Titulus
2397 5371 2465 5438 ad
2490 5379 2816 5459 marginem
2850 5377 3080 5459 positus
3113 5373 3328 5430 clarius
3351 5371 3433 5428 sic
3456 5386 3525 5426 ex

2092 5449 2280 5513 etest:
2315 5458 2389 5511 De
2415 5449 2755 5509 concessione
2786 5449 3066 5506 tribuendi
3096 5463 3181 5503 res
3209 5462 3356 5501 suas.

1956 5516 2101 5601 (108)
2172 5530 2234 5584 ln
2294 5527 2407 5583 alia
2463 5524 2715 5601 editione
2779 5539 2950 5596 poena
2990 5522 3087 5601 _sic
3138 5516 3521 5601 exprimitur}
3581 5576 3603 5595 δ

1882 5588 2113 5673 Propter
2143 5601 2371 5656 illorum
2398 5588 2797 5669 negligentiam-
2838 5595 3095 5668 υίιριιιεηι
3125 5600 3175 5649 et
3195 5588 3522 5663 depitentur.
