3924 6210
273 5583 292 5599 ο

169 5915 311 6013 Ἢ

349 374 508 440 {947

1350 371 1414 435 S.
1460 371 1854 435 STEPHANI
1897 369 2450 438 HUNGARORUM
2494 369 2749 434 REGIS.

3598 361 3772 428 1248

422 511 557 566 CAP.
589 509 652 566 X.
689 507 852 564 Sexta
897 509 1040 580 feria
1067 523 1257 564 eam:
1311 515 1420 562 nan
1477 505 1727 562 edantur.
1765 504 1824 560 Si
1857 503 1991 575 quis
2021 509 2075 577 Α
2105 505 2397 578 punietur,
2431 508 2534 561 aut
2560 503 2868 560 duodecim
2889 497 3160 574 juvencis
3192 497 3538 567 redimetur,
3569 499 3630 553 et
3659 497 3766 570 je-

349 599 410 656 in
440 603 603 656 sexta
643 599 805 663 feria,
865 598 937 653 ab
984 597 1146 654 omni
1194 595 1624 652 Christianitate
1667 594 1989 658 observata,

349 705 584 746 carnem
618 687 1076 751 manducaverit,
1111 703 1211 758 per
1241 701 1419 740 unam
1448 683 1874 739 hebdomadam
1899 682 1991 736 in-

345 777 548 834 clusus
569 778 800 849 jejunet
831 775 1154 848 [aliaslucee
1179 776 1294 841 (aut
1323 773 1601 843 tenebris)
1625 771 1992 842 inclususje-

340 868 556 939 juneL]

419 957 553 1012 CAP.
585 956 676 1011 XI.
709 957 781 1010 De
809 958 912 1020 his,
947 957 1043 1027 qui
1086 958 1206 1010 sine
1258 954 1594 1024 confessimw
1649 952 1988 1006 moriuntur.

348 1047 405 1102 Si
429 1045 561 1117 quis
579 1050 696 1100 tam
717 1045 1050 1100 obstinatus
1072 1047 1158 1098 est
1183 1043 1361 1114 (quod
1385 1041 1539 1097 absit
1561 1041 1632 1095 ab
1651 1039 1808 1094 omni
1831 1037 1989 1093 Chri-

346 1133 557 1203 stiano)
590 1137 654 1187 ut
679 1132 824 1188 nolit
853 1131 1114 1187 conﬁteri
1155 1148 1262 1187 sua
1319 1131 1597 1193 facinora,
1659 1127 1986 1184 secundum

345 1238 588 1278 suasum
621 1221 964 1293 presbyteri,
999 1220 1089 1275 hic
1122 1220 1247 1276 sine
1276 1219 1435 1275 omni
1468 1218 1659 1274 divino
1691 1216 1883 1274 ofﬁcio
1931 1218 1986 1270 et

342 1311 728 1383 elecmosynis
741 1311 935 1382 jaceat
965 1309 1462 1381 quemadmodum
1489 1305 1770 1362 inﬁdeles.
1801 1304 1860 1360 Si
1887 1320 1986 1359 au-

343 1405 461 1455 tem
489 1404 761 1471 parentes
790 1403 844 1453 et
875 1399 1123 1470 proximi
1143 1396 1500 1470 neglexerint
1522 1411 1724 1452 vocare
1747 1394 1984 1466 presby-

342 1493 522 1560 teros,
552 1487 636 1543 ita
665 1487 965 1558 subiaceat
995 1489 1219 1558 absque
1257 1484 1620 1541 confessione
1670 1482 1863 1551 morti,
1896 1481 1982 1536 di-

340 1581 497 1632 tetur
524 1575 888 1632 orationibus
916 1580 971 1630 et
1001 1575 1337 1630 consoletur
1393 1572 1778 1646 eleemosynis
1806 1591 1818 1636 ς
1881 1570 1981 1626 sed

340 1670 612 1739 parentes
644 1664 810 1720 luant
833 1663 1246 1736 negligentiam
1263 1663 1526 1734 jejuniis,
1551 1662 1875 1718 secundum
1899 1679 1986 1716 ar-

340 1755 582 1811 bitrium
617 1755 1110 1826 presbyterorum.
1144 1754 1250 1819 Qui
1273 1769 1406 1808 vero
1431 1751 1739 1806 subitanea
1761 1749 1986 1823 pericli-

338 1846 541 1898 tantur
570 1846 776 1907 morte,
809 1858 941 1896 cum
976 1841 1134 1897 omni
1184 1840 1574 1897 ecclesiastico
1627 1839 1980 1912 sepeliantur

337 1931 577 1987 honore.
612 1931 757 1986 Nam
788 1929 1012 1986 occulta
1045 1935 1102 1985 et
1130 1930 1327 1987 divina
1347 1929 1574 2002 judicia
1622 1930 1791 1986 nobis
1844 1933 1983 1985 sunt

338 2019 652 2092 incognita.

409 2108 543 2164 CAP.
579 2109 700 2164 XII.
734 2111 808 2165 De
849 2108 1182 2165 observanda
1241 2108 1669 2164 Christianitale.
1731 2107 1788 2163 Si
1847 2107 1980 2178 quis

337 2197 739 2254 observatione
759 2197 1213 2255 Christianitatis
1237 2197 1516 2269 neglecta,
1539 2201 1594 2252 et
1613 2195 1980 2268 negligentiae

337 2285 656 2343 stoliditate
686 2287 898 2358 elatus,
927 2287 1066 2359 quid
1101 2287 1159 2342 in
1191 2303 1322 2342 eam
1379 2286 1760 2349 commiserit,
1809 2287 1982 2356 juxta

337 2376 680 2448 qualitatem
713 2375 1052 2432 offensionis
1085 2376 1156 2431 ab
1187 2377 1457 2448 episcopo
1491 2391 1594 2447 per
1637 2373 1980 2446 disciplinas

335 2465 456 2536 [al.,
489 2464 882 2538 disciplinam]
911 2478 1200 2520 canonum
1215 2463 1534 2536 judicetur.
1568 2463 1623 2518 Si
1647 2479 1778 2519 vero
1803 2463 1982 2519 rebel-

332 2552 493 2610 litate
526 2554 863 2622 instinctus,
899 2555 1157 2610 renuerit
1187 2553 1299 2610 sibi
1350 2553 1687 2625 impositam
1746 2570 1977 2625 pmnam

335 2643 459 2715 [al.,
491 2643 833 2715 impositum
865 2646 1048 2715 aeque]
1082 2643 1316 2713 sull‘ere,
1376 2643 1589 2698 iterum
1634 2641 1755 2714 [al.,
1816 2642 1977 2714 item]

333 2732 536 2788 eodem
560 2732 788 2804 judicio
820 2732 1222 2804 restringatnr,
1257 2731 1434 2787 etiam
1495 2747 1682 2802 usque
1737 2731 1974 2803 septies.

333 2820 616 2888 Tandem,
649 2821 697 2876 si
723 2837 826 2892 per
849 2821 1048 2876 omnia
1068 2819 1344 2876 resistens
1366 2824 1422 2875 et
1442 2821 1706 2875 abnuens
1728 2819 1977 2876 invenie-

331 2913 448 2974 tur,
477 2908 656 2981 regali
671 2907 918 2981 judicio,
945 2909 1166 2965 scilicet
1185 2908 1474 2966 defensori
1495 2908 1970 2975 Christianitatis,

333 2997 617 3053 tradatur.

405 3087 540 3142 Car.
571 3085 712 3142 XIII.
749 3092 827 3144 De
855 3088 1162 3154 homicidis,
1193 3096 1246 3144 et
1267 3089 1448 3160 primo
1476 3089 1707 3144 casuali.
1737 3087 1796 3144 Si
1841 3086 1974 3160 quis

331 3178 527 3230 autem
549 3192 688 3234 casu
707 3177 1270 3249 occideritaliquem,
1291 3177 1600 3233 duodecim
1617 3193 1829 3250 pensas
1845 3175 1972 3232 auri

2094 595 2286 667 junet,
2319 598 2384 650 ut
2403 611 2655 650 canones
2685 592 2987 649 mandant.

2170 689 2302 739 CAP.
2335 683 2475 740 XVI.
2513 685 2584 739 De
2611 681 2922 738 homicidiis
2953 680 3304 736 voluntariis.
3365 676 3425 732 Si
3486 673 3625 748 quis
3657 691 3760 731 ac-

2099 788 2313 829 census
2341 773 2446 839 ira,
2472 789 2539 828 ac
2559 771 2836 844 superbia
2854 769 3064 838 elatus,
3088 770 3481 842 spontaneum
3504 763 3760 820 commi-

2098 862 2240 918 serit
2270 861 2676 929 homicidium,
2695 861 2841 916 sciat
2857 875 2919 916 se
2941 857 3266 915 secundum
3299 857 3541 910 senatus
3565 852 3758 908 nostri

2097 951 2417 1019 decretum,
2450 955 2687 1006 centum
2718 953 2775 1004 et
2805 949 3008 1003 decem
3041 947 3318 1002 daturum
3351 943 3479 1000 auri
3510 957 3754 1014 pensas.

2097 1041 2176 1096 Ex
2196 1041 2412 1113 quibus
2429 1039 2862 1112 quinquaginta
2877 1037 2947 1092 ad
2973 1036 3184 1092 ﬁscum
3207 1032 3361 1106 regis
3381 1030 3754 1098 deferantur,

2095 1128 2222 1185 alios
2251 1145 2383 1185 vero
2415 1127 2846 1200 quinquaginta
2875 1124 3218 1198 parentibus
3247 1122 3482 1188 dentur,
3545 1118 3758 1176 decem

2095 1222 2292 1273 autem
2321 1216 2558 1273 arbritis
2587 1221 2645 1271 et
2677 1214 3098 1270 mediatoribus
3155 1212 3585 1267 condonentur.
3618 1207 3761 1280 Ipse

2096 1307 2332 1378 quidem
2353 1306 2646 1362 homicida
2665 1304 2988 1361 secundum
3009 1301 3436 1358 institutionem
3451 1313 3758 1354 canonum

2086 1399 2348 1469 jcujenet
2366 1402 2410 1466 (l
2432 1400 2534 1460 ll).

2163 1488 2298 1542 CAP.
2331 1486 2496 1542 XVII.
2535 1487 2607 1542 De
2636 1485 2884 1541 libertate
2913 1497 3212 1538 servorum.
3239 1479 3300 1535 Si
3332 1476 3466 1550 quis
3515 1475 3756 1532 miseri-

2094 1577 2292 1632 cordia
2321 1577 2552 1643 ductus,
2585 1573 2852 1648 proprios
2883 1587 3079 1629 servos
3109 1575 3169 1626 et
3198 1565 3444 1625 ancillas
3474 1565 3752 1622 libertate

2093 1666 2398 1721 donaverit
2427 1682 2561 1720 cum
2612 1663 2988 1720 testimonio:
3050 1658 3440 1723 decrevimus,
3497 1659 3566 1709 ut
3614 1657 3754 1726 post

2092 1755 2314 1810 obitum
2345 1755 2494 1826 ejus,
2520 1769 2691 1809 nemo
2721 1751 2942 1807 invidia
2965 1753 3158 1806 tactus
3191 1748 3250 1803 in
3281 1745 3624 1803 servitutem
3643 1757 3750 1797 eos

2093 1844 2305 1900 audeat
2335 1843 2630 1899 inducere.
2662 1841 2721 1898 Si
2754 1844 2950 1898 autem
2976 1837 3312 1894 libertatem
3369 1831 3748 1907 promiserit,

2091 1938 2148 1990 et
2179 1938 2362 1989 morte
2407 1931 2759 2005 impediente
2797 1933 3050 1987 testatus
3109 1943 3224 1983 non
3283 1923 3480 1990 fuerit,
3530 1920 3750 1977 habeat

2093 2021 2503 2094 inulieripsius
2515 2021 2690 2076 vidua
2702 2019 2874 2076 etﬁlii
2909 2020 3258 2091 potestatem
3279 2013 3554 2070 eumdem
3569 2009 3749 2066 liber-

2089 2115 2267 2167 tatem
2302 2111 2502 2167 testari
2534 2115 2591 2166 et
2619 2125 2801 2182 agape
2834 2108 3022 2163 facere
3069 2123 3172 2179 pro
3228 2103 3436 2160 animai
3508 2104 3745 2161 redem-

2090 2201 2286 2272 ptione
2315 2199 2408 2256 sui
2441 2199 2656 2267 mariti,
2688 2197 3173 2270 qualitercunque
3202 2192 3342 2249 velit
3370 2191 3543 2265 (H2).

2161 2290 2294 2345 CAP.
2330 2288 2526 2348 XVIII.
2559 2289 2634 2343 De
2655 2291 2922 2343 conventu
2974 2285 3046 2340 ad
3100 2284 3382 2340 ecclesiam
3433 2286 3487 2338 et
3530 2281 3601 2338 de
3630 2283 3742 2349 his,

2089 2381 2185 2450 qui
2197 2383 2548 2434 murmurant
2565 2379 2700 2434 hora
2719 2379 2924 2444 missa,
2949 2379 3059 2431 etc.
3085 2373 3144 2429 Si
3169 2372 3310 2446 quid
3337 2371 3409 2427 ad
3427 2371 3742 2428 ecclesiam

2086 2467 2382 2523 venientes
2412 2467 2483 2522 ad
2508 2466 2872 2523 audiendum
2899 2463 3167 2520 divinum
3201 2460 3486 2527 ofﬁcium,
3512 2458 3738 2516 ibidem

2087 2555 2232 2612 hora
2262 2555 2652 2612 solemnitatis
2678 2554 2994 2611 missarum
3025 2551 3179 2607 inter
3226 2565 3288 2606 se
3335 2554 3740 2616 murmurant,

2085 2649 2142 2702 et
2173 2649 2411 2702 caeteros
2439 2643 2790 2716 inquietant,
2822 2644 3176 2714 exponentes
3227 2636 3458 2693 fabulas
3491 2637 3736 2706 otiosas,

2086 2738 2143 2790 et
2173 2751 2289 2791 non
2319 2735 2690 2790 intendentes
2720 2733 2792 2788 ad
2838 2731 3066 2788 divinas
3094 2727 3374 2785 lectiones
3396 2742 3534 2782 cum
3555 2726 3738 2784 eccle-

2085 2823 2318 2880 siastico
2358 2822 2760 2884 mtrimento:
2807 2821 2856 2878 si
2915 2819 3170 2892 majores
3229 2821 3390 2886 sunt,
3445 2815 3738 2890 increpati

2084 2929 2219 2968 cum
2250 2913 2529 2969 dedecore
2550 2909 2914 2984 expellantur
2942 2908 3014 2964 de
3043 2905 3323 2964 ecclesia:
3357 2904 3407 2961 si
3436 2920 3573 2960 vero
3624 2903 3737 2959 mi-

2085 3018 2256 3059 nores
2283 3006 2340 3058 et
2358 2999 2649 3074 vulgares,
2683 2999 2740 3053 in
2775 2997 2923 3056 atrio
2949 2996 3231 3066 ecclesias,
3265 3010 3370 3068 pro
3428 2994 3598 3048 tanta
3650 2996 3735 3048 te-

2085 3092 2372 3160 meritate,
2404 3106 2598 3146 coram
2632 3087 2908 3144 omnibus
2940 3085 3218 3159 ligantur,
3253 3087 3312 3140 et
3339 3080 3738 3155 corripiantur

2083 3179 2350 3254 ﬂagellis.

333 3265 648 3336 persolvat,
679 3270 736 3322 et
765 3265 919 3322 sicut
949 3283 1200 3323 canones
1257 3267 1560 3338 mandant,
1605 3267 1852 3340 jejunet.
1913 3265 1973 3321 Si
2004 3250 2047 3317 C
2155 3250 2287 3325 (ΞΑρ,
2321 3269 2466 3324 XIX.
2498 3269 2572 3324 De
2598 3284 2705 3324 non
2737 3265 3066 3339 recipiendis
3095 3265 3266 3320 servis
3383 3263 3445 3316 in
3492 3260 3739 3317 testimo-

327 3370 462 3410 vero
493 3353 642 3411 liber
669 3355 922 3428 alicujus
951 3355 1228 3412 occiderit
1256 3373 1508 3424 servum,
1543 3356 1750 3412 reddat
1786 3354 1970 3412 alium

328 3460 583 3509 servum,
614 3443 701 3500 vel
735 3446 917 3517 pretio
947 3448 1296 3518 componat:
1329 3450 1388 3502 et
1415 3445 1742 3502 secundum
1791 3462 1977 3502 cano-

329 3548 434 3589 nes
455 3533 685 3605 jejunet
705 3535 870 3605 (109).

397 3622 531 3677 CAP.
563 3622 706 3679 XIV.
737 3625 813 3679 De
843 3623 929 3678 his
958 3627 1054 3696 qui
1075 3640 1206 3680 suas
1235 3624 1488 3680 occidunt
1517 3639 1732 3680 uxores.
1754 3623 1812 3680 Si
1833 3625 1974 3697 quis

325 3711 609 3768 comitum
633 3712 958 3768 obduratus
973 3714 1164 3779 corde,
1191 3713 1492 3786 negligens
1515 3712 1770 3768 animam
1794 3713 1974 3785 (quod

327 3800 529 3872 procul
561 3801 639 3855 sit
669 3817 704 3854 a
731 3801 1004 3857 cordibus
1024 3801 1367 3858 ﬁdelitatem
1388 3801 1824 3857 observantium
1849 3803 1971 3874 [al.,

326 3888 819 3958 observantibus]l
853 3891 1053 3946 uxoris
1083 3890 1398 3946 homicidio
1429 3889 1740 3962 polluetur,
1774 3908 1976 3948 secun-

327 3977 467 4033 dum
502 3977 800 4033 decretum
835 3979 1048 4052 regalis
1077 3985 1338 4048 senatus,
1373 3996 1506 4035 cum
1541 3979 1976 4053 quinquaginta

320 4066 610 4136 juvencis,
643 4067 986 4138 parentibus
1017 4068 1291 4124 mulieris
1348 4067 1769 4138 reconcilietur,
1801 4075 1857 4126 et
1885 4087 1974 4126 se-

331 4155 595 4211 cundum
629 4157 907 4212 mandata
927 4173 1220 4213 canonum
1238 4157 1488 4228 jejunet.
1514 4157 1571 4212 Si
1593 4162 1790 4214 autem
1808 4158 1976 4215 miles

324 4243 576 4320 alicujus
599 4245 1049 4318 virtutis[al.,vir
1066 4246 1438 4317 ubertatis]in
1459 4247 1724 4303 eamdem
1741 4246 1974 4319 culpam

324 4332 612 4402 inciderit,
637 4335 808 4406 juxta
838 4336 1110 4393 eumdem
1133 4334 1613 4403 senatum,solvat
1632 4336 1974 4408 parentibus

323 4422 525 4478 decem
553 4424 854 4494 juvencos,
881 4425 1248 4496 jejunetque,
1281 4428 1344 4480 ut
1373 4424 1597 4480 dictum
1625 4429 1732 4480 est.
1758 4425 1817 4481 Si
1837 4443 1972 4482 vero

322 4511 582 4584 vulgaris
605 4513 663 4566 in
687 4513 890 4568 eodem
914 4511 1158 4568 crimine
1179 4512 1528 4580 invenietur,
1549 4530 1682 4570 cum
1711 4514 1974 4588 quinque

2082 3360 2241 3415 nium
2269 3362 2458 3414 contra
2486 3357 2754 3425 dominos,
2786 3360 2894 3412 etc.
2919 3355 2993 3412 Ut
3011 3371 3156 3428 gens
3174 3349 3533 3408 monarchia:
3554 3349 3739 3421 hujus

2083 3449 2156 3504 ab
2178 3449 2337 3504 omni
2368 3447 2611 3502 incursu
2641 3450 2698 3502 et
2726 3445 3098 3502 accusatione
3128 3457 3431 3498 servorum
3465 3443 3526 3495 et
3553 3435 3736 3494 ancil-

2083 3537 2273 3594 larum
2305 3541 2527 3592 remota
2555 3539 2612 3591 et
2637 3535 2836 3607 quieta
2865 3536 3121 3600 maneat,
3156 3529 3485 3588 secundum
3521 3525 3739 3599 regalis

2083 3627 2204 3697 [al.,
2237 3625 2449 3699 regale]
2479 3625 2778 3682 decretum
2809 3621 3038 3680 concilii
3060 3621 3296 3694 penitus
3347 3616 3738 3674 interdictum

2083 3720 2171 3772 est
2183 3719 2249 3770 ut
2269 3714 2490 3770 nullius
2505 3731 2684 3770 causa
2699 3711 2903 3786 culpae,
2931 3711 3194 3783 aliquam
3213 3705 3492 3765 servilem
3534 3721 3736 3778 perso-

2084 3821 2243 3874 nam,
2276 3807 2479 3859 contra
2508 3803 2777 3858 dominos
2795 3800 2883 3857 vel
2903 3800 3177 3856 dominas
3205 3798 3266 3852 in
3297 3792 3736 3852 accusationem

2083 3897 2139 3950 et
2162 3891 2569 3948 testimonium
2597 3890 2904 3963 recipiant.

2154 3983 2284 4038 CAP.
2316 3985 2441 4036 XX.
2474 3982 2734 4037 Liberum
2787 3995 2944 4036 nemo
3000 3979 3061 4033 in
3118 3977 3442 4033 servitutem
3496 3971 3737 4041 redigat.

2085 4071 2369 4137 Quoniam
2400 4069 2581 4144 igitur
2609 4070 2723 4126 Deo
2753 4069 3000 4141 dignum
3031 4069 3121 4124 est
3140 4071 3198 4123 et
3217 4061 3564 4120 hominibus
3584 4059 3737 4134 opti-

2085 4176 2249 4216 mum
2273 4173 2754 4230 unumquemque
2776 4157 2834 4212 in
2859 4173 2978 4213 sua:
2998 4153 3304 4212 industriae
3325 4150 3596 4208 libertate
3607 4147 3736 4204 vitae

2085 4265 2324 4305 cursum
2355 4249 2565 4304 ducere
2595 4247 2919 4304 secundum
2946 4245 3138 4318 regale
3181 4244 3487 4299 decretum
3546 4241 3734 4295 statu-

2084 4342 2209 4394 tum
2239 4342 2349 4404 est,
2381 4342 2448 4394 ut
2479 4354 2649 4394 nemo
2665 4337 2949 4394 comitum
2969 4333 3057 4390 vel
3077 4332 3336 4390 militum
3356 4327 3605 4404 posthac
3627 4326 3733 4383 ali-

2083 4443 2259 4500 quam
2291 4426 2534 4484 liberam
2565 4441 2876 4501 personam
2905 4423 3169 4482 servituti
3197 4421 3451 4478 subdere
3498 4417 3732 4474 audeat.

2082 4517 2245 4584 Quod
2277 4517 2329 4574 si
2359 4515 2629 4574 elationis
2659 4523 2780 4588 [at.,
2807 4515 3168 4586 elevationis]
3200 4515 3449 4572 audacia
3478 4530 3601 4570 suae
3630 4513 3734 4570 sti-

314 4601 587 4690 jnvencis
615 4600 881 4675 cognatis
913 4601 1274 4671 concilietur,
1299 4607 1355 4658 et
1371 4603 1660 4660 subdatur
1679 4605 1973 4676 praedictis
2003 4624 2050 4690 Ι)
2081 4606 2344 4664 mulatus
2376 4605 2834 4680 praesumpserit,
2867 4606 3014 4662 sciat
3043 4621 3106 4662 se
3134 4604 3379 4662 totidem
3407 4619 3478 4661 ex
3493 4605 3732 4677 proprio

314 4689 561 4762 jejuniis
583 4691 757 4762 (110).

393 4783 526 4835 CAP.
542 4779 662 4834 XV.
683 4781 758 4836 De
768 4780 1056 4852 perjuriis.
1075 4781 1134 4838 Si
1148 4782 1281 4854 quis
1301 4781 1623 4838 valentium
1636 4784 1760 4856 [al.,
1777 4785 1973 4842 melius

323 4865 696 4940 fallentium],
729 4870 842 4925 ﬁde
872 4870 1357 4936 commaculatus,
1383 4871 1553 4927 corde
1573 4871 1852 4945 pollutus,
1867 4875 1974 4946 ju-

325 4960 590 5013 ramento
619 4957 972 5028 confractus,
1007 4959 1262 5031 perjurio
1293 4961 1567 5018 addictus
1621 4961 1970 5032 invenietur,

323 5045 554 5116 perdita
570 5061 746 5102 manu
765 5047 884 5118 [al.,
905 5047 1162 5120 perditas
1184 5049 1418 5121 manus]
1471 5050 1793 5122 perjurium
1824 5051 1968 5119 luat,

323 5139 426 5189 aut
483 5134 914 5209 quinquaginta
963 5137 1234 5208 juvencis
1288 5155 1528 5195 manum
1583 5141 1849 5196 redimat.
1911 5141 1971 5196 Si

323 5239 458 5279 vero
482 5223 743 5297 vulgaris
773 5224 1046 5297 perjurus
1075 5225 1382 5296 exstiterit,
1413 5245 1591 5285 manu
1631 5234 1971 5302 amputatus

371 5455 381 5465 ,
392 5385 546 5465 (1,99)
577 5385 786 5465 ροηδε
808 5387 936 5442 auri
968 5390 1059 5465 est
1085 5402 1394 5465 nummus,
1445 5390 1518 5445 de
1569 5389 1741 5462 cujus
1779 5389 1972 5447 valore

329 5454 474 5529 nihil
501 5456 649 5529 satis
674 5461 830 5529 certo
862 5458 1172 5529 probatum
1205 5458 1418 5513 inveni.

393 5526 741 5604 gll0)_I.ey'is
773 5526 893 5604 haec
927 5534 1016 5584 est
1044 5546 1216 5604 pmna
1246 5530 1616 5604 procrimine
1651 5535 1768 5586 tam
1801 5550 1972 5588 enor-

329 5597 448 5652 mi:
481 5597 580 5674 sed
623 5598 752 5674 vide
795 5600 853 5654 in
915 5597 1136 5674 mon—ito
1193 5597 1447 5674 praevio:
1505 5619 1632 5674 quae
1679 5603 1820 5660 item
1869 5605 1973 5661 ob-

329 5669 558 5721 servata
584 5666 740 5724 volui
772 5686 876 5741 pro
905 5671 1083 5728 variis
1114 5666 1343 5742 legibus
1375 5666 1781 5744 sequentibus.

2081 4695 2545 4770 compositurum
2569 4715 2588 4750 :
2618 4713 2746 4769 quas
2775 4695 3122 4768 compositio
3153 4694 3307 4752 inter
3331 4709 3532 4768 regem
3563 4699 3622 4752 et
3637 4710 3733 4750 oo-

2082 4787 2286 4842 mitem
2315 4786 2441 4858 [al.,
2471 4785 2735 4856 comites]
2774 4783 3088 4853 dividatur,
3120 4789 3179 4840 et
3234 4787 3460 4841 cetera.
3513 4785 3628 4841 Sed
3679 4785 3733 4840 si

2082 4876 2217 4948 quis
2248 4874 2533 4930 hactenus
2563 4874 2622 4928 in
2654 4873 2930 4930 servitute
2960 4878 3242 4941 retentus,
3300 4890 3405 4947 pro
3461 4873 3735 4930 libertate

2083 4981 2190 5020 sua
2212 4963 2430 5021 tuenda
2459 4964 2579 5035 [al.,
2617 4963 2883 5034 emenda]
2908 4962 3200 5034 judicium
3239 4961 3436 5035 regale
3485 4961 3731 5031 faciens,

2081 5071 2324 5111 securus
2389 5053 2695 5118 exstiterit,
2764 5052 3174 5108 tantummodo
3248 5051 3518 5108 libertate
3581 5051 3738 5107 fma-

2081 5149 2197 5211 tur,
2231 5149 2289 5200 et
2314 5141 2431 5211 ille,
2466 5160 2501 5199 a
2530 5160 2645 5215 quo
2674 5143 2733 5198 in
2761 5141 3036 5198 servitute
3076 5141 3408 5210 tenebatur,
3462 5140 3550 5197 nil
3601 5141 3734 5197 ι·εά-

2080 5233 2199 5289 dat.

2152 5393 2198 5462 (l
2215 5394 2321 5466 11).
2355 5393 2634 5450 Observat
2661 5393 2851 5450 editor
2878 5393 3031 5450 hanc
3056 5392 3244 5467 legem
3275 5409 3406 5451 esse
3455 5395 3736 5469 antiqua-

2083 5469 2314 5609 “18.12)
2329 5535 2465 5609 Haec
2495 5535 2585 5591 lex
2631 5535 2910 5592 mendose
2937 5536 3259 5609 admodum
3289 5537 3448 5609 apud
3480 5539 3733 5594 Sambu-

2083 5605 2216 5662 cum
2249 5605 2541 5680 edita‘est.
2570 5610 2752 5678 Agape
2777 5609 2959 5680 facere
2987 5607 3081 5664 hic
3111 5605 3347 5664 videtur
3372 5609 3730 5680 signiﬁcare,

2083 5695 2232 5752 opus
2263 5675 2567 5736 charitatis
2587 5675 2872 5736 exercere.
