  <div class='ocr_page' id='page_1' title='image "/cluster/home/n/w/nwhite01/storage/ocr_20150623/151/uva.x000829795/674.png"; bbox 0 0 3924 6210; ppageno 0'>
   <div class='ocr_carea' id='block_1_1' title="bbox 151 366 325 430">
    <p class='ocr_par' dir='ltr' id='par_1_1' title="bbox 151 366 325 430">
     <span class='ocr_line' id='line_1_1' title="bbox 151 366 325 430; baseline -0.017 0"><span class='ocrx_word' id='word_1_1' title='bbox 151 366 325 430; x_wconf 64' lang='grc' dir='ltr'>ηις)</span> 
     </span>
    </p>
   </div>
   <div class='ocr_carea' id='block_1_2' title="bbox 1730 355 2009 424">
    <p class='ocr_par' dir='ltr' id='par_1_2' title="bbox 1730 355 2009 424">
     <span class='ocr_line' id='line_1_2' title="bbox 1730 355 2009 424; baseline -0.004 -1"><span class='ocrx_word' id='word_1_2' title='bbox 1730 355 2009 424; x_wconf 81' lang='lat' dir='ltr'>LEGES.</span> 
     </span>
    </p>
   </div>
   <div class='ocr_carea' id='block_1_3' title="bbox 3410 357 3571 437">
    <p class='ocr_par' dir='ltr' id='par_1_3' title="bbox 3410 357 3571 437">
     <span class='ocr_line' id='line_1_3' title="bbox 3410 357 3571 437; baseline 0 0"><span class='ocrx_word' id='word_1_3' title='bbox 3410 357 3571 437; x_wconf 65' lang='lat' dir='ltr'>4m</span> 
     </span>
    </p>
   </div>
   <div class='ocr_carea' id='block_1_4' title="bbox 223 474 3562 567">
    <p class='ocr_par' dir='ltr' id='par_1_4' title="bbox 223 474 3562 567">
     <span class='ocr_line' id='line_1_4' title="bbox 223 474 3562 567; baseline -0.003 -12"><span class='ocrx_word' id='word_1_4' title='bbox 223 501 369 557; x_wconf 80' lang='lat' dir='ltr'>CAP.</span> <span class='ocrx_word' id='word_1_5' title='bbox 405 474 545 555; x_wconf 85' lang='lat' dir='ltr'><strong>XXI.</strong></span> <span class='ocrx_word' id='word_1_6' title='bbox 578 496 652 553; x_wconf 85' lang='lat' dir='ltr'>De</span> <span class='ocrx_word' id='word_1_7' title='bbox 682 494 787 565; x_wconf 86' lang='lat' dir='ltr'>his,</span> <span class='ocrx_word' id='word_1_8' title='bbox 823 495 918 567; x_wconf 88' lang='lat' dir='ltr'>qui</span> <span class='ocrx_word' id='word_1_9' title='bbox 946 495 1177 553; x_wconf 76' lang='lat' dir='ltr'>alterius</span> <span class='ocrx_word' id='word_1_10' title='bbox 1203 494 1407 550; x_wconf 76' lang='lat' dir='ltr'>milites</span> <span class='ocrx_word' id='word_1_11' title='bbox 1434 498 1531 549; x_wconf 79' lang='lat' dir='ltr'>aut</span> <span class='ocrx_word' id='word_1_12' title='bbox 1586 496 1807 563; x_wconf 78' lang='lat' dir='ltr'>servile)</span> <span class='ocrx_word' id='word_1_13' title='bbox 1837 496 1889 561; x_wconf 82' lang='grc' dir='ltr'><strong>Α</strong></span> <span class='ocrx_word' id='word_1_14' title='bbox 1923 494 2215 567; x_wconf 82' lang='lat' dir='ltr'>imprimis</span> <span class='ocrx_word' id='word_1_15' title='bbox 2238 490 2524 549; x_wconf 86' lang='lat' dir='ltr'>decalvari</span> <span class='ocrx_word' id='word_1_16' title='bbox 2553 492 2611 548; x_wconf 89' lang='lat' dir='ltr'>et</span> <span class='ocrx_word' id='word_1_17' title='bbox 2638 488 2880 564; x_wconf 86' lang='lat' dir='ltr'>depilari</span> <span class='ocrx_word' id='word_1_18' title='bbox 2912 490 3033 562; x_wconf 86' lang='lat' dir='ltr'>[al.,</span> <span class='ocrx_word' id='word_1_19' title='bbox 3064 505 3169 564; x_wconf 90' lang='lat' dir='ltr'>pro</span> <span class='ocrx_word' id='word_1_20' title='bbox 3196 492 3400 549; x_wconf 85' lang='lat' dir='ltr'>eodem</span> <span class='ocrx_word' id='word_1_21' title='bbox 3447 490 3562 546; x_wconf 89' lang='lat' dir='ltr'>cri-</span> 
     </span>
    </p>
   </div>
   <div class='ocr_carea' id='block_1_5' title="bbox 149 582 1807 656">
    <p class='ocr_par' dir='ltr' id='par_1_5' title="bbox 149 582 1807 656">
     <span class='ocr_line' id='line_1_5' title="bbox 149 582 1807 656; baseline -0.005 -12"><span class='ocrx_word' id='word_1_22' title='bbox 149 605 233 644; x_wconf 78' lang='lat' dir='ltr'>res</span> <span class='ocrx_word' id='word_1_23' title='bbox 265 590 523 644; x_wconf 82' lang='lat' dir='ltr'>avocant.</span> <span class='ocrx_word' id='word_1_24' title='bbox 557 585 847 643; x_wconf 86' lang='lat' dir='ltr'>Volumus</span> <span class='ocrx_word' id='word_1_25' title='bbox 873 590 939 640; x_wconf 92' lang='lat' dir='ltr'>ut</span> <span class='ocrx_word' id='word_1_26' title='bbox 989 584 1396 656; x_wconf 87' lang='lat' dir='ltr'>unusquisque</span> <span class='ocrx_word' id='word_1_27' title='bbox 1445 582 1639 638; x_wconf 81' lang='lat' dir='ltr'>senior</span> <span class='ocrx_word' id='word_1_28' title='bbox 1684 584 1807 651; x_wconf 86' lang='lat' dir='ltr'>(seu</span> 
     </span>
    </p>
   </div>
   <div class='ocr_carea' id='block_1_6' title="bbox 147 672 1807 747">
    <p class='ocr_par' dir='ltr' id='par_1_6' title="bbox 147 672 1807 747">
     <span class='ocr_line' id='line_1_6' title="bbox 147 672 1807 747; baseline -0.005 -14"><span class='ocrx_word' id='word_1_29' title='bbox 147 675 458 747; x_wconf 89' lang='lat' dir='ltr'>dominus)</span> <span class='ocrx_word' id='word_1_30' title='bbox 484 692 660 732; x_wconf 91' lang='lat' dir='ltr'>suum</span> <span class='ocrx_word' id='word_1_31' title='bbox 692 674 907 730; x_wconf 87' lang='lat' dir='ltr'>habeat</span> <span class='ocrx_word' id='word_1_32' title='bbox 937 672 1183 729; x_wconf 82' lang='lat' dir='ltr'>militem</span> <span class='ocrx_word' id='word_1_33' title='bbox 1215 673 1294 743; x_wconf 93' lang='lat' dir='ltr'>(id</span> <span class='ocrx_word' id='word_1_34' title='bbox 1326 676 1413 728; x_wconf 91' lang='lat' dir='ltr'>est</span> <span class='ocrx_word' id='word_1_35' title='bbox 1439 672 1807 741; x_wconf 87' lang='lat' dir='ltr'>servientem)</span> 
     </span>
    </p>
   </div>
   <div class='ocr_carea' id='block_1_7' title="bbox 147 760 1807 838">
    <p class='ocr_par' dir='ltr' id='par_1_7' title="bbox 147 760 1807 838">
     <span class='ocr_line' id='line_1_7' title="bbox 147 760 1807 838; baseline -0.005 -16"><span class='ocrx_word' id='word_1_36' title='bbox 147 783 254 822; x_wconf 88' lang='lat' dir='ltr'>nec</span> <span class='ocrx_word' id='word_1_37' title='bbox 287 765 512 838; x_wconf 85' lang='lat' dir='ltr'>aliquis</span> <span class='ocrx_word' id='word_1_38' title='bbox 544 764 692 820; x_wconf 80' lang='lat' dir='ltr'>alter</span> <span class='ocrx_word' id='word_1_39' title='bbox 722 762 808 818; x_wconf 89' lang='lat' dir='ltr'>illi</span> <span class='ocrx_word' id='word_1_40' title='bbox 840 763 1085 818; x_wconf 83' lang='lat' dir='ltr'>suadeat</span> <span class='ocrx_word' id='word_1_41' title='bbox 1103 761 1410 833; x_wconf 89' lang='lat' dir='ltr'>antiquum</span> <span class='ocrx_word' id='word_1_42' title='bbox 1434 760 1696 816; x_wconf 83' lang='lat' dir='ltr'>deserere</span> <span class='ocrx_word' id='word_1_43' title='bbox 1717 776 1807 815; x_wconf 87' lang='lat' dir='ltr'>se-</span> 
     </span>
    </p>
   </div>
   <div class='ocr_carea' id='block_1_8' title="bbox 146 848 1813 924">
    <p class='ocr_par' dir='ltr' id='par_1_8' title="bbox 146 848 1813 924">
     <span class='ocr_line' id='line_1_8' title="bbox 146 848 1813 924; baseline -0.004 -14"><span class='ocrx_word' id='word_1_44' title='bbox 146 855 400 921; x_wconf 89' lang='lat' dir='ltr'>niorem,</span> <span class='ocrx_word' id='word_1_45' title='bbox 435 858 493 910; x_wconf 91' lang='lat' dir='ltr'>et</span> <span class='ocrx_word' id='word_1_46' title='bbox 519 853 594 910; x_wconf 90' lang='lat' dir='ltr'>ad</span> <span class='ocrx_word' id='word_1_47' title='bbox 623 869 688 910; x_wconf 88' lang='lat' dir='ltr'>se</span> <span class='ocrx_word' id='word_1_48' title='bbox 717 852 934 908; x_wconf 88' lang='lat' dir='ltr'>venire.</span> <span class='ocrx_word' id='word_1_49' title='bbox 971 852 1112 907; x_wconf 89' lang='lat' dir='ltr'>Inde</span> <span class='ocrx_word' id='word_1_50' title='bbox 1145 851 1302 907; x_wconf 87' lang='lat' dir='ltr'>enim</span> <span class='ocrx_word' id='word_1_51' title='bbox 1335 848 1586 924; x_wconf 84' lang='lat' dir='ltr'>litigium</span> <span class='ocrx_word' id='word_1_52' title='bbox 1636 848 1813 905; x_wconf 85' lang='lat' dir='ltr'>habet</span> 
     </span>
    </p>
   </div>
   <div class='ocr_carea' id='block_1_9' title="bbox 145 942 410 999">
    <p class='ocr_par' dir='ltr' id='par_1_9' title="bbox 145 942 410 999">
     <span class='ocr_line' id='line_1_9' title="bbox 145 942 410 999; baseline 0.004 -2"><span class='ocrx_word' id='word_1_53' title='bbox 145 942 410 999; x_wconf 87' lang='lat' dir='ltr'>initium.</span> 
     </span>
    </p>
   </div>
   <div class='ocr_carea' id='block_1_10' title="bbox 213 1027 1805 1101">
    <p class='ocr_par' dir='ltr' id='par_1_10' title="bbox 213 1027 1805 1101">
     <span class='ocr_line' id='line_1_10' title="bbox 213 1027 1805 1101; baseline -0.003 -14"><span class='ocrx_word' id='word_1_54' title='bbox 213 1031 349 1087; x_wconf 71' lang='lat' dir='ltr'>CAP.</span> <span class='ocrx_word' id='word_1_55' title='bbox 384 1030 549 1087; x_wconf 85' lang='lat' dir='ltr'><strong>XXII.</strong></span> <span class='ocrx_word' id='word_1_56' title='bbox 583 1032 657 1086; x_wconf 88' lang='lat' dir='ltr'>De</span> <span class='ocrx_word' id='word_1_57' title='bbox 685 1029 1015 1101; x_wconf 76' lang='lat' dir='ltr'>recipiendis</span> <span class='ocrx_word' id='word_1_58' title='bbox 1044 1029 1364 1101; x_wconf 77' lang='lat' dir='ltr'>hospitibus.</span> <span class='ocrx_word' id='word_1_59' title='bbox 1394 1028 1452 1083; x_wconf 91' lang='lat' dir='ltr'>Si</span> <span class='ocrx_word' id='word_1_60' title='bbox 1496 1027 1630 1098; x_wconf 89' lang='lat' dir='ltr'>quis</span> <span class='ocrx_word' id='word_1_61' title='bbox 1672 1027 1805 1082; x_wconf 90' lang='lat' dir='ltr'>hos-</span> 
     </span>
    </p>
   </div>
   <div class='ocr_carea' id='block_1_11' title="bbox 146 1116 1806 1193">
    <p class='ocr_par' dir='ltr' id='par_1_11' title="bbox 146 1116 1806 1193">
     <span class='ocr_line' id='line_1_11' title="bbox 146 1116 1806 1193; baseline -0.002 -18"><span class='ocrx_word' id='word_1_62' title='bbox 146 1119 330 1193; x_wconf 90' lang='lat' dir='ltr'>pitem</span> <span class='ocrx_word' id='word_1_63' title='bbox 360 1136 501 1175; x_wconf 91' lang='lat' dir='ltr'>cum</span> <span class='ocrx_word' id='word_1_64' title='bbox 530 1119 931 1175; x_wconf 77' lang='lat' dir='ltr'>benevolentia</span> <span class='ocrx_word' id='word_1_65' title='bbox 988 1118 1217 1190; x_wconf 87' lang='lat' dir='ltr'>accipit,</span> <span class='ocrx_word' id='word_1_66' title='bbox 1276 1121 1333 1173; x_wconf 90' lang='lat' dir='ltr'>et</span> <span class='ocrx_word' id='word_1_67' title='bbox 1378 1116 1806 1171; x_wconf 76' lang='lat' dir='ltr'>nutrimentum</span> 
     </span>
    </p>
   </div>
   <div class='ocr_carea' id='block_1_12' title="bbox 146 1205 1804 1280">
    <p class='ocr_par' dir='ltr' id='par_1_12' title="bbox 146 1205 1804 1280">
     <span class='ocr_line' id='line_1_12' title="bbox 146 1205 1804 1280; baseline -0.001 -18"><span class='ocrx_word' id='word_1_68' title='bbox 146 1208 257 1263; x_wconf 86' lang='lat' dir='ltr'>sibi</span> <span class='ocrx_word' id='word_1_69' title='bbox 289 1208 542 1263; x_wconf 88' lang='lat' dir='ltr'>honeste</span> <span class='ocrx_word' id='word_1_70' title='bbox 570 1205 879 1280; x_wconf 88' lang='lat' dir='ltr'>impendit,</span> <span class='ocrx_word' id='word_1_71' title='bbox 908 1207 1172 1278; x_wconf 87' lang='lat' dir='ltr'>quandiu</span> <span class='ocrx_word' id='word_1_72' title='bbox 1219 1206 1544 1262; x_wconf 90' lang='lat' dir='ltr'>secundum</span> <span class='ocrx_word' id='word_1_73' title='bbox 1596 1222 1804 1278; x_wconf 87' lang='lat' dir='ltr'>propo-</span> 
     </span>
    </p>
   </div>
   <div class='ocr_carea' id='block_1_13' title="bbox 148 1294 1802 1361">
    <p class='ocr_par' dir='ltr' id='par_1_13' title="bbox 148 1294 1802 1361">
     <span class='ocr_line' id='line_1_13' title="bbox 148 1294 1802 1361; baseline -0.002 -9"><span class='ocrx_word' id='word_1_74' title='bbox 148 1295 329 1352; x_wconf 86' lang='lat' dir='ltr'>situm</span> <span class='ocrx_word' id='word_1_75' title='bbox 361 1295 650 1361; x_wconf 85' lang='lat' dir='ltr'>nutritur,</span> <span class='ocrx_word' id='word_1_76' title='bbox 714 1312 828 1350; x_wconf 91' lang='lat' dir='ltr'>non</span> <span class='ocrx_word' id='word_1_77' title='bbox 889 1295 1121 1351; x_wconf 87' lang='lat' dir='ltr'>deserat</span> <span class='ocrx_word' id='word_1_78' title='bbox 1178 1311 1352 1350; x_wconf 88' lang='lat' dir='ltr'>suum</span> <span class='ocrx_word' id='word_1_79' title='bbox 1413 1294 1802 1359; x_wconf 90' lang='lat' dir='ltr'>nutritorem,</span> 
     </span>
    </p>
   </div>
   <div class='ocr_carea' id='block_1_14' title="bbox 147 1382 1804 1456">
    <p class='ocr_par' dir='ltr' id='par_1_14' title="bbox 147 1382 1804 1456">
     <span class='ocr_line' id='line_1_14' title="bbox 147 1382 1804 1456; baseline -0.001 -17"><span class='ocrx_word' id='word_1_80' title='bbox 147 1389 202 1440; x_wconf 88' lang='lat' dir='ltr'>et</span> <span class='ocrx_word' id='word_1_81' title='bbox 230 1401 336 1441; x_wconf 87' lang='lat' dir='ltr'>nec</span> <span class='ocrx_word' id='word_1_82' title='bbox 368 1384 446 1440; x_wconf 89' lang='lat' dir='ltr'>ad</span> <span class='ocrx_word' id='word_1_83' title='bbox 480 1383 739 1456; x_wconf 81' lang='lat' dir='ltr'>aliquem</span> <span class='ocrx_word' id='word_1_84' title='bbox 767 1382 962 1455; x_wconf 61' lang='lat' dir='ltr'>{alium</span> <span class='ocrx_word' id='word_1_85' title='bbox 1008 1400 1178 1439; x_wconf 88' lang='lat' dir='ltr'>suam</span> <span class='ocrx_word' id='word_1_86' title='bbox 1229 1383 1451 1438; x_wconf 85' lang='lat' dir='ltr'>deferat</span> <span class='ocrx_word' id='word_1_87' title='bbox 1498 1382 1804 1455; x_wconf 87' lang='lat' dir='ltr'>hospitali-</span> 
     </span>
    </p>
   </div>
   <div class='ocr_carea' id='block_1_15' title="bbox 146 1477 344 1530">
    <p class='ocr_par' dir='ltr' id='par_1_15' title="bbox 146 1477 344 1530">
     <span class='ocr_line' id='line_1_15' title="bbox 146 1477 344 1530; baseline 0.005 -2"><span class='ocrx_word' id='word_1_88' title='bbox 146 1477 344 1530; x_wconf 80' lang='lat' dir='ltr'>tatem.</span> 
     </span>
    </p>
   </div>
   <div class='ocr_carea' id='block_1_16' title="bbox 215 1561 1800 1634">
    <p class='ocr_par' dir='ltr' id='par_1_16' title="bbox 215 1561 1800 1634">
     <span class='ocr_line' id='line_1_16' title="bbox 215 1561 1800 1634; baseline -0.001 -16"><span class='ocrx_word' id='word_1_89' title='bbox 215 1563 346 1618; x_wconf 73' lang='lat' dir='ltr'>Csp.</span> <span class='ocrx_word' id='word_1_90' title='bbox 376 1562 574 1617; x_wconf 82' lang='lat' dir='ltr'><strong>XXIII.</strong></span> <span class='ocrx_word' id='word_1_91' title='bbox 607 1563 681 1617; x_wconf 91' lang='lat' dir='ltr'>De</span> <span class='ocrx_word' id='word_1_92' title='bbox 700 1561 785 1617; x_wconf 88' lang='lat' dir='ltr'>his</span> <span class='ocrx_word' id='word_1_93' title='bbox 815 1564 912 1634; x_wconf 86' lang='lat' dir='ltr'>qui</span> <span class='ocrx_word' id='word_1_94' title='bbox 938 1563 1295 1631; x_wconf 81' lang='lat' dir='ltr'>ﬂagellantur</span> <span class='ocrx_word' id='word_1_95' title='bbox 1323 1578 1424 1617; x_wconf 85' lang='lat' dir='ltr'>sua</span> <span class='ocrx_word' id='word_1_96' title='bbox 1473 1568 1800 1634; x_wconf 65' lang='lat' dir='ltr'>qua’rentes.</span> 
     </span>
    </p>
   </div>
   <div class='ocr_carea' id='block_1_17' title="bbox 146 1650 1801 1724">
    <p class='ocr_par' dir='ltr' id='par_1_17' title="bbox 146 1650 1801 1724">
     <span class='ocr_line' id='line_1_17' title="bbox 146 1650 1801 1724; baseline -0.001 -18"><span class='ocrx_word' id='word_1_97' title='bbox 146 1650 203 1707; x_wconf 86' lang='lat' dir='ltr'>Si</span> <span class='ocrx_word' id='word_1_98' title='bbox 233 1652 405 1724; x_wconf 88' lang='lat' dir='ltr'>cujus</span> <span class='ocrx_word' id='word_1_99' title='bbox 439 1650 614 1707; x_wconf 87' lang='lat' dir='ltr'>miles</span> <span class='ocrx_word' id='word_1_100' title='bbox 642 1650 729 1707; x_wconf 89' lang='lat' dir='ltr'>vel</span> <span class='ocrx_word' id='word_1_101' title='bbox 763 1668 965 1707; x_wconf 89' lang='lat' dir='ltr'>servus</span> <span class='ocrx_word' id='word_1_102' title='bbox 995 1652 1067 1705; x_wconf 89' lang='lat' dir='ltr'>ad</span> <span class='ocrx_word' id='word_1_103' title='bbox 1092 1650 1275 1706; x_wconf 88' lang='lat' dir='ltr'>alium</span> <span class='ocrx_word' id='word_1_104' title='bbox 1326 1651 1561 1723; x_wconf 84' lang='lat' dir='ltr'>fugerit,</span> <span class='ocrx_word' id='word_1_105' title='bbox 1621 1655 1678 1706; x_wconf 90' lang='lat' dir='ltr'>et</span> <span class='ocrx_word' id='word_1_106' title='bbox 1728 1651 1801 1717; x_wconf 92' lang='lat' dir='ltr'>is,</span> 
     </span>
    </p>
   </div>
   <div class='ocr_carea' id='block_1_18' title="bbox 148 1739 1801 1813">
    <p class='ocr_par' dir='ltr' id='par_1_18' title="bbox 148 1739 1801 1813">
     <span class='ocr_line' id='line_1_18' title="bbox 148 1739 1801 1813; baseline 0 -18"><span class='ocrx_word' id='word_1_107' title='bbox 148 1742 311 1812; x_wconf 89' lang='lat' dir='ltr'>cujus</span> <span class='ocrx_word' id='word_1_108' title='bbox 341 1740 518 1797; x_wconf 86' lang='lat' dir='ltr'>miles</span> <span class='ocrx_word' id='word_1_109' title='bbox 546 1739 635 1796; x_wconf 87' lang='lat' dir='ltr'>vel</span> <span class='ocrx_word' id='word_1_110' title='bbox 669 1757 870 1796; x_wconf 86' lang='lat' dir='ltr'>servus</span> <span class='ocrx_word' id='word_1_111' title='bbox 893 1741 1029 1813; x_wconf 88' lang='lat' dir='ltr'>fuga</span> <span class='ocrx_word' id='word_1_112' title='bbox 1058 1745 1145 1795; x_wconf 89' lang='lat' dir='ltr'>est</span> <span class='ocrx_word' id='word_1_113' title='bbox 1174 1740 1430 1809; x_wconf 79' lang='lat' dir='ltr'>elapsus,</span> <span class='ocrx_word' id='word_1_114' title='bbox 1467 1758 1641 1795; x_wconf 89' lang='lat' dir='ltr'>suum</span> <span class='ocrx_word' id='word_1_115' title='bbox 1694 1741 1801 1795; x_wconf 90' lang='lat' dir='ltr'>mi-</span> 
     </span>
    </p>
   </div>
   <div class='ocr_carea' id='block_1_19' title="bbox 146 1828 1801 1901">
    <p class='ocr_par' dir='ltr' id='par_1_19' title="bbox 146 1828 1801 1901">
     <span class='ocr_line' id='line_1_19' title="bbox 146 1828 1801 1901; baseline 0.001 -18"><span class='ocrx_word' id='word_1_116' title='bbox 146 1828 283 1884; x_wconf 87' lang='lat' dir='ltr'>serit</span> <span class='ocrx_word' id='word_1_117' title='bbox 311 1828 576 1901; x_wconf 90' lang='lat' dir='ltr'>legatum</span> <span class='ocrx_word' id='word_1_118' title='bbox 609 1828 680 1883; x_wconf 90' lang='lat' dir='ltr'>ad</span> <span class='ocrx_word' id='word_1_119' title='bbox 734 1828 1130 1884; x_wconf 89' lang='lat' dir='ltr'>reducendum</span> <span class='ocrx_word' id='word_1_120' title='bbox 1179 1845 1312 1883; x_wconf 90' lang='lat' dir='ltr'>eum</span> <span class='ocrx_word' id='word_1_121' title='bbox 1368 1829 1488 1897; x_wconf 87' lang='lat' dir='ltr'>[al.,</span> <span class='ocrx_word' id='word_1_122' title='bbox 1546 1830 1690 1899; x_wconf 71' lang='lat' dir='ltr'>eos],</span> <span class='ocrx_word' id='word_1_123' title='bbox 1744 1834 1801 1885; x_wconf 89' lang='lat' dir='ltr'>et</span> 
     </span>
    </p>
   </div>
   <div class='ocr_carea' id='block_1_20' title="bbox 147 1916 1797 1989">
    <p class='ocr_par' dir='ltr' id='par_1_20' title="bbox 147 1916 1797 1989">
     <span class='ocr_line' id='line_1_20' title="bbox 147 1916 1797 1989; baseline 0.001 -18"><span class='ocrx_word' id='word_1_124' title='bbox 147 1917 196 1973; x_wconf 89' lang='lat' dir='ltr'>is</span> <span class='ocrx_word' id='word_1_125' title='bbox 223 1917 455 1989; x_wconf 85' lang='lat' dir='ltr'>legatus</span> <span class='ocrx_word' id='word_1_126' title='bbox 488 1916 705 1972; x_wconf 87' lang='lat' dir='ltr'>ibidem</span> <span class='ocrx_word' id='word_1_127' title='bbox 738 1933 771 1971; x_wconf 90' lang='lat' dir='ltr'>a</span> <span class='ocrx_word' id='word_1_128' title='bbox 803 1932 1152 1988; x_wconf 88' lang='lat' dir='ltr'>quocunque</span> <span class='ocrx_word' id='word_1_129' title='bbox 1201 1932 1518 1987; x_wconf 90' lang='lat' dir='ltr'>percussus</span> <span class='ocrx_word' id='word_1_130' title='bbox 1572 1934 1636 1972; x_wconf 91' lang='lat' dir='ltr'>ac</span> <span class='ocrx_word' id='word_1_131' title='bbox 1697 1917 1797 1973; x_wconf 84' lang='lat' dir='ltr'>fla-</span> 
     </span>
    </p>
   </div>
   <div class='ocr_carea' id='block_1_21' title="bbox 144 2005 1799 2079">
    <p class='ocr_par' dir='ltr' id='par_1_21' title="bbox 144 2005 1799 2079">
     <span class='ocr_line' id='line_1_21' title="bbox 144 2005 1799 2079; baseline 0.001 -18"><span class='ocrx_word' id='word_1_132' title='bbox 144 2005 390 2079; x_wconf 90' lang='lat' dir='ltr'>gellatus</span> <span class='ocrx_word' id='word_1_133' title='bbox 421 2005 730 2073; x_wconf 81' lang='lat' dir='ltr'>exstiterit,</span> <span class='ocrx_word' id='word_1_134' title='bbox 765 2005 1128 2061; x_wconf 89' lang='lat' dir='ltr'>decrevimus</span> <span class='ocrx_word' id='word_1_135' title='bbox 1187 2010 1523 2061; x_wconf 90' lang='lat' dir='ltr'>nostrorum</span> <span class='ocrx_word' id='word_1_136' title='bbox 1581 2007 1799 2078; x_wconf 90' lang='lat' dir='ltr'>prima-</span> 
     </span>
    </p>
   </div>
   <div class='ocr_carea' id='block_1_22' title="bbox 142 2093 1795 2166">
    <p class='ocr_par' dir='ltr' id='par_1_22' title="bbox 142 2093 1795 2166">
     <span class='ocr_line' id='line_1_22' title="bbox 142 2093 1795 2166; baseline 0.001 -18"><span class='ocrx_word' id='word_1_137' title='bbox 142 2098 265 2149; x_wconf 87' lang='lat' dir='ltr'>tum</span> <span class='ocrx_word' id='word_1_138' title='bbox 295 2099 607 2165; x_wconf 88' lang='lat' dir='ltr'>conventu,</span> <span class='ocrx_word' id='word_1_139' title='bbox 641 2103 705 2149; x_wconf 84' lang='lat' dir='ltr'>ut</span> <span class='ocrx_word' id='word_1_140' title='bbox 730 2093 826 2149; x_wconf 93' lang='lat' dir='ltr'>ille</span> <span class='ocrx_word' id='word_1_141' title='bbox 857 2110 1168 2166; x_wconf 88' lang='lat' dir='ltr'>percussor</span> <span class='ocrx_word' id='word_1_142' title='bbox 1206 2094 1407 2150; x_wconf 89' lang='lat' dir='ltr'>decem</span> <span class='ocrx_word' id='word_1_143' title='bbox 1465 2093 1650 2150; x_wconf 89' lang='lat' dir='ltr'>solvat</span> <span class='ocrx_word' id='word_1_144' title='bbox 1696 2096 1795 2166; x_wconf 86' lang='lat' dir='ltr'>ju-</span> 
     </span>
    </p>
   </div>
   <div class='ocr_carea' id='block_1_23' title="bbox 140 2199 364 2239">
    <p class='ocr_par' dir='ltr' id='par_1_23' title="bbox 140 2199 364 2239">
     <span class='ocr_line' id='line_1_23' title="bbox 140 2199 364 2239; baseline 0.004 -3"><span class='ocrx_word' id='word_1_145' title='bbox 140 2199 364 2239; x_wconf 74' lang='lat' dir='ltr'>VCDCOS.</span> 
     </span>
    </p>
   </div>
   <div class='ocr_carea' id='block_1_24' title="bbox 213 2271 1791 2346">
    <p class='ocr_par' dir='ltr' id='par_1_24' title="bbox 213 2271 1791 2346">
     <span class='ocr_line' id='line_1_24' title="bbox 213 2271 1791 2346; baseline 0.001 -18"><span class='ocrx_word' id='word_1_146' title='bbox 213 2272 346 2328; x_wconf 78' lang='lat' dir='ltr'>CAP.</span> <span class='ocrx_word' id='word_1_147' title='bbox 380 2272 575 2328; x_wconf 83' lang='lat' dir='ltr'><strong>XXIV.</strong></span> <span class='ocrx_word' id='word_1_148' title='bbox 607 2273 682 2327; x_wconf 82' lang='lat' dir='ltr'>De</span> <span class='ocrx_word' id='word_1_149' title='bbox 704 2272 884 2327; x_wconf 82' lang='lat' dir='ltr'>viduis</span> <span class='ocrx_word' id='word_1_150' title='bbox 913 2279 965 2328; x_wconf 78' lang='lat' dir='ltr'>et</span> <span class='ocrx_word' id='word_1_151' title='bbox 1000 2271 1279 2344; x_wconf 86' lang='lat' dir='ltr'>orphanis.</span> <span class='ocrx_word' id='word_1_152' title='bbox 1333 2272 1618 2329; x_wconf 84' lang='lat' dir='ltr'>Volumus</span> <span class='ocrx_word' id='word_1_153' title='bbox 1665 2275 1791 2346; x_wconf 83' lang='lat' dir='ltr'>qui~</span> 
     </span>
    </p>
   </div>
   <div class='ocr_carea' id='block_1_25' title="bbox 150 2360 1792 2435">
    <p class='ocr_par' dir='ltr' id='par_1_25' title="bbox 150 2360 1792 2435">
     <span class='ocr_line' id='line_1_25' title="bbox 150 2360 1792 2435; baseline 0.002 -19"><span class='ocrx_word' id='word_1_154' title='bbox 150 2361 298 2428; x_wconf 88' lang='lat' dir='ltr'>dem,</span> <span class='ocrx_word' id='word_1_155' title='bbox 329 2366 397 2417; x_wconf 90' lang='lat' dir='ltr'>ut</span> <span class='ocrx_word' id='word_1_156' title='bbox 424 2361 617 2417; x_wconf 73' lang='lat' dir='ltr'>vidum</span> <span class='ocrx_word' id='word_1_157' title='bbox 638 2365 696 2416; x_wconf 89' lang='lat' dir='ltr'>et</span> <span class='ocrx_word' id='word_1_158' title='bbox 731 2361 976 2433; x_wconf 89' lang='lat' dir='ltr'>orphani</span> <span class='ocrx_word' id='word_1_159' title='bbox 1011 2360 1129 2416; x_wconf 90' lang='lat' dir='ltr'>sint</span> <span class='ocrx_word' id='word_1_160' title='bbox 1171 2365 1382 2418; x_wconf 69' lang='lat' dir='ltr'>nostra:</span> <span class='ocrx_word' id='word_1_161' title='bbox 1435 2363 1555 2434; x_wconf 85' lang='lat' dir='ltr'>[al.,</span> <span class='ocrx_word' id='word_1_162' title='bbox 1617 2365 1792 2435; x_wconf 88' lang='lat' dir='ltr'>nunc]</span> 
     </span>
    </p>
   </div>
   <div class='ocr_carea' id='block_1_26' title="bbox 146 2448 1790 2523">
    <p class='ocr_par' dir='ltr' id='par_1_26' title="bbox 146 2448 1790 2523">
     <span class='ocr_line' id='line_1_26' title="bbox 146 2448 1790 2523; baseline 0.002 -19"><span class='ocrx_word' id='word_1_163' title='bbox 146 2448 286 2523; x_wconf 85' lang='lat' dir='ltr'>legis</span> <span class='ocrx_word' id='word_1_164' title='bbox 315 2449 654 2522; x_wconf 85' lang='lat' dir='ltr'>participes,</span> <span class='ocrx_word' id='word_1_165' title='bbox 683 2448 783 2504; x_wconf 88' lang='lat' dir='ltr'>tali</span> <span class='ocrx_word' id='word_1_166' title='bbox 824 2454 1045 2516; x_wconf 90' lang='lat' dir='ltr'>tenore,</span> <span class='ocrx_word' id='word_1_167' title='bbox 1078 2454 1141 2504; x_wconf 91' lang='lat' dir='ltr'>ut</span> <span class='ocrx_word' id='word_1_168' title='bbox 1169 2449 1219 2506; x_wconf 89' lang='lat' dir='ltr'>si</span> <span class='ocrx_word' id='word_1_169' title='bbox 1240 2467 1367 2522; x_wconf 72' lang='lat' dir='ltr'>quae</span> <span class='ocrx_word' id='word_1_170' title='bbox 1423 2450 1599 2507; x_wconf 88' lang='lat' dir='ltr'>vidua</span> <span class='ocrx_word' id='word_1_171' title='bbox 1657 2470 1790 2508; x_wconf 92' lang='lat' dir='ltr'>cum</span> 
     </span>
    </p>
   </div>
   <div class='ocr_carea' id='block_1_27' title="bbox 147 2538 1792 2611">
    <p class='ocr_par' dir='ltr' id='par_1_27' title="bbox 147 2538 1792 2611">
     <span class='ocr_line' id='line_1_27' title="bbox 147 2538 1792 2611; baseline 0.003 -19"><span class='ocrx_word' id='word_1_172' title='bbox 147 2538 277 2594; x_wconf 84' lang='lat' dir='ltr'>filiis</span> <span class='ocrx_word' id='word_1_173' title='bbox 306 2543 363 2595; x_wconf 90' lang='lat' dir='ltr'>et</span> <span class='ocrx_word' id='word_1_174' title='bbox 390 2539 632 2595; x_wconf 87' lang='lat' dir='ltr'>ﬁliabus</span> <span class='ocrx_word' id='word_1_175' title='bbox 661 2538 1029 2608; x_wconf 89' lang='lat' dir='ltr'>remanserit,</span> <span class='ocrx_word' id='word_1_176' title='bbox 1073 2544 1247 2611; x_wconf 88' lang='lat' dir='ltr'>atque</span> <span class='ocrx_word' id='word_1_177' title='bbox 1297 2540 1518 2595; x_wconf 89' lang='lat' dir='ltr'>nutrire</span> <span class='ocrx_word' id='word_1_178' title='bbox 1561 2558 1682 2608; x_wconf 90' lang='lat' dir='ltr'>eos,</span> <span class='ocrx_word' id='word_1_179' title='bbox 1734 2547 1792 2597; x_wconf 89' lang='lat' dir='ltr'>et</span> 
     </span>
    </p>
   </div>
   <div class='ocr_carea' id='block_1_28' title="bbox 147 2627 1788 2701">
    <p class='ocr_par' dir='ltr' id='par_1_28' title="bbox 147 2627 1788 2701">
     <span class='ocr_line' id='line_1_28' title="bbox 147 2627 1788 2701; baseline 0.002 -19"><span class='ocrx_word' id='word_1_180' title='bbox 147 2642 373 2684; x_wconf 88' lang='lat' dir='ltr'>manere</span> <span class='ocrx_word' id='word_1_181' title='bbox 416 2644 555 2684; x_wconf 90' lang='lat' dir='ltr'>cum</span> <span class='ocrx_word' id='word_1_182' title='bbox 619 2627 755 2696; x_wconf 90' lang='lat' dir='ltr'>illis,</span> <span class='ocrx_word' id='word_1_183' title='bbox 817 2627 1075 2700; x_wconf 91' lang='lat' dir='ltr'>quandiu</span> <span class='ocrx_word' id='word_1_184' title='bbox 1134 2628 1359 2698; x_wconf 83' lang='lat' dir='ltr'>vixerit,</span> <span class='ocrx_word' id='word_1_185' title='bbox 1412 2630 1788 2701; x_wconf 87' lang='lat' dir='ltr'>promiserit;</span> 
     </span>
    </p>
   </div>
   <div class='ocr_carea' id='block_1_29' title="bbox 147 2715 1791 2790">
    <p class='ocr_par' dir='ltr' id='par_1_29' title="bbox 147 2715 1791 2790">
     <span class='ocr_line' id='line_1_29' title="bbox 147 2715 1791 2790; baseline 0.003 -21"><span class='ocrx_word' id='word_1_186' title='bbox 147 2715 351 2772; x_wconf 88' lang='lat' dir='ltr'>habeat</span> <span class='ocrx_word' id='word_1_187' title='bbox 380 2721 733 2790; x_wconf 88' lang='lat' dir='ltr'>potestatem</span> <span class='ocrx_word' id='word_1_188' title='bbox 756 2734 789 2771; x_wconf 90' lang='lat' dir='ltr'>a</span> <span class='ocrx_word' id='word_1_189' title='bbox 810 2717 979 2772; x_wconf 88' lang='lat' dir='ltr'>nobis</span> <span class='ocrx_word' id='word_1_190' title='bbox 1002 2717 1113 2772; x_wconf 89' lang='lat' dir='ltr'>sibi</span> <span class='ocrx_word' id='word_1_191' title='bbox 1137 2734 1474 2774; x_wconf 88' lang='lat' dir='ltr'>concessam</span> <span class='ocrx_word' id='word_1_192' title='bbox 1500 2719 1557 2773; x_wconf 90' lang='lat' dir='ltr'>id</span> <span class='ocrx_word' id='word_1_193' title='bbox 1580 2720 1791 2776; x_wconf 88' lang='lat' dir='ltr'>facien-</span> 
     </span>
    </p>
   </div>
   <div class='ocr_carea' id='block_1_30' title="bbox 146 2803 1787 2880">
    <p class='ocr_par' dir='ltr' id='par_1_30' title="bbox 146 2803 1787 2880">
     <span class='ocr_line' id='line_1_30' title="bbox 146 2803 1787 2880; baseline 0.003 -22"><span class='ocrx_word' id='word_1_194' title='bbox 146 2803 219 2871; x_wconf 91' lang='lat' dir='ltr'>di,</span> <span class='ocrx_word' id='word_1_195' title='bbox 250 2810 304 2860; x_wconf 91' lang='lat' dir='ltr'>et</span> <span class='ocrx_word' id='word_1_196' title='bbox 333 2822 367 2860; x_wconf 92' lang='lat' dir='ltr'>a</span> <span class='ocrx_word' id='word_1_197' title='bbox 396 2806 636 2862; x_wconf 88' lang='lat' dir='ltr'>nemine</span> <span class='ocrx_word' id='word_1_198' title='bbox 676 2806 888 2861; x_wconf 86' lang='lat' dir='ltr'>iterum</span> <span class='ocrx_word' id='word_1_199' title='bbox 930 2809 1170 2878; x_wconf 85' lang='lat' dir='ltr'>cogatur</span> <span class='ocrx_word' id='word_1_200' title='bbox 1206 2806 1263 2861; x_wconf 89' lang='lat' dir='ltr'>in</span> <span class='ocrx_word' id='word_1_201' title='bbox 1316 2807 1675 2880; x_wconf 88' lang='lat' dir='ltr'>conjugium.</span> <span class='ocrx_word' id='word_1_202' title='bbox 1728 2810 1787 2865; x_wconf 90' lang='lat' dir='ltr'>Si</span> 
     </span>
    </p>
   </div>
   <div class='ocr_carea' id='block_1_31' title="bbox 147 2892 1787 2963">
    <p class='ocr_par' dir='ltr' id='par_1_31' title="bbox 147 2892 1787 2963">
     <span class='ocr_line' id='line_1_31' title="bbox 147 2892 1787 2963; baseline 0.004 -16"><span class='ocrx_word' id='word_1_203' title='bbox 147 2892 313 2962; x_wconf 88' lang='lat' dir='ltr'>enim,</span> <span class='ocrx_word' id='word_1_204' title='bbox 342 2898 572 2951; x_wconf 89' lang='lat' dir='ltr'>mutato</span> <span class='ocrx_word' id='word_1_205' title='bbox 605 2900 755 2962; x_wconf 90' lang='lat' dir='ltr'>voto,</span> <span class='ocrx_word' id='word_1_206' title='bbox 788 2894 1001 2950; x_wconf 84' lang='lat' dir='ltr'>iterum</span> <span class='ocrx_word' id='word_1_207' title='bbox 1033 2896 1251 2950; x_wconf 90' lang='lat' dir='ltr'>nubere</span> <span class='ocrx_word' id='word_1_208' title='bbox 1280 2895 1545 2963; x_wconf 88' lang='lat' dir='ltr'>voluerit,</span> <span class='ocrx_word' id='word_1_209' title='bbox 1596 2902 1655 2953; x_wconf 89' lang='lat' dir='ltr'>et</span> <span class='ocrx_word' id='word_1_210' title='bbox 1696 2916 1787 2954; x_wconf 91' lang='lat' dir='ltr'>or-</span> 
     </span>
    </p>
   </div>
   <div class='ocr_carea' id='block_1_32' title="bbox 146 2980 1787 3057">
    <p class='ocr_par' dir='ltr' id='par_1_32' title="bbox 146 2980 1787 3057">
     <span class='ocr_line' id='line_1_32' title="bbox 146 2980 1787 3057; baseline 0.004 -21"><span class='ocrx_word' id='word_1_211' title='bbox 146 2980 362 3052; x_wconf 88' lang='lat' dir='ltr'>phanos</span> <span class='ocrx_word' id='word_1_212' title='bbox 395 2984 685 3051; x_wconf 85' lang='lat' dir='ltr'>deserere,</span> <span class='ocrx_word' id='word_1_213' title='bbox 717 2984 787 3039; x_wconf 90' lang='lat' dir='ltr'>de</span> <span class='ocrx_word' id='word_1_214' title='bbox 816 2985 989 3039; x_wconf 86' lang='lat' dir='ltr'>rebus</span> <span class='ocrx_word' id='word_1_215' title='bbox 1028 2987 1423 3057; x_wconf 89' lang='lat' dir='ltr'>orphanorum</span> <span class='ocrx_word' id='word_1_216' title='bbox 1484 2986 1628 3041; x_wconf 88' lang='lat' dir='ltr'>nihil</span> <span class='ocrx_word' id='word_1_217' title='bbox 1669 3005 1787 3042; x_wconf 88' lang='lat' dir='ltr'>om-</span> 
     </span>
    </p>
   </div>
   <div class='ocr_carea' id='block_1_33' title="bbox 146 3071 1785 3147">
    <p class='ocr_par' dir='ltr' id='par_1_33' title="bbox 146 3071 1785 3147">
     <span class='ocr_line' id='line_1_33' title="bbox 146 3071 1785 3147; baseline 0.003 -21"><span class='ocrx_word' id='word_1_218' title='bbox 146 3071 278 3127; x_wconf 91' lang='lat' dir='ltr'>nino</span> <span class='ocrx_word' id='word_1_219' title='bbox 311 3072 419 3127; x_wconf 87' lang='lat' dir='ltr'>sibi</span> <span class='ocrx_word' id='word_1_220' title='bbox 442 3071 729 3141; x_wconf 87' lang='lat' dir='ltr'>vendicet,</span> <span class='ocrx_word' id='word_1_221' title='bbox 763 3071 875 3128; x_wconf 90' lang='lat' dir='ltr'>nisi</span> <span class='ocrx_word' id='word_1_222' title='bbox 909 3076 1140 3127; x_wconf 87' lang='lat' dir='ltr'>tantum</span> <span class='ocrx_word' id='word_1_223' title='bbox 1174 3073 1285 3128; x_wconf 90' lang='lat' dir='ltr'>sibi</span> <span class='ocrx_word' id='word_1_224' title='bbox 1316 3090 1574 3147; x_wconf 89' lang='lat' dir='ltr'>congrua</span> <span class='ocrx_word' id='word_1_225' title='bbox 1611 3076 1785 3131; x_wconf 88' lang='lat' dir='ltr'>vesti-</span> 
     </span>
    </p>
   </div>
   <div class='ocr_carea' id='block_1_34' title="bbox 145 3161 1789 3235">
    <p class='ocr_par' dir='ltr' id='par_1_34' title="bbox 145 3161 1789 3235">
     <span class='ocr_line' id='line_1_34' title="bbox 145 3161 1789 3235; baseline 0.004 -21"><span class='ocrx_word' id='word_1_226' title='bbox 145 3164 333 3216; x_wconf 88' lang='lat' dir='ltr'>menta</span> <span class='ocrx_word' id='word_1_227' title='bbox 357 3161 629 3234; x_wconf 89' lang='lat' dir='ltr'>accipiat.</span> <span class='ocrx_word' id='word_1_228' title='bbox 663 3162 723 3216; x_wconf 90' lang='lat' dir='ltr'>Si</span> <span class='ocrx_word' id='word_1_229' title='bbox 755 3166 951 3216; x_wconf 90' lang='lat' dir='ltr'>autem</span> <span class='ocrx_word' id='word_1_230' title='bbox 981 3161 1156 3217; x_wconf 84' lang='lat' dir='ltr'>vidua</span> <span class='ocrx_word' id='word_1_231' title='bbox 1188 3162 1312 3218; x_wconf 90' lang='lat' dir='ltr'>sine</span> <span class='ocrx_word' id='word_1_232' title='bbox 1344 3163 1503 3235; x_wconf 90' lang='lat' dir='ltr'>prole</span> <span class='ocrx_word' id='word_1_233' title='bbox 1564 3181 1789 3220; x_wconf 87' lang='lat' dir='ltr'>reman-</span> 
     </span>
    </p>
   </div>
   <div class='ocr_carea' id='block_1_35' title="bbox 145 3236 1863 3325">
    <p class='ocr_par' dir='ltr' id='par_1_35' title="bbox 145 3236 1863 3325">
     <span class='ocr_line' id='line_1_35' title="bbox 145 3236 1863 3325; baseline 0.005 -23"><span class='ocrx_word' id='word_1_234' title='bbox 145 3248 297 3318; x_wconf 88' lang='lat' dir='ltr'>serit,</span> <span class='ocrx_word' id='word_1_235' title='bbox 329 3255 384 3305; x_wconf 90' lang='lat' dir='ltr'>et</span> <span class='ocrx_word' id='word_1_236' title='bbox 404 3267 469 3307; x_wconf 89' lang='lat' dir='ltr'>se</span> <span class='ocrx_word' id='word_1_237' title='bbox 501 3250 810 3323; x_wconf 89' lang='lat' dir='ltr'>innuptam</span> <span class='ocrx_word' id='word_1_238' title='bbox 854 3250 911 3305; x_wconf 91' lang='lat' dir='ltr'>in</span> <span class='ocrx_word' id='word_1_239' title='bbox 964 3268 1069 3307; x_wconf 91' lang='lat' dir='ltr'>sua</span> <span class='ocrx_word' id='word_1_240' title='bbox 1117 3251 1396 3308; x_wconf 84' lang='lat' dir='ltr'>viduitate</span> <span class='ocrx_word' id='word_1_241' title='bbox 1444 3270 1784 3325; x_wconf 87' lang='lat' dir='ltr'>permanere</span> <span class='ocrx_word' id='word_1_242' title='bbox 1821 3236 1863 3303; x_wconf 60' lang='grc' dir='ltr'>(Σ</span> 
     </span>
    </p>
   </div>
   <div class='ocr_carea' id='block_1_36' title="bbox 142 3337 1781 3411">
    <p class='ocr_par' dir='ltr' id='par_1_36' title="bbox 142 3337 1781 3411">
     <span class='ocr_line' id='line_1_36' title="bbox 142 3337 1781 3411; baseline 0.004 -20"><span class='ocrx_word' id='word_1_243' title='bbox 142 3337 489 3408; x_wconf 85' lang='lat' dir='ltr'>promiserit,</span> <span class='ocrx_word' id='word_1_244' title='bbox 518 3338 791 3395; x_wconf 88' lang='lat' dir='ltr'>volumus</span> <span class='ocrx_word' id='word_1_245' title='bbox 823 3344 885 3394; x_wconf 91' lang='lat' dir='ltr'>ut</span> <span class='ocrx_word' id='word_1_246' title='bbox 917 3344 1261 3411; x_wconf 84' lang='lat' dir='ltr'>potestatem</span> <span class='ocrx_word' id='word_1_247' title='bbox 1286 3341 1496 3397; x_wconf 84' lang='lat' dir='ltr'>habeat</span> <span class='ocrx_word' id='word_1_248' title='bbox 1518 3342 1781 3398; x_wconf 90' lang='lat' dir='ltr'>omnium</span> 
     </span>
    </p>
   </div>
   <div class='ocr_carea' id='block_1_37' title="bbox 146 3426 1781 3501">
    <p class='ocr_par' dir='ltr' id='par_1_37' title="bbox 146 3426 1781 3501">
     <span class='ocr_line' id='line_1_37' title="bbox 146 3426 1781 3501; baseline 0.006 -22"><span class='ocrx_word' id='word_1_249' title='bbox 146 3426 418 3484; x_wconf 89' lang='lat' dir='ltr'>bonorum</span> <span class='ocrx_word' id='word_1_250' title='bbox 449 3444 717 3495; x_wconf 88' lang='lat' dir='ltr'>suorum,</span> <span class='ocrx_word' id='word_1_251' title='bbox 751 3433 809 3484; x_wconf 91' lang='lat' dir='ltr'>et</span> <span class='ocrx_word' id='word_1_252' title='bbox 839 3428 1125 3501; x_wconf 87' lang='lat' dir='ltr'>quidquid</span> <span class='ocrx_word' id='word_1_253' title='bbox 1187 3429 1322 3486; x_wconf 90' lang='lat' dir='ltr'>inde</span> <span class='ocrx_word' id='word_1_254' title='bbox 1383 3431 1570 3487; x_wconf 85' lang='lat' dir='ltr'>facere</span> <span class='ocrx_word' id='word_1_255' title='bbox 1619 3431 1781 3501; x_wconf 89' lang='lat' dir='ltr'>velit,</span> 
     </span>
    </p>
   </div>
   <div class='ocr_carea' id='block_1_38' title="bbox 143 3513 1777 3590">
    <p class='ocr_par' dir='ltr' id='par_1_38' title="bbox 143 3513 1777 3590">
     <span class='ocr_line' id='line_1_38' title="bbox 143 3513 1777 3590; baseline 0.004 -21"><span class='ocrx_word' id='word_1_256' title='bbox 143 3513 324 3571; x_wconf 85' lang='lat' dir='ltr'>faciat.</span> <span class='ocrx_word' id='word_1_257' title='bbox 359 3518 426 3572; x_wconf 91' lang='lat' dir='ltr'>Et</span> <span class='ocrx_word' id='word_1_258' title='bbox 451 3522 586 3590; x_wconf 89' lang='lat' dir='ltr'>post</span> <span class='ocrx_word' id='word_1_259' title='bbox 613 3517 837 3573; x_wconf 91' lang='lat' dir='ltr'>obitum</span> <span class='ocrx_word' id='word_1_260' title='bbox 878 3518 1028 3587; x_wconf 83' lang='lat' dir='ltr'>ejus,</span> <span class='ocrx_word' id='word_1_261' title='bbox 1091 3518 1293 3573; x_wconf 89' lang='lat' dir='ltr'>eadem</span> <span class='ocrx_word' id='word_1_262' title='bbox 1353 3519 1506 3574; x_wconf 86' lang='lat' dir='ltr'>bona</span> <span class='ocrx_word' id='word_1_263' title='bbox 1562 3522 1633 3575; x_wconf 88' lang='lat' dir='ltr'>ad</span> <span class='ocrx_word' id='word_1_264' title='bbox 1686 3520 1777 3575; x_wconf 82' lang='lat' dir='ltr'>sui</span> 
     </span>
    </p>
   </div>
   <div class='ocr_carea' id='block_1_39' title="bbox 142 3604 1778 3681">
    <p class='ocr_par' dir='ltr' id='par_1_39' title="bbox 142 3604 1778 3681">
     <span class='ocr_line' id='line_1_39' title="bbox 142 3604 1778 3681; baseline 0.006 -25"><span class='ocrx_word' id='word_1_265' title='bbox 142 3604 369 3660; x_wconf 84' lang='lat' dir='ltr'>redeant</span> <span class='ocrx_word' id='word_1_266' title='bbox 395 3609 668 3678; x_wconf 89' lang='lat' dir='ltr'>parentes</span> <span class='ocrx_word' id='word_1_267' title='bbox 700 3605 915 3673; x_wconf 89' lang='lat' dir='ltr'>mariti,</span> <span class='ocrx_word' id='word_1_268' title='bbox 936 3606 983 3661; x_wconf 92' lang='lat' dir='ltr'>si</span> <span class='ocrx_word' id='word_1_269' title='bbox 1011 3612 1279 3678; x_wconf 85' lang='lat' dir='ltr'>parentes</span> <span class='ocrx_word' id='word_1_270' title='bbox 1299 3608 1416 3675; x_wconf 87' lang='lat' dir='ltr'>[al.,</span> <span class='ocrx_word' id='word_1_271' title='bbox 1439 3611 1778 3681; x_wconf 65' lang='lat' dir='ltr'>pressantes]</span> 
     </span>
    </p>
   </div>
   <div class='ocr_carea' id='block_1_40' title="bbox 142 3690 1311 3761">
    <p class='ocr_par' dir='ltr' id='par_1_40' title="bbox 142 3690 1311 3761">
     <span class='ocr_line' id='line_1_40' title="bbox 142 3690 1311 3761; baseline 0.006 -16"><span class='ocrx_word' id='word_1_272' title='bbox 142 3690 334 3749; x_wconf 89' lang='lat' dir='ltr'>habet:</span> <span class='ocrx_word' id='word_1_273' title='bbox 368 3694 459 3750; x_wconf 87' lang='lat' dir='ltr'>sin</span> <span class='ocrx_word' id='word_1_274' title='bbox 494 3700 691 3751; x_wconf 89' lang='lat' dir='ltr'>autem</span> <span class='ocrx_word' id='word_1_275' title='bbox 720 3712 856 3761; x_wconf 89' lang='lat' dir='ltr'>non,</span> <span class='ocrx_word' id='word_1_276' title='bbox 894 3713 989 3750; x_wconf 88' lang='lat' dir='ltr'>rex</span> <span class='ocrx_word' id='word_1_277' title='bbox 1011 3695 1311 3752; x_wconf 69' lang='lat' dir='ltr'>sithazres.</span> 
     </span>
    </p>
   </div>
   <div class='ocr_carea' id='block_1_41' title="bbox 206 3780 1774 3859">
    <p class='ocr_par' dir='ltr' id='par_1_41' title="bbox 206 3780 1774 3859">
     <span class='ocr_line' id='line_1_41' title="bbox 206 3780 1774 3859; baseline 0.006 -24"><span class='ocrx_word' id='word_1_278' title='bbox 206 3780 334 3837; x_wconf 76' lang='lat' dir='ltr'>CAP.</span> <span class='ocrx_word' id='word_1_279' title='bbox 364 3783 527 3839; x_wconf 84' lang='lat' dir='ltr'><strong>XXV.</strong></span> <span class='ocrx_word' id='word_1_280' title='bbox 550 3785 625 3839; x_wconf 86' lang='lat' dir='ltr'>De</span> <span class='ocrx_word' id='word_1_281' title='bbox 656 3794 814 3855; x_wconf 80' lang='lat' dir='ltr'>raptu</span> <span class='ocrx_word' id='word_1_282' title='bbox 840 3786 1173 3856; x_wconf 75' lang='lat' dir='ltr'>puellarum.</span> <span class='ocrx_word' id='word_1_283' title='bbox 1226 3785 1284 3842; x_wconf 90' lang='lat' dir='ltr'>Si</span> <span class='ocrx_word' id='word_1_284' title='bbox 1333 3788 1465 3859; x_wconf 85' lang='lat' dir='ltr'>quis</span> <span class='ocrx_word' id='word_1_285' title='bbox 1524 3788 1774 3845; x_wconf 90' lang='lat' dir='ltr'>militum</span> 
     </span>
    </p>
   </div>
   <div class='ocr_carea' id='block_1_42' title="bbox 143 3867 1778 3948">
    <p class='ocr_par' dir='ltr' id='par_1_42' title="bbox 143 3867 1778 3948">
     <span class='ocr_line' id='line_1_42' title="bbox 143 3867 1778 3948; baseline 0.009 -27"><span class='ocrx_word' id='word_1_286' title='bbox 143 3867 501 3942; x_wconf 89' lang='lat' dir='ltr'>impudicitia</span> <span class='ocrx_word' id='word_1_287' title='bbox 520 3873 789 3941; x_wconf 70' lang='lat' dir='ltr'>fuadatus,</span> <span class='ocrx_word' id='word_1_288' title='bbox 814 3873 1072 3946; x_wconf 88' lang='lat' dir='ltr'>puellam</span> <span class='ocrx_word' id='word_1_289' title='bbox 1096 3875 1515 3948; x_wconf 85' lang='lat' dir='ltr'>aliquam,sine</span> <span class='ocrx_word' id='word_1_290' title='bbox 1537 3895 1778 3935; x_wconf 89' lang='lat' dir='ltr'>conces-</span> 
     </span>
    </p>
   </div>
   <div class='ocr_carea' id='block_1_43' title="bbox 142 3957 1776 4036">
    <p class='ocr_par' dir='ltr' id='par_1_43' title="bbox 142 3957 1776 4036">
     <span class='ocr_line' id='line_1_43' title="bbox 142 3957 1776 4036; baseline 0.009 -26"><span class='ocrx_word' id='word_1_291' title='bbox 142 3957 292 4015; x_wconf 90' lang='lat' dir='ltr'>siono</span> <span class='ocrx_word' id='word_1_292' title='bbox 305 3966 616 4033; x_wconf 90' lang='lat' dir='ltr'>parentum</span> <span class='ocrx_word' id='word_1_293' title='bbox 636 3962 749 4017; x_wconf 90' lang='lat' dir='ltr'>sibi</span> <span class='ocrx_word' id='word_1_294' title='bbox 770 3962 828 4017; x_wconf 90' lang='lat' dir='ltr'>in</span> <span class='ocrx_word' id='word_1_295' title='bbox 844 3980 1084 4019; x_wconf 86' lang='lat' dir='ltr'>uxorem</span> <span class='ocrx_word' id='word_1_296' title='bbox 1103 3966 1382 4036; x_wconf 90' lang='lat' dir='ltr'>rapuerit,</span> <span class='ocrx_word' id='word_1_297' title='bbox 1403 3967 1776 4025; x_wconf 88' lang='lat' dir='ltr'>decernimus</span> 
     </span>
    </p>
   </div>
   <div class='ocr_carea' id='block_1_44' title="bbox 142 4047 1778 4131">
    <p class='ocr_par' dir='ltr' id='par_1_44' title="bbox 142 4047 1778 4131">
     <span class='ocr_line' id='line_1_44' title="bbox 142 4047 1778 4131; baseline 0.009 -30"><span class='ocrx_word' id='word_1_298' title='bbox 142 4047 380 4115; x_wconf 85' lang='lat' dir='ltr'>puellam</span> <span class='ocrx_word' id='word_1_299' title='bbox 413 4050 760 4123; x_wconf 89' lang='lat' dir='ltr'>parentibus</span> <span class='ocrx_word' id='word_1_300' title='bbox 792 4052 975 4119; x_wconf 88' lang='lat' dir='ltr'>reddi,</span> <span class='ocrx_word' id='word_1_301' title='bbox 1013 4052 1245 4109; x_wconf 88' lang='lat' dir='ltr'>etiamsi</span> <span class='ocrx_word' id='word_1_302' title='bbox 1293 4055 1366 4110; x_wconf 89' lang='lat' dir='ltr'>ab</span> <span class='ocrx_word' id='word_1_303' title='bbox 1425 4055 1523 4112; x_wconf 90' lang='lat' dir='ltr'>illo</span> <span class='ocrx_word' id='word_1_304' title='bbox 1582 4058 1778 4131; x_wconf 86' lang='lat' dir='ltr'>aliqua</span> 
     </span>
    </p>
   </div>
   <div class='ocr_carea' id='block_1_45' title="bbox 140 4137 1775 4217">
    <p class='ocr_par' dir='ltr' id='par_1_45' title="bbox 140 4137 1775 4217">
     <span class='ocr_line' id='line_1_45' title="bbox 140 4137 1775 4217; baseline 0.009 -29"><span class='ocrx_word' id='word_1_305' title='bbox 140 4137 218 4190; x_wconf 89' lang='lat' dir='ltr'>vis</span> <span class='ocrx_word' id='word_1_306' title='bbox 237 4137 346 4193; x_wconf 89' lang='lat' dir='ltr'>sibi</span> <span class='ocrx_word' id='word_1_307' title='bbox 375 4138 543 4195; x_wconf 89' lang='lat' dir='ltr'>illata</span> <span class='ocrx_word' id='word_1_308' title='bbox 573 4141 671 4206; x_wconf 90' lang='lat' dir='ltr'>sit,</span> <span class='ocrx_word' id='word_1_309' title='bbox 707 4144 762 4195; x_wconf 90' lang='lat' dir='ltr'>et</span> <span class='ocrx_word' id='word_1_310' title='bbox 795 4145 993 4213; x_wconf 89' lang='lat' dir='ltr'>raptor</span> <span class='ocrx_word' id='word_1_311' title='bbox 1023 4142 1221 4197; x_wconf 90' lang='lat' dir='ltr'>decem</span> <span class='ocrx_word' id='word_1_312' title='bbox 1253 4142 1440 4199; x_wconf 90' lang='lat' dir='ltr'>solvat</span> <span class='ocrx_word' id='word_1_313' title='bbox 1492 4146 1775 4217; x_wconf 88' lang='lat' dir='ltr'>juveneos</span> 
     </span>
    </p>
   </div>
   <div class='ocr_carea' id='block_1_46' title="bbox 150 4228 1776 4305">
    <p class='ocr_par' dir='ltr' id='par_1_46' title="bbox 150 4228 1776 4305">
     <span class='ocr_line' id='line_1_46' title="bbox 150 4228 1776 4305; baseline 0.008 -26"><span class='ocrx_word' id='word_1_314' title='bbox 150 4238 246 4293; x_wconf 83' lang='lat' dir='ltr'>pro</span> <span class='ocrx_word' id='word_1_315' title='bbox 289 4232 482 4299; x_wconf 87' lang='lat' dir='ltr'>raptu,</span> <span class='ocrx_word' id='word_1_316' title='bbox 527 4228 663 4285; x_wconf 90' lang='lat' dir='ltr'>licet</span> <span class='ocrx_word' id='word_1_317' title='bbox 706 4235 907 4302; x_wconf 88' lang='lat' dir='ltr'>postea</span> <span class='ocrx_word' id='word_1_318' title='bbox 958 4230 1364 4288; x_wconf 87' lang='lat' dir='ltr'>reconcilietur</span> <span class='ocrx_word' id='word_1_319' title='bbox 1434 4236 1776 4305; x_wconf 89' lang='lat' dir='ltr'>parentibus</span> 
     </span>
    </p>
   </div>
   <div class='ocr_carea' id='block_1_47' title="bbox 138 4313 1776 4397">
    <p class='ocr_par' dir='ltr' id='par_1_47' title="bbox 138 4313 1776 4397">
     <span class='ocr_line' id='line_1_47' title="bbox 138 4313 1776 4397; baseline 0.009 -31"><span class='ocrx_word' id='word_1_320' title='bbox 138 4313 351 4382; x_wconf 63' lang='lat' dir='ltr'>puellas.</span> <span class='ocrx_word' id='word_1_321' title='bbox 387 4318 447 4373; x_wconf 91' lang='lat' dir='ltr'>Si</span> <span class='ocrx_word' id='word_1_322' title='bbox 475 4335 609 4374; x_wconf 90' lang='lat' dir='ltr'>vero</span> <span class='ocrx_word' id='word_1_323' title='bbox 628 4335 847 4390; x_wconf 83' lang='lat' dir='ltr'>pauper</span> <span class='ocrx_word' id='word_1_324' title='bbox 871 4319 1025 4391; x_wconf 89' lang='lat' dir='ltr'>quis,</span> <span class='ocrx_word' id='word_1_325' title='bbox 1052 4323 1159 4376; x_wconf 91' lang='lat' dir='ltr'>aut</span> <span class='ocrx_word' id='word_1_326' title='bbox 1174 4319 1430 4393; x_wconf 87' lang='lat' dir='ltr'>vulgaris</span> <span class='ocrx_word' id='word_1_327' title='bbox 1448 4322 1556 4378; x_wconf 90' lang='lat' dir='ltr'>hoc</span> <span class='ocrx_word' id='word_1_328' title='bbox 1578 4340 1776 4397; x_wconf 87' lang='lat' dir='ltr'>aggre-</span> 
     </span>
    </p>
   </div>
   <div class='ocr_carea' id='block_1_48' title="bbox 138 4400 1770 4484">
    <p class='ocr_par' dir='ltr' id='par_1_48' title="bbox 138 4400 1770 4484">
     <span class='ocr_line' id='line_1_48' title="bbox 138 4400 1770 4484; baseline 0.009 -29"><span class='ocrx_word' id='word_1_329' title='bbox 138 4400 320 4459; x_wconf 88' lang='lat' dir='ltr'>diatur</span> <span class='ocrx_word' id='word_1_330' title='bbox 349 4422 538 4480; x_wconf 87' lang='lat' dir='ltr'>agere,</span> <span class='ocrx_word' id='word_1_331' title='bbox 560 4413 947 4481; x_wconf 90' lang='lat' dir='ltr'>componatur</span> <span class='ocrx_word' id='word_1_332' title='bbox 959 4414 1191 4482; x_wconf 88' lang='lat' dir='ltr'>raptum</span> <span class='ocrx_word' id='word_1_333' title='bbox 1217 4410 1546 4480; x_wconf 84' lang='lat' dir='ltr'>[Legendum</span> <span class='ocrx_word' id='word_1_334' title='bbox 1557 4415 1770 4484; x_wconf 79' lang='lat' dir='ltr'>Opinor,</span> 
     </span>
    </p>
   </div>
   <div class='ocr_carea' id='block_1_49' title="bbox 139 4498 1252 4570">
    <p class='ocr_par' dir='ltr' id='par_1_49' title="bbox 139 4498 1252 4570">
     <span class='ocr_line' id='line_1_49' title="bbox 139 4498 1252 4570; baseline 0.01 -27"><span class='ocrx_word' id='word_1_335' title='bbox 139 4500 436 4563; x_wconf 85' lang='lat' dir='ltr'>componat</span> <span class='ocrx_word' id='word_1_336' title='bbox 464 4498 720 4570; x_wconf 84' lang='lat' dir='ltr'>raptum]</span> <span class='ocrx_word' id='word_1_337' title='bbox 752 4499 1014 4570; x_wconf 89' lang='lat' dir='ltr'>quinque</span> <span class='ocrx_word' id='word_1_338' title='bbox 1047 4500 1252 4554; x_wconf 86' lang='lat' dir='ltr'>bobus.</span> 
     </span>
    </p>
   </div>
   <div class='ocr_carea' id='block_1_50' title="bbox 1922 580 3564 653">
    <p class='ocr_par' dir='ltr' id='par_1_50' title="bbox 1922 580 3564 653">
     <span class='ocr_line' id='line_1_50' title="bbox 1922 580 3564 653; baseline -0.002 -16"><span class='ocrx_word' id='word_1_339' title='bbox 1922 584 2080 638; x_wconf 91' lang='lat' dir='ltr'>mine</span> <span class='ocrx_word' id='word_1_340' title='bbox 2112 582 2441 653; x_wconf 77' lang='lat' dir='ltr'>decoriari].</span> <span class='ocrx_word' id='word_1_341' title='bbox 2476 582 2535 638; x_wconf 90' lang='lat' dir='ltr'>Si</span> <span class='ocrx_word' id='word_1_342' title='bbox 2566 598 2700 637; x_wconf 89' lang='lat' dir='ltr'>vero</span> <span class='ocrx_word' id='word_1_343' title='bbox 2724 580 2977 637; x_wconf 89' lang='lat' dir='ltr'>secundo</span> <span class='ocrx_word' id='word_1_344' title='bbox 3005 597 3138 636; x_wconf 90' lang='lat' dir='ltr'>cum</span> <span class='ocrx_word' id='word_1_345' title='bbox 3160 581 3361 636; x_wconf 86' lang='lat' dir='ltr'>eadem</span> <span class='ocrx_word' id='word_1_346' title='bbox 3389 580 3564 635; x_wconf 81' lang='lat' dir='ltr'>forni-</span> 
     </span>
    </p>
   </div>
   <div class='ocr_carea' id='block_1_51' title="bbox 1921 669 3563 742">
    <p class='ocr_par' dir='ltr' id='par_1_51' title="bbox 1921 669 3563 742">
     <span class='ocr_line' id='line_1_51' title="bbox 1921 669 3563 742; baseline -0.003 -15"><span class='ocrx_word' id='word_1_347' title='bbox 1921 678 2085 728; x_wconf 87' lang='lat' dir='ltr'>catus</span> <span class='ocrx_word' id='word_1_348' title='bbox 2117 672 2291 727; x_wconf 84' lang='lat' dir='ltr'>fuerit</span> <span class='ocrx_word' id='word_1_349' title='bbox 2322 672 2532 727; x_wconf 89' lang='lat' dir='ltr'>iterum</span> <span class='ocrx_word' id='word_1_350' title='bbox 2565 669 2897 726; x_wconf 88' lang='lat' dir='ltr'>decalvetur</span> <span class='ocrx_word' id='word_1_351' title='bbox 2943 671 3064 742; x_wconf 85' lang='lat' dir='ltr'>[al.,</span> <span class='ocrx_word' id='word_1_352' title='bbox 3119 669 3462 739; x_wconf 73' lang='lat' dir='ltr'>decorietur]</span> <span class='ocrx_word' id='word_1_353' title='bbox 3506 672 3563 723; x_wconf 89' lang='lat' dir='ltr'>et</span> 
     </span>
    </p>
   </div>
   <div class='ocr_carea' id='block_1_52' title="bbox 1918 756 3559 833">
    <p class='ocr_par' dir='ltr' id='par_1_52' title="bbox 1918 756 3559 833">
     <span class='ocr_line' id='line_1_52' title="bbox 1918 756 3559 833; baseline -0.004 -16"><span class='ocrx_word' id='word_1_354' title='bbox 1918 761 2225 833; x_wconf 88' lang='lat' dir='ltr'>depiletur.</span> <span class='ocrx_word' id='word_1_355' title='bbox 2259 761 2314 817; x_wconf 91' lang='lat' dir='ltr'>Si</span> <span class='ocrx_word' id='word_1_356' title='bbox 2350 764 2547 815; x_wconf 89' lang='lat' dir='ltr'>autem</span> <span class='ocrx_word' id='word_1_357' title='bbox 2577 759 2768 823; x_wconf 83' lang='lat' dir='ltr'>tertio,</span> <span class='ocrx_word' id='word_1_358' title='bbox 2803 760 2880 814; x_wconf 89' lang='lat' dir='ltr'>sit</span> <span class='ocrx_word' id='word_1_359' title='bbox 2910 775 3115 814; x_wconf 88' lang='lat' dir='ltr'>servus</span> <span class='ocrx_word' id='word_1_360' title='bbox 3168 756 3382 829; x_wconf 88' lang='lat' dir='ltr'>pariter</span> <span class='ocrx_word' id='word_1_361' title='bbox 3428 772 3559 811; x_wconf 92' lang='lat' dir='ltr'>cum</span> 
     </span>
    </p>
   </div>
   <div class='ocr_carea' id='block_1_53' title="bbox 1918 845 3563 917">
    <p class='ocr_par' dir='ltr' id='par_1_53' title="bbox 1918 845 3563 917">
     <span class='ocr_line' id='line_1_53' title="bbox 1918 845 3563 917; baseline -0.004 -11"><span class='ocrx_word' id='word_1_362' title='bbox 1918 850 2146 917; x_wconf 88' lang='lat' dir='ltr'>ancilla,</span> <span class='ocrx_word' id='word_1_363' title='bbox 2179 854 2279 905; x_wconf 88' lang='lat' dir='ltr'>aut</span> <span class='ocrx_word' id='word_1_364' title='bbox 2310 850 2559 905; x_wconf 88' lang='lat' dir='ltr'>redimat</span> <span class='ocrx_word' id='word_1_365' title='bbox 2589 865 2669 904; x_wconf 88' lang='lat' dir='ltr'>se.</span> <span class='ocrx_word' id='word_1_366' title='bbox 2703 848 2761 903; x_wconf 84' lang='lat' dir='ltr'>Si</span> <span class='ocrx_word' id='word_1_367' title='bbox 2793 854 2986 904; x_wconf 91' lang='lat' dir='ltr'>autem</span> <span class='ocrx_word' id='word_1_368' title='bbox 3006 846 3217 903; x_wconf 89' lang='lat' dir='ltr'>ancilla</span> <span class='ocrx_word' id='word_1_369' title='bbox 3238 845 3563 916; x_wconf 87' lang='lat' dir='ltr'>conceperit</span> 
     </span>
    </p>
   </div>
   <div class='ocr_carea' id='block_1_54' title="bbox 1916 933 3559 1011">
    <p class='ocr_par' dir='ltr' id='par_1_54' title="bbox 1916 933 3559 1011">
     <span class='ocr_line' id='line_1_54' title="bbox 1916 933 3559 1011; baseline -0.007 -14"><span class='ocrx_word' id='word_1_370' title='bbox 1916 942 1988 996; x_wconf 89' lang='lat' dir='ltr'>de</span> <span class='ocrx_word' id='word_1_371' title='bbox 2017 958 2104 1011; x_wconf 90' lang='lat' dir='ltr'>eo,</span> <span class='ocrx_word' id='word_1_372' title='bbox 2138 943 2195 995; x_wconf 91' lang='lat' dir='ltr'>et</span> <span class='ocrx_word' id='word_1_373' title='bbox 2224 954 2425 1011; x_wconf 89' lang='lat' dir='ltr'>parere</span> <span class='ocrx_word' id='word_1_374' title='bbox 2455 955 2570 994; x_wconf 88' lang='lat' dir='ltr'>non</span> <span class='ocrx_word' id='word_1_375' title='bbox 2606 937 2838 1010; x_wconf 88' lang='lat' dir='ltr'>poterit,</span> <span class='ocrx_word' id='word_1_376' title='bbox 2861 938 2960 993; x_wconf 89' lang='lat' dir='ltr'>sed</span> <span class='ocrx_word' id='word_1_377' title='bbox 2987 937 3045 991; x_wconf 90' lang='lat' dir='ltr'>in</span> <span class='ocrx_word' id='word_1_378' title='bbox 3064 939 3233 1007; x_wconf 85' lang='lat' dir='ltr'>partu</span> <span class='ocrx_word' id='word_1_379' title='bbox 3256 933 3559 1001; x_wconf 86' lang='lat' dir='ltr'>morietur,</span> 
     </span>
    </p>
   </div>
   <div class='ocr_carea' id='block_1_55' title="bbox 1917 1026 3565 1101">
    <p class='ocr_par' dir='ltr' id='par_1_55' title="bbox 1917 1026 3565 1101">
     <span class='ocr_line' id='line_1_55' title="bbox 1917 1026 3565 1101; baseline -0.005 -16"><span class='ocrx_word' id='word_1_380' title='bbox 1917 1032 2227 1101; x_wconf 84' lang='lat' dir='ltr'>componat</span> <span class='ocrx_word' id='word_1_381' title='bbox 2257 1028 2518 1083; x_wconf 88' lang='lat' dir='ltr'>eamdem</span> <span class='ocrx_word' id='word_1_382' title='bbox 2552 1044 2685 1083; x_wconf 90' lang='lat' dir='ltr'>cum</span> <span class='ocrx_word' id='word_1_383' title='bbox 2702 1026 2819 1082; x_wconf 89' lang='lat' dir='ltr'>alia</span> <span class='ocrx_word' id='word_1_384' title='bbox 2841 1026 3068 1081; x_wconf 85' lang='lat' dir='ltr'>ancilla.</span> <span class='ocrx_word' id='word_1_385' title='bbox 3090 1026 3308 1080; x_wconf 86' lang='lat' dir='ltr'>Servus</span> <span class='ocrx_word' id='word_1_386' title='bbox 3331 1038 3565 1095; x_wconf 85' lang='lat' dir='ltr'>quoque</span> 
     </span>
    </p>
   </div>
   <div class='ocr_carea' id='block_1_56' title="bbox 1915 1109 3562 1189">
    <p class='ocr_par' dir='ltr' id='par_1_56' title="bbox 1915 1109 3562 1189">
     <span class='ocr_line' id='line_1_56' title="bbox 1915 1109 3562 1189; baseline -0.006 -15"><span class='ocrx_word' id='word_1_387' title='bbox 1915 1119 2187 1189; x_wconf 88' lang='lat' dir='ltr'>alicujus,</span> <span class='ocrx_word' id='word_1_388' title='bbox 2220 1117 2268 1174; x_wconf 91' lang='lat' dir='ltr'>si</span> <span class='ocrx_word' id='word_1_389' title='bbox 2300 1134 2435 1181; x_wconf 89' lang='lat' dir='ltr'>cum</span> <span class='ocrx_word' id='word_1_390' title='bbox 2469 1116 2680 1172; x_wconf 89' lang='lat' dir='ltr'>ancilla</span> <span class='ocrx_word' id='word_1_391' title='bbox 2711 1115 2950 1171; x_wconf 89' lang='lat' dir='ltr'>alterius</span> <span class='ocrx_word' id='word_1_392' title='bbox 2984 1112 3325 1175; x_wconf 86' lang='lat' dir='ltr'>fornicatur,</span> <span class='ocrx_word' id='word_1_393' title='bbox 3368 1109 3562 1167; x_wconf 89' lang='lat' dir='ltr'>decal-</span> 
     </span>
    </p>
   </div>
   <div class='ocr_carea' id='block_1_57' title="bbox 1914 1199 3561 1278">
    <p class='ocr_par' dir='ltr' id='par_1_57' title="bbox 1914 1199 3561 1278">
     <span class='ocr_line' id='line_1_57' title="bbox 1914 1199 3561 1278; baseline -0.005 -15"><span class='ocrx_word' id='word_1_394' title='bbox 1914 1208 2230 1278; x_wconf 83' lang='lat' dir='ltr'>vetur[al.,</span> <span class='ocrx_word' id='word_1_395' title='bbox 2262 1207 2605 1276; x_wconf 86' lang='lat' dir='ltr'>decorietur]</span> <span class='ocrx_word' id='word_1_396' title='bbox 2638 1209 2694 1260; x_wconf 90' lang='lat' dir='ltr'>et</span> <span class='ocrx_word' id='word_1_397' title='bbox 2749 1204 3067 1276; x_wconf 77' lang='lat' dir='ltr'>depiletur:</span> <span class='ocrx_word' id='word_1_398' title='bbox 3125 1208 3181 1258; x_wconf 90' lang='lat' dir='ltr'>et</span> <span class='ocrx_word' id='word_1_399' title='bbox 3237 1201 3285 1257; x_wconf 92' lang='lat' dir='ltr'>si</span> <span class='ocrx_word' id='word_1_400' title='bbox 3348 1199 3561 1256; x_wconf 88' lang='lat' dir='ltr'>ancilla</span> 
     </span>
    </p>
   </div>
   <div class='ocr_carea' id='block_1_58' title="bbox 1913 1291 3555 1368">
    <p class='ocr_par' dir='ltr' id='par_1_58' title="bbox 1913 1291 3555 1368">
     <span class='ocr_line' id='line_1_58' title="bbox 1913 1291 3555 1368; baseline -0.005 -16"><span class='ocrx_word' id='word_1_401' title='bbox 1913 1298 1983 1353; x_wconf 89' lang='lat' dir='ltr'>de</span> <span class='ocrx_word' id='word_1_402' title='bbox 2012 1314 2079 1353; x_wconf 92' lang='lat' dir='ltr'>eo</span> <span class='ocrx_word' id='word_1_403' title='bbox 2118 1295 2464 1368; x_wconf 88' lang='lat' dir='ltr'>conceperit,</span> <span class='ocrx_word' id='word_1_404' title='bbox 2524 1299 2582 1350; x_wconf 90' lang='lat' dir='ltr'>et</span> <span class='ocrx_word' id='word_1_405' title='bbox 2641 1295 2697 1348; x_wconf 92' lang='lat' dir='ltr'>in</span> <span class='ocrx_word' id='word_1_406' title='bbox 2755 1298 2922 1366; x_wconf 78' lang='lat' dir='ltr'>partu</span> <span class='ocrx_word' id='word_1_407' title='bbox 2986 1291 3291 1359; x_wconf 90' lang='lat' dir='ltr'>moriatur,</span> <span class='ocrx_word' id='word_1_408' title='bbox 3352 1305 3555 1346; x_wconf 90' lang='lat' dir='ltr'>servus</span> 
     </span>
    </p>
   </div>
   <div class='ocr_carea' id='block_1_59' title="bbox 1913 1379 3558 1456">
    <p class='ocr_par' dir='ltr' id='par_1_59' title="bbox 1913 1379 3558 1456">
     <span class='ocr_line' id='line_1_59' title="bbox 1913 1379 3558 1456; baseline -0.004 -16"><span class='ocrx_word' id='word_1_409' title='bbox 1913 1387 2300 1456; x_wconf 86' lang='lat' dir='ltr'>venundetur,</span> <span class='ocrx_word' id='word_1_410' title='bbox 2359 1402 2424 1439; x_wconf 84' lang='lat' dir='ltr'>ac</span> <span class='ocrx_word' id='word_1_411' title='bbox 2480 1383 2722 1439; x_wconf 89' lang='lat' dir='ltr'>dimidia</span> <span class='ocrx_word' id='word_1_412' title='bbox 2770 1399 2902 1455; x_wconf 85' lang='lat' dir='ltr'>pars</span> <span class='ocrx_word' id='word_1_413' title='bbox 2957 1381 3122 1454; x_wconf 89' lang='lat' dir='ltr'>pretii</span> <span class='ocrx_word' id='word_1_414' title='bbox 3184 1379 3402 1435; x_wconf 85' lang='lat' dir='ltr'>seniori</span> <span class='ocrx_word' id='word_1_415' title='bbox 3452 1396 3558 1434; x_wconf 84' lang='lat' dir='ltr'>an-</span> 
     </span>
    </p>
   </div>
   <div class='ocr_carea' id='block_1_60' title="bbox 1915 1468 3559 1545">
    <p class='ocr_par' dir='ltr' id='par_1_60' title="bbox 1915 1468 3559 1545">
     <span class='ocr_line' id='line_1_60' title="bbox 1915 1468 3559 1545; baseline -0.005 -14"><span class='ocrx_word' id='word_1_416' title='bbox 1915 1475 2059 1531; x_wconf 71' lang='lat' dir='ltr'>cillae</span> <span class='ocrx_word' id='word_1_417' title='bbox 2092 1475 2292 1531; x_wconf 89' lang='lat' dir='ltr'>detur:</span> <span class='ocrx_word' id='word_1_418' title='bbox 2328 1474 2510 1528; x_wconf 88' lang='lat' dir='ltr'>altera</span> <span class='ocrx_word' id='word_1_419' title='bbox 2541 1488 2676 1545; x_wconf 86' lang='lat' dir='ltr'>pars</span> <span class='ocrx_word' id='word_1_420' title='bbox 2706 1488 2838 1527; x_wconf 89' lang='lat' dir='ltr'>vero</span> <span class='ocrx_word' id='word_1_421' title='bbox 2871 1470 3086 1526; x_wconf 85' lang='lat' dir='ltr'>seniori</span> <span class='ocrx_word' id='word_1_422' title='bbox 3118 1468 3265 1525; x_wconf 88' lang='lat' dir='ltr'>servi</span> <span class='ocrx_word' id='word_1_423' title='bbox 3324 1484 3559 1540; x_wconf 89' lang='lat' dir='ltr'>semper</span> 
     </span>
    </p>
   </div>
   <div class='ocr_carea' id='block_1_61' title="bbox 1915 1568 2236 1620">
    <p class='ocr_par' dir='ltr' id='par_1_61' title="bbox 1915 1568 2236 1620">
     <span class='ocr_line' id='line_1_61' title="bbox 1915 1568 2236 1620; baseline -0.006 0"><span class='ocrx_word' id='word_1_424' title='bbox 1915 1568 2236 1620; x_wconf 80' lang='lat' dir='ltr'>remaneat.</span> 
     </span>
    </p>
   </div>
   <div class='ocr_carea' id='block_1_62' title="bbox 1984 1647 3556 1722">
    <p class='ocr_par' dir='ltr' id='par_1_62' title="bbox 1984 1647 3556 1722">
     <span class='ocr_line' id='line_1_62' title="bbox 1984 1647 3556 1722; baseline -0.007 -12"><span class='ocrx_word' id='word_1_425' title='bbox 1984 1655 2115 1710; x_wconf 68' lang='lat' dir='ltr'>Csp.</span> <span class='ocrx_word' id='word_1_426' title='bbox 2148 1653 2360 1709; x_wconf 76' lang='lat' dir='ltr'><strong>XXVII.</strong></span> <span class='ocrx_word' id='word_1_427' title='bbox 2393 1654 2467 1708; x_wconf 89' lang='lat' dir='ltr'>De</span> <span class='ocrx_word' id='word_1_428' title='bbox 2497 1654 2582 1706; x_wconf 84' lang='lat' dir='ltr'>his</span> <span class='ocrx_word' id='word_1_429' title='bbox 2613 1652 2706 1721; x_wconf 86' lang='lat' dir='ltr'>qui</span> <span class='ocrx_word' id='word_1_430' title='bbox 2723 1652 2911 1722; x_wconf 85' lang='lat' dir='ltr'>pelunl</span> <span class='ocrx_word' id='word_1_431' title='bbox 2940 1650 3150 1703; x_wconf 82' lang='lat' dir='ltr'>alienas</span> <span class='ocrx_word' id='word_1_432' title='bbox 3208 1647 3440 1701; x_wconf 80' lang='lat' dir='ltr'>ancillas</span> <span class='ocrx_word' id='word_1_433' title='bbox 3496 1647 3556 1699; x_wconf 84' lang='lat' dir='ltr'>in</span> 
     </span>
    </p>
   </div>
   <div class='ocr_carea' id='block_1_63' title="bbox 1912 1735 3554 1810">
    <p class='ocr_par' dir='ltr' id='par_1_63' title="bbox 1912 1735 3554 1810">
     <span class='ocr_line' id='line_1_63' title="bbox 1912 1735 3554 1810; baseline -0.007 -11"><span class='ocrx_word' id='word_1_434' title='bbox 1912 1760 2129 1799; x_wconf 52' lang='lat' dir='ltr'>umores.</span> <span class='ocrx_word' id='word_1_435' title='bbox 2163 1742 2233 1798; x_wconf 92' lang='lat' dir='ltr'>Ut</span> <span class='ocrx_word' id='word_1_436' title='bbox 2266 1760 2437 1797; x_wconf 89' lang='lat' dir='ltr'>nemo</span> <span class='ocrx_word' id='word_1_437' title='bbox 2460 1757 2681 1806; x_wconf 91' lang='lat' dir='ltr'>eorum,</span> <span class='ocrx_word' id='word_1_438' title='bbox 2732 1739 2829 1810; x_wconf 86' lang='lat' dir='ltr'>qui</span> <span class='ocrx_word' id='word_1_439' title='bbox 2891 1737 3072 1793; x_wconf 88' lang='lat' dir='ltr'>libero</span> <span class='ocrx_word' id='word_1_440' title='bbox 3132 1735 3366 1791; x_wconf 89' lang='lat' dir='ltr'>nomine</span> <span class='ocrx_word' id='word_1_441' title='bbox 3423 1749 3554 1789; x_wconf 85' lang='lat' dir='ltr'>cen-</span> 
     </span>
    </p>
   </div>
   <div class='ocr_carea' id='block_1_64' title="bbox 1914 1826 3555 1903">
    <p class='ocr_par' dir='ltr' id='par_1_64' title="bbox 1914 1826 3555 1903">
     <span class='ocr_line' id='line_1_64' title="bbox 1914 1826 3555 1903; baseline -0.007 -14"><span class='ocrx_word' id='word_1_442' title='bbox 1914 1838 2140 1900; x_wconf 86' lang='lat' dir='ltr'>sentur,</span> <span class='ocrx_word' id='word_1_443' title='bbox 2172 1832 2360 1888; x_wconf 86' lang='lat' dir='ltr'>facere</span> <span class='ocrx_word' id='word_1_444' title='bbox 2391 1832 2664 1903; x_wconf 82' lang='lat' dir='ltr'>cuiquam</span> <span class='ocrx_word' id='word_1_445' title='bbox 2700 1826 2976 1899; x_wconf 75' lang='lat' dir='ltr'>iniuriam</span> <span class='ocrx_word' id='word_1_446' title='bbox 3010 1826 3239 1892; x_wconf 87' lang='lat' dir='ltr'>audeat,</span> <span class='ocrx_word' id='word_1_447' title='bbox 3272 1828 3555 1879; x_wconf 88' lang='lat' dir='ltr'>terrorem</span> 
     </span>
    </p>
   </div>
   <div class='ocr_carea' id='block_1_65' title="bbox 1908 1912 3554 1993">
    <p class='ocr_par' dir='ltr' id='par_1_65' title="bbox 1908 1912 3554 1993">
     <span class='ocr_line' id='line_1_65' title="bbox 1908 1912 3554 1993; baseline -0.007 -16"><span class='ocrx_word' id='word_1_448' title='bbox 1908 1928 1964 1977; x_wconf 89' lang='lat' dir='ltr'>et</span> <span class='ocrx_word' id='word_1_449' title='bbox 1992 1922 2324 1978; x_wconf 89' lang='lat' dir='ltr'>cautionem</span> <span class='ocrx_word' id='word_1_450' title='bbox 2362 1919 2777 1993; x_wconf 88' lang='lat' dir='ltr'>imposuimus.</span> <span class='ocrx_word' id='word_1_451' title='bbox 2814 1916 2959 1981; x_wconf 89' lang='lat' dir='ltr'>Quia</span> <span class='ocrx_word' id='word_1_452' title='bbox 2990 1916 3049 1971; x_wconf 90' lang='lat' dir='ltr'>in</span> <span class='ocrx_word' id='word_1_453' title='bbox 3081 1914 3191 1971; x_wconf 90' lang='lat' dir='ltr'>hoc</span> <span class='ocrx_word' id='word_1_454' title='bbox 3210 1912 3387 1986; x_wconf 82' lang='lat' dir='ltr'>regali</span> <span class='ocrx_word' id='word_1_455' title='bbox 3419 1928 3554 1967; x_wconf 88' lang='lat' dir='ltr'>con-</span> 
     </span>
    </p>
   </div>
   <div class='ocr_carea' id='block_1_66' title="bbox 1906 2000 3554 2077">
    <p class='ocr_par' dir='ltr' id='par_1_66' title="bbox 1906 2000 3554 2077">
     <span class='ocr_line' id='line_1_66' title="bbox 1906 2000 3554 2077; baseline -0.007 -11"><span class='ocrx_word' id='word_1_456' title='bbox 1906 2011 2037 2066; x_wconf 91' lang='lat' dir='ltr'>cilio</span> <span class='ocrx_word' id='word_1_457' title='bbox 2071 2012 2366 2066; x_wconf 89' lang='lat' dir='ltr'>decretum</span> <span class='ocrx_word' id='word_1_458' title='bbox 2402 2014 2510 2076; x_wconf 91' lang='lat' dir='ltr'>est,</span> <span class='ocrx_word' id='word_1_459' title='bbox 2575 2013 2637 2063; x_wconf 88' lang='lat' dir='ltr'>ut</span> <span class='ocrx_word' id='word_1_460' title='bbox 2693 2008 2741 2061; x_wconf 89' lang='lat' dir='ltr'>si</span> <span class='ocrx_word' id='word_1_461' title='bbox 2798 2004 2931 2077; x_wconf 90' lang='lat' dir='ltr'>quis</span> <span class='ocrx_word' id='word_1_462' title='bbox 2992 2004 3140 2059; x_wconf 89' lang='lat' dir='ltr'>liber</span> <span class='ocrx_word' id='word_1_463' title='bbox 3195 2000 3554 2058; x_wconf 89' lang='lat' dir='ltr'>connubium</span> 
     </span>
    </p>
   </div>
   <div class='ocr_carea' id='block_1_67' title="bbox 1906 2090 3553 2169">
    <p class='ocr_par' dir='ltr' id='par_1_67' title="bbox 1906 2090 3553 2169">
     <span class='ocr_line' id='line_1_67' title="bbox 1906 2090 3553 2169; baseline -0.008 -13"><span class='ocrx_word' id='word_1_464' title='bbox 1906 2099 2127 2156; x_wconf 64' lang='lat' dir='ltr'>ancillae</span> <span class='ocrx_word' id='word_1_465' title='bbox 2159 2099 2425 2169; x_wconf 86' lang='lat' dir='ltr'>alterius,</span> <span class='ocrx_word' id='word_1_466' title='bbox 2459 2098 2677 2153; x_wconf 84' lang='lat' dir='ltr'>sciente</span> <span class='ocrx_word' id='word_1_467' title='bbox 2711 2095 2948 2151; x_wconf 90' lang='lat' dir='ltr'>domino</span> <span class='ocrx_word' id='word_1_468' title='bbox 3001 2091 3244 2160; x_wconf 69' lang='lat' dir='ltr'>ancillas,</span> <span class='ocrx_word' id='word_1_469' title='bbox 3295 2090 3553 2163; x_wconf 87' lang='lat' dir='ltr'>elegerit,</span> 
     </span>
    </p>
   </div>
   <div class='ocr_carea' id='block_1_68' title="bbox 1906 2179 3555 2264">
    <p class='ocr_par' dir='ltr' id='par_1_68' title="bbox 1906 2179 3555 2264">
     <span class='ocr_line' id='line_1_68' title="bbox 1906 2179 3555 2264; baseline -0.008 -19"><span class='ocrx_word' id='word_1_470' title='bbox 1906 2190 2132 2264; x_wconf 88' lang='lat' dir='ltr'>perdita</span> <span class='ocrx_word' id='word_1_471' title='bbox 2162 2207 2278 2245; x_wconf 71' lang='lat' dir='ltr'>sua:</span> <span class='ocrx_word' id='word_1_472' title='bbox 2296 2188 2585 2244; x_wconf 75' lang='lat' dir='ltr'>libertatis</span> <span class='ocrx_word' id='word_1_473' title='bbox 2602 2184 2909 2249; x_wconf 82' lang='lat' dir='ltr'>industria,</span> <span class='ocrx_word' id='word_1_474' title='bbox 2928 2186 3247 2255; x_wconf 89' lang='lat' dir='ltr'>perpetuus</span> <span class='ocrx_word' id='word_1_475' title='bbox 3264 2179 3555 2235; x_wconf 80' lang='lat' dir='ltr'>efficiatur</span> 
     </span>
    </p>
   </div>
   <div class='ocr_carea' id='block_1_69' title="bbox 1901 2297 2122 2337">
    <p class='ocr_par' dir='ltr' id='par_1_69' title="bbox 1901 2297 2122 2337">
     <span class='ocr_line' id='line_1_69' title="bbox 1901 2297 2122 2337; baseline -0.005 -1"><span class='ocrx_word' id='word_1_476' title='bbox 1901 2297 2122 2337; x_wconf 76' lang='lat' dir='ltr'>SBPVUS.</span> 
     </span>
    </p>
   </div>
   <div class='ocr_carea' id='block_1_70' title="bbox 1972 2360 3552 2435">
    <p class='ocr_par' dir='ltr' id='par_1_70' title="bbox 1972 2360 3552 2435">
     <span class='ocr_line' id='line_1_70' title="bbox 1972 2360 3552 2435; baseline -0.008 -10"><span class='ocrx_word' id='word_1_477' title='bbox 1972 2370 2106 2425; x_wconf 74' lang='lat' dir='ltr'>CAP.</span> <span class='ocrx_word' id='word_1_478' title='bbox 2130 2369 2368 2424; x_wconf 80' lang='lat' dir='ltr'><strong>XXVIII.</strong></span> <span class='ocrx_word' id='word_1_479' title='bbox 2405 2368 2511 2435; x_wconf 83' lang='lat' dir='ltr'>Qui</span> <span class='ocrx_word' id='word_1_480' title='bbox 2540 2375 2694 2421; x_wconf 66' lang='lat' dir='ltr'>extra</span> <span class='ocrx_word' id='word_1_481' title='bbox 2725 2380 2952 2435; x_wconf 79' lang='lat' dir='ltr'>regnum</span> <span class='ocrx_word' id='word_1_482' title='bbox 3009 2380 3043 2417; x_wconf 81' lang='grc' dir='ltr'>(ι</span> <span class='ocrx_word' id='word_1_483' title='bbox 3088 2361 3205 2416; x_wconf 81' lang='lat' dir='ltr'>suis</span> <span class='ocrx_word' id='word_1_484' title='bbox 3249 2360 3552 2431; x_wconf 77' lang='lat' dir='ltr'>aufugiunt</span> 
     </span>
    </p>
   </div>
   <div class='ocr_carea' id='block_1_71' title="bbox 1903 2449 3552 2529">
    <p class='ocr_par' dir='ltr' id='par_1_71' title="bbox 1903 2449 3552 2529">
     <span class='ocr_line' id='line_1_71' title="bbox 1903 2449 3552 2529; baseline -0.007 -14"><span class='ocrx_word' id='word_1_485' title='bbox 1903 2460 2186 2515; x_wconf 75' lang='lat' dir='ltr'>uxoribus.</span> <span class='ocrx_word' id='word_1_486' title='bbox 2222 2458 2295 2513; x_wconf 92' lang='lat' dir='ltr'>Ut</span> <span class='ocrx_word' id='word_1_487' title='bbox 2324 2474 2511 2529; x_wconf 88' lang='lat' dir='ltr'>genus</span> <span class='ocrx_word' id='word_1_488' title='bbox 2541 2456 2847 2525; x_wconf 85' lang='lat' dir='ltr'>utriusque</span> <span class='ocrx_word' id='word_1_489' title='bbox 2879 2468 3074 2517; x_wconf 86' lang='lat' dir='ltr'>sexus,</span> <span class='ocrx_word' id='word_1_490' title='bbox 3108 2453 3264 2505; x_wconf 89' lang='lat' dir='ltr'>certa</span> <span class='ocrx_word' id='word_1_491' title='bbox 3288 2449 3434 2521; x_wconf 88' lang='lat' dir='ltr'>lege,</span> <span class='ocrx_word' id='word_1_492' title='bbox 3494 2452 3552 2504; x_wconf 92' lang='lat' dir='ltr'>et</span> 
     </span>
    </p>
   </div>
   <div class='ocr_carea' id='block_1_72' title="bbox 1901 2537 3549 2621">
    <p class='ocr_par' dir='ltr' id='par_1_72' title="bbox 1901 2537 3549 2621">
     <span class='ocr_line' id='line_1_72' title="bbox 1901 2537 3549 2621; baseline -0.005 -18"><span class='ocrx_word' id='word_1_493' title='bbox 1901 2550 2123 2621; x_wconf 85' lang='lat' dir='ltr'>absque</span> <span class='ocrx_word' id='word_1_494' title='bbox 2152 2546 2386 2619; x_wconf 89' lang='lat' dir='ltr'>injuriis</span> <span class='ocrx_word' id='word_1_495' title='bbox 2418 2548 2649 2601; x_wconf 88' lang='lat' dir='ltr'>maneat</span> <span class='ocrx_word' id='word_1_496' title='bbox 2677 2547 2733 2599; x_wconf 89' lang='lat' dir='ltr'>et</span> <span class='ocrx_word' id='word_1_497' title='bbox 2760 2542 2973 2614; x_wconf 86' lang='lat' dir='ltr'>vigeat,</span> <span class='ocrx_word' id='word_1_498' title='bbox 3005 2541 3064 2595; x_wconf 91' lang='lat' dir='ltr'>in</span> <span class='ocrx_word' id='word_1_499' title='bbox 3096 2540 3204 2596; x_wconf 91' lang='lat' dir='ltr'>hoc</span> <span class='ocrx_word' id='word_1_500' title='bbox 3236 2537 3415 2612; x_wconf 86' lang='lat' dir='ltr'>regali</span> <span class='ocrx_word' id='word_1_501' title='bbox 3447 2539 3549 2594; x_wconf 90' lang='lat' dir='ltr'>de-</span> 
     </span>
    </p>
   </div>
   <div class='ocr_carea' id='block_1_73' title="bbox 1901 2627 3542 2704">
    <p class='ocr_par' dir='ltr' id='par_1_73' title="bbox 1901 2627 3542 2704">
     <span class='ocr_line' id='line_1_73' title="bbox 1901 2627 3542 2704; baseline -0.006 -11"><span class='ocrx_word' id='word_1_502' title='bbox 1901 2643 2055 2693; x_wconf 90' lang='lat' dir='ltr'>creto</span> <span class='ocrx_word' id='word_1_503' title='bbox 2088 2640 2375 2693; x_wconf 88' lang='lat' dir='ltr'>statutum</span> <span class='ocrx_word' id='word_1_504' title='bbox 2406 2640 2514 2700; x_wconf 86' lang='lat' dir='ltr'>est,</span> <span class='ocrx_word' id='word_1_505' title='bbox 2541 2633 2665 2689; x_wconf 87' lang='lat' dir='ltr'>utsi</span> <span class='ocrx_word' id='word_1_506' title='bbox 2690 2632 2824 2704; x_wconf 89' lang='lat' dir='ltr'>quis</span> <span class='ocrx_word' id='word_1_507' title='bbox 2849 2629 3223 2703; x_wconf 89' lang='lat' dir='ltr'>protervitate</span> <span class='ocrx_word' id='word_1_508' title='bbox 3243 2627 3542 2701; x_wconf 69' lang='lat' dir='ltr'>praeditus,</span> 
     </span>
    </p>
   </div>
   <div class='ocr_carea' id='block_1_74' title="bbox 1899 2717 3543 2800">
    <p class='ocr_par' dir='ltr' id='par_1_74' title="bbox 1899 2717 3543 2800">
     <span class='ocr_line' id='line_1_74' title="bbox 1899 2717 3543 2800; baseline -0.007 -18"><span class='ocrx_word' id='word_1_509' title='bbox 1899 2732 2135 2800; x_wconf 86' lang='lat' dir='ltr'>propter</span> <span class='ocrx_word' id='word_1_510' title='bbox 2155 2724 2647 2781; x_wconf 88' lang='lat' dir='ltr'>abominationem</span> <span class='ocrx_word' id='word_1_511' title='bbox 2698 2720 2895 2776; x_wconf 84' lang='lat' dir='ltr'>uxoris</span> <span class='ocrx_word' id='word_1_512' title='bbox 2950 2718 3200 2791; x_wconf 89' lang='lat' dir='ltr'>patriam</span> <span class='ocrx_word' id='word_1_513' title='bbox 3257 2717 3543 2790; x_wconf 78' lang='lat' dir='ltr'>elfugerit,</span> 
     </span>
    </p>
   </div>
   <div class='ocr_carea' id='block_1_75' title="bbox 1899 2807 3544 2886">
    <p class='ocr_par' dir='ltr' id='par_1_75' title="bbox 1899 2807 3544 2886">
     <span class='ocr_line' id='line_1_75' title="bbox 1899 2807 3544 2886; baseline -0.006 -14"><span class='ocrx_word' id='word_1_514' title='bbox 1899 2834 2043 2871; x_wconf 79' lang='lat' dir='ltr'>uxor</span> <span class='ocrx_word' id='word_1_515' title='bbox 2073 2820 2303 2883; x_wconf 89' lang='lat' dir='ltr'>cuncta,</span> <span class='ocrx_word' id='word_1_516' title='bbox 2338 2831 2464 2886; x_wconf 68' lang='lat' dir='ltr'>quae</span> <span class='ocrx_word' id='word_1_517' title='bbox 2495 2812 2554 2866; x_wconf 90' lang='lat' dir='ltr'>in</span> <span class='ocrx_word' id='word_1_518' title='bbox 2589 2813 2871 2884; x_wconf 87' lang='lat' dir='ltr'>potestate</span> <span class='ocrx_word' id='word_1_519' title='bbox 2903 2808 3095 2863; x_wconf 89' lang='lat' dir='ltr'>mariti</span> <span class='ocrx_word' id='word_1_520' title='bbox 3153 2807 3544 2873; x_wconf 89' lang='lat' dir='ltr'>habebantur,</span> 
     </span>
    </p>
   </div>
   <div class='ocr_carea' id='block_1_76' title="bbox 1900 2896 3544 2977">
    <p class='ocr_par' dir='ltr' id='par_1_76' title="bbox 1900 2896 3544 2977">
     <span class='ocr_line' id='line_1_76' title="bbox 1900 2896 3544 2977; baseline -0.007 -16"><span class='ocrx_word' id='word_1_521' title='bbox 1900 2905 2215 2977; x_wconf 85' lang='lat' dir='ltr'>possideat,</span> <span class='ocrx_word' id='word_1_522' title='bbox 2250 2904 2391 2958; x_wconf 91' lang='lat' dir='ltr'>dum</span> <span class='ocrx_word' id='word_1_523' title='bbox 2422 2900 2561 2958; x_wconf 89' lang='lat' dir='ltr'>velit</span> <span class='ocrx_word' id='word_1_524' title='bbox 2590 2902 2922 2972; x_wconf 84' lang='lat' dir='ltr'>exspectare</span> <span class='ocrx_word' id='word_1_525' title='bbox 2949 2896 3140 2952; x_wconf 88' lang='lat' dir='ltr'>virum</span> <span class='ocrx_word' id='word_1_526' title='bbox 3167 2914 3180 2966; x_wconf 89' lang='lat'><strong>;</strong></span> <span class='ocrx_word' id='word_1_527' title='bbox 3212 2899 3269 2952; x_wconf 89' lang='lat' dir='ltr'>et</span> <span class='ocrx_word' id='word_1_528' title='bbox 3291 2896 3412 2966; x_wconf 85' lang='lat' dir='ltr'>[al.,</span> <span class='ocrx_word' id='word_1_529' title='bbox 3460 2896 3544 2966; x_wconf 90' lang='lat' dir='ltr'>ut]</span> 
     </span>
    </p>
   </div>
   <div class='ocr_carea' id='block_1_77' title="bbox 1898 2984 3544 3063">
    <p class='ocr_par' dir='ltr' id='par_1_77' title="bbox 1898 2984 3544 3063">
     <span class='ocr_line' id='line_1_77' title="bbox 1898 2984 3544 3063; baseline -0.006 -14"><span class='ocrx_word' id='word_1_530' title='bbox 1898 3011 2067 3049; x_wconf 92' lang='lat' dir='ltr'>nemo</span> <span class='ocrx_word' id='word_1_531' title='bbox 2091 2994 2148 3047; x_wconf 91' lang='lat' dir='ltr'>in</span> <span class='ocrx_word' id='word_1_532' title='bbox 2170 2992 2327 3048; x_wconf 90' lang='lat' dir='ltr'>aliud</span> <span class='ocrx_word' id='word_1_533' title='bbox 2346 2989 2687 3063; x_wconf 89' lang='lat' dir='ltr'>conjugium</span> <span class='ocrx_word' id='word_1_534' title='bbox 2707 3006 2833 3045; x_wconf 90' lang='lat' dir='ltr'>eam</span> <span class='ocrx_word' id='word_1_535' title='bbox 2852 3002 3056 3058; x_wconf 90' lang='lat' dir='ltr'>cogere</span> <span class='ocrx_word' id='word_1_536' title='bbox 3076 2989 3410 3059; x_wconf 61' lang='lat' dir='ltr'>praesumat.</span> <span class='ocrx_word' id='word_1_537' title='bbox 3434 2984 3544 3040; x_wconf 85' lang='lat' dir='ltr'>Sed</span> 
     </span>
    </p>
   </div>
   <div class='ocr_carea' id='block_1_78' title="bbox 1896 3072 3547 3154">
    <p class='ocr_par' dir='ltr' id='par_1_78' title="bbox 1896 3072 3547 3154">
     <span class='ocr_line' id='line_1_78' title="bbox 1896 3072 3547 3154; baseline -0.005 -16"><span class='ocrx_word' id='word_1_538' title='bbox 1896 3084 2018 3154; x_wconf 90' lang='lat' dir='ltr'>[al.,</span> <span class='ocrx_word' id='word_1_539' title='bbox 2052 3084 2131 3152; x_wconf 88' lang='lat' dir='ltr'>et]</span> <span class='ocrx_word' id='word_1_540' title='bbox 2164 3081 2211 3136; x_wconf 88' lang='lat' dir='ltr'>si</span> <span class='ocrx_word' id='word_1_541' title='bbox 2245 3085 2451 3153; x_wconf 90' lang='lat' dir='ltr'>sponte</span> <span class='ocrx_word' id='word_1_542' title='bbox 2484 3080 2703 3134; x_wconf 90' lang='lat' dir='ltr'>nubere</span> <span class='ocrx_word' id='word_1_543' title='bbox 2735 3077 2888 3141; x_wconf 85' lang='lat' dir='ltr'>velit,</span> <span class='ocrx_word' id='word_1_544' title='bbox 2920 3076 3093 3131; x_wconf 87' lang='lat' dir='ltr'>liceat</span> <span class='ocrx_word' id='word_1_545' title='bbox 3123 3072 3547 3146; x_wconf 32' lang='lat' dir='ltr'>sibiisumptis</span> 
     </span>
    </p>
   </div>
   <div class='ocr_carea' id='block_1_79' title="bbox 1895 3161 3544 3243">
    <p class='ocr_par' dir='ltr' id='par_1_79' title="bbox 1895 3161 3544 3243">
     <span class='ocr_line' id='line_1_79' title="bbox 1895 3161 3544 3243; baseline -0.006 -16"><span class='ocrx_word' id='word_1_546' title='bbox 1895 3170 2173 3243; x_wconf 89' lang='lat' dir='ltr'>congruis</span> <span class='ocrx_word' id='word_1_547' title='bbox 2223 3167 2606 3236; x_wconf 85' lang='lat' dir='ltr'>vestimentis,</span> <span class='ocrx_word' id='word_1_548' title='bbox 2653 3170 2709 3221; x_wconf 90' lang='lat' dir='ltr'>et</span> <span class='ocrx_word' id='word_1_549' title='bbox 2755 3164 3017 3220; x_wconf 86' lang='lat' dir='ltr'>dimissis</span> <span class='ocrx_word' id='word_1_550' title='bbox 3064 3163 3285 3218; x_wconf 76' lang='lat' dir='ltr'>caeteris</span> <span class='ocrx_word' id='word_1_551' title='bbox 3352 3161 3544 3231; x_wconf 87' lang='lat' dir='ltr'>bonis,</span> 
     </span>
    </p>
   </div>
   <div class='ocr_carea' id='block_1_80' title="bbox 1896 3250 3540 3321">
    <p class='ocr_par' dir='ltr' id='par_1_80' title="bbox 1896 3250 3540 3321">
     <span class='ocr_line' id='line_1_80' title="bbox 1896 3250 3540 3321; baseline -0.007 -6"><span class='ocrx_word' id='word_1_552' title='bbox 1896 3261 1964 3315; x_wconf 90' lang='lat' dir='ltr'>ad</span> <span class='ocrx_word' id='word_1_553' title='bbox 1996 3258 2355 3315; x_wconf 89' lang='lat' dir='ltr'>connubium</span> <span class='ocrx_word' id='word_1_554' title='bbox 2387 3256 2488 3312; x_wconf 91' lang='lat' dir='ltr'>ire.</span> <span class='ocrx_word' id='word_1_555' title='bbox 2515 3256 2583 3310; x_wconf 88' lang='lat' dir='ltr'>Et</span> <span class='ocrx_word' id='word_1_556' title='bbox 2604 3256 2651 3310; x_wconf 91' lang='lat' dir='ltr'>si</span> <span class='ocrx_word' id='word_1_557' title='bbox 2699 3255 2806 3321; x_wconf 89' lang='lat' dir='ltr'>vir,</span> <span class='ocrx_word' id='word_1_558' title='bbox 2859 3253 2969 3309; x_wconf 90' lang='lat' dir='ltr'>hoc</span> <span class='ocrx_word' id='word_1_559' title='bbox 3014 3252 3233 3319; x_wconf 88' lang='lat' dir='ltr'>audito,</span> <span class='ocrx_word' id='word_1_560' title='bbox 3284 3250 3540 3314; x_wconf 88' lang='lat' dir='ltr'>redierit,</span> 
     </span>
    </p>
   </div>
   <div class='ocr_carea' id='block_1_81' title="bbox 1896 3338 3541 3414">
    <p class='ocr_par' dir='ltr' id='par_1_81' title="bbox 1896 3338 3541 3414">
     <span class='ocr_line' id='line_1_81' title="bbox 1896 3338 3541 3414; baseline -0.007 -11"><span class='ocrx_word' id='word_1_561' title='bbox 1896 3366 1966 3404; x_wconf 88' lang='lat' dir='ltr'>ne</span> <span class='ocrx_word' id='word_1_562' title='bbox 1998 3348 2168 3404; x_wconf 90' lang='lat' dir='ltr'>liceat</span> <span class='ocrx_word' id='word_1_563' title='bbox 2198 3347 2310 3403; x_wconf 90' lang='lat' dir='ltr'>sibi</span> <span class='ocrx_word' id='word_1_564' title='bbox 2343 3345 2520 3401; x_wconf 90' lang='lat' dir='ltr'>aliam</span> <span class='ocrx_word' id='word_1_565' title='bbox 2547 3345 2778 3409; x_wconf 91' lang='lat' dir='ltr'>ducere,</span> <span class='ocrx_word' id='word_1_566' title='bbox 2812 3347 3046 3414; x_wconf 88' lang='lat' dir='ltr'>propter</span> <span class='ocrx_word' id='word_1_567' title='bbox 3071 3357 3243 3396; x_wconf 86' lang='lat' dir='ltr'>suam</span> <span class='ocrx_word' id='word_1_568' title='bbox 3304 3338 3541 3411; x_wconf 88' lang='lat' dir='ltr'>culpam</span> 
     </span>
    </p>
   </div>
   <div class='ocr_carea' id='block_1_82' title="bbox 1896 3427 3538 3508">
    <p class='ocr_par' dir='ltr' id='par_1_82' title="bbox 1896 3427 3538 3508">
     <span class='ocr_line' id='line_1_82' title="bbox 1896 3427 3538 3508; baseline -0.007 -16"><span class='ocrx_word' id='word_1_569' title='bbox 1896 3439 2016 3508; x_wconf 82' lang='lat' dir='ltr'>[al.,</span> <span class='ocrx_word' id='word_1_570' title='bbox 2051 3441 2259 3508; x_wconf 63' lang='lat' dir='ltr'>praeter</span> <span class='ocrx_word' id='word_1_571' title='bbox 2288 3434 2500 3505; x_wconf 86' lang='lat' dir='ltr'>suam],</span> <span class='ocrx_word' id='word_1_572' title='bbox 2529 3433 2641 3488; x_wconf 89' lang='lat' dir='ltr'>nisi</span> <span class='ocrx_word' id='word_1_573' title='bbox 2674 3449 2808 3487; x_wconf 92' lang='lat' dir='ltr'>cum</span> <span class='ocrx_word' id='word_1_574' title='bbox 2826 3430 3063 3486; x_wconf 89' lang='lat' dir='ltr'>licentia</span> <span class='ocrx_word' id='word_1_575' title='bbox 3087 3427 3343 3500; x_wconf 90' lang='lat' dir='ltr'>episcopi</span> <span class='ocrx_word' id='word_1_576' title='bbox 3368 3427 3538 3499; x_wconf 77' lang='lat' dir='ltr'>(M3).</span> 
     </span>
    </p>
   </div>
   <div class='ocr_carea' id='block_1_83' title="bbox 1967 3517 3539 3593">
    <p class='ocr_par' dir='ltr' id='par_1_83' title="bbox 1967 3517 3539 3593">
     <span class='ocr_line' id='line_1_83' title="bbox 1967 3517 3539 3593; baseline -0.005 -14"><span class='ocrx_word' id='word_1_577' title='bbox 1967 3531 2097 3581; x_wconf 82' lang='lat' dir='ltr'>CAP.</span> <span class='ocrx_word' id='word_1_578' title='bbox 2127 3524 2310 3579; x_wconf 83' lang='lat' dir='ltr'><strong>XXIX.</strong></span> <span class='ocrx_word' id='word_1_579' title='bbox 2340 3525 2414 3579; x_wconf 88' lang='lat' dir='ltr'>De</span> <span class='ocrx_word' id='word_1_580' title='bbox 2442 3525 2593 3593; x_wconf 81' lang='lat' dir='ltr'>furto</span> <span class='ocrx_word' id='word_1_581' title='bbox 2623 3522 2927 3576; x_wconf 80' lang='lat' dir='ltr'>mulierum</span> <span class='ocrx_word' id='word_1_582' title='bbox 2955 3520 3361 3574; x_wconf 85' lang='lat' dir='ltr'>maritalarum.</span> <span class='ocrx_word' id='word_1_583' title='bbox 3393 3517 3539 3572; x_wconf 88' lang='lat' dir='ltr'>Cum</span> 
     </span>
    </p>
   </div>
   <div class='ocr_carea' id='block_1_84' title="bbox 1893 3605 3541 3687">
    <p class='ocr_par' dir='ltr' id='par_1_84' title="bbox 1893 3605 3541 3687">
     <span class='ocr_line' id='line_1_84' title="bbox 1893 3605 3541 3687; baseline -0.006 -16"><span class='ocrx_word' id='word_1_584' title='bbox 1893 3616 2073 3687; x_wconf 86' lang='lat' dir='ltr'>igitur</span> <span class='ocrx_word' id='word_1_585' title='bbox 2097 3613 2323 3669; x_wconf 86' lang='lat' dir='ltr'>cunctis</span> <span class='ocrx_word' id='word_1_586' title='bbox 2356 3611 2730 3678; x_wconf 86' lang='lat' dir='ltr'>horrendum,</span> <span class='ocrx_word' id='word_1_587' title='bbox 2763 3615 2818 3665; x_wconf 79' lang='lat' dir='ltr'>et</span> <span class='ocrx_word' id='word_1_588' title='bbox 2849 3608 3124 3665; x_wconf 87' lang='lat' dir='ltr'>omnibus</span> <span class='ocrx_word' id='word_1_589' title='bbox 3149 3605 3541 3662; x_wconf 87' lang='lat' dir='ltr'>abominabile</span> 
     </span>
    </p>
   </div>
   <div class='ocr_carea' id='block_1_85' title="bbox 1890 3698 3541 3772">
    <p class='ocr_par' dir='ltr' id='par_1_85' title="bbox 1890 3698 3541 3772">
     <span class='ocr_line' id='line_1_85' title="bbox 1890 3698 3541 3772; baseline -0.005 -12"><span class='ocrx_word' id='word_1_590' title='bbox 1890 3704 1985 3771; x_wconf 77' lang='lat' dir='ltr'>sit,</span> <span class='ocrx_word' id='word_1_591' title='bbox 2017 3703 2243 3759; x_wconf 89' lang='lat' dir='ltr'>virilem</span> <span class='ocrx_word' id='word_1_592' title='bbox 2278 3718 2478 3758; x_wconf 83' lang='lat' dir='ltr'>sexum</span> <span class='ocrx_word' id='word_1_593' title='bbox 2515 3704 2808 3772; x_wconf 86' lang='lat' dir='ltr'>repertum</span> <span class='ocrx_word' id='word_1_594' title='bbox 2841 3698 3045 3754; x_wconf 79' lang='lat' dir='ltr'>fecisse</span> <span class='ocrx_word' id='word_1_595' title='bbox 3063 3698 3305 3764; x_wconf 90' lang='lat' dir='ltr'>furtum,</span> <span class='ocrx_word' id='word_1_596' title='bbox 3330 3700 3387 3751; x_wconf 90' lang='lat' dir='ltr'>et</span> <span class='ocrx_word' id='word_1_597' title='bbox 3421 3710 3541 3751; x_wconf 82' lang='lat' dir='ltr'>ma-</span> 
     </span>
    </p>
   </div>
   <div class='ocr_carea' id='block_1_86' title="bbox 1886 3784 3534 3866">
    <p class='ocr_par' dir='ltr' id='par_1_86' title="bbox 1886 3784 3534 3866">
     <span class='ocr_line' id='line_1_86' title="bbox 1886 3784 3534 3866; baseline -0.007 -17"><span class='ocrx_word' id='word_1_598' title='bbox 1886 3795 1978 3866; x_wconf 88' lang='lat' dir='ltr'>gis</span> <span class='ocrx_word' id='word_1_599' title='bbox 2001 3792 2305 3865; x_wconf 88' lang='lat' dir='ltr'>magisque</span> <span class='ocrx_word' id='word_1_600' title='bbox 2335 3807 2538 3847; x_wconf 85' lang='lat' dir='ltr'>sexum</span> <span class='ocrx_word' id='word_1_601' title='bbox 2570 3789 2886 3845; x_wconf 87' lang='lat' dir='ltr'>femineum</span> <span class='ocrx_word' id='word_1_602' title='bbox 2907 3807 2919 3843; x_wconf 96' lang='lat'>:</span> <span class='ocrx_word' id='word_1_603' title='bbox 2941 3786 3265 3843; x_wconf 89' lang='lat' dir='ltr'>secundum</span> <span class='ocrx_word' id='word_1_604' title='bbox 3279 3784 3534 3857; x_wconf 88' lang='lat' dir='ltr'>regalem</span> 
     </span>
    </p>
   </div>
   <div class='ocr_carea' id='block_1_87' title="bbox 1888 3873 3545 3948">
    <p class='ocr_par' dir='ltr' id='par_1_87' title="bbox 1888 3873 3545 3948">
     <span class='ocr_line' id='line_1_87' title="bbox 1888 3873 3545 3948; baseline -0.006 -10"><span class='ocrx_word' id='word_1_605' title='bbox 1888 3886 2158 3939; x_wconf 88' lang='lat' dir='ltr'>senatum</span> <span class='ocrx_word' id='word_1_606' title='bbox 2191 3882 2490 3937; x_wconf 86' lang='lat' dir='ltr'>decretum</span> <span class='ocrx_word' id='word_1_607' title='bbox 2523 3882 2632 3945; x_wconf 89' lang='lat' dir='ltr'>est,</span> <span class='ocrx_word' id='word_1_608' title='bbox 2666 3883 2731 3933; x_wconf 88' lang='lat' dir='ltr'>ut</span> <span class='ocrx_word' id='word_1_609' title='bbox 2752 3877 2801 3934; x_wconf 90' lang='lat' dir='ltr'>si</span> <span class='ocrx_word' id='word_1_610' title='bbox 2819 3877 3018 3948; x_wconf 88' lang='lat' dir='ltr'>aliqua</span> <span class='ocrx_word' id='word_1_611' title='bbox 3034 3874 3247 3931; x_wconf 91' lang='lat' dir='ltr'>mulier</span> <span class='ocrx_word' id='word_1_612' title='bbox 3265 3873 3545 3929; x_wconf 84' lang='lat' dir='ltr'>maritata</span> 
     </span>
    </p>
   </div>
   <div class='ocr_carea' id='block_1_88' title="bbox 1888 3963 3540 4035">
    <p class='ocr_par' dir='ltr' id='par_1_88' title="bbox 1888 3963 3540 4035">
     <span class='ocr_line' id='line_1_88' title="bbox 1888 3963 3540 4035; baseline -0.005 -10"><span class='ocrx_word' id='word_1_613' title='bbox 1888 3971 2109 4025; x_wconf 88' lang='lat' dir='ltr'>furtum</span> <span class='ocrx_word' id='word_1_614' title='bbox 2142 3967 2522 4035; x_wconf 90' lang='lat' dir='ltr'>commiserit,</span> <span class='ocrx_word' id='word_1_615' title='bbox 2558 3985 2593 4022; x_wconf 90' lang='lat' dir='ltr'>a</span> <span class='ocrx_word' id='word_1_616' title='bbox 2622 3966 2832 4022; x_wconf 88' lang='lat' dir='ltr'>marito</span> <span class='ocrx_word' id='word_1_617' title='bbox 2864 3964 3187 4020; x_wconf 88' lang='lat' dir='ltr'>redimatur</span> <span class='ocrx_word' id='word_1_618' title='bbox 3209 3981 3226 4016; x_wconf 92' lang='lat'>:</span> <span class='ocrx_word' id='word_1_619' title='bbox 3259 3967 3317 4018; x_wconf 90' lang='lat' dir='ltr'>et</span> <span class='ocrx_word' id='word_1_620' title='bbox 3345 3963 3397 4018; x_wconf 90' lang='lat' dir='ltr'>si</span> <span class='ocrx_word' id='word_1_621' title='bbox 3454 3976 3540 4017; x_wconf 85' lang='lat' dir='ltr'>se-</span> 
     </span>
    </p>
   </div>
   <div class='ocr_carea' id='block_1_89' title="bbox 1887 4051 3540 4129">
    <p class='ocr_par' dir='ltr' id='par_1_89' title="bbox 1887 4051 3540 4129">
     <span class='ocr_line' id='line_1_89' title="bbox 1887 4051 3540 4129; baseline -0.005 -14"><span class='ocrx_word' id='word_1_622' title='bbox 1887 4060 2078 4115; x_wconf 90' lang='lat' dir='ltr'>cundo</span> <span class='ocrx_word' id='word_1_623' title='bbox 2107 4059 2162 4113; x_wconf 91' lang='lat' dir='ltr'>in</span> <span class='ocrx_word' id='word_1_624' title='bbox 2195 4059 2463 4114; x_wconf 87' lang='lat' dir='ltr'>eamdem</span> <span class='ocrx_word' id='word_1_625' title='bbox 2495 4056 2729 4129; x_wconf 88' lang='lat' dir='ltr'>culpam</span> <span class='ocrx_word' id='word_1_626' title='bbox 2762 4052 3051 4122; x_wconf 89' lang='lat' dir='ltr'>inciderit,</span> <span class='ocrx_word' id='word_1_627' title='bbox 3086 4052 3359 4108; x_wconf 89' lang='lat' dir='ltr'>similiter</span> <span class='ocrx_word' id='word_1_628' title='bbox 3388 4051 3540 4107; x_wconf 85' lang='lat' dir='ltr'>redi-</span> 
     </span>
    </p>
   </div>
   <div class='ocr_carea' id='block_1_90' title="bbox 1888 4145 3036 4213">
    <p class='ocr_par' dir='ltr' id='par_1_90' title="bbox 1888 4145 3036 4213">
     <span class='ocr_line' id='line_1_90' title="bbox 1888 4145 3036 4213; baseline -0.005 -10"><span class='ocrx_word' id='word_1_629' title='bbox 1888 4152 2117 4204; x_wconf 88' lang='lat' dir='ltr'>matur:</span> <span class='ocrx_word' id='word_1_630' title='bbox 2152 4148 2203 4202; x_wconf 90' lang='lat' dir='ltr'>si</span> <span class='ocrx_word' id='word_1_631' title='bbox 2235 4164 2390 4213; x_wconf 89' lang='lat' dir='ltr'>vero,</span> <span class='ocrx_word' id='word_1_632' title='bbox 2427 4146 2616 4213; x_wconf 83' lang='lat' dir='ltr'>tertio,</span> <span class='ocrx_word' id='word_1_633' title='bbox 2650 4145 3036 4201; x_wconf 90' lang='lat' dir='ltr'>venundetur.</span> 
     </span>
    </p>
   </div>
   <div class='ocr_carea' id='block_1_91' title="bbox 1959 4229 3542 4301">
    <p class='ocr_par' dir='ltr' id='par_1_91' title="bbox 1959 4229 3542 4301">
     <span class='ocr_line' id='line_1_91' title="bbox 1959 4229 3542 4301; baseline -0.006 -9"><span class='ocrx_word' id='word_1_634' title='bbox 1959 4240 2091 4293; x_wconf 76' lang='lat' dir='ltr'>CAP.</span> <span class='ocrx_word' id='word_1_635' title='bbox 2123 4236 2283 4291; x_wconf 88' lang='lat' dir='ltr'><strong>XXX.</strong></span> <span class='ocrx_word' id='word_1_636' title='bbox 2318 4238 2394 4291; x_wconf 89' lang='lat' dir='ltr'>De</span> <span class='ocrx_word' id='word_1_637' title='bbox 2418 4235 2689 4291; x_wconf 76' lang='lat' dir='ltr'>incendiis</span> <span class='ocrx_word' id='word_1_638' title='bbox 2720 4234 3087 4289; x_wconf 82' lang='lat' dir='ltr'>mansionum.</span> <span class='ocrx_word' id='word_1_639' title='bbox 3139 4232 3199 4286; x_wconf 92' lang='lat' dir='ltr'>Si</span> <span class='ocrx_word' id='word_1_640' title='bbox 3248 4229 3382 4301; x_wconf 91' lang='lat' dir='ltr'>quis</span> <span class='ocrx_word' id='word_1_641' title='bbox 3440 4244 3542 4301; x_wconf 90' lang='lat' dir='ltr'>per</span> 
     </span>
    </p>
   </div>
   <div class='ocr_carea' id='block_1_92' title="bbox 1886 4318 3542 4389">
    <p class='ocr_par' dir='ltr' id='par_1_92' title="bbox 1886 4318 3542 4389">
     <span class='ocr_line' id='line_1_92' title="bbox 1886 4318 3542 4389; baseline -0.006 -9"><span class='ocrx_word' id='word_1_642' title='bbox 1886 4326 2226 4381; x_wconf 88' lang='lat' dir='ltr'>inimicitias</span> <span class='ocrx_word' id='word_1_643' title='bbox 2257 4325 2498 4380; x_wconf 90' lang='lat' dir='ltr'>alterius</span> <span class='ocrx_word' id='word_1_644' title='bbox 2529 4324 2777 4378; x_wconf 76' lang='lat' dir='ltr'>aedificia</span> <span class='ocrx_word' id='word_1_645' title='bbox 2801 4320 3145 4375; x_wconf 87' lang='lat' dir='ltr'>cremaverit</span> <span class='ocrx_word' id='word_1_646' title='bbox 3166 4319 3319 4389; x_wconf 89' lang='lat' dir='ltr'>igne,</span> <span class='ocrx_word' id='word_1_647' title='bbox 3345 4318 3542 4373; x_wconf 88' lang='lat' dir='ltr'>decre-</span> 
     </span>
    </p>
   </div>
   <div class='ocr_carea' id='block_1_93' title="bbox 1882 4404 3540 4479">
    <p class='ocr_par' dir='ltr' id='par_1_93' title="bbox 1882 4404 3540 4479">
     <span class='ocr_line' id='line_1_93' title="bbox 1882 4404 3540 4479; baseline -0.005 -12"><span class='ocrx_word' id='word_1_648' title='bbox 1882 4415 2097 4479; x_wconf 87' lang='lat' dir='ltr'>vimus,</span> <span class='ocrx_word' id='word_1_649' title='bbox 2131 4418 2196 4467; x_wconf 90' lang='lat' dir='ltr'>ut</span> <span class='ocrx_word' id='word_1_650' title='bbox 2209 4413 2452 4468; x_wconf 74' lang='lat' dir='ltr'>aedificia</span> <span class='ocrx_word' id='word_1_651' title='bbox 2464 4410 2841 4479; x_wconf 67' lang='lat' dir='ltr'>restituat,[ct</span> <span class='ocrx_word' id='word_1_652' title='bbox 2857 4408 3135 4479; x_wconf 88' lang='lat' dir='ltr'>quicquid</span> <span class='ocrx_word' id='word_1_653' title='bbox 3152 4404 3540 4476; x_wconf 89' lang='lat' dir='ltr'>supellectilis</span> 
     </span>
    </p>
   </div>
   <div class='ocr_carea' id='block_1_94' title="bbox 1882 4492 3537 4572">
    <p class='ocr_par' dir='ltr' id='par_1_94' title="bbox 1882 4492 3537 4572">
     <span class='ocr_line' id='line_1_94' title="bbox 1882 4492 3537 4572; baseline -0.005 -14"><span class='ocrx_word' id='word_1_654' title='bbox 1882 4519 2078 4558; x_wconf 90' lang='lat' dir='ltr'>arsum</span> <span class='ocrx_word' id='word_1_655' title='bbox 2114 4502 2308 4570; x_wconf 84' lang='lat' dir='ltr'>fuerit,</span> <span class='ocrx_word' id='word_1_656' title='bbox 2345 4498 2652 4572; x_wconf 88' lang='lat' dir='ltr'>persolvat,</span> <span class='ocrx_word' id='word_1_657' title='bbox 2688 4505 2744 4555; x_wconf 79' lang='lat' dir='ltr'>et</span> <span class='ocrx_word' id='word_1_658' title='bbox 2773 4497 3016 4568; x_wconf 88' lang='lat' dir='ltr'>insuper</span> <span class='ocrx_word' id='word_1_659' title='bbox 3046 4492 3297 4550; x_wconf 90' lang='lat' dir='ltr'>sedecim</span> <span class='ocrx_word' id='word_1_660' title='bbox 3321 4493 3537 4565; x_wconf 89' lang='lat' dir='ltr'>juven-</span> 
     </span>
    </p>
   </div>
   <div class='ocr_carea' id='block_1_95' title="bbox 198 4583 2920 4671">
    <p class='ocr_par' dir='ltr' id='par_1_95' title="bbox 198 4583 2920 4671">
     <span class='ocr_line' id='line_1_95' title="bbox 198 4583 2920 4671; baseline 0.002 -38"><span class='ocrx_word' id='word_1_661' title='bbox 198 4583 322 4637; x_wconf 76' lang='lat' dir='ltr'>CAP.</span> <span class='ocrx_word' id='word_1_662' title='bbox 356 4584 555 4655; x_wconf 82' lang='lat' dir='ltr'><strong>XXVI,</strong></span> <span class='ocrx_word' id='word_1_663' title='bbox 587 4586 660 4641; x_wconf 86' lang='lat' dir='ltr'>De</span> <span class='ocrx_word' id='word_1_664' title='bbox 691 4587 881 4642; x_wconf 86' lang='lat' dir='ltr'>liberis</span> <span class='ocrx_word' id='word_1_665' title='bbox 909 4589 1318 4659; x_wconf 75' lang='lat' dir='ltr'>[emicantibus</span> <span class='ocrx_word' id='word_1_666' title='bbox 1363 4606 1489 4644; x_wconf 88' lang='lat' dir='ltr'>cum</span> <span class='ocrx_word' id='word_1_667' title='bbox 1546 4591 1767 4647; x_wconf 85' lang='lat' dir='ltr'>ancillis</span> <span class='ocrx_word' id='word_1_668' title='bbox 1796 4607 1844 4671; x_wconf 66' lang='grc' dir='ltr'>[ι</span> <span class='ocrx_word' id='word_1_669' title='bbox 1880 4592 1984 4661; x_wconf 91' lang='lat' dir='ltr'>cis,</span> <span class='ocrx_word' id='word_1_670' title='bbox 2018 4590 2118 4663; x_wconf 89' lang='lat' dir='ltr'>qui</span> <span class='ocrx_word' id='word_1_671' title='bbox 2150 4589 2342 4645; x_wconf 88' lang='lat' dir='ltr'>valent</span> <span class='ocrx_word' id='word_1_672' title='bbox 2364 4588 2665 4661; x_wconf 85' lang='lat' dir='ltr'>sexaginta</span> <span class='ocrx_word' id='word_1_673' title='bbox 2686 4585 2920 4643; x_wconf 90' lang='lat' dir='ltr'>solidos.</span> 
     </span>
    </p>
   </div>
   <div class='ocr_carea' id='block_1_96' title="bbox 135 4665 1769 4737">
    <p class='ocr_par' dir='ltr' id='par_1_96' title="bbox 135 4665 1769 4737">
     <span class='ocr_line' id='line_1_96' title="bbox 135 4665 1769 4737; baseline 0.012 -19"><span class='ocrx_word' id='word_1_674' title='bbox 135 4665 350 4726; x_wconf 77' lang='lat' dir='ltr'>alterius</span> <span class='ocrx_word' id='word_1_675' title='bbox 405 4673 638 4730; x_wconf 87' lang='lat' dir='ltr'>domini.</span> <span class='ocrx_word' id='word_1_676' title='bbox 670 4674 743 4731; x_wconf 91' lang='lat' dir='ltr'>Ut</span> <span class='ocrx_word' id='word_1_677' title='bbox 766 4674 935 4732; x_wconf 89' lang='lat' dir='ltr'>liberi</span> <span class='ocrx_word' id='word_1_678' title='bbox 956 4693 1124 4732; x_wconf 90' lang='lat' dir='ltr'>suam</span> <span class='ocrx_word' id='word_1_679' title='bbox 1166 4677 1499 4735; x_wconf 86' lang='lat' dir='ltr'>custodiant</span> <span class='ocrx_word' id='word_1_680' title='bbox 1540 4679 1769 4737; x_wconf 87' lang='lat' dir='ltr'>liberta-</span> 
     </span>
    </p>
   </div>
   <div class='ocr_carea' id='block_1_97' title="bbox 133 4756 1766 4838">
    <p class='ocr_par' dir='ltr' id='par_1_97' title="bbox 133 4756 1766 4838">
     <span class='ocr_line' id='line_1_97' title="bbox 133 4756 1766 4838; baseline 0.012 -32"><span class='ocrx_word' id='word_1_681' title='bbox 133 4756 241 4810; x_wconf 88' lang='lat' dir='ltr'>tem</span> <span class='ocrx_word' id='word_1_682' title='bbox 269 4757 814 4832; x_wconf 88' lang='lat' dir='ltr'>iacontaminatam,</span> <span class='ocrx_word' id='word_1_683' title='bbox 840 4765 1111 4823; x_wconf 82' lang='lat' dir='ltr'>volumus</span> <span class='ocrx_word' id='word_1_684' title='bbox 1141 4766 1259 4822; x_wconf 90' lang='lat' dir='ltr'>illis</span> <span class='ocrx_word' id='word_1_685' title='bbox 1282 4783 1493 4838; x_wconf 88' lang='lat' dir='ltr'>ponere</span> <span class='ocrx_word' id='word_1_686' title='bbox 1543 4769 1766 4826; x_wconf 86' lang='lat' dir='ltr'>cautio-</span> 
     </span>
    </p>
   </div>
   <div class='ocr_carea' id='block_1_98' title="bbox 136 4850 1765 4930">
    <p class='ocr_par' dir='ltr' id='par_1_98' title="bbox 136 4850 1765 4930">
     <span class='ocr_line' id='line_1_98' title="bbox 136 4850 1765 4930; baseline 0.01 -33"><span class='ocrx_word' id='word_1_687' title='bbox 136 4857 276 4911; x_wconf 88' lang='lat' dir='ltr'>nem,</span> <span class='ocrx_word' id='word_1_688' title='bbox 309 4864 378 4904; x_wconf 91' lang='lat' dir='ltr'>ne</span> <span class='ocrx_word' id='word_1_689' title='bbox 408 4866 542 4905; x_wconf 89' lang='lat' dir='ltr'>cum</span> <span class='ocrx_word' id='word_1_690' title='bbox 571 4850 780 4908; x_wconf 89' lang='lat' dir='ltr'>alienis</span> <span class='ocrx_word' id='word_1_691' title='bbox 812 4853 1170 4911; x_wconf 86' lang='lat' dir='ltr'>fornicentur</span> <span class='ocrx_word' id='word_1_692' title='bbox 1200 4855 1449 4912; x_wconf 89' lang='lat' dir='ltr'>ancillis.</span> <span class='ocrx_word' id='word_1_693' title='bbox 1512 4857 1571 4913; x_wconf 91' lang='lat' dir='ltr'>Si</span> <span class='ocrx_word' id='word_1_694' title='bbox 1633 4857 1765 4930; x_wconf 91' lang='lat' dir='ltr'>quis</span> 
     </span>
    </p>
   </div>
   <div class='ocr_carea' id='block_1_99' title="bbox 132 4935 1762 5019">
    <p class='ocr_par' dir='ltr' id='par_1_99' title="bbox 132 4935 1762 5019">
     <span class='ocr_line' id='line_1_99' title="bbox 132 4935 1762 5019; baseline 0.01 -32"><span class='ocrx_word' id='word_1_695' title='bbox 132 4935 312 5019; x_wconf 55' lang='lat' dir='ltr'>autem</span> <span class='ocrx_word' id='word_1_696' title='bbox 340 4937 706 5011; x_wconf 90' lang='lat' dir='ltr'>improvidus</span> <span class='ocrx_word' id='word_1_697' title='bbox 737 4940 887 4998; x_wconf 88' lang='lat' dir='ltr'>hanc</span> <span class='ocrx_word' id='word_1_698' title='bbox 921 4944 1254 5001; x_wconf 90' lang='lat' dir='ltr'>cautionem</span> <span class='ocrx_word' id='word_1_699' title='bbox 1299 4947 1762 5019; x_wconf 84' lang='lat' dir='ltr'>transgrediens,</span> 
     </span>
    </p>
   </div>
   <div class='ocr_carea' id='block_1_100' title="bbox 133 5016 1761 5119">
    <p class='ocr_par' dir='ltr' id='par_1_100' title="bbox 133 5016 1761 5119">
     <span class='ocr_line' id='line_1_100' title="bbox 133 5016 1761 5119; baseline 0.011 -45"><span class='ocrx_word' id='word_1_700' title='bbox 133 5016 502 5119; x_wconf 73' lang='lat' dir='ltr'>fornicaretur</span> <span class='ocrx_word' id='word_1_701' title='bbox 532 5030 655 5099; x_wconf 83' lang='lat' dir='ltr'>[al.,</span> <span class='ocrx_word' id='word_1_702' title='bbox 686 5030 1034 5104; x_wconf 82' lang='lat' dir='ltr'>fornicatur]</span> <span class='ocrx_word' id='word_1_703' title='bbox 1068 5051 1201 5089; x_wconf 90' lang='lat' dir='ltr'>cum</span> <span class='ocrx_word' id='word_1_704' title='bbox 1235 5034 1449 5091; x_wconf 84' lang='lat' dir='ltr'>ancilla</span> <span class='ocrx_word' id='word_1_705' title='bbox 1472 5016 1761 5107; x_wconf 31' lang='lat' dir='ltr'>valterius,</span> 
     </span>
    </p>
   </div>
   <div class='ocr_carea' id='block_1_101' title="bbox 133 5114 1760 5195">
    <p class='ocr_par' dir='ltr' id='par_1_101' title="bbox 133 5114 1760 5195">
     <span class='ocr_line' id='line_1_101' title="bbox 133 5114 1760 5195; baseline 0.012 -33"><span class='ocrx_word' id='word_1_706' title='bbox 133 5114 267 5166; x_wconf 84' lang='lat' dir='ltr'>sciat</span> <span class='ocrx_word' id='word_1_707' title='bbox 295 5130 355 5170; x_wconf 90' lang='lat' dir='ltr'>se</span> <span class='ocrx_word' id='word_1_708' title='bbox 385 5134 552 5174; x_wconf 89' lang='lat' dir='ltr'>reum</span> <span class='ocrx_word' id='word_1_709' title='bbox 582 5135 713 5175; x_wconf 85' lang='lat' dir='ltr'>esse</span> <span class='ocrx_word' id='word_1_710' title='bbox 733 5119 1018 5189; x_wconf 86' lang='lat' dir='ltr'>criminis,</span> <span class='ocrx_word' id='word_1_711' title='bbox 1061 5127 1118 5177; x_wconf 92' lang='lat' dir='ltr'>et</span> <span class='ocrx_word' id='word_1_712' title='bbox 1150 5140 1252 5195; x_wconf 88' lang='lat' dir='ltr'>pro</span> <span class='ocrx_word' id='word_1_713' title='bbox 1289 5125 1492 5180; x_wconf 89' lang='lat' dir='ltr'>eodem</span> <span class='ocrx_word' id='word_1_714' title='bbox 1516 5124 1760 5182; x_wconf 88' lang='lat' dir='ltr'>crimine</span> 
     </span>
    </p>
   </div>
   <div class='ocr_carea' id='block_1_102' title="bbox 196 5216 1757 5301">
    <p class='ocr_par' dir='ltr' id='par_1_102' title="bbox 196 5216 1757 5301">
     <span class='ocr_line' id='line_1_102' title="bbox 196 5216 1757 5301; baseline 0.007 -24"><span class='ocrx_word' id='word_1_715' title='bbox 348 5221 479 5280; x_wconf 75' lang='lat' dir='ltr'>Hzec</span> <span class='ocrx_word' id='word_1_716' title='bbox 493 5224 586 5301; x_wconf 75' lang='lat' dir='ltr'>lex</span> <span class='ocrx_word' id='word_1_717' title='bbox 598 5230 765 5301; x_wconf 87' lang='lat' dir='ltr'>caute</span> <span class='ocrx_word' id='word_1_718' title='bbox 783 5226 1167 5301; x_wconf 78' lang='lat' dir='ltr'>intelligenda</span> <span class='ocrx_word' id='word_1_719' title='bbox 1188 5234 1276 5285; x_wconf 90' lang='lat' dir='ltr'>est</span> <span class='ocrx_word' id='word_1_720' title='bbox 1297 5230 1366 5285; x_wconf 91' lang='lat' dir='ltr'>de</span> <span class='ocrx_word' id='word_1_721' title='bbox 1386 5231 1757 5289; x_wconf 88' lang='lat' dir='ltr'>matrimonio</span> 
     </span>
    </p>
   </div>
   <div class='ocr_carea' id='block_1_103' title="bbox 130 5289 1759 5372">
    <p class='ocr_par' dir='ltr' id='par_1_103' title="bbox 130 5289 1759 5372">
     <span class='ocr_line' id='line_1_103' title="bbox 130 5289 1759 5372; baseline 0.012 -32"><span class='ocrx_word' id='word_1_722' title='bbox 130 5289 440 5372; x_wconf 70' lang='lat' dir='ltr'>gentilium,</span> <span class='ocrx_word' id='word_1_723' title='bbox 474 5299 644 5372; x_wconf 82' lang='lat' dir='ltr'>cujus</span> <span class='ocrx_word' id='word_1_724' title='bbox 664 5289 1130 5372; x_wconf 59' lang='lat' dir='ltr'>vinculumsolvi</span> <span class='ocrx_word' id='word_1_725' title='bbox 1154 5307 1362 5372; x_wconf 89' lang='lat' dir='ltr'>potest,</span> <span class='ocrx_word' id='word_1_726' title='bbox 1387 5302 1435 5357; x_wconf 92' lang='lat' dir='ltr'>si</span> <span class='ocrx_word' id='word_1_727' title='bbox 1457 5320 1602 5359; x_wconf 85' lang='lat' dir='ltr'>uxor</span> <span class='ocrx_word' id='word_1_728' title='bbox 1621 5321 1759 5359; x_wconf 91' lang='lat' dir='ltr'>con-</span> 
     </span>
    </p>
   </div>
   <div class='ocr_carea' id='block_1_104' title="bbox 129 5362 1757 5446">
    <p class='ocr_par' dir='ltr' id='par_1_104' title="bbox 129 5362 1757 5446">
     <span class='ocr_line' id='line_1_104' title="bbox 129 5362 1757 5446; baseline 0.01 -32"><span class='ocrx_word' id='word_1_729' title='bbox 129 5362 389 5446; x_wconf 52' lang='lat' dir='ltr'>xertatur,</span> <span class='ocrx_word' id='word_1_730' title='bbox 412 5372 469 5446; x_wconf 71' lang='lat' dir='ltr'>et</span> <span class='ocrx_word' id='word_1_731' title='bbox 483 5362 572 5422; x_wconf 71' lang='lat' dir='ltr'>vir</span> <span class='ocrx_word' id='word_1_732' title='bbox 588 5369 719 5424; x_wconf 89' lang='lat' dir='ltr'>ideo</span> <span class='ocrx_word' id='word_1_733' title='bbox 744 5369 1001 5446; x_wconf 80' lang='lat' dir='ltr'>discedat</span> <span class='ocrx_word' id='word_1_734' title='bbox 1022 5362 1712 5446; x_wconf 52' lang='lat' dir='ltr'>secundum&#39;Apostolum</span> <span class='ocrx_word' id='word_1_735' title='bbox 1736 5378 1757 5431; x_wconf 96' lang='grc' dir='ltr'>Ι</span> 
     </span>
    </p>
   </div>
   <div class='ocr_carea' id='block_1_105' title="bbox 129 5423 1755 5503">
    <p class='ocr_par' dir='ltr' id='par_1_105' title="bbox 129 5423 1755 5503">
     <span class='ocr_line' id='line_1_105' title="bbox 129 5423 1755 5503; baseline 0.014 -23"><span class='ocrx_word' id='word_1_736' title='bbox 129 5423 244 5483; x_wconf 88' lang='lat' dir='ltr'>Cor.</span> <span class='ocrx_word' id='word_1_737' title='bbox 275 5449 371 5502; x_wconf 84' lang='lat' dir='ltr'>vn,</span> <span class='ocrx_word' id='word_1_738' title='bbox 404 5438 528 5494; x_wconf 67' lang='lat'>45.:</span> <span class='ocrx_word' id='word_1_739' title='bbox 558 5456 674 5495; x_wconf 89' lang='lat' dir='ltr'>non</span> <span class='ocrx_word' id='word_1_740' title='bbox 730 5456 865 5495; x_wconf 91' lang='lat' dir='ltr'>vero</span> <span class='ocrx_word' id='word_1_741' title='bbox 919 5441 989 5495; x_wconf 89' lang='lat' dir='ltr'>de</span> <span class='ocrx_word' id='word_1_742' title='bbox 1045 5423 1755 5503; x_wconf 57' lang='lat' dir='ltr'>maiEiEahia’Eﬁ&#39;riSiiaI</span> 
     </span>
    </p>
   </div>
   <div class='ocr_carea' id='block_1_106' title="bbox 131 5508 1755 5589">
    <p class='ocr_par' dir='ltr' id='par_1_106' title="bbox 131 5508 1755 5589">
     <span class='ocr_line' id='line_1_106' title="bbox 131 5508 1755 5589; baseline 0.014 -37"><span class='ocrx_word' id='word_1_743' title='bbox 131 5512 324 5589; x_wconf 34' lang='lat' dir='ltr'>piorum</span> <span class='ocrx_word' id='word_1_744' title='bbox 350 5508 535 5589; x_wconf 72' lang='lat' dir='ltr'>valide</span> <span class='ocrx_word' id='word_1_745' title='bbox 567 5515 864 5589; x_wconf 83' lang='lat' dir='ltr'>contracto</span> <span class='ocrx_word' id='word_1_746' title='bbox 894 5515 951 5589; x_wconf 86' lang='lat' dir='ltr'>et</span> <span class='ocrx_word' id='word_1_747' title='bbox 979 5519 1585 5589; x_wconf 86' lang='lat' dir='ltr'>consummato,_quod</span> <span class='ocrx_word' id='word_1_748' title='bbox 1611 5518 1755 5574; x_wconf 90' lang='lat' dir='ltr'>solvi</span> 
     </span>
    </p>
   </div>
   <div class='ocr_carea' id='block_1_107' title="bbox 129 5565 1757 5654">
    <p class='ocr_par' dir='ltr' id='par_1_107' title="bbox 129 5565 1757 5654">
     <span class='ocr_line' id='line_1_107' title="bbox 129 5565 1757 5654; baseline 0.013 -29"><span class='ocrx_word' id='word_1_749' title='bbox 129 5565 204 5654; x_wconf 61' lang='lat' dir='ltr'>sic</span> <span class='ocrx_word' id='word_1_750' title='bbox 232 5579 446 5653; x_wconf 75' lang='lat' dir='ltr'>nequit,</span> <span class='ocrx_word' id='word_1_751' title='bbox 473 5586 548 5654; x_wconf 76' lang='lat' dir='ltr'>ut</span> <span class='ocrx_word' id='word_1_752' title='bbox 566 5565 698 5637; x_wconf 87' lang='lat' dir='ltr'>ante</span> <span class='ocrx_word' id='word_1_753' title='bbox 720 5565 998 5654; x_wconf 81' lang='lat' dir='ltr'>conjugis</span> <span class='ocrx_word' id='word_1_754' title='bbox 1010 5565 1544 5644; x_wconf 55' lang='lat' dir='ltr'>irib‘r&#39;iéﬁféd&#39;éii‘dd</span> <span class='ocrx_word' id='word_1_755' title='bbox 1554 5565 1757 5645; x_wconf 53' lang='lat' dir='ltr'>matri:</span> 
     </span>
    </p>
   </div>
   <div class='ocr_carea' id='block_1_108' title="bbox 128 5651 1755 5733">
    <p class='ocr_par' dir='ltr' id='par_1_108' title="bbox 128 5651 1755 5733">
     <span class='ocr_line' id='line_1_108' title="bbox 128 5651 1755 5733; baseline 0.015 -38"><span class='ocrx_word' id='word_1_756' title='bbox 128 5651 375 5705; x_wconf 85' lang='lat' dir='ltr'>monium</span> <span class='ocrx_word' id='word_1_757' title='bbox 404 5651 591 5712; x_wconf 84' lang='lat' dir='ltr'>valide</span> <span class='ocrx_word' id='word_1_758' title='bbox 619 5651 986 5728; x_wconf 76' lang='lat' dir='ltr'>procedatur.</span> <span class='ocrx_word' id='word_1_759' title='bbox 1022 5654 1151 5713; x_wconf 62' lang='lat' dir='ltr'>Hac</span> <span class='ocrx_word' id='word_1_760' title='bbox 1199 5658 1401 5733; x_wconf 88' lang='lat' dir='ltr'>paucis</span> <span class='ocrx_word' id='word_1_761' title='bbox 1450 5660 1755 5719; x_wconf 88' lang='lat' dir='ltr'>observata</span> 
     </span>
    </p>
   </div>
   <div class='ocr_carea' id='block_1_109' title="bbox 1950 4672 3534 4749">
    <p class='ocr_par' dir='ltr' id='par_1_109' title="bbox 1950 4672 3534 4749">
     <span class='ocr_line' id='line_1_109' title="bbox 1950 4672 3534 4749; baseline -0.006 -14"><span class='ocrx_word' id='word_1_762' title='bbox 1950 4680 2080 4735; x_wconf 68' lang='lat' dir='ltr'>CAP.</span> <span class='ocrx_word' id='word_1_763' title='bbox 2133 4678 2318 4734; x_wconf 79' lang='lat' dir='ltr'><strong>XXXI.</strong></span> <span class='ocrx_word' id='word_1_764' title='bbox 2382 4684 2460 4735; x_wconf 89' lang='lat' dir='ltr'>De</span> <span class='ocrx_word' id='word_1_765' title='bbox 2514 4678 2797 4749; x_wconf 78' lang='lat' dir='ltr'>strigibus.</span> <span class='ocrx_word' id='word_1_766' title='bbox 2851 4674 2909 4728; x_wconf 90' lang='lat' dir='ltr'>Si</span> <span class='ocrx_word' id='word_1_767' title='bbox 2968 4690 3085 4745; x_wconf 87' lang='lat' dir='ltr'>qua</span> <span class='ocrx_word' id='word_1_768' title='bbox 3142 4672 3328 4744; x_wconf 88' lang='lat' dir='ltr'>striga</span> <span class='ocrx_word' id='word_1_769' title='bbox 3384 4672 3534 4745; x_wconf 88' lang='grc'>(114)</span> 
     </span>
    </p>
   </div>
   <div class='ocr_carea' id='block_1_110' title="bbox 1878 4762 3537 4836">
    <p class='ocr_par' dir='ltr' id='par_1_110' title="bbox 1878 4762 3537 4836">
     <span class='ocr_line' id='line_1_110' title="bbox 1878 4762 3537 4836; baseline -0.002 -14"><span class='ocrx_word' id='word_1_770' title='bbox 1878 4768 2109 4824; x_wconf 84' lang='lat' dir='ltr'>inventa</span> <span class='ocrx_word' id='word_1_771' title='bbox 2134 4768 2328 4835; x_wconf 83' lang='lat' dir='ltr'>fuerit,</span> <span class='ocrx_word' id='word_1_772' title='bbox 2360 4768 2689 4823; x_wconf 90' lang='lat' dir='ltr'>secundum</span> <span class='ocrx_word' id='word_1_773' title='bbox 2710 4762 3054 4836; x_wconf 87' lang='lat' dir='ltr'>judicialem</span> <span class='ocrx_word' id='word_1_774' title='bbox 3074 4762 3261 4834; x_wconf 91' lang='lat' dir='ltr'>legem</span> <span class='ocrx_word' id='word_1_775' title='bbox 3286 4762 3537 4818; x_wconf 86' lang='lat' dir='ltr'>ducatur</span> 
     </span>
    </p>
   </div>
   <div class='ocr_carea' id='block_1_111' title="bbox 1877 4852 3531 4930">
    <p class='ocr_par' dir='ltr' id='par_1_111' title="bbox 1877 4852 3531 4930">
     <span class='ocr_line' id='line_1_111' title="bbox 1877 4852 3531 4930; baseline -0.004 -17"><span class='ocrx_word' id='word_1_776' title='bbox 1877 4859 2003 4930; x_wconf 89' lang='lat' dir='ltr'>[al.,</span> <span class='ocrx_word' id='word_1_777' title='bbox 2036 4857 2277 4927; x_wconf 84' lang='lat' dir='ltr'>ducant]</span> <span class='ocrx_word' id='word_1_778' title='bbox 2309 4857 2379 4911; x_wconf 89' lang='lat' dir='ltr'>ad</span> <span class='ocrx_word' id='word_1_779' title='bbox 2411 4854 2741 4921; x_wconf 88' lang='lat' dir='ltr'>ecclesiam,</span> <span class='ocrx_word' id='word_1_780' title='bbox 2776 4856 2832 4908; x_wconf 90' lang='lat' dir='ltr'>et</span> <span class='ocrx_word' id='word_1_781' title='bbox 2862 4852 3309 4908; x_wconf 89' lang='lat' dir='ltr'>commendetur</span> <span class='ocrx_word' id='word_1_782' title='bbox 3340 4868 3531 4909; x_wconf 88' lang='lat' dir='ltr'>sacer-</span> 
     </span>
    </p>
   </div>
   <div class='ocr_carea' id='block_1_112' title="bbox 1877 4940 3532 5016">
    <p class='ocr_par' dir='ltr' id='par_1_112' title="bbox 1877 4940 3532 5016">
     <span class='ocr_line' id='line_1_112' title="bbox 1877 4940 3532 5016; baseline -0.002 -14"><span class='ocrx_word' id='word_1_783' title='bbox 1877 4947 1995 5003; x_wconf 88' lang='lat' dir='ltr'>doti</span> <span class='ocrx_word' id='word_1_784' title='bbox 2028 4947 2098 5001; x_wconf 90' lang='lat' dir='ltr'>ad</span> <span class='ocrx_word' id='word_1_785' title='bbox 2123 4945 2539 5016; x_wconf 86' lang='lat' dir='ltr'>jejunandum,</span> <span class='ocrx_word' id='word_1_786' title='bbox 2575 4945 2865 5015; x_wconf 81' lang='lat' dir='ltr'>fidemque</span> <span class='ocrx_word' id='word_1_787' title='bbox 2887 4940 3233 4997; x_wconf 87' lang='lat' dir='ltr'>discendum</span> <span class='ocrx_word' id='word_1_788' title='bbox 3259 4957 3270 4996; x_wconf 96' lang='lat'>:</span> <span class='ocrx_word' id='word_1_789' title='bbox 3295 4943 3532 5015; x_wconf 87' lang='lat' dir='ltr'>postje-</span> 
     </span>
    </p>
   </div>
   <div class='ocr_carea' id='block_1_113' title="bbox 1868 5029 3527 5108">
    <p class='ocr_par' dir='ltr' id='par_1_113' title="bbox 1868 5029 3527 5108">
     <span class='ocr_line' id='line_1_113' title="bbox 1868 5029 3527 5108; baseline -0.002 -19"><span class='ocrx_word' id='word_1_790' title='bbox 1868 5035 2105 5108; x_wconf 88' lang='lat' dir='ltr'>junium</span> <span class='ocrx_word' id='word_1_791' title='bbox 2141 5051 2271 5089; x_wconf 86' lang='lat' dir='ltr'>vero</span> <span class='ocrx_word' id='word_1_792' title='bbox 2306 5034 2545 5087; x_wconf 89' lang='lat' dir='ltr'>domum</span> <span class='ocrx_word' id='word_1_793' title='bbox 2580 5029 3298 5087; x_wconf 88' lang='lat' dir='ltr'>rcdeat.Sisecundumin</span> <span class='ocrx_word' id='word_1_794' title='bbox 3326 5032 3527 5088; x_wconf 88' lang='lat' dir='ltr'>eodem</span> 
     </span>
    </p>
   </div>
   <div class='ocr_carea' id='block_1_114' title="bbox 1875 5120 3534 5193">
    <p class='ocr_par' dir='ltr' id='par_1_114' title="bbox 1875 5120 3534 5193">
     <span class='ocr_line' id='line_1_114' title="bbox 1875 5120 3534 5193; baseline -0.004 -12"><span class='ocrx_word' id='word_1_795' title='bbox 1875 5124 2119 5181; x_wconf 88' lang='lat' dir='ltr'>crimine</span> <span class='ocrx_word' id='word_1_796' title='bbox 2149 5123 2497 5190; x_wconf 84' lang='lat' dir='ltr'>invenietur,</span> <span class='ocrx_word' id='word_1_797' title='bbox 2531 5121 2709 5177; x_wconf 87' lang='lat' dir='ltr'>simili</span> <span class='ocrx_word' id='word_1_798' title='bbox 2731 5120 2959 5192; x_wconf 87' lang='lat' dir='ltr'>jejunio</span> <span class='ocrx_word' id='word_1_799' title='bbox 3010 5120 3342 5190; x_wconf 85' lang='lat' dir='ltr'>subjaceat:</span> <span class='ocrx_word' id='word_1_800' title='bbox 3401 5122 3534 5193; x_wconf 89' lang='lat' dir='ltr'>post</span> 
     </span>
    </p>
   </div>
   <div class='ocr_carea' id='block_1_115' title="bbox 1868 5225 3531 5317">
    <p class='ocr_par' dir='ltr' id='par_1_115' title="bbox 1868 5225 3531 5317">
     <span class='ocr_line' id='line_1_115' title="bbox 1868 5225 3531 5317; baseline -0.004 -28"><span class='ocrx_word' id='word_1_801' title='bbox 1868 5231 2159 5317; x_wconf 59' lang='lat' dir='ltr'>oportuit:</span> <span class='ocrx_word' id='word_1_802' title='bbox 2192 5236 2251 5313; x_wconf 79' lang='lat' dir='ltr'>at</span> <span class='ocrx_word' id='word_1_803' title='bbox 2278 5228 2450 5317; x_wconf 77' lang='lat' dir='ltr'>plura</span> <span class='ocrx_word' id='word_1_804' title='bbox 2479 5229 2549 5284; x_wconf 91' lang='lat' dir='ltr'>de</span> <span class='ocrx_word' id='word_1_805' title='bbox 2569 5227 2729 5317; x_wconf 76' lang='lat' dir='ltr'>hisce</span> <span class='ocrx_word' id='word_1_806' title='bbox 2759 5228 2984 5317; x_wconf 77' lang='lat' dir='ltr'>dabunt</span> <span class='ocrx_word' id='word_1_807' title='bbox 3002 5225 3256 5317; x_wconf 74' lang='lat' dir='ltr'>theologi</span> <span class='ocrx_word' id='word_1_808' title='bbox 3278 5234 3334 5317; x_wconf 72' lang='lat' dir='ltr'>et</span> <span class='ocrx_word' id='word_1_809' title='bbox 3356 5245 3531 5309; x_wconf 78' lang='lat' dir='ltr'>cano-</span> 
     </span>
    </p>
   </div>
   <div class='ocr_carea' id='block_1_116' title="bbox 1868 5299 3529 5384">
    <p class='ocr_par' dir='ltr' id='par_1_116' title="bbox 1868 5299 3529 5384">
     <span class='ocr_line' id='line_1_116' title="bbox 1868 5299 3529 5384; baseline -0.005 -23"><span class='ocrx_word' id='word_1_810' title='bbox 1868 5299 2445 5384; x_wconf 70' lang='lat' dir='ltr'>nistae._Fieri_étiam</span> <span class='ocrx_word' id='word_1_811' title='bbox 2503 5304 2693 5384; x_wconf 82' lang='lat' dir='ltr'>potest</span> <span class='ocrx_word' id='word_1_812' title='bbox 2751 5307 2817 5357; x_wconf 90' lang='lat' dir='ltr'>ut</span> <span class='ocrx_word' id='word_1_813' title='bbox 2874 5299 3086 5355; x_wconf 88' lang='lat' dir='ltr'>menda</span> <span class='ocrx_word' id='word_1_814' title='bbox 3141 5301 3410 5370; x_wconf 65' lang='lat' dir='ltr'>quaedam</span> <span class='ocrx_word' id='word_1_815' title='bbox 3469 5299 3529 5353; x_wconf 89' lang='lat' dir='ltr'>in</span> 
     </span>
    </p>
   </div>
   <div class='ocr_carea' id='block_1_117' title="bbox 1867 5374 3138 5457">
    <p class='ocr_par' dir='ltr' id='par_1_117' title="bbox 1867 5374 3138 5457">
     <span class='ocr_line' id='line_1_117' title="bbox 1867 5374 3138 5457; baseline -0.003 0"><span class='ocrx_word' id='word_1_816' title='bbox 1867 5374 2618 5457; x_wconf 37' lang='lat' dir='ltr'>verbenasirrepserat</span> <span class='ocrx_word' id='word_1_817' title='bbox 2789 5447 2797 5455; x_wconf 94' lang='lat'><strong>.</strong></span> <span class='ocrx_word' id='word_1_818' title='bbox 2865 5444 2921 5457; x_wconf 88' lang='lat'><strong>..</strong></span> <span class='ocrx_word' id='word_1_819' title='bbox 3036 5443 3049 5457; x_wconf 87' lang='lat'><strong>.</strong></span> <span class='ocrx_word' id='word_1_820' title='bbox 3126 5441 3138 5453; x_wconf 93' lang='lat'><strong>.</strong></span> 
     </span>
    </p>
   </div>
   <div class='ocr_carea' id='block_1_118' title="bbox 1938 5441 3529 5518">
    <p class='ocr_par' dir='ltr' id='par_1_118' title="bbox 1938 5441 3529 5518">
     <span class='ocr_line' id='line_1_118' title="bbox 1938 5441 3529 5518; baseline -0.003 -17"><span class='ocrx_word' id='word_1_821' title='bbox 1938 5447 2092 5518; x_wconf 76' lang='grc'>(114)</span> <span class='ocrx_word' id='word_1_822' title='bbox 2122 5441 2244 5502; x_wconf 77' lang='lat' dir='ltr'>Vox</span> <span class='ocrx_word' id='word_1_823' title='bbox 2286 5441 2460 5517; x_wconf 81' lang='lat' dir='ltr'>striga</span> <span class='ocrx_word' id='word_1_824' title='bbox 2490 5443 2636 5518; x_wconf 74' lang='lat' dir='ltr'>alias</span> <span class='ocrx_word' id='word_1_825' title='bbox 2690 5447 2838 5501; x_wconf 74' lang='lat' dir='ltr'>strix</span> <span class='ocrx_word' id='word_1_826' title='bbox 2865 5444 2960 5500; x_wconf 90' lang='lat' dir='ltr'>hic</span> <span class='ocrx_word' id='word_1_827' title='bbox 3018 5441 3287 5518; x_wconf 84' lang='lat' dir='ltr'>designat</span> <span class='ocrx_word' id='word_1_828' title='bbox 3318 5441 3529 5518; x_wconf 71' lang='lat' dir='ltr'>venefi-</span> 
     </span>
    </p>
   </div>
   <div class='ocr_carea' id='block_1_119' title="bbox 1866 5513 3530 5589">
    <p class='ocr_par' dir='ltr' id='par_1_119' title="bbox 1866 5513 3530 5589">
     <span class='ocr_line' id='line_1_119' title="bbox 1866 5513 3530 5589; baseline -0.003 -15"><span class='ocrx_word' id='word_1_829' title='bbox 1866 5513 1994 5574; x_wconf 87' lang='lat' dir='ltr'>cam</span> <span class='ocrx_word' id='word_1_830' title='bbox 2024 5513 2165 5574; x_wconf 86' lang='lat' dir='ltr'>sunt</span> <span class='ocrx_word' id='word_1_831' title='bbox 2192 5513 2535 5574; x_wconf 81' lang='lat' dir='ltr'>maleﬁcam.</span> <span class='ocrx_word' id='word_1_832' title='bbox 2570 5516 2739 5589; x_wconf 87' lang='lat' dir='ltr'>Hisce</span> <span class='ocrx_word' id='word_1_833' title='bbox 2763 5518 2985 5589; x_wconf 88' lang='lat' dir='ltr'>majora</span> <span class='ocrx_word' id='word_1_834' title='bbox 3008 5513 3216 5589; x_wconf 82' lang='lat' dir='ltr'>deinde</span> <span class='ocrx_word' id='word_1_835' title='bbox 3240 5513 3530 5589; x_wconf 81' lang='lat' dir='ltr'>supplicia</span> 
     </span>
    </p>
   </div>
   <div class='ocr_carea' id='block_1_120' title="bbox 1867 5587 3487 5663">
    <p class='ocr_par' dir='ltr' id='par_1_120' title="bbox 1867 5587 3487 5663">
     <span class='ocr_line' id='line_1_120' title="bbox 1867 5587 3487 5663; baseline -0.001 -18"><span class='ocrx_word' id='word_1_836' title='bbox 1867 5593 2092 5646; x_wconf 89' lang='lat' dir='ltr'>statuta</span> <span class='ocrx_word' id='word_1_837' title='bbox 2124 5594 2286 5660; x_wconf 90' lang='lat' dir='ltr'>aunt,</span> <span class='ocrx_word' id='word_1_838' title='bbox 2324 5589 2408 5646; x_wconf 90' lang='lat' dir='ltr'>uti</span> <span class='ocrx_word' id='word_1_839' title='bbox 2433 5594 2493 5647; x_wconf 84' lang='lat' dir='ltr'>et</span> <span class='ocrx_word' id='word_1_840' title='bbox 2518 5606 2622 5663; x_wconf 91' lang='lat' dir='ltr'>pro</span> <span class='ocrx_word' id='word_1_841' title='bbox 2644 5588 2777 5647; x_wconf 90' lang='lat' dir='ltr'>aliis</span> <span class='ocrx_word' id='word_1_842' title='bbox 2806 5587 3173 5647; x_wconf 78' lang='lat' dir='ltr'>criminibus.</span> <span class='ocrx_word' id='word_1_843' title='bbox 3315 5587 3329 5589; x_wconf 69' lang='grc'><em>’</em></span> <span class='ocrx_word' id='word_1_844' title='bbox 3358 5587 3364 5588; x_wconf 43' lang='grc'><strong>“</strong></span> <span class='ocrx_word' id='word_1_845' title='bbox 3480 5602 3487 5609; x_wconf 86' lang='lat'><strong><em>°</em></strong></span> 
     </span>
    </p>
   </div>
  </div>
