3924 6210
325 336 473 396 1251

1324 335 1390 394 S.
1439 333 1831 396 STEPHANI
1875 331 2430 397 HUNGARORUM
2476 331 2728 397 REGIS.

3580 336 3766 400 1353

315 466 609 536 jejunium
641 479 772 522 vero
803 464 862 520 in
896 464 1137 520 modum
1167 465 1358 520 crucis
1390 466 1448 521 in
1510 472 1738 538 pectore
1796 471 1850 521 et
1906 467 1962 520 in
1999 471 2048 534 Α
2086 472 2179 520 tur
2210 467 2362 538 quis,
2396 468 2509 522 nisi
2542 466 2885 524 consiliatus
2916 470 3164 522 mortem
3199 466 3374 541 regis,
3405 471 3510 526 aut
3556 471 3756 526 tradi-

321 557 532 619 I‘ronle,
566 558 742 627 atque
773 554 926 610 inter
955 553 1248 626 scapulas,
1287 555 1528 610 incensa
1585 555 1729 609 clavi
1790 554 1970 610 cccle-

323 643 581 712 siustica,
614 643 858 700 domum
891 644 1108 698 redeat.
1141 643 1199 698 Si
1242 660 1373 699 vero
1426 643 1619 709 tertio,
1669 643 1971 714 judicibus

325 733 615 789 tradatur.

391 822 527 878 CAP.
558 821 770 878 XXXII.
805 824 876 878 De
907 823 1167 892 maleﬁcis
1192 827 1244 876 et
1272 823 1566 891 sortilegis.
1615 821 1687 876 Ut
1708 827 1974 877 creatura

333 911 434 967 Dei
467 911 541 966 ab
570 911 836 966 omnium
869 909 1102 966 lmsione
1136 911 1526 983 malignorum
1559 915 1799 974 remota,
1851 916 1908 965 et
1938 928 1972 966 a

319 999 480 1056 nullo
511 1000 929 1056 detrimentum
959 999 1050 1054 sui
1083 1015 1331 1070 passura
1362 999 1736 1069 maneat,nisi
1769 1016 1803 1054 a
1832 999 1968 1066 Deo,

323 1105 357 1145 a
388 1105 502 1161 quo
535 1089 654 1159 [at.,
686 1089 907 1143 additur
935 1087 1011 1160 et]
1045 1091 1491 1158 augmentatur:
1526 1088 1852 1144 secundum
1871 1089 1967 1144 de-

315 1182 538 1234 cretum
574 1182 814 1232 senatus
845 1177 1163 1232 statuimus
1194 1177 1264 1232 ad
1286 1176 1833 1250 maguicautionem
1854 1181 1970 1233 ter-

320 1265 489 1334 roris,
522 1266 796 1321 veneﬁcis
829 1270 884 1320 et
916 1265 1199 1321 maleﬁcis
1228 1266 1348 1332 [at.,
1381 1265 1676 1321 veneﬁciis
1697 1270 1754 1320 et
1791 1265 1969 1322 male-

314 1353 510 1427 ﬁciis],
539 1359 606 1410 ut
658 1354 820 1411 nulla
877 1372 1150 1426 persona,
1203 1353 1488 1410 maleﬁcio
1544 1359 1647 1410 aut
1694 1356 1969 1411 veneﬁcio

315 1460 675 1515 quemquam
691 1443 998 1499 hominum
1015 1444 1355 1498 subvertere
1379 1460 1413 1498 a
1437 1447 1592 1499 statu
1611 1443 1846 1512 mentis,
1870 1447 1973 1499 aut

315 1531 638 1588 interﬁcere
671 1533 902 1587 audeat.
936 1533 1040 1588 Ast
1070 1531 1119 1587 si
1152 1531 1308 1604 quis,
1330 1530 1418 1586 vel
1441 1549 1566 1604 quae
1591 1531 1831 1604 posthac
1848 1532 1968 1588 haec

314 1621 779 1694 praesumpserit,
813 1621 1082 1676 tradatur
1115 1621 1172 1675 in
1210 1638 1421 1676 manus
1479 1619 1765 1676 maleﬁcio
1824 1621 1966 1687 lazsi,

314 1714 416 1764 aut
432 1709 490 1764 in
515 1726 727 1765 manus
750 1714 1057 1781 parentum
1076 1710 1125 1779 ej
1138 1727 1226 1780 us,
1243 1710 1566 1764 secundum
1588 1726 1787 1765 eorum
1801 1709 1964 1776 velle,

313 1799 812 1869 adjudicandum.
847 1799 906 1854 Si
939 1815 1070 1853 vero
1096 1797 1395 1870 sortilegio
1455 1803 1684 1853 utentes
1742 1799 1964 1854 inveni-

312 1892 514 1942 rentur
570 1889 689 1958 [at.,
749 1889 897 1942 abest
958 1888 1400 1957 invenirentur],
1462 1892 1526 1942 ut
1588 1888 1809 1942 faciunt
1893 1888 1950 1942 in

311 1975 531 2040 cinere,
553 1981 609 2031 et
633 1975 724 2030 bis
757 1975 1152 2043 similibu,sab
1174 1976 1461 2048 episcopis
1493 1975 1736 2048 flagellis
1767 1993 1969 2033 cmen-

311 2064 541 2120 dentur.

381 2154 517 2210 CAP.
551 2154 791 2210 XXXIII.
828 2156 900 2211 De
955 2157 1237 2210 inuasione
1292 2154 1596 2220 domorum,
1657 2155 1722 2210 de
1774 2171 1963 2226 pugna

309 2243 509 2299 ibidem
531 2253 734 2299 secuta.
767 2244 1054 2300 Volumus
1091 2249 1156 2299 ut
1189 2246 1360 2300 ﬁrma
1380 2245 1963 2317 pax,etunanimitas

309 2332 386 2388 sit
417 2332 901 2404 intermajoreset
921 2333 1196 2399 minores,
1223 2335 1547 2390 secundum
1585 2333 1957 2406 apostolum:

309 2420 525 2476 Omnes
555 2422 863 2478 unanimes
895 2426 1077 2478 estote
1109 2424 1156 2493 (I
1180 2425 1326 2478 Pctr.
1354 2439 1442 2489 ιιι,
1503 2423 1580 2493 8),
1641 2439 1746 2478 nec
1777 2421 1961 2477 alium

307 2508 523 2581 aliquis
581 2509 853 2567 invadere
911 2512 1122 2566 audeat
1177 2511 1226 2565 si
1281 2511 1415 2583 quis
1475 2511 1782 2577 comitum,
1833 2514 1965 2583 post

305 2597 716 2654 difﬁnitioncm
733 2599 1256 2670 hujuscommunis
1272 2599 1501 2654 concilii
1517 2604 1636 2654 tam
1650 2603 1964 2655 contumax

303 2686 611 2754 exstiterit,
629 2691 692 2742 ut
713 2686 891 2743 alium
909 2688 1066 2742 domi
1087 2693 1310 2759 quaerat
1332 2687 1402 2743 ad
1423 2687 1786 2759 perdendum
1803 2702 1962 2758 eum,

305 2778 478 2845 atque
509 2793 648 2832 suas
679 2776 966 2848 dissipare
997 2792 1118 2843 res;
1152 2782 1210 2831 et
1235 2775 1283 2830 si
1305 2776 1587 2830 dominus
1607 2775 1765 2830 domi
1789 2781 1962 2842 est,et

305 2865 354 2924 si
378 2880 578 2924 secum
599 2864 964 2935 pugnaverit,
988 2863 1072 2917 vel
1101 2863 1472 2924 interfecerit.
1495 2862 1617 2918 luat
1637 2865 1959 2919 secundum

308 2957 498 3030 legem
532 2955 602 3008 de
633 2951 1035 3023 evaginatione
1065 2950 1243 3024 gladii
1285 2952 1710 3008 confectam.Si
1768 2957 1964 3008 autem

305 3047 461 3101 idem
493 3057 688 3098 comes
715 3040 930 3096 ibidem
965 3040 1324 3107 occubuerit,
1359 3041 1486 3097 sine
1545 3041 1963 3114 compositione

302 3137 516 3206 jaceat.
552 3131 610 3186 Si
646 3147 776 3184 vero
809 3129 976 3185 miles
1008 3129 1142 3201 quis
1173 3129 1420 3198 curiam,
1453 3129 1542 3186 vel
1590 3131 1822 3198 turrim,
1877 3129 1962 3185 vel

2082 555 2297 610 tionem
2333 556 2492 628 regni
2528 556 2743 624 fecerit,
2775 554 2863 612 vel
2896 555 2954 610 in
3015 555 3193 612 aliam
3238 555 3458 630 fugerit
3502 558 3756 631 provin-

2082 644 2252 698 ciam.
2285 644 2446 699 Tunc
2476 662 2608 700 vero
2641 645 2791 699 bona
2812 643 2973 700 illius
2991 644 3048 698 in
3072 644 3296 718 regiam
3319 647 3557 703 veniant
3576 653 3758 720 pote-

2081 735 2313 799 statem,
2338 731 2460 804 ipse
2481 749 2612 788 vero
2635 732 2937 804 subjaceat
2955 731 3280 800 sententiae,
3305 733 3444 790 ﬁliis
3461 733 3754 792 innocen-

2079 819 2241 876 tibus
2271 821 2732 878 remanentibus.

2151 909 2284 966 CAP.
2318 909 2552 966 XXXVI.
2585 911 2660 965 De
2681 927 2832 967 servo
2873 913 3155 983 interfecto
3212 911 3282 967 ab
3334 912 3506 970 altero
3559 929 3750 971 servo.

2080 997 2140 1054 Si
2173 997 2424 1070 alicujus
2453 1016 2656 1054 servus
2688 1015 2921 1054 servum
2952 998 3193 1055 alterius
3244 999 3477 1070 occidit,
3538 1001 3753 1059 senior

2081 1085 2386 1143 homicidae
2419 1087 2792 1144 medietatem
2825 1087 2974 1144 servi
3005 1093 3318 1161 componat
3365 1089 3581 1147 seniori
3639 1091 3747 1148 in-

2079 1174 2322 1241 terfecti,
2355 1175 2405 1232 si
2436 1181 2653 1249 potest:
2717 1177 2808 1233 sin
2865 1181 3062 1233 autem
3124 1194 3264 1247 non,
3325 1183 3562 1252 peracta
3613 1197 3754 1236 una

2079 1265 2530 1338 quadragesima
2549 1266 2596 1334 (I
2614 1265 2720 1337 16),
2752 1265 3121 1323 venundetur
3146 1283 3372 1336 servus,
3393 1271 3452 1325 ct
3476 1269 3749 1342 pretium

2079 1352 2393 1409 dividatur.

2149 1441 2282 1497 CAP.
2343 1442 2606 1498 XXXVII.
2663 1443 2736 1497 De
2790 1443 3158 1516 redemptione
3212 1443 3496 1501 homicidae
3563 1447 3740 1502 servi.

2077 1534 2315 1586 Servum
2348 1529 2512 1586 liberi
2545 1530 2922 1600 homicidam,
2943 1549 3005 1588 se
3031 1531 3247 1589 seniori
3269 1532 3573 1605 placuerit,
3594 1550 3738 1591 cum

2078 1624 2310 1675 centum
2344 1625 2399 1675 et
2419 1620 2904 1691 decemjuvencis
2921 1621 3192 1691 redimat,
3216 1621 3532 1678 auttradat
3551 1622 3734 1694 (117).

2147 1708 2281 1764 CAP.
2316 1708 2602 1764 XXXVIII.
2637 1709 2711 1763 De
2740 1708 2983 1764 vindicta
3015 1711 3311 1766 nitentium
3338 1712 3622 1782 acquirere
3661 1713 3736 1767 ti-

2077 1797 2336 1852 bertatem
2365 1799 2564 1853 alienis
2591 1799 2780 1852 servis.
2817 1797 2875 1852 Si
2909 1797 3043 1869 quis
3073 1797 3281 1854 alienis
3325 1797 3510 1856 servis
3556 1798 3735 1856 Iiber-

2077 1891 2256 1942 tatem
2276 1886 2578 1958 acquirere
2602 1885 2902 1952 niteretur,
2921 1886 3076 1958 quod
3099 1887 3249 1942 servi
3273 1891 3465 1955 erunt,
3483 1887 3735 1945 totidem

2077 1976 2372 2048 mancipia
2403 1973 2608 2030 solvat.
2641 1975 2720 2030 Ex
2751 1975 2966 2046 quibus
2996 1976 3125 2031 dua:
3157 1979 3353 2048 partes
3379 1976 3524 2048 regi,
3557 1977 3736 2033 tertia

2073 2063 2288 2119 seniori
2345 2079 2644 2118 servorum
2675 2063 2864 2118 detur.
2899 2063 3018 2118 Rex
3049 2069 3242 2120 autem
3277 2079 3346 2120 ex
3391 2081 3503 2120 sua
3563 2070 3734 2138 parte

2075 2153 2304 2207 tertiam
2336 2151 2558 2207 tribuat
2587 2151 2806 2206 comiti.

2145 2241 2280 2296 CAP.
2315 2240 2547 2296 XXXIX.
2594 2241 2669 2295 De
2693 2243 2844 2310 furto
2897 2241 3044 2296 servi
3101 2241 3267 2296 semet
3298 2244 3606 2299 commisso.
3667 2243 3734 2300 Si

2075 2330 2208 2401 quis
2245 2345 2544 2385 servorum
2597 2327 2772 2384 semel
2818 2328 3040 2384 furtum
3091 2329 3480 2400 commiserit,
3525 2330 3739 2388 reddat

2072 2419 2321 2486 furtum,
2350 2422 2407 2474 et
2437 2417 2684 2474 redimat
2717 2434 2927 2472 nasum
2955 2417 3214 2490 quinque
3235 2419 3528 2490 juvencis,
3555 2420 3731 2494 sipo-

2071 2511 2218 2563 test:
2257 2507 2305 2563 si
2340 2511 2537 2562 autem
2567 2523 2704 2574 non,
2741 2507 3122 2563 abscindatur
3148 2507 3320 2580 (118).

2141 2598 2276 2653 CAP.
2308 2596 2420 2651 XL.
2453 2597 2526 2652 De
2560 2612 2723 2667 poma
2777 2597 2991 2667 furtum
3049 2599 3083 2651 2
3135 2600 3186 2652 et
3243 2597 3277 2652 3
3304 2599 3721 2655 committentis.

2073 2685 2132 2741 Si
2169 2686 2389 2740 furtum
2420 2683 2691 2740 abcissus
2724 2701 2866 2740 naso
2899 2684 3281 2756 commiserit,
3314 2684 3567 2743 redimat
3621 2705 3733 2744 au-

2073 2791 2164 2830 res
2195 2774 2457 2846 quinque
2479 2773 2770 2846 juvencis,
2803 2773 2852 2829 si
2881 2778 3093 2846 potest,
3126 2774 3175 2830 si
3206 2778 3402 2831 autem
3434 2793 3573 2845 non,
3621 2777 3729 2832 ab-

2071 2863 2435 2918 scindantur.
2471 2862 2528 2917 Si
2579 2862 2748 2917 tertio
2802 2861 3164 2918 commiserit
3221 2863 3466 2933 furtum,
3527 2870 3729 2922 careat

2071 2953 2210 3008 vita.

2141 3041 2276 3097 CAP.
2310 3041 2448 3096 XLI.
2481 3042 2556 3098 De
2581 3043 2730 3113 furto
2761 3041 3082 3108 liberorum,
3113 3045 3221 3098 etc.
3255 3041 3313 3096 Si
3343 3041 3478 3114 quis
3509 3040 3727 3099 libero-

2075 3147 2205 3185 rum
2238 3131 2460 3185 I'urtum
2517 3129 2894 3198 commiserit,
2957 3129 3065 3184 hac
3120 3129 3484 3187 decrevimus
3533 3131 3727 3205 legem

304 3205 545 3280 domum
577 3219 817 3275 alterius
849 3219 1127 3274 invaserit
1167 3218 1392 3290 militis,
1440 3219 1640 3274 decem
1685 3220 1950 3290 juvencis
1981 3205 2023 3272 C
2061 3235 2408 3291 componere
2441 3221 2564 3290 [al.,
2601 3219 2980 3290 comparere],
3011 3223 3074 3274 ut
3104 3219 3283 3276 semel
3319 3220 3574 3277 redimat
3632 3238 3728 3294 se,

303 3313 617 3384 componat
649 3309 1031 3364 invasionem.
1065 3308 1123 3362 Si
1154 3324 1286 3362 vero
1318 3307 1416 3363 ille
1449 3326 1560 3364 non
1597 3325 1945 3380 supervene-

302 3402 397 3470 rit,
433 3401 532 3458 sed
568 3415 709 3454 suos
743 3397 955 3452 milites
988 3396 1233 3463 miserit,
1260 3397 1780 3468 centumjuvencis
1801 3413 1949 3452 com-

2055 3308 2102 3364 si
2139 3313 2361 3382 potest:
2397 3309 2492 3364 sin
2523 3313 2720 3363 autem
2751 3325 2889 3376 non,
2928 3308 3316 3364 venundetur.
3348 3309 3406 3364 Si
3428 3309 3586 3366 idem
3618 3327 3720 3368 ve-

2055 3397 2355 3452 nundatus
2377 3397 2603 3453 furtum
2628 3396 3007 3467 commiserit,
3022 3395 3252 3470 legibus
3265 3413 3566 3454 servorum
3581 3400 3727 3456 sub-

300 3494 480 3563 ponat
507 3487 889 3544 invasionem.
924 3485 983 3542 Si
1013 3485 1270 3558 vulgaris
1296 3486 1533 3558 quidem
1567 3486 1808 3541 alterius
1855 3485 1946 3540 sui
2045 3487 2256 3558 jaceat.
2285 3485 2345 3542 Si
2376 3485 2663 3553 secundo,
2697 3483 2879 3541 simili
2935 3483 3048 3558 legi
3109 3486 3428 3559 subjaceat.
3479 3488 3541 3544 Si
3590 3505 3728 3546 vero

301 3577 512 3634 similis
543 3573 987 3632 mansiunculas
1019 3575 1312 3641 invaserit,
1367 3575 1628 3648 quinque
1678 3575 1948 3646 juvencis

297 3665 488 3723 solvat
514 3665 897 3720 invasionem.

371 3756 504 3811 CAP.
539 3752 776 3809 XXXIV.
809 3754 882 3808 De
922 3752 1289 3824 aediﬁcatione
1344 3761 1397 3810 et
1441 3753 1561 3809 dote
1612 3754 1856 3809 ecclesiae
1913 3769 1948 3808 a

297 3847 449 3900 vittis
473 3843 799 3913 composita.
833 3841 1040 3896 Decem
1072 3840 1220 3897 villaa
1271 3841 1575 3898 ecclesiam
1632 3841 1944 3908 aediﬁcent,

299 3948 477 4004 quam
497 3929 730 3984 duabus
745 3929 1148 3985 mansionibus
1163 3931 1330 4002 (115),
1351 3930 1713 4002 totidemque
1727 3931 1944 3986 mansi-

299 4021 414 4093 piis
444 4019 664 4085 dotent,
694 4031 842 4090 equo
869 4023 924 4074 et
945 4019 1236 4090 jumento,
1269 4035 1370 4074 sex
1399 4019 1607 4085 bobus,
1629 4022 1688 4074 et
1715 4019 1946 4076 duabus

297 4107 509 4174 vaccis,
533 4106 773 4179 triginta
800 4111 1052 4178 quatuor
1075 4107 1318 4164 minutis
1336 4107 1561 4163 bestiis.
1584 4106 1951 4164 Vestimenta

297 4214 432 4254 vero
463 4200 519 4252 et
577 4195 902 4267 corporalia
955 4201 1013 4252 et
1069 4195 1429 4267 coopertoria
1475 4211 1574 4250 rex
1627 4194 1943 4267 provideat,

299 4285 705 4360 presbyterum
735 4288 792 4340 et
821 4284 1003 4340 libros
1031 4283 1309 4356 episcOpi.
1932 4323 1939 4330 .

367 4375 504 4432 CAP.
527 4373 739 4430 XXXV.
773 4375 847 4429 De
887 4373 1276 4430 donationibus
1329 4389 1544 4444 regum,
1597 4378 1647 4430 et
1699 4375 1948 4446 prapria?

297 4467 382 4522 rei
404 4465 760 4538 possessione.
783 4461 1202 4520 Consensimus
1225 4461 1408 4536 igitur
1436 4462 1705 4534 petitioni
1763 4462 1946 4519 totius

298 4557 558 4620 senatus,
592 4557 658 4608 ut
688 4552 1100 4624 unusquisque
1156 4551 1494 4608 dominetur
1550 4551 1942 4624 propriorum,
1973 4577 2021 4642 D

2057 3574 2246 3646 tertio,
2275 3573 2586 3646 dispendio
2609 3574 2736 3628 vitae
2761 3573 3146 3644 dijudicetur.

2124 3664 2258 3719 CAP.
2320 3663 2488 3719 XLII.
2555 3663 2805 3733 Comites,
2866 3662 3006 3734 quod
3061 3664 3204 3732 regis
3265 3667 3362 3734 est,
3441 3665 3593 3737 apud
3667 3685 3729 3727 se

2053 3769 2167 3809 non
2194 3753 2453 3808 detineat.
2490 3752 2549 3808 Si
2581 3752 2714 3825 quis
2776 3751 3059 3808 comitum
3118 3756 3343 3825 partem
3400 3753 3557 3827 regis
3616 3758 3726 3816 de-

2055 3841 2428 3909 fraudaverit,
2489 3841 2693 3896 reddat
2746 3841 3036 3908 fraudem,
3095 3845 3156 3896 et
3209 3840 3412 3914 duplo,
3486 3859 3729 3920 compa-

2054 3936 2156 3986 nat
2180 3930 2348 4003 (I19).
3053 3988 3061 3996 ,

2125 4019 2260 4076 CAP.
2284 4018 2475 4074 XLIII.
2508 4021 2584 4075 De
2609 4021 2986 4092 contemptu...
3038 4020 3182 4092 justi
3228 4019 3437 4093 judicii
3463 4024 3705 4079 comitis.

2055 4108 2113 4163 Si
2147 4109 2280 4181 quis
2312 4106 2566 4164 militum
2593 4107 2885 4180 judicium
2916 4126 2950 4164 a
2974 4125 3080 4164 suo
3107 4109 3323 4166 comite
3363 4115 3520 4168 recte
3543 4111 3711 4183 judi-

2056 4200 2252 4252 catum
2282 4212 2586 4269 spernens,
2619 4197 2692 4252 ad
2753 4213 2948 4270 regem
3003 4197 3403 4270 appellaverit,
3463 4201 3713 4273 cupiens

2055 4285 2326 4342 comitem
2357 4301 2534 4342 suum
2565 4285 2806 4342 reddere
2833 4287 3144 4358 iniustum,
3164 4287 3241 4343 sit
3262 4287 3492 4345 debitor
3509 4289 3716 4347 decem

2056 4391 2372 4448 pensarum
2405 4374 2530 4430 auri
2563 4391 2670 4430 suo
2701 4375 2922 4432 comiti.

2124 4468 2257 4520 CAP.
2318 4463 2506 4520 XLIV.
2565 4465 2641 4520 De
2691 4463 3027 4520 restituenda
3083 4481 3145 4521 re
3170 4465 3464 4536 militibus,
3498 4470 3610 4522 etc.
3651 4467 3718 4524 Si

2057 4553 2190 4627 quis
2213 4553 2516 4620 comitum,
2550 4552 2786 4608 inventa
2811 4551 3009 4625 aliqua
3053 4553 3380 4623 occasione,
3425 4553 3571 4627 quid
3626 4555 3719 4610 in-

297 4642 570 4699 similiter
584 4647 643 4699 et
659 4643 945 4697 donorum
966 4639 1140 4714 regis,
1159 4641 1302 4696 dum
1322 4640 1462 4696 vivit
1484 4658 1496 4697 :
1515 4645 1751 4712 excepto
1785 4641 1941 4713 quod
1974 4639 2007 4642 ﬁ
2046 4645 2208 4716 juste
2238 4641 2409 4698 militi
2443 4641 2770 4709 abstulerit,
2791 4641 3016 4709 reddat,
3043 4646 3100 4698 et
3119 4641 3364 4716 insuper
3382 4659 3454 4699 ex
3471 4643 3712 4716 proprio

296 4733 367 4790 ad
399 4733 805 4805 episcopatum
832 4729 1081 4802 pertinet
1109 4734 1166 4786 et
1190 4729 1556 4798 comitatum,
1584 4746 1650 4785 ac
1665 4733 1796 4802 post
1816 4730 1945 4802 ejus

293 4821 475 4878 vitam
506 4820 611 4876 ﬁlii
643 4818 822 4875 simili
845 4818 1106 4874 dominio
1123 4819 1458 4884 succedant,
1483 4835 1587 4874 nec
1611 4835 1714 4890 pro
1730 4817 1950 4875 nullius

296 4927 474 4966 causa
501 4913 699 4966 reatus
731 4907 1147 4964 detrimentum
1179 4907 1470 4964 bonorum
1485 4924 1726 4964 suorum
1762 4907 1947 4982 patia-

361 5123 512 5194 (II5)
554 5121 664 5177 Pro
713 5123 1092 5196 mansionibus
1145 5123 1298 5196 apud
1363 5123 1705 5196 Peterﬁumr
1736 5122 1952 5196 legitur

295 5197 526 5262 mensis,
553 5199 611 5250 et
635 5195 789 5265 apud
824 5195 1193 5249 Sambucum
1220 5195 1498 5265 mendose
1527 5195 1754 5250 mensis.
1783 5195 1950 5250 Desi-

296 5264 724 5338 gnanturvillaa
761 5281 864 5338 seu
897 5265 1114 5336 prazdia
1135 5264 1374 5338 rustica.

365 5337 513 5407 (II6)
536 5335 658 5392 Non
684 5336 829 5408 satis
861 5334 1018 5408 patet
1048 5335 1190 5408 quid
1223 5334 1408 5408 velint
1435 5335 1536 5390 illa
1565 5336 1744 5408 verba
1765 5407 1772 5408 ί
1794 5353 1951 5408 perae

294 5412 377 5464 cta
407 5406 520 5464 una
564 5406 1023 5480 quadragesimae
1067 5406 1345 5480 Suspicor
1404 5414 1617 5480 tamen
1653 5406 1949 5480 designari

296 5495 524 5548 pnanam
557 5476 706 5533 servi
740 5493 844 5548 per
870 5476 1264 5548 quadraginta
1287 5477 1427 5548 dies
1461 5476 1946 5546 continuandam,

296 5495 524 5548 poenam
557 5495 706 5533 εει-γι
779 5495 844 5532 er
873 5495 1098 5548 quanra
1164 5495 1264 5533 nia
1287 5495 1412 5534 (1168
1461 5495 1946 5546 continuandam,

296 5548 716 5676 ῗίγεάἕέιὲιίὲιὶω
736 5495 932 5615 Fuerit,
953 5563 1055 5604 seu
1079 5495 1238 5605 δῆξιιά
1262 5547 1620 5623 supplicium
1645 5565 1757 5622 pro
1796 5549 1949 5606 arbi-

323 5634 406 5676 I'IO
670 5659 684 5676 .

323 5634 406 5676 1'10
435 5633 684 5676 αοωιιιι.

2058 4731 2430 4788 tantumdem
2465 4730 2674 4787 solvat.

2129 4821 2264 4877 CAP.
2299 4821 2466 4875 XLV.
2498 4820 2838 4875 Promissum
2867 4819 3014 4876 cadit
3053 4820 3113 4875 in
3137 4819 3398 4876 debitum.
3459 4820 3521 4877 Si
3581 4820 3722 4894 quis

2060 4915 2256 4966 autem
2288 4908 2566 4974 militum,
2600 4925 2775 4964 suum
2807 4913 3196 4981 spontaneum
3237 4909 3460 4966 donum
3510 4910 3721 4968 dicens

2133 5125 2279 5203 (117)
2312 5123 2438 5203 Non
2469 5121 2710 5203 additur
2738 5140 2941 5203 paena:
2973 5123 3201 5203 opinor,
3225 5125 3365 5197 quia
3393 5124 3498 5182 illa
3537 5125 3732 5198 inﬂgii

2058 5194 2286 5270 poterat
2316 5211 2351 5270 ᾳ
2381 5195 2623 5270 domino
2656 5194 3058 5270 prdarbitrio.

2131 5268 2278 5338 (118)
2306 5265 2589 5338 Graviore
2621 5265 2724 5338 pro
2757 5266 2911 5338 furto
2936 5270 3334 5338 servorumet
3397 5265 3727 5325 liberorum

2067 5336 2358 5410 supplicia
2385 5337 2596 5392 deinde
2621 5336 2836 5393 statuit
2865 5336 3359 5394 S.Ladislauslib.
3383 5355 3445 5409 ιι,
3463 5355 3592 5411 cap.
3633 5341 3725 5410 12,

2067 5417 2114 5464 et
2144 5409 2554 5464 sequentibus.
2588 5416 2643 5463 et
2677 5407 2820 5464 locis
2858 5408 3010 5464 aliis.

2057 5424 2114 5466 et
2144 5425 2204 5464 se
2253 5424 2554 5474 uenunus,
2588 5424 2643 5463 et
2678 5424 2820 5465 IOCIS
2858 5424 3010 5465 ams.

2132 5425 2278 5560 (14$)
2314 5479 2424 5560 Lex
2453 5477 2599 5560 bace,
2631 5480 2804 5551 cujus
2825 5496 2974 5560 _san_e
2997 5497 3175 5560 pinna
3204 5479 3386 5537 levior
3423 5485 3517 5537 est
3548 5495 3728 5560 quam

2132 5497 2278 5551 μιν)
2315 5497 2424 5534 Lex
2455 5497 2599 5543 meo,
2631 5497 2804 5551 οιῃιιε
2832 5497 2974 5536 sane
2992 5497 3175 5606 Koma
3205 5497 3386 5537 tevnor
3423 5497 3517 5537 eet
3548 5497 3728 5554 quam

2058 5567 2162 5624 pro
2183 5548 2374 5624 simili
2404 5549 2652 5624 crimine
2683 5549 2985 5624 passimgin
3034 5550 3234 5624 igitur,
3267 5568 3382 5609 non
3403 5556 3606 5611 exacte
3633 5569 3731 5611 ex-

2059 5619 2300 5698 ponitur
2354 5637 2393 5678 n
2422 5619 2597 5680 titulo
2636 5619 2711 5679 ad
2742 5619 3085 5710 marginem'
3098 5622 3256 5680 dato.
