3924 6210
124 354 283 417 18ὄ3
310 378 323 391 ν’

1576 344 2115 415 PRIVILEGIUM.

3387 362 3546 423 1254
3568 380 3577 387 ·

124 488 231 544 sibi
264 487 321 543 vi
351 486 643 558 ablatum,
684 485 935 542 mendax
977 483 1278 552 exstiterit,
1312 489 1369 540 et
1415 484 1519 540 hoc
1572 487 1781 549 careat,
1816 488 1861 553 Α
1898 485 2335 557 conspiraverit,
2395 492 2496 542 aut
2554 488 2887 561 conspirare
2943 489 3163 564 aliquid
3215 497 3545 563 tentaverit,

136 585 191 632 et
224 577 479 649 insuper
506 575 875 632 tantumdem
910 572 1095 630 solvat
1118 574 1286 646 (120).

201 670 336 722 CAP.
376 665 572 721 XLVI.
603 665 678 721 De
707 665 793 720 his
823 665 919 736 qui
967 664 1239 719 hominem
1269 663 1452 734 gladio
1481 663 1791 718 occiderint.

128 756 187 812 Si
217 754 358 827 quis
390 753 697 811 hominem
727 752 922 826 gladio
949 753 1239 817 occiderit,
1264 753 1462 808 eodem
1493 751 1795 824 juguletur

136 843 336 917 gladio
364 843 537 915 (121).

203 933 341 988 CAP.
394 932 612 988 XLVII.
664 933 741 987 De
790 930 1121 987 debilatione
1180 932 1546 986 membrorum
1612 930 1793 1001 gladio

131 1025 301 1093 facta.
366 1021 429 1077 Si
503 1021 638 1092 quis
709 1024 903 1075 autem
973 1018 1166 1092 gladio
1236 1018 1539 1091 evaginato
1610 1018 1790 1074 alium

137 1110 460 1184 quemlibet
493 1109 900 1178 debilitaverit,
932 1109 1021 1164 vel
1067 1109 1127 1163 in
1170 1108 1365 1179 oculo,
1392 1107 1479 1163 vel
1530 1108 1589 1162 in
1624 1109 1787 1180 pede,

137 1198 221 1255 vel
250 1200 309 1254 in
343 1215 552 1269 manu,
587 1196 893 1255 consimile
940 1196 1032 1253 sui
1085 1195 1343 1269 corporis
1372 1197 1655 1252 damnum
1689 1215 1789 1269 pa-

139 1289 334 1344 tiatur.

135 1385 160 1445 ξ·
206 1378 339 1434 CAP.
372 1377 621 1433 XLVIII.
667 1378 742 1432 De
787 1392 848 1432 eo
891 1377 988 1446 qui
1032 1375 1214 1447 gladio
1254 1391 1546 1448 percussus
1595 1376 1790 1431 vulnus

137 1469 355 1539 accepit.
393 1466 453 1522 Si
492 1466 625 1539 quis
668 1482 802 1522 vero
832 1465 1025 1538 gladio
1054 1464 1377 1520 vulneravit
1418 1465 1695 1536 aliquem,
1732 1468 1788 1519 et

135 1555 480 1612 vulneratus
513 1556 583 1611 de
624 1555 826 1610 eodem
858 1553 1095 1609 vulnere
1144 1570 1325 1609 sanus
1370 1556 1427 1608 et
1476 1552 1787 1608 incolumis

137 1644 399 1711 evaserit,
432 1643 739 1700 homicidii
772 1641 1253 1713 compositionem
1302 1641 1559 1697 vulneris
1596 1640 1788 1695 illator

140 1737 469 1805 componat.

202 1823 329 1878 ΟΑΡ.
364 1821 561 1877 XLIX.
590 1823 666 1877 De
692 1821 872 1891 gladii
898 1821 1278 1890 evaginah‘cne
1304 1821 1422 1874 sine
1453 1820 1691 1873 vulnere.
1724 1817 1781 1872 Si

137 1911 263 1984 quis
293 1912 497 1967 furore
530 1910 788 1983 repletus
836 1908 1227 1981 evaginaverit
1274 1908 1556 1980 gladium,
1589 1912 1647 1961 et
1696 1912 1782 1961 ta-

137 2018 261 2057 men
310 2017 425 2056 non
479 1998 713 2066 laeserit,
746 2015 849 2071 pro
900 1997 1023 2053 sola
1070 1996 1475 2069 evaginatione
1524 1996 1782 2050 medium

134 2089 431 2146 homicidii
469 2089 862 2161 compositum
896 2086 1080 2142 solvat
1108 2088 1276 2157 (122).

201 2181 331 2235 CAP.
366 2179 427 2233 L.
468 2180 544 2233 De
582 2178 890 2233 testimonio
919 2191 1217 2244 servorum,
1249 2176 1417 2229 curia:
1460 2175 1783 2245 prazposito-

135 2285 271 2324 rum.
295 2268 352 2323 Si
375 2267 519 2339 quis
550 2282 849 2329 servorum
882 2263 1053 2319 curia:
1076 2262 1253 2335 regali
1277 2261 1364 2317 vel
1386 2262 1618 2317 comitis
1646 2279 1785 2333 pre:-

136 2357 345 2425 ficitur,
377 2357 512 2428 ejus
542 2353 947 2411 testimonium
989 2353 1141 2407 inter
1169 2352 1409 2406 comites
1449 2351 1780 2422 recipiatur,

137 2446 186 2502 si
215 2461 414 2501 servus
445 2444 761 2511 seniorem,
789 2441 876 2498 vel
907 2440 1163 2497 serviens
1196 2458 1367 2496 suum
1398 2440 1670 2499 comitem
1701 2440 1786 2494 in-

141 2534 426 2589 terfecerit
452 2534 625 2602 (123).

204 2622 328 2678 ΟΑΡ.
359 2622 449 2678 LI.
489 2624 563 2677 De
580 2622 982 2693 conspiratione
1011 2623 1199 2674 contra
1220 2634 1401 2689 regem
1430 2622 1481 2673 et
1513 2620 1778 2689 reginam.

142 2711 195 2766 Si
226 2710 355 2783 quis
384 2710 445 2765 in
488 2726 686 2782 regem
731 2712 834 2765 aut
875 2725 1119 2781 regnum
1159 2708 1595 2780 conspiraverit,
1629 2708 1782 2762 refu-

140 2799 294 2870 gium
327 2796 563 2854 nullum
604 2798 816 2853 habeat
859 2797 930 2852 ad
971 2796 1294 2852 ecclesiam.
1330 2796 1387 2851 Si
1421 2796 1554 2867 quis
1583 2801 1785 2851 contra

141 2886 284 2959 regis
309 2886 565 2943 salutem
595 2890 697 2941 aut
717 2886 1061 2958 dignitatem
1087 2884 1345 2957 quolibet
1366 2885 1538 2939 modo
1562 2883 1780 2957 aliquid

205 3014 350 3082 (120)
382 3012 618 3068 Titulus
650 3012 721 3067 ad
754 3011 1078 3083 marginem
1110 3010 1340 3083 positus
1372 3027 1485 3066 non
1518 3010 1661 3065 satis
1693 3028 1783 3065 ex-

142 3082 310 3165 plicat
338 3083 727 3165 ﬁnemnhujus
751 3082 1083 3165 legistquin
1108 3082 1305 3154 potius
1329 3086 1415 3137 est
1438 3098 1605 3154 poma
1626 3099 1784 3137 men-

140 3155 403 3210 tientium
436 3159 544 3211 aut
573 3155 1081 3210 calumniantium.

205 3227 347 3297 (121)
375 3227 461 3281 Ad
496 3226 733 3297 hancet
770 3229 1077 3297 sequentes
1124 3224 1285 3297 leges
1331 3224 1578 3297 refertur
1607 3228 1781 3295 caput
1810 3227 1852 3292 C

139 3298 224 3363 33,
254 3295 461 3369 ex'quo
514 3295 920 3367 intelligimus,
954 3296 1126 3351 hasce
1176 3295 1566 3351 verisimiliter
1615 3297 1779 3367 prius

141 3384 259 3423 esse
289 3369 665 3441 compositas.

230 3440 347 3512 122)
380 3436 442 3512 In
490 3440 747 3512 editione
784 3438 1061 3512 Sambuei
1114 3455 1283 3510 paena
1342 3436 1424 3512 sic
1482 3436 1776 3492 habetur:

142 3532 170 3584 «_
186 3508 504 3584 Homicidii
535 3511 923 3584 compositum
959 3508 1165 3577 solvat,
1195 3533 1222 3558 ››
1256 3509 1475 3565 omissa
1503 3525 1638 3563 voce
1668 3525 1779 3563 me-

490 3653 613 3734 haac
638 3653 830 3736 editor
848 3669 897 3707 :«
921 3652 1083 3736 Quod
1106 3650 1390 3736 officiales
1406 3651 1781 3736 dominorum

140 3726 192 3777 et
214 3722 504 3780 nobilium
546 3725 604 3779 in
637 3724 873 3779 ferendo
916 3722 1252 3779 testimonio
1298 3722 1553 3778 nobilius
1600 3723 1782 3794 aequi-

1905 593 2006 630 seu
2042 575 2285 630 tentanti
2314 576 2566 632 scienter
2596 577 2976 648 consenserit,
3000 580 3541 654 anathematizetur,

1902 669 1958 718 et
2007 665 2270 720 omnium
2331 664 2592 720 ﬁdelium
2653 668 3065 725 communione
3118 670 3393 743 privetur.
3440 673 3543 729 Vel

1903 753 1951 809 si
1983 754 2116 825 quis
2147 753 2486 825 hujusmodi
2517 754 2771 828 aliquem
2813 756 3054 826 noverit,
3087 761 3144 813 et
3174 760 3417 831 probare
3446 778 3545 816 va-

1900 841 2026 897 lens
2067 860 2181 898 non
2230 841 2589 911 indicaverit,
2624 844 2905 917 praedictae
2956 846 3257 917 subjaceat
3302 848 3542 904 damna-

1901 931 2043 986 tioni
2077 932 2247 1002 (124).

1969 1021 2101 1075 CAP.
2137 1021 2252 1075 LII.
2285 1023 2358 1077 De
2386 1021 2759 1079 declinatione.
2794 1025 2849 1078 Si
2894 1025 2984 1079 cui
3018 1025 3169 1080 Deus
3200 1025 3397 1083 decem
3447 1028 3544 1083 de-

1900 1109 2052 1163 derit
2078 1110 2349 1177 in'anno,
2374 1111 2659 1167 decimam
2705 1112 2821 1167 Deo
2855 1113 2970 1168 det.
2995 1116 3064 1169 Et
3113 1114 3159 1169 si
3206 1115 3341 1186 quis
3389 1116 3544 1171 deci-

1901 1214 2058 1251 mam
2089 1214 2258 1253 suam
2288 1199 2613 1267 abscondit,
2640 1217 2843 1257 novem
2877 1202 3079 1258 solvat.
3114 1204 3183 1258 Et
3211 1204 3259 1259 si
3291 1204 3425 1276 quis
3451 1205 3544 1261 de-

1898 1286 2269 1342 cimationem
2330 1288 2600 1361 episcopo
2658 1296 2985 1361 separatam
3059 1292 3285 1348 furatus
3342 1294 3538 1361 fuerit,

1898 1375 2249 1445 dijudicetur
2298 1380 2358 1431 ut
2408 1378 2517 1442 t‘ur,
2550 1395 2617 1432 ac
2664 1378 3000 1450 hujusmodi
3053 1381 3394 1453 compositio
3420 1386 3543 1438 tota

1896 1465 2183 1535 pertineat
2212 1464 2283 1519 ad
2316 1465 2651 1538 episcopum
2664 1509 2676 1520 .

1967 1552 2100 1607 CAP.
2136 1553 2277 1607 LIII.
2303 1554 2376 1609 De
2414 1555 2900 1611 calumniatoribus
2947 1558 3107 1612 aulae.
3142 1557 3201 1613 Si
3233 1560 3367 1631 quis
3413 1575 3540 1615 ver-

1896 1646 2064 1696 sutus
2092 1640 2263 1697 alicui
2294 1642 2704 1708 comitum,vel
2733 1643 2896 1699 alteri
2927 1662 3185 1717 personae
3212 1646 3366 1702 fideli
3388 1646 3542 1703 dixe-

1895 1730 1986 1785 rit.
2021 1730 2225 1785 Audivi
2260 1748 2454 1803 regem
2500 1732 2570 1786 ad
2618 1733 3000 1804 perditionem
3034 1734 3116 1788 tui
3144 1734 3327 1807 loqui,
3361 1740 3419 1791 et
3448 1735 3542 1790 hic

1896 1819 2166 1874 inventus
2199 1819 2393 1886 fuerit,
2428 1826 2643 1892 pereat.

1966 1908 2101 1962 CAP.
2135 1908 2269 1963 LIV.
2304 1910 2379 1962 De
2421 1910 2524 1975 his,
2558 1912 2655 1979 qui
2698 1910 2983 1966 mendacia
3025 1914 3171 1968 inter
3214 1912 3347 1969 duos
3396 1914 3547 1971 aula?

1892 1997 2201 2067 familiares
2257 2004 2536 2053 astruunt.
2581 1998 2636 2053 Si
2703 1999 2836 2071 quis
2890 1999 3046 2056 inter
3101 2001 3250 2058 duos
3300 2002 3544 2057 comites

1895 2085 2199 2141 mendacia
2231 2087 2558 2158 protulerit,
2589 2092 2891 2159 tacereque
2922 2106 3021 2145 eos
3052 2090 3395 2163 deprecatus
3425 2091 3545 2147 fue-

1894 2174 1987 2241 rit,
2022 2178 2087 2229 ut
2135 2176 2351 2231 astutia
2407 2175 2617 2230 diaboli
2652 2178 2725 2230 ab
2758 2177 3004 2233 invicem
3061 2195 3160 2234 eos
3224 2184 3539 2252 separaret,

1893 2262 2078 2318 solvat
2102 2263 2249 2318 duas
2272 2265 2721 2335 compositiones
2747 2266 2970 2322 fallacis
3000 2266 3213 2340 linguae
3238 2284 3342 2340 pro
3373 2273 3537 2325 reatu

1894 2351 2201 2406 mendacii.
2251 2352 2308 2407 Si
2372 2352 2471 2406 uni
2532 2352 2637 2407 soli
2697 2354 2970 2410 adulatus
3028 2355 3223 2423 fuerit,
3282 2356 3542 2428 privetur

1893 2438 2112 2512 lingua.

1963 2530 2096 2584 CAP.
2132 2529 2240 2583 LV.
2273 2531 2348 2585 De
2387 2531 2535 2600 furto
2587 2530 3037 2594 Uduornicorum.
3069 2531 3126 2586 id
3175 2537 3283 2597 est,
3316 2532 3539 2590 liberti-

1892 2634 2123 2689 norum.
2153 2616 2212 2673 Si
2244 2618 2374 2690 quis
2405 2618 2658 2685 illorum,
2693 2620 2791 2691 qui
2822 2620 2993 2693 vulgo
3018 2621 3311 2677 Uduornic
3337 2638 3541 2678 vocan-

1891 2710 2006 2775 tur,
2041 2709 2260 2762 t'urtum
2310 2707 2691 2773 commiserit,
2724 2708 2849 2781 lege
2898 2707 3215 2765 liberorum
3255 2710 3537 2782 dijudice-

1890 2800 2004 2849 tur.
2037 2795 2466 2850 Testimonium
2498 2800 2692 2852 autem
2726 2798 2854 2867 ejus
2884 2797 3033 2854 inter
3064 2798 3222 2870 ipsos
3255 2816 3371 2855 non
3403 2799 3541 2855 reci-

1892 2884 2088 2956 piatur
2116 2886 2236 2956 [al.,
2272 2884 2574 2957 recipiant]
2607 2887 2777 2958 (1‘25).
3493 2890 3524 2918 ‘

1892 3015 2191 3083 parentur,
2224 3009 2366 3083 hinc)
2391 3009 2667 3083 manavit.
2697 3034 2723 3059 ››
3510 3068 3517 3073 .

1964 3082 2110 3153 (124)
2143 3080 2219 3158 In.
2238 3079 2408 3158 titulo
2438 3082 2509 3137 ad
2544 3082 2868 3158 marginem
2905 3099 3008 3153 pro
3036 3092 3087 3138 et
3117 3085 3365 3158 reginam
3394 3084 3543 3158 lege-

1894 3152 2056 3207 retur
2085 3152 2304 3228 rectius
2337 3156 2388 3228 et
2429 3152 2798 3228 regn_um,futi
2831 3152 2988 3225 patet
3014 3172 3083 3208 ex
3130 3152 3260 3226 ipsa
3304 3152 3541 3228 legefet

1893 3224 2185 3278 consentit
2216 3224 2392 3278 editio
2423 3224 2719 3279 Sambuci.

1964 3296 2108 3363 (125)
2153 3294 2288 3366 Vox,
2326 3295 2606 3366 Uduornic
2651 3296 2804 3366 apud
2857 3294 3214 3350 Sambucum
3263 3297 3541 3352 scribitur

1893 3364 2243 3439 waornyck.
2274 3365 2379 3420 Pro
2410 3364 2885 3439 interpretatione
2910 3367 2986 3439 _a_d
3019 3367 3345 3439 marginem
3378 3373 3539 3422 nota-

1890 3442 2004 3503 tur,
2039 3437 2327 3491 Iibertinus
2349 3436 2552 3491 nobilis
2566 3436 2875 3507 ’przedialis.
2910 3436 3080 3491 Hisce
3110 3436 3351 3493 tandem
3381 3438 3539 3493 addi-

1888 3512 2030 3562 tur:
2076 3508 2312 3579 Explieit
2358 3509 2637 3579 Decretum
2682 3510 2861 3563 sancti
2908 3507 3171 3579 Stephani
3214 3510 3379 3579 regis,
3404 3525 3535 3579 pro-

1887 3580 2195 3661 mulgalum
2239 3578 2655 3661 Slrigo‘nii_(al.2
2688 3579 2895 3649 Talna?)
2926 3578 3079 3661 anno
3132 3578 3290 3661 1035.
3321 3578 3537 3661 Verum

1890 3651 1961 3706 de
1992 3667 2145 3705 anno
2205 3649 2691 3722 promulgationis
2740 3666 2856 3705 non
2886 3654 3039 3705 certo
3088 3655 3358 3706 constare
3407 3651 3536 3722 jam

1891 3726 2026 3777 ante
2057 3722 2277 3777 monui.

1096 3989 1668 4120 SANCTI
1769 3990 2570 4121 STEPHANI

888 4346 1451 4404 ΡΒΟΤΟΑΒΒΑΤΙᾸΞ
1488 4346 1544 4403 S.
1590 4346 1897 4403 MARTINI
1937 4347 1943 4401 1

1955 4348 2122 4402 ΡΑΝΝ
2129 4346 2223 4402 ΟΝ
2231 4346 2317 4402 ῘίΕ
2357 4344 2777 4401 CONCESSUM

1604 4471 1807 4550 (Anno
1854 4469 2056 4549 1001.)

1058 4607 1209 4677 (Acta
1238 4607 1547 4660 sanctorum
1576 4602 1825 4659 Bolland.
1859 4602 2183 4676 Septembr.
2217 4606 2259 4658 t.
2293 4602 2334 4671 Ι,
2369 4619 2423 4675 p.
2458 4600 2608 4671 494.)

1616 4735 2042 4748 —————I—

202 4835 261 4891 In
292 4838 529 4895 nomine
571 4837 802 4894 Domini
844 4836 944 4893 Dei
995 4836 1234 4893 summi.
1282 4836 1639 4904 STEPHANUS,
1673 4853 1771 4892 su-
1804 4842 1853 4906 Ι)
1882 4836 2104 4892 domini
2134 4834 2424 4891 Anastasii
2457 4831 2685 4888 abbatis
2715 4830 2786 4885 de
2816 4828 2938 4899 [al.,
2973 4826 3043 4883 de
3072 4826 3368 4897 omittitur]
3400 4845 3533 4888 mo-

137 4937 305 4993 perna
332 4927 455 4997 [al.,
486 4926 701 4993 divina]
739 4924 1077 4998 providente
1107 4924 1439 4992 clementia,
1470 4924 1770 4996 Hungaro-

135 5026 258 5067 rum
289 5030 406 5070 P8X.

199 5100 502 5160 Credimus
528 5108 587 5159 et
616 5120 746 5159 vere
793 5103 1036 5169 scimus,
1072 5102 1119 5158 si
1162 5101 1304 5156 locis
1353 5100 1547 5156 divino
1593 5101 1774 5157 cultui

137 5190 497 5263 mancipatis,
526 5196 846 5264 potestates
877 5196 1051 5263 atque
1082 5190 1332 5246 honores
1364 5190 1774 5263 adaugmenta-

134 5277 401 5347 verimus,
416 5279 474 5336 id
496 5298 610 5337 non
631 5281 820 5337 solum
844 5280 1016 5335 laude
1036 5279 1296 5335 humana
1312 5279 1771 5350 praedicandum,

134 5378 324 5423 verum
374 5369 572 5425 divina
616 5369 880 5426 mercede
928 5367 1444 5423 remunerandum.
1497 5369 1776 5432 Quocirca

136 5455 389 5513 omnium
422 5463 636 5515 sanctae
668 5456 936 5514 Ecclesiae
967 5456 1066 5513 Dei
1098 5454 1381 5526 ﬁdelium,
1408 5462 1771 5513 nostrorum-

136 5556 260 5613 que,
293 5546 667 5617 praasentium
730 5563 797 5602 ac
854 5546 1182 5601 futurorum
1243 5544 1427 5602 solere
1456 5548 1776 5621 comperiat

136 5628 368 5692 intentio
398 5636 553 5710 quod
591 5652 699 5694 nos
742 5636 1092 5701 interventu,
1124 5632 1364 5691 consilio
1395 5638 1454 5692 et
1483 5652 1773 5695 consensu

1884 4924 2135 4982 nasterio
2158 4926 2215 4980 S.
2237 4922 2488 4986 Martini,
2512 4921 2572 4976 in
2598 4923 2791 4975 monte
2811 4933 2988 4988 supra
3008 4916 3371 4973 Pannoniam
3395 4919 3533 4989 sito,

1883 5033 1916 5071 a
1946 5014 2206 5087 genitore
2237 5016 2437 5067 nostro
2465 5011 2735 5082 incmpto,
2760 5006 2914 5080 quod
2947 5024 3054 5064 nos
3085 5024 3187 5081 per
3206 5007 3306 5065 Dei
3339 5010 3535 5070 subsi-

1882 5102 2066 5166 dium,
2094 5101 2166 5155 ob
2200 5100 2407 5155 animae
2447 5103 2657 5154 nostrae
2698 5095 3045 5167 remedium,
3068 5114 3171 5172 pro
3212 5098 3533 5159 stabilitate

1883 5188 2045 5262 regni
2077 5188 2256 5245 nostri
2286 5188 2358 5243 ad
2392 5188 2564 5244 fidem
2603 5186 3004 5260 perduximus,
3036 5187 3214 5245 talem
3245 5192 3534 5249 concessi-

1884 5297 2015 5335 mus
2069 5278 2397 5334 libertatem
2452 5276 2685 5350 qualem
2744 5274 2965 5333 detinet
3012 5279 3437 5336 monasterium
3468 5281 3527 5336 S.

1883 5367 2178 5424 Benedicti
2211 5368 2270 5422 in
2298 5371 2495 5423 monte
2519 5365 2777 5435 Cassino,
2803 5365 2942 5439 quia
2970 5375 3207 5443 propter
3235 5369 3531 5426 orationes

1883 5461 2115 5514 sanctas
2167 5458 2412 5513 fratrum
2459 5457 2721 5529 ejusdem
2772 5460 3134 5529 monasterii,
3181 5458 3530 5517 conciliante

1882 5546 2119 5603 domino
2176 5548 2483 5604 Anastasio
2542 5547 2876 5621 praescripto
2943 5551 3152 5609 abbate
3209 5555 3268 5608 et
3309 5548 3533 5623 jugiter

1882 5635 2215 5709 adiuvante,
2249 5636 2558 5697 confortati
2594 5641 2652 5697 et
2687 5636 2934 5701 laureati
2963 5660 3200 5716 sumus;
3235 5638 3533 5718 singulare
