3924 6210
264 304 426 367 1261

1141 299 1609 368 ANGILBER'I‘.
1655 298 2069 367 PUSTERLA
2111 300 2476 366 ArlCHlEP.
2523 304 2842 367 MEDIOL.

3528 288 3681 369 I262

269 437 454 512 relegi
468 437 1246 495 fecimuscommonitorium
1271 437 1686 495 avestranobis
1700 435 1923 509 magni-
1950 437 2004 503 Α
2036 435 2096 491 in
2130 436 2424 508 parochiis
2459 438 2673 492 nostris
2731 438 2949 510 absque
3005 442 3207 495 nostra
3254 421 3683 496 examinatione

273 527 514 583 licentia
532 528 835 584 traditum.
853 528 1076 594 Quibus
1098 528 1335 596 auditis,
1352 544 1556 584 omnes
1570 526 1927 583 unanimiter

273 632 382 688 pro
402 620 595 672 vestra
609 616 807 672 indole
821 617 1207 689 omnipotenti
1222 618 1337 672 Deo
1353 617 1696 690 dignissime
1709 616 1927 689 gratias

273 706 674 778 egeruntquia
685 704 901 779 populo
918 723 1023 762 suo
1040 710 1160 762 tem
1177 706 1509 779 piissimum
1532 710 1773 778 tamque
1795 722 1927 760 san-

272 793 611 851 ctissimum
639 795 966 867 principem
999 795 1180 863 dedit,
1216 796 1313 867 qui
1347 800 1555 851 cuncta
1585 792 1923 851 ordinabili-

274 886 368 939 ter
396 883 710 956 disponere
731 884 910 956 cupit.

347 970 484 1027 CAP.
519 971 561 1026 Ι.
614 972 684 1027 Et
733 972 1011 1044 quoniam
1063 972 1334 1046 religiosa
1376 973 1704 1029 sollicitudo
1735 976 1928 1027 vestra

274 1060 539 1133 primum
562 1060 632 1115 de
653 1062 1094 1117 conversatione
1114 1061 1543 1135 episcoporum,
1567 1063 1928 1134 presbytero-

273 1165 410 1204 rum
443 1154 502 1206 et
530 1153 872 1205 ceterorum
898 1150 1239 1206 clericorum
1265 1167 1519 1223 quaerere
1550 1150 1798 1215 studuit,
1821 1166 1927 1205 nos

274 1253 533 1310 quoque,
566 1237 1257 1312 quoregularitermelius
1271 1239 1391 1295 fieri
1426 1238 1634 1311 potuit,
1654 1238 1926 1294 eumdem

274 1326 545 1383 ordinem
578 1343 901 1383 servamus.
934 1327 1285 1400 Episcopum
1319 1328 1556 1401 quidem
1590 1328 1670 1382 ita
1690 1344 1925 1383 conver-

274 1417 398 1472 sari
432 1416 645 1472 debere
675 1416 1130 1489 pronuntiamus
1148 1422 1212 1471 ut
1233 1418 1362 1488 ejus
1378 1417 1498 1472 vita
1528 1420 1679 1473 recte
1697 1415 1928 1472 vivendi

278 1506 359 1561 sit
381 1521 607 1561 norma.
642 1505 1018 1578 Presbyteros
1067 1522 1200 1561 vero
1233 1510 1290 1562 et
1336 1506 1577 1562 clericos
1625 1506 1705 1561 ita
1737 1506 1926 1561 vivere

275 1599 508 1667 oportet
536 1599 603 1649 ut
633 1594 880 1650 subditas
897 1594 1049 1667 plebi
1072 1594 1335 1667 exemplo
1353 1613 1471 1651 suae
1504 1594 1925 1651 conversationi

277 1682 610 1756 proﬁciant.
645 1684 716 1739 Et
746 1683 988 1755 quidam
1039 1684 1517 1756 coepiscoporum
1564 1689 1923 1752 nostrorum,

274 1771 380 1843 qui
410 1771 575 1826 home
620 1772 1079 1827 conversationis
1129 1771 1240 1828 sibi
1270 1773 1487 1828 conscii
1536 1777 1697 1838 sunt,
1729 1771 1921 1845 palam
1955 1807 2001 1871 Β

276 1860 445 1916 fateri
478 1859 845 1928 recusabant,
880 1877 951 1915 ne
981 1860 1071 1915 sui
1103 1860 1365 1933 ipsorum
1396 1861 1730 1917 laudatores
1765 1861 1925 1916 vide-

274 1952 499 2004 rentur.
534 1948 641 2012 Qui
670 1966 804 2004 vero
835 1948 1251 2022 negligentiam
1277 1969 1444 2006 suam
1480 1954 1921 2023 recognoscunt,

273 2054 440 2093 more
470 2037 713 2093 humani
735 2038 951 2110 ingenii
983 2056 1045 2095 se
1076 2039 1235 2112 ipsos
1268 2040 1921 2095 accusareverebantur.

273 2126 456 2183 Juxta
485 2127 1004 2183 commonitionem
1055 2134 1250 2183 tamen
1282 2134 1534 2184 vestram
1584 2128 1923 2202 diligentius

276 2218 730 2288 perscrutantes,
755 2217 1040 2286 quosdam
1061 2215 1293 2288 qualem
1313 2217 1677 2285 desideratis,
1699 2216 1925 2290 quales-

274 2320 390 2376 que
422 2303 620 2376 populi
641 2303 740 2359 Dei
769 2308 1030 2375 pastores
1053 2308 1110 2360 et
1141 2310 1390 2360 rectores
1412 2322 1539 2361 esse
1564 2306 1749 2376 decet,
1772 2306 1926 2361 inve-

273 2392 497 2447 nimus.
532 2392 930 2457 Quorumdam
949 2410 1080 2449 vero
1099 2394 1513 2466 negligentiam
1547 2395 1632 2450 vel
1664 2413 1800 2466 erga
1814 2395 1922 2451 cle-

278 2482 533 2537 ricorum
557 2498 797 2537 suorum
814 2482 1140 2537 custodiam
1163 2482 1251 2538 vel
1277 2499 1415 2554 erga
1438 2482 1693 2555 plebium
1717 2483 1922 2539 sollici-

275 2570 546 2626 tudinem
568 2570 893 2643 reperimus
918 2595 932 2639 ;
956 2571 1170 2643 quibus
1187 2574 1253 2627 ut
1273 2570 1707 2643 aliquantulum
1728 2589 1923 2628 emcn-

277 2658 457 2715 dandi
488 2658 747 2731 spatium
780 2658 1077 2729 tribuatis,
1110 2659 1413 2716 humiliter
1435 2662 1711 2733 petimus.
1745 2662 1851 2727 Qui
1874 2660 1924 2717 si

276 2747 391 2804 cito
423 2747 633 2804 delicta
647 2764 763 2803 non
781 2748 1156 2816 correxerint,
1172 2749 1442 2805 severiori
1466 2750 1767 2806 sententiae
1790 2751 1924 2806 sub-

267 2837 571 2909 jacebunt.

349 2926 482 2982 CAP.
514 2926 585 2981 II.
617 2929 898 2981 Caeterum
930 2926 980 2981 si
1012 2926 1259 2999 quilibet
1278 2926 1561 2984 laicorum
1584 2928 1669 2984 vel
1694 2928 1924 2985 clerico-

276 3031 412 3071 rum
434 3019 636 3071 contra
655 3015 994 3088 episcopum
1008 3014 1095 3071 vel
1114 3015 1364 3087 alicujus
1395 3018 1614 3073 ordinis
1644 3017 1923 3073 clericum

275 3103 501 3175 aliquid
529 3103 815 3176 queritur,
834 3104 1099 3160 noverint
1127 3122 1234 3161 nos
1256 3111 1487 3177 paratos
1515 3110 1573 3161 et
1601 3105 1924 3178 legitimam

2039 524 2253 580 missas
2301 524 2594 581 celebrare
2642 526 2885 581 faciunt.
2943 527 3102 593 Quod
3148 543 3221 583 ne
3251 527 3496 584 ulterius
3554 528 3678 594 fiat,

2036 612 2392 668 omnimodis
2423 619 2513 669 est
2554 614 2962 670 inhibendum.
3013 617 3200 681 Quare
3228 617 3288 672 in
3337 617 3681 673 ordinandis

2035 700 2294 772 plebium
2328 702 2655 758 rationibus
2669 702 2882 758 civium
2902 703 3172 760 instituta
3196 705 3568 777 [presbyteris
3590 723 3682 763 ca-

2038 806 2258 846 nonum
2314 790 2478 862 inst.]
2539 796 2862 859 serventur,
2917 797 2975 848 et
3000 793 3285 865 pestifera:
3344 794 3680 852 ambitionis

2032 878 2241 934 vitium
2272 879 2553 935 radicitus
2583 881 2963 953 exstirpetur,
2997 886 3053 937 et
3080 898 3270 955 neque
3295 883 3367 938 ob
3400 899 3680 955 quorum-

2035 967 2170 1021 dam
2203 968 2724 1040 propinquitatem,
2748 986 2938 1043 neque
2958 988 3061 1044 pro
3092 970 3345 1044 alicujus
3377 970 3681 1028 familiari-

2035 1055 2171 1111 tatis
2200 1057 2407 1127 gratia,
2466 1074 2674 1130 neque,
2715 1060 2869 1131 quod
2931 1059 3184 1116 maxime
3244 1061 3679 1127 detestandum,

2036 1149 2271 1216 propter
2290 1147 2668 1217 pecuniarum
2691 1148 3109 1221 acceptionem,
3126 1149 3408 1224 indignus
3435 1149 3684 1222 quilibet

2036 1232 2354 1288 ordinetur.
2389 1234 2455 1288 Et
2478 1235 2733 1306 primum
2756 1238 2994 1308 quidem
3025 1237 3339 1311 ipsiusloci
3354 1239 3681 1312 presbyteri

2034 1318 2120 1376 vel
2149 1321 2338 1377 czeteri
2365 1320 2557 1379 clerici
2618 1325 2893 1381 idoneum
2943 1326 3053 1382 sibi
3105 1331 3389 1385 rectorem
3438 1327 3676 1401 eligant.

2037 1409 2250 1464 Deinde
2282 1409 2481 1483 pepuli
2512 1411 2612 1483 qui
2626 1413 2698 1468 ad
2713 1415 2980 1471 eamdem
2998 1415 3226 1487 plebem
3241 1416 3681 1490 aspicitfsequa-

2037 1501 2134 1552 tur
2163 1515 2463 1554 assensus.
2499 1500 2555 1554 Si
2589 1506 2785 1558 autem
2816 1503 2873 1557 in
2906 1504 3036 1576 ipsa
3065 1505 3231 1576 plebe
3260 1506 3393 1562 talis
3431 1505 3678 1562 inveniri

2036 1604 2148 1641 non
2182 1588 2438 1659 potuerit
2468 1588 2569 1660 qui
2601 1589 2745 1645 illud
2775 1608 2922 1663 opus
2970 1599 3365 1666 competenter
3403 1611 3677 1668 peragere

2035 1674 2241 1746 possit,
2272 1680 2410 1730 tunc
2439 1677 2751 1751 episCOpus
2781 1681 2852 1735 de
2879 1681 3025 1749 suis,
3044 1697 3220 1753 quem
3237 1682 3680 1754 idoneumjudi-

2037 1764 2270 1831 caverit,
2304 1764 2447 1820 inibi
2477 1767 2810 1824 constituat.

2107 1852 2238 1907 Car.
2271 1853 2339 1908 V.
2374 1854 2525 1910 Sane
2557 1858 2908 1913 removenda
2954 1860 3347 1930 quorumdam
3395 1859 3679 1917 laicorum

2037 1942 2380 2012 procacitas,
2413 1943 2513 2014 qui
2539 1943 2647 2000 hoc
2677 1944 2798 2001 solo
2821 1947 3061 2003 obtentu
3092 1949 3247 2019 quod
3277 1949 3351 2004 ad
3382 1948 3681 2006 electionis

2033 2030 2390 2085 consortium
2426 2032 2840 2103 admittuntur,
2874 2036 3393 2110 archipresbyteris
3424 2038 3549 2095 suis
3578 2039 3680 2096 do-

2034 2117 2240 2173 minari
2276 2113 2657 2191 prmsumunt,
2692 2128 2748 2178 et
2777 2139 2925 2195 quos
2958 2128 3240 2197 tanquam
3280 2131 3478 2198 patres
3507 2144 3677 2184 vene-

2033 2205 2148 2259 rari
2169 2206 2512 2274 debuerant,
2537 2209 2693 2265 velut
2709 2212 2976 2269 subditos
2998 2217 3393 2270 contemnant.
3414 2216 3479 2271 Hi
3500 2216 3682 2289 igitur

2033 2294 2187 2350 intra
2218 2297 2434 2367 proprii
2458 2298 2613 2369 juris
2654 2301 2936 2357 terminos
2986 2308 3125 2358 sunt
3175 2303 3493 2376 redigendi.
3527 2306 3596 2360 Et
3626 2305 3676 2361 si

2031 2385 3091 2447 extraordinariamdominationemin
3124 2391 3677 2451 Ecclesiisexercere

2030 2474 2530 2546 praesumpserint,
2589 2478 2749 2549 regia
2803 2484 2943 2535 sunt
2982 2480 3294 2554 disciplina
3350 2483 3673 2540 coercendi.

2032 2560 2146 2632 Ipsi
2177 2579 2309 2617 vero
2339 2563 2439 2635 qui
2471 2566 2542 2620 ad
2574 2568 2986 2637 gubernandas
3016 2569 3214 2642 plebes
3254 2570 3511 2645 legitime
3541 2588 3673 2645 pro-

2032 2650 2179 2704 vecti
2214 2655 2372 2717 sunt,
2406 2652 2741 2712 nullatenus
2770 2673 2804 2711 a
2835 2657 2961 2714 suis
2976 2658 3266 2731 episcopis
3296 2659 3673 2733 repellantur,

2034 2740 2144 2794 nisi
2180 2745 2283 2795 aut
2312 2741 2369 2796 in
2403 2742 2653 2815 alicujus
2684 2745 2948 2802 criminis
2979 2751 3205 2804 reatum
3237 2748 3547 2806 inciderint
3575 2753 3679 2805 aut

2035 2830 2268 2885 easdem
2300 2830 2503 2902 plebes
2534 2834 2685 2890 male
2713 2837 3107 2893 tractaverint.

2103 2920 2232 2974 CAP.
2268 2919 2361 2974 VI.
2383 2919 2663 2977 Tollenda
2686 2928 2775 2980 est
2789 2925 2951 2981 enim
2969 2944 3146 2999 prava
3166 2928 3405 2985 omnino
3432 2946 3679 2986 censue-

2032 3009 2175 3063 tudo
2208 3025 2340 3081 quas
2369 3010 2428 3064 in
2443 3012 2799 3083 quibusdam
2822 3013 2967 3071 locis
2998 3016 3344 3091 oririccepit,
3376 3019 3514 3092 quia
3538 3036 3679 3075 non-

2036 3096 2178 3152 nulli
2193 3098 2680 3173 archipresbyteri
2692 3102 2779 3158 vel
2792 3103 3357 3162 aliorumtitulorum
3381 3109 3674 3178 custodes,

276 3173 950 3266 “abere—audientiam,
981 3198 1038 3250 et
1069 3194 1119 3251 si
1149 3173 1289 3266 quia
1321 3212 1627 3268 perperam
1659 3173 1925 3270 gessisse
1953 3173 1996 3238 C
2035 3188 2232 3258 fruges
2260 3188 2346 3243 vel
2382 3188 2524 3244 alios
2553 3190 2931 3247 ecclesiarum
2950 3195 3172 3251 reditus
3203 3197 3274 3251 ad
3298 3199 3561 3271 proprias
3583 3173 3684 3257 do-

275 3281 509 3355 probati
542 3281 774 3350 fuerint,
807 3282 1006 3338 debita
1035 3282 1538 3341 animadversione
1559 3286 1773 3358 puniri.

350 3370 482 3426 ΟΑΡ.
517 3369 615 3427 IlI.
651 3371 925 3427 Doctrina
947 3389 1080 3428 vero
1112 3376 1169 3427 ct
1190 3374 1521 3445 praedicatio
1540 3375 1596 3429 in
1622 3376 1926 3448 populum,

281 3458 497 3533 partim
523 3459 930 3532 episcOporum
955 3464 1012 3516 et
1029 3459 1390 3533 reliquorum
1409 3464 1933 3538 sacerdotum,par—

279 3548 392 3604 tim
423 3563 559 3603 vero
582 3548 785 3621 populi
816 3548 1190 3623 negligentia,
1209 3568 1325 3606 non
1356 3552 1504 3609 sicut
1538 3555 1931 3610 necessarium

284 3641 378 3693 est
410 3641 778 3709 procuratur.
803 3638 872 3694 Et
900 3639 1269 3695 sacerdotum
1293 3642 1529 3714 quidem
1562 3644 1791 3699 incuria
1813 3644 1939 3699 nul-

2036 3292 2164 3331 mos
2194 3276 2512 3332 abducunt.
2548 3279 2794 3344 Quidam
2820 3298 2952 3337 vero
2982 3281 3231 3340 aliorum
3280 3289 3683 3359 possessiones

2040 3365 2396 3434 conducunt,
2429 3372 2495 3422 ut
2524 3367 2580 3422 in
2614 3369 2697 3424 eis
2728 3386 2854 3441 quae
2907 3372 2978 3427 ab
3036 3372 3301 3430 ecclesiis
3357 3377 3484 3433 suis
3533 3378 3689 3435 male

2041 3453 2455 3511 subtraxerunt
2484 3458 2821 3514 recondant.
2855 3460 3130 3516 Nonnulli
3161 3466 3356 3520 autem
3401 3465 3690 3523 laicorum

2041 3542 2100 3597 in
2129 3547 2356 3599 tantum
2389 3562 2591 3601 eorum
2625 3548 2899 3620 nequitia
2931 3565 2993 3605 se
3024 3551 3338 3624 complices
3362 3554 3606 3624 faciunt,
3630 3559 3699 3611 ut

2045 3648 2176 3704 qua:
2206 3633 2545 3705 bujusmodi
2562 3639 3026 3711 transgressores
3039 3640 3110 3695 ab
3129 3640 3374 3699 ecclesia
3396 3644 3701 3716 subripue-

283 3726 521 3782 Iatenus
552 3729 641 3781 est
657 3728 1006 3784 excusanda.
1026 3727 1275 3794 Quidam
1298 3747 1432 3786 vero
1448 3731 1583 3787 laici
1601 3736 1657 3788 et
1686 3733 1939 3789 maxime
2048 3727 2205 3789 ῐύηῐν
2238 3722 2349 3796 ἱρεί
2381 3723 2440 3779 in
2472 3725 2596 3781 Silis
2627 3726 2901 3784 domibus
2933 3730 3318 3787 abscondant
3354 3731 3529 3790 ΤθοῙθε
3557 3748 3696 3805 ergo

286 3818 558 3889 potentes
589 3832 656 3871 ac
687 3814 1098 3889 nobiles,quos
1120 3819 1445 3876 studiosius
1477 3822 1546 3876 ad
1578 3823 1939 3894 praedicatio-

2049 3812 2308 3885 primum
2340 3831 2375 3869 a
2393 3815 2517 3871 suis
2534 3815 2825 3889 episcopis
2846 3818 3256 3891 corripiantur.
3284 3822 3448 3886 Quod
3468 3821 3518 3878 si
3539 3838 3602 3879 se
3623 3822 3702 3877 ci-

286 3920 425 3959 nem
458 3904 654 3961 venire
678 3905 1004 3977 oportebat,
1030 3908 1200 3977 juxta
1246 3909 1454 3965 domos
1484 3926 1621 3965 suas
1670 3911 1942 3968 basilicas
2050 3901 2168 3957 tius
2198 3902 2488 3975 corrigere
2502 3904 2814 3975 noluerint,
2838 3911 3119 3980 tanquam
3151 3910 3692 3982 quiecclesiasticas

287 3992 549 4061 habent;
583 3992 642 4048 in
674 3993 888 4066 quibus
919 3995 1183 4051 divinum
1217 3999 1522 4056 audientes
1552 4001 1836 4071 ofﬁcium,
1870 4003 1945 4058 ad
2055 4009 2146 4047 res
2173 3993 2458 4065 sacrilega
2483 3994 2807 4053 temeritate
2837 4001 3255 4065 tractaverunt,
3283 4000 3551 4073 synodali
3575 4016 3705 4057 sen-

292 4082 551 4153 majores
581 4082 856 4139 ecclesias
888 4085 1077 4140 rarius
1099 4086 1295 4142 venire
1317 4092 1887 4163 consueverunt(l).l

2117 4081 2238 4136 ntia
2267 4081 2567 4139 feriantur.
2599 4084 2801 4141 Laicos
2831 4104 2966 4144 vero
2997 4086 3097 4159 qui
3129 4093 3264 4159 post
3295 4089 3445 4146 hanc
3476 4090 3702 4146 denun-

293 4172 439 4227 dum
473 4171 582 4228 soli
615 4172 815 4228 amicti
846 4177 902 4229 et
960 4191 1246 4248 pauperes
1303 4178 1562 4246 veniunt,
1618 4181 1759 4252 quid
1789 4180 1947 4236 aliud
2058 4169 2363 4226 tiationcm
2396 4172 2587 4228 socios
2618 4174 2872 4245 sehujus
2900 4175 3269 4248 expilationis
3291 4177 3703 4250 prmbuerrint,

293 4276 480 4332 quam
510 4264 576 4315 ut
604 4259 761 4316 mala
788 4261 1074 4334 patienter
1105 4264 1296 4320 {erant
1344 4266 1463 4322 illis
1512 4269 1951 4339 pradicandum
2059 4264 2344 4331 tanquam
2377 4260 2513 4315 furti
2529 4262 2998 4332 reos,judiciaria
3026 4266 3346 4321 coarctabit
3366 4267 3717 4323 auctoritas.

295 4347 418 4404 est?
448 4348 509 4404 Si
544 4354 740 4405 autem
774 4348 1003 4418 divites,
1037 4352 1137 4424 qui
1169 4354 1527 4427 pauperibus
1560 4356 1838 4428 injuria“,
1863 4358 1955 4412 fa-
2134 4347 2269 4402 CAP.
2302 4348 2421 4403 VII.
2454 4349 2535 4403 De
2554 4351 2977 4406 restauratione
2995 4351 3540 4409 ecclesiarumillud
3567 4355 3724 4427 capi-

297 4453 430 4493 cere
461 4435 622 4493 soliti
652 4443 814 4506 sunt,
862 4441 1059 4497 venire
1108 4459 1223 4498 non
1275 4444 1596 4511 renum-int,
1648 4446 1953 4502 admoneri
2065 4435 2255 4491 tulum
2288 4437 2507 4491 sufficit
2537 4438 2693 4509 quod
2714 4439 3147 4510 genitorvester
3176 4440 3237 4496 in
3270 4441 3591 4513 capitulare
3610 4459 3723 4500 suo

298 4524 504 4598 utique
535 4532 775 4598 possent
807 4533 869 4585 ut
898 4530 1286 4605 eleemosynis
1317 4537 1553 4605 peccata
1583 4534 1955 4592 suaredime-
1992 4542 2038 4606 Ι)
2072 4524 2396 4580 constituit.
2434 4525 2545 4580 Sed
2579 4529 2643 4580 ut
2676 4531 2958 4596 servetur,
2989 4531 3183 4583 vestra
3211 4528 3437 4602 indiget
3467 4529 3739 4587 admoni"

301 4619 435 4671 rent
464 4618 522 4671 et
552 4631 587 4670 a
614 4616 774 4673 ﬂuxu
805 4635 1002 4676 rerum
1033 4620 1449 4695 temporalium
1481 4639 1543 4678 se
1573 4623 1957 4683 abstinerent.
2070 4614 2248 4668 ῐίοηθ·

297 4704 670 4760 Admonendi
702 4712 843 4763 sunt
866 4708 1043 4782 igitur
1059 4715 1323 4783 potentes
1341 4715 1406 4766 ut
1422 4712 1494 4767 ad
1517 4713 1768 4784 majores
1789 4715 1965 4772 eccle-

304 4793 450 4858 sias,
482 4793 581 4848 ubi
599 4795 1075 4867 praedicationem
1100 4800 1304 4855 audire
1325 4798 1568 4871 possint,
1594 4803 1963 4873 conveniant,

308 4886 366 4937 et
395 4886 688 4954 quantum
704 4885 856 4940 dono
890 4888 1309 4961 omnipotentis
1334 4888 1430 4945 Dei
1457 4889 1678 4947 divitiis
1703 4896 1760 4947 et
1790 4892 1971 4949 hono-

312 4969 480 5026 ribus
509 4975 747 5029 czeteros
772 4976 1141 5043 antecedant,
1174 4982 1337 5034 tanto
1359 4978 1430 5033 ad
1453 4979 1809 5036 audiendum
1835 4999 1973 5055 prte-
2085 4985 2316 5037 narum»
2350 4984 2479 5039 qua?
2523 4969 2848 5025 secundum
2894 4970 3155 5046 regulam
3205 4974 3393 5030 sancti
3443 4972 3745 5031 Βθῐιθάίοῐί

313 5062 486 5130 cepta
517 5060 839 5119 conditoris
870 5063 961 5119 sui
995 5064 1250 5123 alacrius
1279 5067 1576 5124 festinent,
2079 5056 2168 5113 vel
2191 5057 2515 5112 secundum
2531 5058 2872 5114 canonicam
2889 5060 3298 5119 auctoritatem
3313 5063 3744 5138 dispositaesse

386 5147 525 5203 CAP.
552 5147 643 5204 IV.
677 5149 926 5215 Quidam
957 5157 1153 5210 autem
1186 5156 1428 5212 comites
1453 5161 1509 5213 et
1528 5158 1887 5216 vassidomin

2115 5147 2318 5213 Lebent,
2353 5147 2492 5217 quia
2524 5146 2828 5218 inspiratio
2854 5150 3276 5222 omnipotentis
3307 5154 3427 5221 Dei,
3466 5156 3531 5208 ut
3559 5150 3750 5206 credi-

313 5237 690 5309 presbyteros
722 5242 779 5294 et
835 5241 1079 5299 clericos
1119 5248 1354 5301 nostros
1401 5251 1638 5304 crateres
1688 5250 1887 5321 quod:

2115 5252 2221 5291 nus
2251 5251 2350 5290 cor
2379 5235 2554 5290 vestri
2587 5236 3005 5295 moderaminis
3036 5238 3317 5308 incitavit,
3368 5242 3482 5314 ipsi
3514 5237 3747 5311 gratias

315 5325 612 5397 episcopis
638 5325 827 5385 facere
856 5328 1011 5399 licet,
1050 5331 1273 5404 absque
1305 5340 1502 5391 nostra
1547 5335 1784 5393 licentia
1832 5340 1978 5394 reci-
2085 5325 2251 5381 ι’θΓϐΓί
2276 5340 2426 5379 ιηυε·
2458 5324 2602 5379 Nam
2620 5326 2910 5397 QUOdJam
2934 5327 3191 5384 ωθκίῐηίι
3207 5347 3277 5385 ex
3308 5334 3471 5403 Parte
3492 5326 3761 5385 ordinem

315 5412 514 5486 piunt.
555 5415 803 5488 Insuper
829 5418 1005 5475 etiam
1038 5419 1710 5493 ubicunqueordinatos,
1735 5432 1790 5482 et
1812 5443 1985 5499 quos-
2093 5431 2274 5471 suum
2313 5412 2640 5481 amiserint:
2675 5416 2953 5472 omnibus
2975 5422 3065 5474 est
3093 5419 3495 5476 manifestum
3531 5416 3664 5481 Qum
3696 5422 3764 5475 ιη

321 5501 459 5559 dam
498 5502 572 5558 de
604 5504 822 5576 quibus
852 5507 1098 5564 dubium
1156 5513 1211 5566 et
1242 5514 1440 5567 utrum
1472 5516 1797 5572 consecrati
1821 5533 1887 5571 su

2237 5502 2524 5559 ristinum
2544 5508 2770 5562 statum
2786 5508 3164 5585 reducantur,
3188 5507 3248 5570 in
3280 5506 3505 5569 domini
3518 5521 3584 5565 ac
3606 5504 3764 5587 geni‘

389 5610 466 5701 (1)
499 5610 647 5671 Vide
676 5616 844 5672 notas
874 5615 946 5673 ad
969 5608 1248 5689 Salviah.,
1276 5633 1410 5695 pag.
1442 5620 1548 5678 419
1569 5624 1829 5681 extrema
1849 5622 2149 5704 (Patrolog.
2179 5620 2206 5677 t
2243 5610 2447 5709 ΜΠ),

2145 4703 2276 4758 CAP.
2308 4702 2456 4758 VIII.
2493 4701 2789 4758 Similiter
2834 4708 2892 4760 et
2921 4705 2991 4760 de
3039 4704 3438 4776 xenodochiis,
3490 4706 3647 4761 sicut
3677 4707 3740 4766 in

2074 4791 2276 4847 eodem
2314 4790 2623 4862 capitulari
2657 4791 3013 4860 continetur,
3048 4793 3482 4851 observandum
3514 4798 3624 4851 est.

2148 4884 2279 4934 CAP.
2311 4878 2398 4934 IX.
2434 4879 2513 4934 De
2537 4881 2912 4937 monasteriis
2938 4885 3133 4938 autem
3147 4882 3407 4940 virorum
3437 4901 3540 4942 seu
3573 4885 3743 4941 femi-
