3924 6210
266 276 424 359 mea

1531 278 1867 343 APPEND.
1913 277 2017 341 AD
2062 278 2250 342 SEC.
2294 275 2397 341 IX.

3503 280 3665 346 1264

262 411 413 469 toris
437 410 613 470 vestri
672 428 739 469 ac
773 416 966 470 vestra
1020 412 1275 488 gloriosa
1321 414 1705 488 dispositione
1764 431 1904 469 con-
1936 415 1991 480 Α
2089 412 2225 468 CAP.
2259 411 2401 467 XIV.
2434 412 2729 475 Quosdam
2766 410 3067 469 ministros
3111 412 3394 471 comitum
3424 418 3667 489 propter

262 499 441 557 sistit.

333 589 467 647 ΟΑΡ.
501 590 567 648 Χ.
602 591 685 649 Ea
716 593 955 666 quidem
1006 594 1362 650 monasteria
1391 610 1516 665 qua:
1549 592 1740 647 adhuc
1782 597 1904 646 sta-

257 681 395 736 tum
416 696 593 737 suum
623 681 893 750 retinent,
916 698 1395 754 unumquemque
1412 682 1816 753 episcoporum
1842 680 1900 734 in

254 768 427 843 cujus
464 769 742 842 parochia
794 771 1116 827 constituta
1146 774 1285 827 sunt
1330 771 1627 843 providere
1677 773 1904 840 oportet

255 860 457 916 utrum
487 858 751 916 ordinem
784 876 957 915 suum
989 864 1243 916 teneant.
1279 859 1441 925 Quod
1474 859 1522 915 si
1554 858 1721 914 aliter
1742 858 1899 914 inve-

256 946 431 1015 nerit,
463 964 582 1005 una
596 964 728 1004 cum
748 952 966 1004 rectore
983 948 1322 1004 monasterii
1341 947 1624 1018 corrigere
1645 948 1897 1003 debebit.

256 1032 420 1098 Quod
439 1035 491 1092 si
520 1035 761 1092 rectoris
792 1035 1130 1093 monasterii
1161 1036 1561 1110 principaliter
1589 1036 1761 1108 culpa
1783 1037 1901 1092 fue-

256 1122 352 1189 rit,
385 1128 442 1181 et
470 1140 534 1181 se
563 1140 819 1197 suosque
840 1125 1109 1182 subditos
1127 1126 1199 1182 ad
1220 1126 1475 1199 episcopi
1509 1126 1599 1181 sui
1631 1126 1897 1181 admoni-

253 1211 473 1271 tionem
530 1212 786 1287 corigere
853 1214 1334 1283 dissimulaverit,
1400 1215 1677 1288 synodica
1727 1214 1900 1276 debet

253 1301 597 1361 auctoritate
626 1302 880 1377 percelli.

320 1391 456 1450 CAP.
479 1391 571 1449 XI.
586 1392 835 1460 Quidam
858 1397 1055 1450 autem
1076 1393 1333 1467 episcopi
1363 1397 1419 1449 et
1434 1398 1683 1449 rectores
1702 1410 1898 1450 mona-

247 1480 563 1539 steriorum
618 1497 714 1539 res
750 1481 1129 1539 ecclesiarum
1180 1500 1424 1538 suarum
1479 1484 1811 1539 subtractae
1841 1488 1897 1539 et

245 1568 377 1627 aliis
406 1571 675 1643 personis
693 1569 939 1644 largitas
964 1588 1093 1627 esse
1112 1576 1458 1643 queruntur,
1483 1576 1539 1627 et
1564 1572 1692 1627 ideo
1714 1572 1892 1628 eccle-

150 1652 153 1657 λ
244 1658 513 1715 siasticas
543 1658 826 1716 utilitates
847 1677 1221 1732 nequaquam
1245 1677 1306 1716 se
1338 1660 1579 1732 implere
1606 1678 1777 1733 posse
1804 1662 1891 1716 di-

2014 502 2345 573 frequentia
2359 499 2574 573 placita
2594 500 2999 573 pauperiorem
3023 502 3307 576 populum
3320 504 3503 563 nimis
3520 505 3667 567 afﬂi-

2012 606 2146 662 gere
2176 588 2591 662 comperimus.
2626 590 2788 646 Unde
2818 591 3185 663 majestatem
3214 596 3470 650 vestram
3493 593 3664 652 obse-

2012 695 2247 734 eramus
2277 682 2342 734 ut
2370 677 2689 751 capitulare
2720 677 2809 734 avi
2825 679 3000 735 vestri
3034 680 3106 736 de
3134 679 3245 737 hac
3275 698 3339 738 re
3366 682 3665 741 observari

2011 766 2379 839 prmcipiatis.

2081 858 2210 912 CAP.
2245 856 2357 912 XV.
2394 856 2473 912 De
2508 856 2821 912 comitibus
2869 873 3024 927 vero,
3059 859 3131 914 de
3176 876 3429 932 quorum
3458 861 3581 919 vita
3608 868 3667 927 et

2010 946 2291 1002 actibusa
2321 944 2491 1001 nobis
2545 961 2804 1017 quaerere
2837 944 3019 1002 voluit
3061 948 3398 1006 sublimitas
3442 956 3659 1019 vestra,

2009 1034 2295 1106 quosdam
2327 1032 2472 1089 tales
2504 1050 2633 1090 esse
2658 1033 2881 1093 scimus
2910 1034 3114 1107 quales
3135 1037 3235 1093 Dei
3266 1037 3578 1098 ministros
3604 1050 3664 1101 οἱ

2010 1126 2209 1177 vestrae
2241 1122 2577 1194 reipublicae
2607 1122 2934 1194 provisores
2974 1140 3103 1181 esse
3150 1126 3333 1184 decet.
3378 1128 3661 1185 Nonnulli

2008 1216 2223 1279 autem,
2249 1216 2314 1266 ut
2344 1228 2406 1267 se
2424 1228 2680 1284 suosque
2702 1212 3004 1270 ministros
3021 1216 3659 1289 corrigant,vestraad—

2006 1300 2325 1356 monitione
2365 1302 2654 1374 indigent.
2690 1302 2914 1370 Quibus
2929 1307 3126 1361 tamen
3140 1305 3658 1379 utaliquantulum

2012 1391 2363 1446 emendandi
2392 1391 2649 1462 spatium
2702 1390 2996 1461 tribuatis,
3039 1394 3431 1467 exposcimus.
3464 1397 3574 1464 Qui
3607 1398 3657 1461 si

2005 1495 2065 1533 se
2092 1479 2268 1534 citius
2297 1479 2584 1551 corrigere
2615 1478 2927 1548 noluerint,
2946 1482 3106 1555 regia
3134 1487 3275 1539 sunt
3302 1486 3657 1546 auctoritate

2007 1568 2378 1640 reprimendi.

2072 1660 2197 1712 Cu».
2232 1657 2375 1711 XVI.
2409 1657 2739 1712 Statuimus
2771 1658 2948 1714 etiam
2976 1675 3047 1715 ne
3092 1660 3372 1735 episc0pi,
3415 1666 3655 1737 quando

244 1751 386 1802 cunt
408 1764 421 1802 :
444 1763 568 1819 qua:
600 1751 664 1802 ut
683 1748 1086 1816 restituantur,
1102 1754 1355 1804 vestram
1384 1749 1599 1819 regiam
1625 1750 1894 1820 majesta-
1923 1778 1967 1843 Β
2002 1764 2104 1819 pro
2136 1745 2538 1801 conﬁrmando
2568 1745 2854 1818 populum
2906 1748 3210 1820 parochias
3261 1751 3652 1822 circumeunt,

244 1838 367 1893 tem
391 1835 797 1910 imploramus.
829 1837 975 1905 Quia
1002 1838 1130 1893 sibi
1166 1838 1264 1910 qui
1296 1854 1395 1893 eas
1425 1855 1528 1909 pro
1558 1839 1886 1894 animarum
1923 1835 1964 1843 ”
1996 1835 3647 1914 arcbipresbyterossuosgravent,ethujusmodidispensa

244 1941 486 1983 suarum
518 1926 773 1982 remedio
824 1926 1088 1983 ecclesiis
1134 1926 1529 1993 contulerunt,
1580 1927 1885 1999 praemium

247 2016 565 2087 merentur,
600 2011 725 2070 sine
739 2014 916 2072 dubio
929 2014 1305 2072 damnatione
1318 2013 1477 2086 digni
1502 2020 1640 2070 sunt
1673 2016 1768 2088 qui
1789 2033 1888 2071 eas

243 2100 589 2158 subtrahere
616 2100 956 2159 moliuntur.

314 2192 442 2246 CAP.
477 2189 599 2245 XII.
634 2190 698 2246 In
744 2191 928 2248 sacris
985 2192 1311 2249 eanonibus
1358 2195 1659 2265 praeﬁxum
1708 2198 1797 2249 est
1826 2196 1891 2248 ut

242 2275 482 2334 decimis
500 2278 673 2349 juxta
690 2280 946 2354 episcopi
973 2280 1416 2353 dispositionem
1438 2282 1886 2337 distribuantur.

243 2366 493 2435 Quidam
523 2371 720 2425 autem
740 2368 896 2436 laici,
916 2370 1015 2442 qui
1046 2370 1132 2426 vel
1162 2370 1221 2425 in
1246 2370 1497 2443 propriis
1512 2370 1599 2426 vel
1634 2370 1691 2426 in
1716 2371 1887 2426 bene-

243 2454 394 2512 ﬁciis
426 2473 565 2514 suas
593 2457 814 2515 habent
836 2458 1130 2526 basilicas,
1154 2464 1508 2530 comtempta
1525 2459 1782 2531 episcopi
1810 2460 1892 2515 di-

245 2543 586 2621 spositione,
610 2564 726 2613 non
752 2547 824 2603 ad
848 2546 1122 2603 ecclesias
1155 2548 1252 2603 ubi
1277 2548 1639 2619 baptismum
1669 2552 1725 2603 et
1746 2566 1889 2620 prae-

245 2632 622 2709 dicationem,
639 2652 851 2692 manus
874 2635 1328 2709 impositionem,
1356 2635 1538 2691 etalia
1561 2636 1639 2691 Cb
1651 2637 1773 2692 risti
1800 2655 1891 2693 sa-

250 2727 552 2801 cramenta
579 2722 928 2797 percipiunt,
976 2724 1234 2779 decimas
1284 2741 1421 2780 suas
1470 2725 1630 2792 dant,
1674 2726 1775 2780 sed
1806 2726 1892 2781 vel

252 2810 505 2882 propriis
536 2810 797 2867 basilicis
818 2811 905 2867 vel
939 2811 1063 2868 suis
1084 2811 1310 2868 clericis
1330 2829 1432 2884 pro
1465 2829 1572 2869 suo
1604 2813 1773 2869 libitu
1799 2814 1897 2870 tri-

254 2896 465 2953 buunt.
480 2898 640 2963 Quod
660 2900 1017 2969 omnimodis
1039 2899 1367 2973 divinzclegi
1382 2906 1440 2956 et
1460 2901 1641 2957 sacris
1659 2904 1897 2958 canoni-

256 2985 369 3043 bus
400 2991 629 3044 constat
642 3003 772 3045 esse
792 2989 1170 3044 contrarium.
1187 2988 1349 3045 Unde
1373 2996 1623 3046 vestram
1655 2995 1901 3062 potesta-

253 3077 372 3132 tem
406 3080 469 3132 ut
497 3092 597 3133 eos
626 3076 929 3151 corrigatis
958 3078 1300 3150 expetimus.

1998 1923 2253 1979 contenti
2268 1924 2404 1988 sint,
2442 1940 2621 1995 panes
2638 1929 2896 1995 centum,
2912 1924 3229 1999 friskingas
3248 1930 3653 1999 quatuor,vini

1999 2013 2251 2068 sextaris
2273 2012 2719 2084 quinquaginta,
2748 2012 2938 2084 pullos
2965 2019 3207 2087 septem,
3234 2033 3341 2073 ova
3358 2018 3652 2092 quinqua-

1998 2102 2180 2174 ginta,
2201 2118 2417 2172 agnum
2442 2118 2648 2167 unum,
2674 2100 2994 2173 porcellum
3012 2119 3221 2172 unum,
3254 2121 3555 2165 annonam
3576 2109 3649 2167 ad

1997 2187 2251 2243 caballos
2284 2188 2509 2244 modios
2540 2206 2657 2255 sex,
2713 2188 2916 2245 fenum
2950 2206 3099 2245 corr.
3149 2195 3268 2248 tres
3320 2196 3500 2265 [for-te,
3531 2196 3648 2255 feni

1998 2276 2200 2332 corbes
2233 2278 2371 2347 tres]
2403 2294 2414 2343 ;
2451 2275 2588 2344 mel,
2619 2275 2834 2343 oleum,
2866 2294 3019 2347 cera,
3052 2280 3208 2352 quod
3239 2282 3477 2341 sufﬁcit.

2070 2365 2199 2421 Cm.
2233 2366 2401 2421 XVII.
2431 2365 2689 2421 Petimus
2706 2366 2882 2422 etiam
2908 2370 2974 2422 ut
3002 2370 3357 2428 emunitates
3374 2376 3649 2447 progeni-

2000 2460 2194 2511 torum
2224 2458 2553 2510 vestrorum
2584 2454 2663 2510 ita
2692 2457 3020 2512 conservari
3051 2459 3423 2533 pmcipiatis,
3446 2463 3603 2521 sicut
3622 2483 3659 2522 a

2000 2543 2253 2617 glorioso
2283 2544 2543 2617 genitore
2571 2549 2763 2600 vestro
2796 2544 2855 2600 in
2885 2563 2991 2602 suo
3022 2548 3346 2621 capitulare
3366 2553 3649 2611 constitu-

2003 2637 2130 2687 tum
2164 2636 2271 2687 est.

2074 2726 2208 2778 CAP.
2239 2720 2434 2776 XVIII.
2457 2722 2563 2777 Per
2575 2722 2840 2795 singulas
2857 2726 3163 2798 parochias
3187 2742 3286 2785 eas
3308 2730 3656 2793 festivitates

2006 2810 2259 2884 populus
2289 2811 2593 2867 observare
2626 2814 3017 2886 studeatquas
3038 2818 3312 2890 proprius
3341 2821 3654 2897 episcopus

2006 2900 2267 2956 venerari
2327 2900 2742 2971 praedicaverit,
2775 2903 2858 2959 ita
2884 2907 2951 2960 ut
2970 2921 3158 2977 neque
3190 2906 3323 2964 illas
3352 2910 3655 2984 negligant

2008 3006 2155 3061 quas
2187 2990 2517 3045 sacerdotes
2570 2992 2929 3061 monuerint,
2989 3011 3178 3067 neque
3236 2997 3399 3055 inani
3448 3017 3655 3073 super-

2010 3077 2245 3134 stitione
2275 3094 2373 3133 eas
2404 3078 2693 3135 celebrare
2725 3087 3087 3152 prmsumant
3114 3101 3244 3157 quae
3281 3102 3653 3161 nequaquam

322 3163 458 3220 CAP.
490 3166 644 3223 XIII.
675 3170 847 3222 Sacra
877 3167 1045 3223 docet
1060 3167 1376 3223 auctoritas
1404 3173 1471 3223 ut
1501 3168 1730 3240 publice
1761 3185 1893 3241 pec-
1929 3150 1971 3217 (ἶ
2009 3171 2148 3222 sunt
2176 3167 2568 3224 observandae.

246 3256 445 3311 cantes
457 3253 705 3328 publica:
719 3254 1068 3328 paenitentis:
1086 3256 1492 3327 subjiciantur.
1516 3256 1897 3313 Inveniuntur

243 3346 438 3399 autem
470 3343 713 3417 quidam
736 3344 838 3417 qui
854 3344 1079 3401 incesta
1093 3346 1895 3402 matrimoniacontraxerunt

241 3435 300 3488 et
325 3432 415 3489 vel
446 3434 727 3507 proximis
741 3433 866 3492 suis
887 3434 974 3491 vel
1006 3435 1121 3491 Deo
1138 3434 1322 3491 sacris
1341 3434 1690 3491 mulieribus
1713 3451 1892 3507 copu-

239 3519 347 3577 lati
373 3527 533 3581 sunt.
567 3524 817 3590 Quidam
844 3524 1022 3580 etiam
1046 3523 1297 3597 publicae
1326 3528 1576 3597 possunt
1603 3525 1889 3596 poeniten-

238 3609 331 3667 tia:
362 3612 690 3686 subjugari.
716 3612 977 3669 Petimus
991 3616 1055 3668 ut
1073 3612 1356 3669 comitum
1376 3617 1702 3670 vestrorum
1725 3614 1886 3668 auxi-

239 3696 319 3759 lio
348 3698 689 3757 fulciantur.

2075 3256 2206 3311 CAP.
2241 3256 2380 3312 ΧιΧ.
2413 3257 2470 3311 Si
2500 3274 2633 3313 vero
2659 3258 2843 3332 aliqui
2863 3258 3081 3333 inventi
3100 3262 3317 3320 fuerint
3335 3266 3436 3337 qui
3459 3283 3653 3324 sacer-

2003 3346 2240 3402 dotibus
2269 3348 2669 3420 obtemperare
2701 3348 3013 3419 noluerint,
3055 3367 3157 3424 per
3199 3352 3506 3412 ministros
3538 3355 3651 3411 rei-

2001 3435 2246 3507 publica:
2263 3437 2713 3509 distringentur,
2734 3442 2791 3494 et
2819 3438 3280 3499 satisfactionem
3299 3443 3647 3514 paenitentis

2001 3541 2181 3595 quam
2210 3525 2534 3598 presbyteri
2563 3525 2954 3599 imposuerint
2982 3528 3180 3585 subire
3211 3537 3517 3604 cogantur.

1107 3964 1867 4059 ANGILBERTI
1952 3965 2780 4062 PRIVILEGIUM

1517 4146 1637 4206 Pro
1666 4143 2076 4206 Ambrosiana
2107 4143 2364 4207 basilica

1278 4301 1569 4375 (UGHELLI,
1612 4304 1773 4361 Italia
1803 4322 1978 4373 sacra,
2012 4310 2156 4362 tom.
2191 4305 2282 4375 IV,
2316 4322 2450 4381 pag.
2480 4307 2597 4379 79).

293 4568 357 4625 In
388 4567 624 4625 nomine
649 4565 1353 4634 Domini,ANcsLsserus,
1386 4565 1567 4622 beatae
1602 4566 1871 4624 Mediola—
1901 4570 1947 4635 Ι)
1979 4568 2255 4641 cogitare,
2287 4583 2423 4623 cum
2456 4567 2603 4624 meis
2634 4568 3040 4625 sacerdotibus
3083 4569 3348 4628 divinam
3381 4572 3639 4639 clemen-

222 4656 423 4727 nensis
448 4656 717 4713 Ecclesiae
745 4654 1246 4728 archiepiscopus.

290 4744 576 4817 Cumque,
596 4744 1116 4817 Dominojuvante,
1140 4760 1399 4817 gererem
1414 4743 1868 4801 sollicitudinem

223 4834 295 4891 de
325 4849 488 4903 meae,
521 4833 807 4909 parochias
840 4832 1232 4898 monasteriis,
1264 4838 1321 4889 et
1351 4848 1419 4889 ea
1448 4834 1520 4889 ad
1572 4834 1871 4891 tramitem

190 4923 196 4929 ”
219 4926 434 4979 sanctis
448 4922 903 4979 conversationis
916 4921 1257 4993 corrigendo
1272 4925 1444 4994 atque
1458 4924 1870 4991 construendo,

219 5015 394 5084 prout
421 5010 1191 5084 valui,perduxissem,verti
1226 5027 1317 5066 me
1348 5011 1418 5066 ad
1452 5012 1871 5068 monasterium

218 5099 545 5157 beatissimi
573 5099 887 5167 Ambrosii,
912 5100 1007 5155 ubi
1038 5100 1166 5169 ejus
1188 5116 1399 5173 corpus
1430 5101 1697 5173 quiescit,
1722 5120 1864 5174 qua-

215 5193 414 5258 tenus,
444 5189 789 5247 necessitate
801 5190 1280 5262 cogente,ibidem
1304 5190 1575 5245 abbatem
1598 5191 1867 5247 ordinare

216 5277 1095 5349 debuissem.Cumqueprohoc
1127 5277 1368 5343 diutius,
1398 5295 1571 5350 quem
1594 5279 1863 5334 abbatem

212 5362 746 5423 illiusconstituere
772 5366 1105 5422 debuissem
1122 5364 1283 5438 (quia
1306 5363 1382 5420 ibi
1408 5382 1520 5422 non
1536 5366 1863 5439 reperieba-

164 5524 175 5529 κ
211 5454 311 5507 tur
339 5452 494 5523 talis,
525 5470 593 5510 eo
625 5453 781 5524 quod
811 5453 883 5508 ob
936 5452 1351 5526 negligentiam
1386 5454 1525 5509 ordo
1576 5452 1864 5525 regularis

211 5537 379 5596 Valde
407 5539 595 5597 inerat
624 5541 979 5613 corruptus),
1014 5558 1117 5615 pro
1147 5541 1256 5596 hoc
1286 5539 1511 5599 diutius
1552 5541 1861 5619 cmpissem

1978 4656 2121 4711 tiam
2154 4655 2505 4727 postulando
2531 4674 2543 4711 :
2567 4659 2706 4711 tunc
2738 4657 2984 4715 Domino
3008 4658 3256 4727 favente,
3277 4661 3633 4720 consulenti-

1980 4744 2094 4799 bus
2124 4744 2298 4800 etiam
2319 4745 2720 4801 sacerdotibus
2738 4746 2978 4814 nostris,
3008 4747 3225 4803 abstuli
3240 4746 3633 4807 Gaudentium

1981 4833 2251 4889 abbatem
2286 4834 2628 4890 monasterii
2660 4834 2856 4890 Sancti
2886 4834 3176 4892 Vincentii
3202 4842 3205 4843 ⁷
3227 4837 3429 4909 (quem
3460 4838 3631 4895 etiam

1982 4938 2088 4995 ego
2121 4922 2485 4978 ibiabbntem
2508 4923 2636 4994 jam
2661 4924 2884 4980 dudum
2898 4923 3323 4999 ordinaveram)
3341 4931 3399 4983 et
3419 4927 3481 4982 in
3498 4945 3632 5000 pras-

1983 5011 2100 5065 fato
2134 5011 2485 5066 monasterio
2504 5012 2699 5067 Sancti
2716 5012 3007 5069 Ambrosii
3030 5014 3301 5071 abbatem
3329 5017 3626 5073 constitui.

1976 5102 2140 5172 Nync
2173 5106 2393 5168 autem,
2426 5105 2488 5155 ut
2510 5100 2908 5173 ipsimonachi
2940 5101 3296 5160 valeantDeo
3316 5105 3627 5167 deservire.

1975 5192 2033 5244 et
2061 5188 2111 5244 ei
2135 5188 2357 5261 jugiter
2379 5188 2622 5245 laudum
2641 5189 2859 5263 gratias
2876 5190 3109 5262 referre,
3130 5190 3351 5248 exclusi
3382 5193 3457 5250 ab
3485 5190 3626 5251 indi-

1974 5278 2190 5350 gentia,
2223 5282 2344 5333 tam
2376 5279 2448 5335 ob
2469 5277 2847 5336 stabilitatem
2872 5297 3074 5354 regum
3098 5285 3460 5351 nostrorum,
3486 5282 3626 5339 invi-

1974 5365 2375 5422 ctissimorum
2437 5367 2882 5439 imperatorum,
2933 5368 3212 5425 Ludovici
3263 5374 3323 5426 et
3351 5366 3623 5438 Lotharii,

1975 5470 2154 5526 quam
2189 5453 2261 5508 ob
2293 5470 2495 5524 pacem
2528 5454 2920 5514 immaculata:
2953 5457 3162 5514 matris
3205 5458 3500 5531 Ecclesiae,
3534 5475 3626 5535 per

1972 5542 2081 5599 hoc
2112 5545 2468 5616 praeceptum
2497 5545 2780 5603 confirmo
2810 5546 3115 5605 ecclesiam
3147 5551 3204 5606 et
3233 5546 3419 5606 altare
3468 5538 3617 5629 quod
