3924 6210
243 425 398 491 ηδτ

1507 432 1840 496 ΑΡΡΕΝῙ).
1885 430 1992 492 AD
2034 430 2226 494 SEO.
2271 427 2377 495 IX.

3494 418 3650 486 {268

246 581 422 640 usum
455 568 722 622 nostrum
743 583 798 622 v.
823 563 895 623 cl.
918 571 1092 640 atque
1105 565 1883 640 reverendissimusCarolus
1914 568 1968 632 Α
2001 564 2271 640 Ludovici
2305 565 2352 620 II
2380 560 2754 640 imperatoris
2783 559 3127 640 adfuisse_et
3155 573 3372 634 corpus
3401 560 3534 640 ejus
3553 560 3645 640 _fe_-

243 635 709 711 Greith_summa
757 654 892 693 cum
925 635 1226 711 diligentia
1282 641 1466 701 vortit,
1533 639 1718 710 prima
1766 637 1886 711 vice

243 724 426 763 sanus
451 707 788 781 integerque
806 711 998 782 prodit
1015 707 1231 776 {sanus
1251 712 1480 782 qualem
1502 707 1704 782 auctor
1721 708 1890 782 edere

243 783 491 852 poterat,
524 779 1222 852 sermone—Langobardis
1271 779 1381 851 'per
1429 787 1610 835 totam
1665 779 1889 834 Italiam

244 850 480 931 proprio
503 868 647 931 usus
677 850 1194 931 imo__t'ere"a_busus
1211 871 1224 918 ;
1241 850 1805 931 integer,quantum.
1823 867 1891 905 ex

246 921 446 994 codice
470 923 642 994 unico
675 923 957 994 conjicere
1003 924 1158 989 licet,
1193 941 1329 978 cum
1365 921 1554 977 media
1586 923 1644 977 in
1676 923 1892 994 pagina

247 940 446 976 conice
470 940 642 978 unico
675 940 778 978 con
811 940 957 978 icere
1003 940 1158 989 licet,
1193 941 1329 978 cum
1365 940 1554 977 mema
1586 940 1644 977 in
1676 940 1892 994 pagina

247 991 436 1066 s‘tylus
457 993 748 1066 scribendi
772 940 944 1049 {luem
974 995 1381 1066 dederit.0pus
1414 995 1604 1049 tribus
1627 994 1892 1064 partibus

245 1061 576 1118 litterarum
610 1065 796 1119 forma
835 1070 892 1120 et
936 1061 1552 1120 atramento—diversis
1597 1061 1886 1131 constare,

248 1133 494 1190 diversis
518 1134 695 1206 igitur
715 1137 1080 1206 temporibus
1101 1142 1401 1192 exaratum
1435 1152 1559 1190 esse
1591 1136 1663 1190 cl.
1690 1135 1888 1191 Greith

246 1206 476 1279 monuit
503 1223 516 1270 ;
541 1205 698 1277 prior
717 1205 853 1278 pars
879 1207 936 1261 in
960 1209 1121 1262 obitu
1155 1208 1431 1262 Bcrnardi
1467 1208 1622 1279 regis
1649 1207 1889 1279 desinit,

247 1277 506 1350 secunda
529 1277 808 1348 usquead
833 1295 1054 1334 annum
1075 1281 1181 1350 876
1195 1277 1666 1350 pertingit,tertia
1689 1278 1891 1350 paucis

247 1345 417 1402 lineis
438 1345 683 1403 constat.
705 1351 920 1405 Auctor
949 1367 1061 1405 non
1086 1345 1277 1405 solum
1302 1345 1512 1404 nomen
1539 1345 1712 1405 suum
1730 1355 1783 1403 et
1806 1366 1892 1404 or~

247 1417 466 1489 dinem,
499 1419 600 1476 sed
623 1423 680 1475 et
709 1437 894 1478 avum
949 1421 1073 1496 ipse
1117 1421 1394 1496 prodidit,
1433 1421 1571 1478 dum
1605 1437 1666 1477 se
1698 1420 1886 1478 funeri

2000 642 2151 691 retro
2185 631 2524 708 impositum
2576 635 2711 690 inde
2743 633 2982 708 aﬂuvio
3031 633 3157 708 Olio
3198 631 3387 705 usque
3429 632 3502 708 ad
3535 631 3650 687 Ad-

1999 708 2199 774 duam,
2233 701 2412 778 igitur
2435 723 2538 777 per
2583 707 2730 760 fines
2753 705 3071 778 dimceseos
3093 701 3529 778 Berggmensis,
3563 719 3654 758 co-

2000 775 2471 833 mitatum'fuiss‘e
2495 777 2890 832 scribit.Unde
2913 781 3064 848 recte
3089 775 3654 848 euniBeggomatem

1999 851 2213 906 dixeris
2265 851 2364 919 (2),
2422 855 2480 903 et
2535 850 2607 903 ab
2664 850 2895 920 Andrca
2923 847 3010 903 vel
3041 846 3284 920 Agnello
3324 846 3657 920 Ravennate

2000 916 2333 976 diversum.
2353 921 2612 975 Primum
2645 919 2839 991 operis
2869 923 3048 991 caput
3067 916 3140 991 ad
3172 918 3415 974 verbum
3447 916 3568 991 fere
3587 934 3657 973 ex

2001 991 2162 1048 Pauli
2195 991 2438 1074 historia
2460 989 2974 1074 Langobardorum
2997 989 3162 1045 fluxit
3194 1007 3212 1072 ξ
3243 989 3656 1074 quaaproxime

1999 1069 2328 1136 sequuntur
2358 1067 2563 1136 auctor
2591 1061 2654 1116 in
2683 1066 2952 1136 quantum
2979 1077 3078 1132 per
3099 1061 3305 1136 seriem,
3337 1061 3654 1136 litteraram

1997 1131 2099 1190 scu'
2107 1151 2206 1207 per
2216 1137 2464 1206 antiquos
2486 1131 2732 1189 homines
2748 1135 2927 1205 potuit
2948 1131 3208 1188 atrociter
3227 1133 3368 1187 scire
3389 1131 3465 1202 (3)
3489 1131 3652 1186 addi-

1999 1207 2104 1270 dit,
2135 1222 2318 1274 eaque
2338 1207 2410 1260 ad
2433 1204 2718 1274 genuinos
2741 1202 2938 1260 saeculi
2963 1203 3146 1258 octavi
3179 1202 3438 1274 nonique
3462 1203 3654 1274 fontes

1999 1223 2104 1270 ait,
2135 1223 2318 1276 eaque
2338 1223 2410 1260 aa
2433 1223 2718 1276 genuinos
2741 1223 2938 1260 saeculi
2963 1223 3146 1258 octavx
3179 1223 3438 1274 nonlque
3462 1223 3650 1257 ιοῐιι

1999 1278 2340 1332 trutinanda
2371 1281 2527 1348 patet
2551 1295 2564 1342 ;
2591 1275 2800 1348 ultima
2824 1292 2952 1348 quae
2975 1273 3100 1348 ipse
3120 1279 3394 1348 expertus
3422 1272 3650 1330 calamo

2000 1348 2313 1417 commisit,
2349 1344 2623 1420 magnam
2655 1346 2766 1405 sibi
2799 1344 2974 1402 ﬁdem
2996 1344 3109 1403 rite
3132 1344 3472 1402 conciliant.

945 1666 1412 1806 ᾼΝΒΒΕᾹΞ
1469 1663 2204 1752 BERGOMATIS
2261 1663 2494 1750 CHR'

1469 1663 2204 1752 BERGOMATIS
2261 1661 2968 1773 CHRONICON.

323 1831 376 1888 1.
410 1833 641 1890 ίΝαι-εἰε
657 1833 929 1905 patritius
951 1834 1347 1891 Romanorum
1370 1834 1521 1890 bella
1541 1834 1826 1891 sustinuit
1847 1834 1887 1899 ³,
1922 1835 1968 1899 Β
2000 1831 2328 1889 cinensium
2361 1830 2471 1887 sibi
2497 1847 2693 1905 regem
2717 1832 3150 1888 constituerunt
3173 1847 3188 1899 ;
3211 1829 3482 1904 regnavit
3498 1843 3656 1888 anno

258 1925 318 1977 et
344 1939 443 1978 eos
469 1937 702 1994 semper
722 1922 1226 1979 defcndit.lnvidia
1257 1923 1501 1979 Romani
1533 1928 1736 1978 contra
1763 1939 1898 1978 eum

260 2009 522 2084 pertulit,
555 2011 1040 2068 adJustinianum
1072 2013 1148 2084 (4)
1182 2011 1592 2084 imperatorem
1625 2029 1898 2067 acusave-

259 2103 436 2167 runt;
468 2099 568 2171 qui
599 2105 656 2156 et
685 2100 810 2172 ipse
842 2105 1128 2172 angustus
1155 2106 1211 2156 et
1264 2101 1499 2174 Sophia,
1560 2119 1706 2156 uxor
1746 2104 1896 2172 ejus,

257 2188 546 2243 mandans
570 2187 642 2256 ei,
669 2189 808 2260 quia
836 2189 1140 2245 eunuchus
1159 2194 1371 2257 erat,ut
1392 2189 1462 2244 ad
1497 2207 1558 2245 se
1588 2189 1812 2245 veniret
1843 2194 1900 2245 et

255 2276 388 2332 lana
419 2276 476 2332 in
511 2277 730 2348 genitio
755 2293 856 2350 per
895 2277 1175 2350 pensione
1224 2277 1498 2333 dividere.
1531 2277 1732 2334 Narsis
1765 2295 1898 2333 vero

251 2364 526 2438 patritius
563 2365 647 2421 sic
683 2365 734 2420 ei
767 2365 1076 2433 mandans,
1112 2383 1226 2422 non
1261 2371 1486 2422 tantum
1510 2368 1531 2401 ³
1555 2385 1615 2423 se
1646 2367 1897 2422 lana-di-

248 2453 568 2523 videre,sed
595 2455 769 2510 etiam
796 2454 972 2511 talem
992 2455 1168 2511 telam
1192 2456 1542 2523 orditurum,
1576 2456 1751 2528 quale
1773 2457 1900 2528 ipsa

247 2541 390 2598 dum
421 2542 639 2598 viveret
657 2543 946 2614 deponere
969 2561 1082 2599 non
1103 2543 1565 2616 possit.Legatos
1592 2545 1794 2601 Narsis
1824 2546 1894 2600 ad

247 2630 661 2703 Langobardos
685 2631 924 2688 mittens
936 2636 992 2688 et
1014 2649 1318 2704 pomorum
1335 2650 1549 2704 genera
1569 2633 1656 2689 vel
1674 2633 1899 2705 reliqua

251 2718 535 2792 dignitate
563 2721 992 2785 transmittens,
1029 2727 1095 2776 ut
1125 2722 1355 2777 animos
1387 2739 1590 2778 eorum
1623 2723 1898 2779 amabilis

250 2807 525 2877 facerent,
558 2814 850 2880 quatenus
899 2809 956 2864 in
988 2809 1154 2866 Italia
1201 2811 1464 2866 venirent
1512 2816 1568 2865 et
1599 2810 1770 2882 plena
1799 2830 1898 2869 eas

250 2895 476 2968 absque
499 2912 698 2968 pugna
727 2897 1106 2968 perciperent.
1141 2899 1500 2970 Langobardi
1535 2917 1668 2954 mox
1701 2905 1764 2955 ut
1793 2917 1896 2956 au-

251 2983 631 3057 diunt,gavisi
652 2989 790 3040 sunt
814 2986 1046 3057 gaudio.
1064 2987 1362 3043 Pannonia
1390 3004 1523 3043 vero
1543 2989 1750 3045 amicis
1773 2990 1899 3046 suis

249 3073 572 3128 Avarorum
603 3074 1284 3145 genscomendaverunt;
1320 3093 1496 3149 quam
1520 3079 1542 3112 ⁴
1563 3095 1897 3150 possessam

250 3159 549 3217 habebant
586 3177 688 3232 per
732 3179 917 3218 annos
961 3164 1049 3230 42,
1093 3181 1227 3220 cum
1261 3166 1538 3222 uxoribus
1569 3172 1628 3223 et
1658 3168 1808 3223 natis
1839 3173 1898 3224 et

251 3249 451 3306 omnia
479 3266 604 3322 quae
635 3250 930 3308 habebant
973 3253 1230 3309 exientes
1288 3255 1359 3310 de
1391 3255 1646 3311 Panonia
1694 3273 1895 3314 mense

247 3337 462 3410 Aprile,
478 3355 580 3412 per
595 3339 912 3396 indictione
931 3341 1144 3413 prima,
1175 3341 1288 3397 alia
1309 3343 1403 3398 die
1422 3349 1552 3416 post
1575 3362 1750 3416 pasce
1779 3346 1895 3401 Do-

245 3425 388 3482 mini
443 3426 542 3499 qui
599 3427 712 3482 fuit
759 3428 1033 3485 Kalendis
1074 3430 1311 3503 Aprilis,
1342 3449 1476 3488 cum
1511 3433 1629 3502 iam
1665 3434 1892 3489 Domini

244 3514 642 3572 incarnatione
675 3517 810 3572 anni
849 3517 1155 3591 quingenti
1196 3521 1496 3592 sexaginta
1536 3526 1662 3577 octo
1699 3528 1896 3579 essent

243 3603 478 3660 evoluti.
506 3605 690 3678 Igitur
711 3606 1076 3677 Langobardi
1101 3607 1632 3665 introieruntltalia
1653 3627 1756 3682 per
1788 3612 1894 3666 Fo-

244 3691 647 3764 rojulanorum
700 3695 1040 3750 terminum.
1091 3696 1298 3752 Alboin
1343 3699 1536 3770 nepoti
1569 3699 1658 3754 sui
1691 3700 1893 3756 Gisolfi

244 3781 498 3853 Foroqui
523 3783 811 3838 concessit
828 3787 885 3837 ct
914 3783 1171 3856 reliquos
1200 3786 1423 3842 nobiles
1455 3787 1892 3861 Langobardos.

245 3869 350 3926 His
361 3870 572 3926 diebus
593 3870 958 3943 Langobardi
977 3873 1140 3928 Italia
1161 3873 1892 3941 invaserunt,Vincei.tiam

245 3959 654 4031 Veronamque
675 3963 732 4014 et
748 3959 1002 4032 reliquas
1023 3961 1397 4019 Venetiarum
1433 3964 1694 4021 civitates
1718 3967 1890 4038 cepit,

245 4051 304 4103 et
323 4064 428 4120 per
453 4051 571 4102 tres
587 4063 772 4103 annos
793 4047 993 4104 Ticino
1012 4052 1269 4122 possedit
1287 4053 1383 4123 (5).
1410 4053 1650 4108 Interim
1683 4053 1890 4109 Alboin

245 4135 460 4192 invasit
478 4135 874 4210 omniausque
891 4139 962 4193 ad
975 4139 1188 4194 Tuscia
1205 4147 1396 4212 preter
1426 4142 1673 4198 Romam
1690 4148 1748 4198 ct
1780 4143 1891 4199 Ra-

244 4241 514 4282 vennam.
539 4224 867 4282 Ticinensis
888 4244 1020 4283 vero
1041 4244 1144 4299 per
1163 4233 1279 4284 tres
1297 4245 1481 4285 annos
1501 4247 1562 4285 se
1584 4233 1888 4288 continen-

243 4313 1166 4388 tes,perobsidesquasdederunt
1197 4317 1295 4388 (6),
1309 4318 1436 4388 jam
1458 4319 1722 4375 videntes
1755 4337 1890 4377 suo-

248 4419 380 4458 rum
397 4403 568 4459 fortia
588 4403 744 4460 circa
775 4421 837 4460 se
873 4405 1204 4476 subjugata,
1233 4407 1602 4479 Langobardi
1627 4425 1689 4464 se
1718 4409 1894 4464 tradi-

241 4492 472 4549 derunt.
505 4492 699 4548 Pauca
751 4509 886 4548 vero
942 4493 1014 4548 de
1046 4492 1232 4548 multa
1259 4495 1472 4551 dicam.
1505 4497 1623 4552 Rex
1674 4495 1887 4552 Alboin

2009 1939 2127 1978 uno
2159 1921 2460 1978 mensibus
2483 1938 2616 1989 sex;
2649 1937 2683 1977 a
2708 1938 2886 1994 puero
2916 1921 2988 1977 de
3017 1938 3124 1977 suo
3155 1920 3438 1993 obsequio
3460 1919 3658 1993 gladio

2000 2009 2310 2082 jugulatus
2339 2015 2447 2066 est.
2474 2011 2610 2066 Post
2661 2012 2832 2082 cujus
2870 2013 3116 2066 mortem
3151 2009 3520 2083 Langobardi
3552 2027 3660 2082 per

2009 2116 2194 2156 annos
2215 2101 2414 2155 decem
2440 2115 2632 2171 regem
2656 2116 2773 2155 non
2794 2099 3148 2164 habuerunt,
3183 2099 3283 2156 sed
3311 2099 3462 2155 sub'
3491 2105 3660 2172 pote-

2009 2193 2218 2245 statem
2251 2189 2501 2244 ducibus
2530 2189 2786 2244 fuerunt.
2819 2189 2954 2244 Post
2981 2192 3180 2244 autem
3233 2205 3422 2244 annos
3450 2189 3652 2245 decem

2007 2277 2308 2349 elegerunt
2334 2277 2557 2344 Autari,
2611 2275 2834 2332 Clefoni
2882 2276 3058 2332 ﬁlius.
3091 2275 3292 2332 Autari
3320 2293 3457 2333 vero
3490 2277 3664 2334 duxit

2008 2383 2244 2422 uxorem
2271 2366 2634 2422 Teudelinda
2650 2365 3036 2434 nomineﬁlia
3057 2365 3355 2422 Garibalbi
3376 2366 3665 2438 Bajoario-

2009 2473 2138 2511 rum
2161 2473 2261 2511 rex
2277 2461 2481 2511 sancta
2491 2459 2548 2511 et
2562 2455 2930 2511 nobilissima
2945 2472 2958 2521 ;
2974 2455 3101 2527 ipse
3112 2454 3661 2512 ediﬂcavitecclesia

2007 2545 2192 2600 sancti
2218 2544 2469 2600 Johanni
2494 2543 2608 2599 sita
2638 2542 2896 2599 Moditia.
2933 2543 3052 2598 Rex
3080 2543 3282 2598 Autari
3311 2544 3469 2616 apud
3501 2543 3660 2599 Tici-

2008 2650 2171 2699 num,
2202 2649 2490 2689 venenum
2523 2635 2588 2688 ut
2631 2633 2874 2687 tradunt
2906 2636 3163 2704 accepto,
3193 2631 3460 2698 moritur,
3494 2638 3656 2705 post-

2007 2739 2184 2795 quam
2205 2740 2305 2778 sex
2319 2726 2659 2796 regnaverat
2672 2738 2743 2777 an
2751 2720 3253 2793 nos.Langobardi
3271 2737 3341 2776 ex
3351 2721 3660 2778 communi

2005 2811 2252 2868 concilio
2265 2829 2384 2867 sua:
2399 2811 2594 2885 regine
2606 2809 3285 2866 Teudelindaalicentiam
3297 2810 3656 2879 tribuerunt,

2007 2900 2166 2972 quali
2189 2900 2316 2972 ipsa
2339 2917 2445 2956 suo
2467 2900 2688 2956 sociare
2711 2898 2993 2954 voluisset
3027 2898 3323 2972 conjugio,
3354 2898 3455 2954 tali
3483 2903 3542 2956 et
3569 2899 3656 2956 illi

2007 3006 2201 3062 regem
2233 2988 2702 3045 constituissent.
2733 2987 2882 3055 Quid
2913 2986 3102 3043 multa
3121 2988 3150 3043 ?
3177 2986 3414 3061 Accepit
3443 2989 3666 3062 Agilqu

2007 3078 2216 3133 ducem
2235 3077 2773 3142 Taurinensium;et
2792 3076 3054 3150 regnavit
3074 3093 3260 3132 annos
3271 3076 3477 3150 viginti
3492 3077 3662 3151 quin-

2007 3183 2140 3238 que,
2173 3172 2230 3222 et
2259 3169 2529 3222 mortuus
2559 3170 2667 3222 est.
2701 3166 2768 3222 Et
2824 3166 3085 3238 regnavit
3141 3183 3244 3238 pro
3301 3182 3368 3222 eo
3399 3166 3521 3222 ﬁlio
3547 3185 3657 3224 suo

2005 3255 2315 3312 Adalovald
2341 3272 2527 3311 annos
2548 3255 2768 3319 decem,
2801 3255 2872 3310 de
2905 3271 3082 3328 regno
3121 3255 3343 3326 ejectus
3369 3259 3478 3311 est.
3513 3256 3657 3326 Ejus

2003 3361 2250 3418 regnum
2265 3344 2552 3400 successit
2570 3343 2828 3411 Arioald,
2857 3349 2914 3400 et
2934 3343 3199 3417 regnavit
3220 3359 3408 3400 annos
3428 3345 3654 3401 duode-

2004 3434 2140 3502 cim,
2167 3439 2225 3490 et
2253 3438 2522 3489 mortuus
2551 3437 2652 3489 est.
2682 3431 2964 3505 Regnavit
2999 3449 3105 3504 pro
3153 3449 3220 3488 eo
3251 3431 3515 3500 Rotbari,
3549 3434 3653 3506 qui

2003 3523 2258 3580 edictum
2294 3522 2811 3594 Langubardorum
2857 3521 3189 3593 composuit
3219 3539 3234 3590 ;
3268 3521 3494 3594 reliqua
3523 3523 3654 3592 eius

2005 3612 2350 3684 dignitatem
2364 3616 2421 3666 et
2441 3610 2636 3677 fortia,
2667 3616 2724 3665 et
2745 3608 2898 3665 bella
2916 3627 3064 3682 quas
3080 3610 3282 3682 gessit,
3315 3627 3511 3666 nonne
3529 3609 3653 3667 haec

2004 3702 2223 3772 scripta
2253 3700 2465 3756 suntin
2490 3699 2762 3754 coronica
2801 3697 3321 3770 Langubardorum
3353 3703 3420 3754 ut
3448 3716 3650 3771 supra.

2005 3789 2288 3861 Regnavit
2308 3787 2546 3843 Rothari
2569 3803 2754 3842 annos
2776 3785 3091 3850 sexdecim,
3123 3789 3181 3841 et
3209 3790 3482 3842 mortuus
3511 3791 3604 3842 est
3637 3805 3650 3853 ;

2003 3876 2286 3932 Rodoaldi
2319 3876 2438 3931 ﬁlio
2486 3892 2594 3932 suo
2639 3891 2886 3948 regnum
2933 3873 3191 3946 reliquit.
3222 3873 3483 3930 Rodoald
3515 3891 3651 3929 vero

2002 3967 2144 4022 dum
2164 3981 2340 4020 uxore
2356 3964 2667 4035 cujusdam
2691 3966 3043 4035 stuprasset,
3071 3962 3144 4018 ab
3175 3963 3380 4018 eodem
3412 3961 3655 4019 interfe-

2003 4057 2132 4110 ctus
2163 4057 2270 4120 est,
2306 4058 2623 4124 postquam
2655 4052 2918 4124 quinque
2947 4055 3292 4121 regnaverat
3348 4049 3521 4107 annis
3564 4069 3655 4107 se-

2001 4148 2278 4216 ptemque
2301 4141 2528 4197 diebus.
2547 4140 2691 4196 Huic
2715 4137 3072 4195 successitin
3097 4155 3270 4212 regno
3287 4139 3518 4212 Aripert
3536 4157 3550 4208 ;
3571 4157 3658 4196 re-

2001 4230 2204 4304 gnavit
2233 4229 2405 4285 annis
2437 4245 2666 4294 novem,
2701 4233 2758 4284 et
2819 4232 3089 4284 mortuus
3119 4231 3226 4283 est.
3271 4226 3542 4300 Reliquid
3574 4246 3660 4284 re-

2000 4335 2184 4392 gnum
2205 4319 2436 4375 duobus
2464 4317 2569 4373 filii
2600 4317 2716 4384 sui,
2748 4316 2996 4372 Pertarit
3040 4319 3098 4372 et
3136 4315 3466 4389 Gudiperti.
3498 4317 3658 4374 Inter

1999 4408 2146 4480 ipsis
2169 4408 2378 4463 fratres
2395 4405 2568 4461 malis
2589 4403 2928 4461 hominibus
2947 4403 3282 4460 ‘discordia
3301 4405 3584 4463 facientes
3597 4406 3655 4461 in

1997 4501 2162 4552 tanta
2174 4501 2322 4560 m,ut
2335 4494 2497 4552 alteri
2507 4511 2603 4549 um
2619 4510 2866 4566 regnum
2879 4491 3544 4550 invaderent.GrimoaId
3558 4499 3661 4550 Be-

239 4585 556 4655 postquam
587 4581 647 4636 in
671 4581 839 4637 Italia
866 4586 986 4638 tres
1015 4598 1201 4639 annos
1223 4587 1279 4639 et
1309 4601 1410 4640 sex
1429 4602 1659 4642 menses
1684 4603 1891 4659 regna-
1925 4585 1969 4650 D
2001 4589 2458 4640 neventanorum
2480 4599 2724 4639 suorum
2739 4581 2946 4637 ducem
2970 4595 3074 4652 per
3086 4579 3491 4638 fraudulenter
3514 4580 3676 4658 mis-_

243 4671 346 4742 vit,
377 4669 603 4728 insidiae
615 4687 734 4727 sua:
746 4670 995 4744 conjuge
1008 4670 1393 4745 interemptus
1411 4674 1895 4748 est.Langubardi

243 4774 313 4815 ex
341 4759 640 4816 communi
665 4757 912 4816 consilio
943 4759 1078 4816 Cleb
1101 4760 1534 4819 nobilissimum
1557 4764 1615 4819 in
1646 4765 1790 4820 urbe
1809 4765 1896 4819 'l‘i-

2005 4690 2138 4730 sum
2170 4687 2373 4728 eorum
2407 4671 2752 4727 mandatum
2809 4668 3070 4737 veniens,
3106 4669 3430 4742 Gudiperto
3462 4668 3658 4742 gladio

2004 4761 2322 4830 interemit,
2373 4759 2597 4832 expleto
2625 4774 2778 4815 anno
2810 4761 2943 4830 post
2973 4759 3222 4814 mortem
3255 4756 3442 4830 patris
3473 4762 3534 4815 et
3559 4775 3659 4816 sex

1613 4880 1706 4935 VA
1716 4879 1857 4936 Itle
1897 4877 2300 4935 LECTIONES.

311 4963 328 4998 ¹
350 4963 612 5039 gapitum
673 4962 1021 5039 divisionem,
1077 4966 1237 5039 enjus
1276 4968 1355 5039 in
1412 4966 1592 5024 codice
1653 4971 1887 5039 vestigia
1943 4968 2090 5024 haud
2135 4968 2466 5038 comparent,
2525 4961 2924 5020 instituendam
2979 4963 3186 5019 censui.
3261 4962 3285 4996 ³
3317 4961 3586 5018 sustituit
3610 4979 3657 5018 c.

240 5035 263 5070 ³
287 5033 409 5093 ιεὶῖῖ
430 5033 485 5092 c.
561 5035 584 5070 ‘
614 5049 651 5106 q
679 5051 726 5090 c.
803 5035 826 5068 ⁸
855 5051 922 5090 su
956 5051 1001 5091 c.
1078 5036 1101 5070 ⁸
1131 5033 1448 5094 bominbus
1477 5055 1527 5094 c.

241 5214 450 5282 anima,
477 5229 513 5268 a
548 5214 712 5284 capit.
757 5213 893 5270 5-18
929 5229 1178 5268 mancus.

312 5307 340 5334 «
373 5286 428 5342 6.
460 5285 854 5355 Fragmentum
880 5285 1133 5340 chronici
1161 5288 1644 5354 Langobardorum
1692 5291 1760 5344 ab
1779 5289 1890 5344 An-

237 5354 370 5431 ἀνω
387 5354 704 5430 presbytero
719 5357 1027 5431 conscripti
1057 5357 1097 5431 8_
1109 5357 1246 5431 [alia
1267 5358 1348 5413 vel
1391 5361 1460 5414 16
1494 5362 1732 5431 paginas
1762 5377 1891 5414 con-

237 5427 402 5501 tinet,
433 5427 670 5500 quarum
691 5428 916 5501 singula
961 5427 1032 5481 28
1078 5427 1256 5501 lineas
1300 5427 1688 5501 complectitur,
1721 5446 1890 5486 mem-

237 5497 416 5572 brana
440 5497 625 5572 crassa
647 5499 978 5572 script-aram
1033 5499 1203 5572 refert
1246 5497 1714 5572 Langobardicam
1761 5516 1888 5558 sxa.

238 5569 339 5656 (δ’
371 5572 556 5656 νέκῗέ
575 5569 867 5656 [τεςεξηιίέἑ.
887 5569 1088 5656 ἔίίίῖΐίδ
1143 5569 1387 5656 αρροδίιὸ
1416 5572 1597 5656 "fle"
1632 5577 1712 5656 εει
1735 5581 1894 5656 ἔιεθαθ

1840 5087 2089 5187 NOTAE.

2001 5219 2135 5273 satis
2160 5217 2350 5286 liquet.
2377 5236 2406 5262 »

2075 5291 2150 5358 (κ)
2181 5289 2242 5341 c.
2279 5289 2366 5340 14.

2092 5358 2147 5413 3)
2173 5358 2232 5413 C.
2265 5360 2321 5411 2.

2094 5426 2148 5485 4)
2179 5426 2505 5485 Justinum.

2069 5497 2144 5566 (5)
2174 5501 2216 5556 1.
2247 5515 2296 5555 e.
2329 5497 2705 5554 obsederunt.

2069 5563 2146 5643 (6)
2182 5572 2322 5626 Loco
2352 5566 2738 5632 obsidentibus,
2771 5566 2948 5643 apud
2979 5563 3228 5643 Paulum
3286 5563 3485 5643 11³⁸27,
3540 5565 3656 5621 An-

242 5633 333 5692 ex'
363 5633 740 5728 conjunctione
783 5639 1095 5728 litter'a'ram
1131 5633 1248 5722 e'ét
1281 5658 1328 5723 νς,
1349 5659 1413 5728 ἐ,
1432 5647 1484 5726 et
1519 5661 1626 5728 8,]-
1643 5653 1694 5700 et
1724 5647 1766 5712 i,
1795 5633 1893 5699 nec
1998 5633 2170 5700 dreas
2193 5645 2392 5699 noster
2414 5654 2721 5728 perperam
2751 5633 3029 5695 elisidibu:
3059 5635 3272 5709 legisse
3294 5633 3548 5693 videtur.

250 5722 364 5763 non
386 5722 455 5760 ex
473 5707 838 5762 abbr-evitari:
857 5707 1534 5780 syllabarum,initialium
1550 5707 1890 5786 γοηηαίειελ,
