3924 6210
319 417 471 486 UH

1595 420 1931 486 APPEND.
1978 417 2083 480 AD
2126 418 2313 483 SIEC.
2339 420 2459 482 ~lX.

3565 418 3746 499 ,ηιξ

313 552 701 621 occisi,ut'vix
729 553 899 627 pauci
932 559 1298 614 remanerent
1331 556 1386 611 in
1414 549 1568 610 vicos
1601 555 1686 610 vel
1718 555 1775 609 in
1817 553 1957 608 civi-
1987 553 2043 620 Α
2072 553 2485 626 Ermengarda,
2509 557 2566 611 et
2594 553 2834 612 Carolus
2864 554 3186 628 deJuditte
3215 571 3345 628 qua
3371 561 3509 630 post
3538 560 3735 624 morte

320 648 490 704 tates.

391 735 445 788 6.
479 733 987 805 Forojulianorum
1020 736 1136 790 dux
1168 742 1304 789 tunc
1345 733 1622 805 temporis
1672 733 1786 804 (an.
1836 733 1964 798 774)

323 823 651 883 Rotcausus
673 828 933 896 praeerat,
969 827 1026 879 et
1054 823 1112 878 in
1144 823 1444 878 Vincentia
1475 821 1830 892 Gaidus;qui
1862 838 1958 876 au-

322 913 446 971 ditu
473 914 826 971 Francorum
850 911 1241 968 devastatione
1257 918 1312 967 et
1328 913 1456 981 ejus
1470 912 1782 966 adventum
1807 910 1961 982 quod

320 1001 379 1057 in
409 1001 660 1072 Forojuli
675 1000 1558 1073 properarent,congregatisque
1591 1005 1655 1055 ut
1676 1002 1962 1070 poterant,

319 1091 546 1150 obviam
579 1106 780 1145 eorum
813 1091 884 1148 ad
918 1095 1092 1161 ponte
1113 1091 1211 1161 qui
1235 1091 1449 1145 dicitur
1483 1088 1786 1160 Liquentia
1816 1087 1964 1142 exie-

320 1183 538 1245 runt,et
569 1179 784 1234 ibidem
819 1195 1031 1250 magna
1062 1184 1284 1251 strages
1316 1179 1387 1233 de
1419 1177 1651 1233 Francis
1685 1177 1960 1232 fecerunt.

321 1266 565 1324 Karolus
595 1283 726 1324 vero
749 1267 868 1322 haec
889 1268 1154 1334 audiens,
1182 1268 1470 1322 mandans
1499 1283 1698 1322 eorum
1725 1264 1965 1319 ﬁdelita-

321 1356 396 1412 tis
429 1357 603 1414 ﬁdem
637 1363 1011 1428 suscepturos
1041 1362 1098 1412 et
1127 1357 1531 1422 honoraturos,
1557 1357 1883 1410 Rotcausus
1906 1358 1965 1409 et

316 1445 536 1506 Geidus
565 1445 813 1502 ducibus
845 1461 980 1502 cum
1015 1445 1228 1501 nobilis
1258 1445 1757 1515 Forojulianorum
1780 1443 1964 1499 consi-

314 1531 392 1586 lio
413 1530 650 1597 inito,ut
670 1532 917 1588 viriliter
937 1547 998 1588 se
1019 1532 1622 1588 contendissent.Erat
1637 1531 1871 1602 quidem
1894 1547 1964 1586 ex

316 1620 582 1692 ipsis,cui
605 1622 733 1692 jam
767 1638 1013 1677 munera
1043 1621 1227 1678 Caroli
1271 1626 1640 1676 excecaverat
1690 1638 1808 1687 cor,
1851 1621 1962 1676 tale

316 1709 479 1767 dedit
507 1709 748 1768 consilio
781 1726 792 1764 :
828 1710 967 1778 Quid
995 1713 1302 1780 faciemus?
1333 1711 1603 1778 Quomodo
1647 1726 1834 1766 eorum
1883 1727 1963 1764 re-

317 1800 509 1856 sistere
534 1804 854 1868 possumus?
885 1799 1068 1870 Capud
1115 1817 1226 1854 non
1272 1801 1545 1854 habemus.
1598 1801 1789 1869 Regem
1834 1815 1959 1854 con-

2074 643 2448 715 Ermengardi
2481 643 2537 698 in
2571 643 2843 717 conjugio
2870 645 3151 716 suscepit.
3172 645 3419 718 Quidam
3452 646 3740 718 praedicto

2074 730 2389 802 imperator
2421 732 2800 788 Hludowicus
2822 750 2994 790 suum
3017 732 3207 800 ﬁlium
3235 733 3510 798 Lethario
3533 735 3648 792 sub
3673 751 3740 790 se

2074 821 2269 875 sedem
2295 820 2622 892 imperialis
2653 821 2977 888 constituit,
3008 821 3236 880 vivente
3265 827 3450 895 patre.

2146 909 2230 964 10.
2261 910 2475 965 llabuit
2502 910 2812 968 Lotharius
2842 910 3021 978 ﬁlius,
3057 910 3442 970 Hludowicus
3471 911 3737 978 nomine,

2073 997 2165 1053 cui
2197 998 2362 1053 avius
2393 1016 2537 1055 suus
2552 999 2934 1056 Hludowicus
2954 999 3183 1070 Italiam
3198 1000 3744 1071 concessit,l:llu_do-

2071 1087 2205 1142 wici
2240 1087 2342 1142 ﬁlii
2376 1088 2466 1144 sui
2499 1088 2784 1159 Bajoaria,
2820 1087 3008 1145 Caroli
3037 1087 3373 1161 Aquitania.
3397 1089 3595 1162 Honor
3621 1107 3738 1144 an-

2072 1181 2188 1231 tem
2249 1178 2461 1248 major,
2512 1177 2568 1231 id
2619 1181 2708 1233 est
2752 1176 3094 1248 imperialis,
3136 1178 3436 1234 crescebat
3494 1178 3740 1234 cottidie

2075 1265 2361 1328 Lotharii;
2396 1266 2488 1320 cui
2524 1265 2748 1321 inimici
2776 1265 3045 1322 homines
3072 1264 3386 1328 consilium
3421 1266 3738 1336 dederunt,

2053 1359 2364 1425 quatenus
2416 1355 2728 1421 Judittam,
2761 1371 3076 1424 nuvercam
3120 1354 3594 1428 suam,'genitari
3621 1372 3740 1423 suo

2072 1441 2342 1498 tollerent
2369 1448 2426 1498 et
2457 1443 2515 1497 in
2547 1442 2714 1498 Italia
2742 1443 3126 1511 abducerent;
3161 1443 3334 1499 sicuti
3362 1443 3646 1500 fecerunt.
3666 1447 3737 1500 In

2069 1530 2300 1587 civitate
2332 1531 2706 1588 Dartonensis
2728 1532 2786 1587 in
2812 1532 3080 1588 custodia
3117 1532 3428 1590 miserunt.
3475 1532 3618 1596 Quis
3635 1549 3743 1605 po-

2074 1625 2189 1677 test
2211 1621 2401 1677 dicere
2432 1621 2829 1693 furore,quam
2854 1624 3018 1692 pater
3042 1622 3171 1693 ejus
3200 1620 3576 1686 vehementer
3619 1621 3739 1684 1η-

2071 1714 2168 1765 tus
2201 1709 2448 1768 fuisset?
2479 1710 2577 1766 sed
2608 1714 2791 1766 totam
2815 1710 2987 1766 fortia
3007 1709 3318 1768 Lotharius
3341 1710 3417 1776 ad
3444 1726 3509 1776 se
3538 1715 3740 1778 reten-

2073 1803 2192 1854 tam
2221 1799 2491 1855 habebat.

317 1889 630 1985 fortutionis
651 1896 894 1985 nostris
910 1889 1032 1985 jam
1059 1888 1312 1985 deuictus
1355 1893 1452 1985 est.
1523 1891 1963 1985 Earumeorum
1995 1921 2042 1985 Β
2149 1889 2233 1942 11.
2268 1887 2452 1985 Igitur
2483 1904 2597 1985 non
2630 1892 2764 1985 post
2793 1887 3010 1985 multos
3039 1888 3166 1985 dies
3196 1889 3338 1944 dum
3366 1903 3731 1985 serecogno-

319 1976 612 2046 ﬁdetitate;
644 1977 776 2034 bene
803 1977 956 2032 nobis
984 1979 1107 2032 erit.
1143 1977 1290 2041 Quid
1344 1977 1575 2032 dicam?
1606 1977 1676 2032 Ut
1705 1977 1964 2042 obtabat,

319 2064 598 2128 fecerunt.
628 2066 697 2120 Et
726 2070 922 2121 tamen
953 2082 1155 2122 eorum
1197 2065 1438 2122 Carolus
1487 2065 1734 2121 servavit
1784 2065 1963 2121 hono-

321 2170 464 2210 rem.

383 2245 438 2296 7.
474 2242 656 2315 Igitur
685 2244 814 2314 subj
829 2249 1001 2316 ugata
1029 2249 1084 2301 et
1108 2245 1377 2300 ordinata
1410 2244 1593 2309 Italia,
1614 2245 1685 2299 ad
1719 2245 1962 2298 Romam

317 2332 569 2404 perrexit
625 2333 738 2404 (an.
780 2335 938 2405 781),
985 2333 1200 2390 ibidem
1259 2333 1540 2406 palatium
1600 2332 1962 2399 construxit;

319 2419 529 2475 deinde
558 2425 712 2476 terra
741 2423 1042 2493 paciﬁcate
1071 2427 1127 2478 et
1157 2428 1521 2477 sacramenta
1542 2422 1697 2488 data,
1723 2421 1964 2492 Pipinus

318 2525 464 2566 suus
477 2507 634 2566 ﬁlius
659 2511 974 2582 regendum
999 2509 1165 2566 Italia
1183 2510 1470 2565 concessit
1485 2510 1629 2581 ;ipse
1647 2527 1778 2564 vero
1793 2515 1966 2565 Κατο-

317 2595 413 2654 lus
443 2602 576 2670 post
602 2597 969 2670 aliquantum
1001 2603 1233 2670 tempus
1263 2599 1503 2654 Francia
1543 2616 1807 2654 reversus
1853 2602 1961 2664 est,

320 2686 554 2748 obsides
585 2704 815 2758 quoque
837 2689 1114 2744 ducentes
1137 2704 1332 2743 secum
1358 2687 1638 2758 quicquid
1666 2687 1827 2741 Italia
1850 2704 1966 2742 ma-

311 2776 474 2846 jores
515 2775 635 2831 nati
682 2781 739 2830 et
782 2774 1095 2830 nobiliores
1143 2781 1326 2830 erant.
1362 2776 1498 2830 Post
1549 2793 1661 2830 non
1713 2775 1964 2830 multum

321 2867 556 2936 tempus
587 2863 658 2918 ab
689 2864 893 2919 eodem
925 2863 1164 2920 Carolus
1190 2870 1551 2930 meruerunt,
1601 2870 1656 2920 et
1699 2863 1964 2919 honorati

321 2957 464 3012 sunt
489 2953 560 3011 ab
593 2953 740 3024 ipso,
770 2953 842 3008 ad
875 2968 1040 3008 suam
1074 2953 1284 3009 reversi
1317 2957 1457 3008 sunt
1488 2954 1693 3024 patria.
1727 2953 1966 3026 Pipinus

318 3057 452 3102 vero
481 3040 705 3104 vivente
735 3045 898 3112 patre
927 3041 1239 3096 defunctus
1271 3046 1361 3097 est
1392 3044 1503 3112 (an.
1535 3042 1964 3114 8|O).Reliquid

320 3129 894 3198 ﬁlium,Bernardum
929 3130 1182 3197 nomine,
1216 3132 1307 3186 cui
1360 3132 1603 3186 Karolus
1633 3131 1798 3187 Italia
1828 3148 1965 3186 con-

317 3218 631 3290 cessit;qui
662 3235 796 3274 cum
828 3224 984 3276 esset
1013 3219 1270 3291 penuria:
1292 3219 1460 3275 lamis
1486 3220 1648 3275 Italia
1671 3236 1963 3292 praauccu-

2078 1993 2246 2032 scens
2279 1976 2767 2050 Lotharius,quod
2801 1977 3023 2033 malum
3045 1978 3260 2050 egisset
3276 1975 3736 2045 consilium,nu.-

2077 2065 2307 2121 bercam
2337 2083 2506 2122 suam
2537 2067 2840 2122 remittens
2867 2066 3120 2139 genitori
3155 2083 3282 2133 suo,
3311 2070 3368 2134 et
3389 2067 3477 2124 ira
3505 2066 3738 2124 inﬂam-

2077 2160 2272 2210 matus
2302 2159 2504 2210 contra
2533 2153 2667 2210 illos
2699 2155 2798 2226 qui
2849 2155 2899 2210 ei
2958 2159 3080 2210 tam
3127 2171 3383 2226 pravum
3415 2154 3736 2211 consilium

2075 2245 2384 2311 dederunt,
2415 2243 2562 2300 alios
2593 2243 2823 2312 occidit,
2858 2243 3002 2299 alios
3043 2244 3104 2299 in
3154 2243 3326 2300 exilio
3355 2243 3536 2300 misit.
3572 2245 3740 2300 Tunc

2076 2332 2355 2405 temporis
2384 2333 2640 2388 ecclesia:
2663 2331 3117 2390 Mediolanensis
3133 2331 3522 2405 Angelbertus
3540 2333 3705 2390 archi
3719 2363 3742 2374 -

2075 2421 2385 2494 episcopus
2417 2422 2673 2493 regebat.
2707 2421 2949 2476 Volebat
2980 2422 3296 2493 imperator
3327 2421 3542 2488 dicere,
3578 2423 3736 2494 quod

2076 2510 2176 2566 ille
2208 2511 2263 2565 in
2297 2511 2424 2582 ipso
2455 2509 2766 2567 consilium
2799 2509 3026 2576 fuisset,
3060 2514 3120 2565 et
3167 2508 3465 2566 venientes
3505 2509 3737 2566 nobiles

2075 2617 2210 2654 eum
2246 2601 2301 2654 in
2333 2599 2517 2671 gratis
2545 2599 2863 2666 miserunt;
2895 2599 2999 2654 sed
3031 2599 3173 2652 dum
3206 2601 3340 2653 ante
3381 2597 3735 2670 imperatore

2077 2687 2475 2755 ducerent,ille
2506 2704 2640 2742 vero
2670 2691 2896 2742 tantum
2926 2690 3103 2757 caput
3134 2685 3436 2744 inclinavit
3464 2690 3524 2742 et
3553 2687 3731 2742 verba

2076 2777 2420 2833 salutatoris
2449 2776 2595 2831 dixit
2615 2776 2706 2843 ;ad
2734 2776 2910 2848 pedes
2928 2791 3058 2830 vero
3078 2773 3268 2830 noluit
3285 2773 3730 2847 venireproptcr

2076 2865 2406 2922 reverentiae
2439 2865 2720 2920 honorem
2769 2863 3172 2920 ecclesiarum.
3203 2863 3364 2926 Tunc
3407 2861 3734 2940 imperator

2075 2955 2219 3011 dixit
2253 2971 2264 3008 :
2301 2955 2390 3009 Sic
2419 2955 2657 3010 contenis
2697 2963 2766 3021 te,
2799 2955 2956 3026 quasi
2999 2960 3215 3008 sanctus
3269 2951 3586 3008 Ambrosius
3613 2953 3731 3007 sis?

2073 3041 2559 3114 Archiepiscopus
2590 3040 2892 3112 respondit
2924 3057 2937 3094 :
2970 3042 3081 3096 Nec
3128 3055 3222 3110 ego
3250 3046 3472 3112 sanctus
3502 3039 3729 3111 Ambro-

2074 3135 2210 3199 sius,
2264 3148 2361 3186 nec
2409 3139 2467 3186 tu
2514 3131 2766 3186 dominus
2815 3130 2974 3194 Deus.
3025 3132 3351 3200 Imperator
3408 3144 3543 3186 vero
3597 3128 3732 3184 sub-

2067 3221 2264 3292 junxit
2293 3221 2343 3277 ei
2379 3237 2392 3275 :
2425 3222 2502 3276 Ite
2529 3219 2598 3274 ad
2643 3221 2944 3288 genitorem
2984 3234 3184 3285 meum,
3215 3219 3373 3290 cujus
3421 3217 3611 3273 odium
3648 3233 3735 3274 me

318 3311 473 3380 pata,
507 3289 699 3364 subito
731 3313 795 3366 ut
827 3289 1114 3364 Bernardo
1148 3325 1392 3379 regnum
1437 3289 1689 3380 accepit,
1712 3309 1962 3381 dignita-
1996 3289 2040 3352 ί)
2069 3289 2276 3382 fecistis
2309 3309 2536 3374 habere;
2568 3308 2806 3364 reducite
2851 3322 2937 3362 me
2983 3306 3056 3361 ad
3098 3289 3400 3378 pristinam
3444 3308 3734 3375 gratiam!

319 3400 436 3460 tem
468 3397 906 3468 ubertatemque
935 3397 1188 3463 advenit,
1216 3403 1272 3452 et
1301 3397 1382 3452 sic
1413 3397 1521 3451 fuit
1549 3397 1688 3452 dum
1723 3398 1845 3469 ipse
1876 3415 1960 3453 re-

319 3485 794 3562 gnavit.Karolus
810 3491 1004 3544 autem
1023 3486 1272 3555 quicum
1295 3503 1393 3541 sex
1415 3502 1599 3540 annos
1621 3485 1674 3540 in
1701 3487 1960 3552 Francia,

318 3580 377 3636 et
404 3580 718 3646 postquam
741 3575 801 3629 in
836 3574 1000 3631 Italia
1028 3575 1328 3646 ingressus
1341 3575 1703 3630 esttlannos
1726 3591 1961 3646 regnas-

315 3664 742 3730 aet,d_et‘unctus
771 3667 861 3720 est
889 3663 946 3717 in
979 3679 1119 3734 pace
1148 3679 1434 3734 senesque
1462 3664 1648 3718 aetatis
1679 3669 1735 3718 et
1755 3664 1962 3734 plenus

311 3754 540 3810 dierum
573 3753 688 3825 (an.
718 3753 864 3822 814),
893 3752 992 3823 qui
1045 3769 1146 3823 per
1191 3769 1326 3808 eum
1359 3769 1570 3807 nomen
1605 3753 1958 3808 Francorum

308 3842 478 3913 longe
504 3840 735 3912 lateque
763 3841 1111 3912 percrebuit,
1147 3841 1297 3902 sicut
1340 3846 1432 3897 est
1473 3858 1626 3896 nunc
1670 3859 1855 3912 usque
1887 3845 1956 3899 ad

305 3927 655 3986 hodiernum
685 3927 863 3984 diem.
891 3926 1158 3999 Reliquid
1192 3929 1390 3984 sedem
1422 3946 1590 3983 suam
1626 3928 1683 3984 in
1719 3930 1961 3986 Francia

2073 3398 2173 3454 Ille
2228 3403 2423 3453 autem
2472 3397 2594 3452 haec
2644 3395 2909 3463 audiens,
2964 3395 3216 3468 perrexit
3273 3395 3334 3450 in
3397 3395 3728 3461 Franciam,

2073 3486 2452 3542 Hludowicus
2471 3485 2786 3557 imperator
2801 3483 3117 3540 honoriﬁce
3135 3499 3270 3544 eum
3289 3482 3728 3556 suscepit.D.um

2073 3577 2140 3630 ad
2177 3592 2439 3631 mensam
2469 3579 2715 3645 uterque
2746 3574 3066 3640 reﬁcerent,
3091 3589 3270 3632 causa
3300 3572 3730 3645 exurgensim-

2071 3670 2300 3738 perator
2329 3670 2385 3719 et
2412 3663 2557 3719 dixit
2589 3681 2601 3720 :
2635 3666 2782 3720 Bone
2809 3663 3228 3736 archiepiscope,
3259 3661 3394 3732 quid
3447 3661 3601 3726 debet
3639 3663 3728 3732 fa-

2069 3771 2186 3810 cere
2214 3756 2374 3810 homo
2402 3753 2466 3810 de
2499 3754 2788 3807 inimicum
2815 3750 3130 3807 suum?llle
3161 3749 3467 3821 respondit
3501 3767 3516 3805 :
3547 3751 3731 3806 Domi-

2068 3861 2171 3899 nus
2199 3844 2347 3900 dixit
2379 3845 2441 3898 in
2467 3843 2750 3912 evangelio
2783 3859 2801 3896 :
2832 3841 3058 3911 Ditigite
3108 3841 3364 3894 inimicos
3404 3845 3631 3906 uestros,
3675 3843 3730 3895 et

2069 3934 2360 4002 benefacite
2388 3933 2474 3987 his
2499 3933 2595 4003 qui
2627 3948 2711 3987 vos
2741 3931 2971 3987 oderunt
3001 3929 3205 4001 (Matth.
3256 3945 3310 3992 ν,
3363 3928 3476 3997 lit).
3531 3931 3723 4000 Impe-

305 4015 659 4081 Hludowici,
692 4015 812 4072 lilio
843 4034 969 4073 suo.
1006 4021 1120 4073 Iste
1147 4016 1355 4090 incipit
1402 4034 1606 4074 vocare
1642 4018 1960 4090 imperator
2067 4026 2221 4076 rator
2250 4019 2395 4076 dixit
2429 4038 2442 4074 :
2475 4022 2536 4074 Et
2583 4021 2633 4075 si
2676 4021 2794 4075 haec
2839 4035 2949 4074 non
3000 4020 3214 4088 fecero?
3241 4015 3731 4090 Arcbiepiscopus

307 4120 376 4162 ex
408 4105 763 4162 Francorum
785 4121 992 4177 genus.
2066 4109 2368 4179 respondit
2399 4126 2410 4163 :
2445 4109 2504 4163 Si
2534 4124 2644 4164 non
2670 4109 2885 4178 feceris,
2917 4123 3028 4162 non
3077 4107 3298 4176 habebis
3343 4107 3519 4162 vitam
3561 4114 3731 4170 aeter-

377 4194 431 4252 8.
466 4192 690 4264 Conjux.
709 4210 844 4254 vero
863 4195 1130 4266 ejusdem
1165 4193 1957 4268 Hludowici,Hermengarda
2063 4214 2213 4263 nam,
2243 4199 2293 4254 si
2321 4198 2380 4251 in.
2413 4197 2528 4268 ipso
2557 4195 2677 4252 odio
2708 4199 2954 4250 mortuus
2992 4195 3186 4265 fueris.
3222 4197 3550 4265 Imperator
3591 4210 3727 4250 vero

309 4281 879 4349 nomine,inimicitia
893 4287 1096 4340 contra
1111 4282 1954 4355 Bernardo,Langubardorum
2063 4285 2247 4342 iratus
2279 4285 2423 4340 dixit
2456 4303 2468 4340 :
2503 4285 2564 4340 Si
2591 4301 2676 4339 me
2725 4284 3008 4340 vindicabo
3039 4283 3103 4339 de
3133 4282 3414 4338 adersarz'o
3443 4297 3586 4346 meo,
3618 4298 3730 4337 non

306 4387 526 4444 regem,
558 4375 685 4428 orta
705 4376 813 4438 est,
845 4372 1135 4428 mandans
1163 4372 1237 4438 ei,
1270 4371 1436 4442 quasi
1471 4372 1630 4443 pacis
1661 4373 1848 4444 gratia
1881 4375 1952 4429 ad
2063 4375 2265 4430 habebo
2297 4376 2467 4430 vitam
2508 4376 2825 4431 aeternam?
2854 4377 2912 4428 et
2957 4371 3158 4427 statim
3203 4370 3516 4440 subjunxit
3550 4386 3564 4424 :
3602 4369 3730 4425 Vide

307 4477 368 4520 se
393 4460 606 4520 venire.
639 4460 742 4517 Ille
767 4461 840 4516 ab
871 4459 1017 4533 ipsis
1048 4459 1272 4516 nobiles
1305 4459 1565 4532 legatarii
1591 4466 1955 4518 sacramenta
2061 4465 2436 4534 Angctbertus,
2471 4461 2732 4535 quomodo
2775 4461 2894 4518 haec
2942 4461 3105 4516 verba
3149 4459 3447 4530 defendas!
3477 4459 3549 4514 Et
3586 4475 3725 4515 con-

304 4549 479 4606 ﬁdam
512 4550 785 4622 suscepit,
820 4549 1064 4606 Francia
1093 4547 1284 4604 iturus
1315 4553 1422 4604 est.
1454 4549 1561 4614 Qui
1597 4568 1727 4605 mox
1759 4557 1822 4606 ut
1853 4551 1954 4608 illa
2060 4553 2266 4610 stituto
2299 4553 2487 4623 posito
2508 4567 2694 4622 usque
2715 4550 2771 4605 in
2792 4548 3160 4604 meneMane
3183 4552 3382 4603 autem
3404 4546 3724 4619 facto,lcoli-

303 4639 514 4711 potuit,
546 4639 697 4695 sicut
725 4637 1392 4702 audivimus,nesciente
1425 4639 1950 4712 imperatore,oculi
1984 4651 2027 4716 ι)
2060 4642 2146 4712 git
2177 4640 2497 4712 imperator
2529 4638 2846 4711 sapientes,
2879 4640 3053 4708 prout
3101 4636 3148 4690 si
3198 4636 3393 4691 subito
3425 4639 3720 4707 petebant,

300 4727 580 4792 Bernardi
637 4726 880 4792 evulsit;
932 4727 1004 4782 ab
1059 4725 1187 4782 ipso
1246 4727 1442 4783 dolore
1501 4727 1812 4784 defunctus
1858 4733 1948 4785 est
2057 4729 2392 4786 conﬂictum
2419 4728 2703 4786 habentes
2735 4727 2808 4781 de
2838 4724 2946 4780 hac
2975 4724 3157 4780 verba
3182 4729 3387 4780 contra
3435 4722 3724 4796 archiepi-

300 4817 414 4886 (an.
447 4818 896 4888 8i8,postquam
924 4815 1188 4888 quinque
1219 4821 1560 4888 regnaverat
1590 4833 1795 4883 annos,
1832 4818 1946 4874 duo
2059 4816 2788 4891 scopus.Arcbiepiscopus
2814 4831 3020 4872 eorum
3044 4811 3356 4886 pressantis
3384 4811 3573 4884 dixit:
3613 4812 3722 4869 Sci-

299 4905 420 4974 sub,
440 4905 660 4970 Carolo,
693 4909 812 4960 tres
839 4905 950 4961 sub
983 4904 1383 4961 Hludowicus.
2056 4909 2146 4975 tis,
2181 4908 2306 4976 quia
2336 4923 2523 4972 sumus
2548 4919 2730 4966 omnes
2757 4905 2956 4974 fratres
2983 4903 3041 4956 in
3076 4901 3288 4970 Christo
3308 4904 3350 4954 .9.
3378 4899 3470 4956 Illi
3516 4905 3713 4958 autem

367 4993 422 5060 9.
455 4993 590 5054 Erat
619 4994 661 5030 ¹²
691 4992 928 5064 quidem
981 4993 1362 5050 Hludowicus
1404 4993 1720 5065 imperator
1751 4994 1945 5051 multa:

300 5079 620 5154 sapientiai,
677 5080 918 5136 consilio
968 5083 1246 5154 prudens,
1305 5082 1638 5139 misericors
1687 5087 1742 5138 et
1788 5084 1946 5155 pacis

300 5173 552 5237 amator;
586 5169 839 5224 habebat
868 5169 1262 5241 tranquillitas
1293 5188 1506 5244 magna
1553 5189 1622 5226 ex
1659 5174 1947 5228 omnium-

299 5274 414 5330 que
441 5261 612 5332 parte
640 5257 800 5328 pacis
830 5257 1050 5329 gratia;
1082 5258 1366 5330 diligebat
1385 5259 1946 5327 lectores,cantores,

298 5351 355 5402 et
383 5347 611 5403 cunctis
629 5345 1014 5402 servientibus
1036 5346 1150 5402 Deo
1173 5347 1647 5404 ministrantibus
1667 5348 1943 5404 ecclesiae.

297 5434 511 5492 Habuit
540 5435 692 5492 ﬁlios
721 5438 860 5500 tres,
891 5433 948 5489 id
981 5440 1070 5490 est
1097 5435 1364 5492 Lotbario
1395 5441 1452 5492 et
1471 5437 1851 5493 Hludowicus
1872 5439 1943 5504 de

2058 4996 2476 5067 respondentes
2506 4993 2778 5058 dixerunt
2829 5010 2841 5048 :
2891 4991 3108 5048 Scimus
3139 4991 3272 5062 quia
3291 5005 3470 5045 unum
3500 4998 3720 5062 patrem

2055 5101 2308 5139 vocamus
2359 5086 2416 5138 in
2463 5082 2628 5136 aulis.
2666 5079 2766 5136 Ille
2820 5084 3016 5136 autem
3066 5078 3252 5133 dixit:
3285 5080 3426 5148 Ergo
3463 5079 3515 5132 si
3542 5079 3716 5144 scitis,

2057 5173 2194 5245 quod
2223 5177 2421 5243 fratres
2451 5187 2659 5237 sumus,
2691 5170 2805 5224 sive
2835 5169 2974 5224 liber
3000 5175 3290 5232 etservus,
3322 5167 3436 5220 sive
3461 5169 3625 5236 pater
3666 5169 3719 5223 et

2056 5263 2227 5332 ﬁlius.
2278 5261 2560 5331 Apostolus
2603 5260 2874 5318 Iohannes
2920 5256 3073 5314 dixit
3107 5272 3127 5310 :
3175 5255 3300 5324 Qui
3330 5253 3444 5324 odit
3483 5256 3720 5324 fretum

2055 5367 2236 5416 suum,
2268 5349 2504 5405 omicida
2533 5351 2685 5415 est,et
2731 5348 2909 5402 omnis
2950 5344 3189 5402 omicida
3218 5359 3332 5399 non
3358 5343 3518 5398 habet
3543 5345 3716 5399 vitam

2055 5447 2296 5495 eternam
2345 5440 2405 5492 in
2449 5452 2507 5493 se
2553 5444 2866 5492 manentem
2914 5436 2963 5507 (Ι
3008 5437 3164 5491 Ιοαη.
3216 5447 3302 5500 m,
3351 5432 3457 5502 15).
3493 5430 3557 5488 Si
3584 5447 3711 5502 ergo

1667 5587 1754 5642 VA
1763 5587 1903 5646 ΗῙιΕ
1939 5589 2354 5647 LECTIONES.

373 5695 413 5727 η
445 5696 578 5749 Hinc
607 5699 725 5751 alia
752 5711 972 5763 manus,
1002 5698 1311 5754 charactere
1336 5705 1603 5761 crassiore
1631 5703 1851 5774 quidem
1876 5706 2190 5777 majoreque
2207 5703 2642 5778 praecedentibus
2667 5701 2757 5760 sed
2787 5699 3208 5774 Langobardico»
3235 5686 3481 5769 θυεμ.
