3924 6210
166 385 174 396 .
195 365 374 436 m3.

1278 366 1647 434 ANDREAS
1690 365 2160 438 PRESBYTER
2193 364 2550 432 'BERGOM.

3447 369 3614 438 -ιίηι

193 499 420 568 adiectu
717 501 1085 572 reputabitur,
1115 501 1380 573 quomodo
1412 503 1583 560 vitam
1612 509 1855 558 eternam
1885 502 1940 569 Α
1968 499 2287 573 imperator
2342 499 2848 573 Forojulianorum
2900 499 3233 560 Ebherardo
3288 501 3612 576 principem

187 605 550 660 possessum:
573 591 681 648 erit
701 589 728 644 ?
759 589 846 646 Illi
876 595 1074 647 autem
1103 590 1372 658 convicti,
1413 591 1486 650 ad
1519 590 1639 646 hinc
1675 591 1852 646 verba

191 682 653 745 consenserunt.
686 683 1010 751 Imperator
1038 695 1171 736 vero
1202 696 1443 736 manum
1474 680 1532 734 in
1564 684 1716 735 terra
1748 697 1854 751 po-

175 783 372 834 nens,
409 767 641 824 veniam
673 767 894 840 petivit,
929 773 984 824 et
1013 770 1260 840 gratiam
1291 767 1395 823 ﬁlii
1431 769 1523 824 sui
1579 768 1851 823 reddidit.

191 856 517 928 Imperavit
546 855 671 928 ipse
704 861 823 912 tam
850 857 1007 912 solus
1037 874 1214 928 quam
1240 855 1417 913 simul
1444 873 1576 911 cum
1611 855 1729 911 ﬁlio
1761 873 1859 911 an-

199 960 317 1012 nos
346 946 439 1012 27,
467 949 527 1004 et
556 944 683 1016 ipso
715 945 989 1002 Lothario
1009 946 1120 1000 sub
1133 946 1335 1000 eodem
1369 949 1530 1016 patre
1557 962 1742 1001 annos
1763 947 1852 1000 21.

193 1033 530 1101 ξῃᾷίθιὶοιλθ
568 1033 741 1090 tertia
781 1036 894 1105 (an.
926 1034 1053 1104 840)
1101 1033 1186 1090 sic
1231 1034 1341 1090 fuit
1379 1033 1465 1090 sol
1506 1033 1856 1092 obscuratus

197 1123 272 1189 in
293 1121 404 1180 hoc
427 1123 672 1189 mundo,
703 1127 761 1178 et
790 1122 990 1178 stellas
1018 1123 1076 1178 in
1107 1122 1248 1190 cmlo
1275 1123 1655 1195 apparebant,
1678 1124 1712 1178 3
1743 1123 1854 1178 No-

172 1227 317 1277 nas
348 1209 701 1283 Magias,ora
733 1228 906 1274 nona,
933 1211 992 1266 in
1015 1211 1276 1268 laetanias
1300 1213 1343 1247 ‘3
1367 1211 1792 1283 Domini,quasi
1823 1228 1858 1266 a

177 1337 182 1340 -
201 1298 406 1367 media
431 1316 556 1358 ora.
583 1300 758 1358 Facta
776 1303 866 1355 est
889 1300 1183 1356 tribulatio
1206 1317 1436 1373 magna.
1462 1301 1728 1372 Cumque
1748 1301 1856 1357 hoc

199 1387 462 1461 pupillus
493 1387 885 1455 intenderent,
940 1390 1109 1446 multi
1141 1390 1520 1456 extimabant,
1546 1390 1706 1462 quod
1734 1391 1855 1462 jam

171 1476 603 1548 ampliusboc
634 1477 899 1533 seculum
953 1495 1068 1536 non
1119 1483 1331 1545 staret;
1389 1479 1492 1534 sed
1551 1479 1692 1536 dum
1735 1478 1857 1534 haac

199 1564 484 1638 angustia
511 1565 994 1638 contemplarent,
1020 1566 1351 1624 refulsitsol
1373 1571 1430 1623 et
1458 1567 1628 1639 quasi
1660 1567 1855 1624 tremi-

197 1652 414 1710 dus-in
446 1657 620 1712 antea
653 1655 1060 1712 umbraculam
1103 1655 1292 1728 fugire
1320 1656 1492 1727 cepit.
1555 1655 1688 1728 Ipsa
1724 1672 1858 1711 vero

405 1741 677 1814 sequenti
708 1759 886 1815 prope
909 1744 1360 1800 matutinofacta
1379 1749 1468 1799 est
1491 1744 1588 1799 lux
1609 1744 1777 1816 quasi
1799 1745 1856 1800 in

177 1829 320 1898 die.
351 1830 485 1896 Hac
513 1831 684 1903 signa
713 1831 772 1886 in
785 1831 908 1888 celo
924 1838 1218 1904 conperta,
1233 1833 1501 1889 doctores
1523 1833 1582 1888 in
1614 1851 1856 1889 suorum

203 1918 562 1988 monitiones
591 1919 901 1978 dixerunt:
944 1923 1141 1991 Estote,
1197 1925 1403 1993 fratres
1459 1924 1684 1993 parati;
1728 1925 1861 1994 quia

198 2007 568 2080 adimpletum
622 2013 697 2065 est
727 2009 868 2080 quod
916 2012 976 2066 in
1027 2011 1311 2079 evangelio
1370 2013 1628 2067 Dominus
1682 2012 1855 2067 dixit:

205 2119 238 2147 α
267 2100 408 2162 Cum
438 2099 553 2158 hac
579 2099 743 2168 signa
773 2099 1040 2166 videritis,
1073 2101 1274 2167 scitote,
1300 2102 1430 2170 quia
1456 2117 1626 2172 prope
1654 2109 1730 2156 est
1745 2101 1859 2156 dies

177 2187 430 2250 Domini
454 2203 689 2258 magnus
715 2194 766 2242 et
791 2189 1115 2259 manifestus
1139 2195 1156 2242 !
1187 2190 1337 2260 (Luc.
1391 2207 1504 2257 xxx,
1550 2190 1665 2260 31.)
1703 2213 1727 2236 ››
1759 2189 1856 2244 So-

201 2275 410 2347 quenti
442 2280 637 2332 autem
671 2291 875 2332 mense
901 2277 1080 2333 Junio
1116 2277 1498 2333 liludowicus
1542 2279 1861 2350 imperator

201 2363 522 2430 defunctus
552 2368 662 2429 est,
696 2382 953 2437 suosque
975 2366 1100 2422 dies
1131 2367 1317 2422 ﬁnivit
1344 2367 1402 2422 in
1432 2384 1593 2439 pace.

285 2454 370 2510 12.
407 2453 546 2510 Post
573 2455 741 2524 cujus
775 2458 1022 2510 mortem
1053 2455 1345 2512 discordia
1383 2455 1534 2512 inter
1563 2455 1708 2528 ipsis
1739 2461 1858 2512 tres

201 2541 509 2614 germanis
540 2542 813 2612 surrexit,
847 2542 1228 2599 Hludowicus
1259 2549 1318 2599 et
1347 2545 1588 2601 Carolus
1617 2563 1686 2601 ex
1740 2564 1859 2602 una

197 2635 390 2702 parte,
443 2630 753 2686 Lotharius
801 2649 869 2686 ex
927 2631 1128 2688 altera.
1176 2637 1436 2705 Cumque
1477 2633 1639 2690 nulla
1695 2640 1860 2706 parte

191 2719 402 2789 locum
439 2719 988 2792 dantesjungentes
1019 2737 1083 2776 se
1114 2721 1210 2776 ubi
1239 2727 1616 2794 nuncupatur
1645 2723 1859 2778 Funta-

205 2825 410 2875 nenec,
432 2807 586 2864 acies
619 2807 756 2864 hinc
786 2813 842 2863 et
866 2808 1001 2864 inde
1029 2825 1098 2864 ex
1129 2814 1378 2881 utraque
1395 2811 1577 2882 partis
1599 2817 1862 2868 constru-

203 2902 318 2967 cte,
352 2897 507 2953 facta
525 2901 615 2954 est
633 2901 859 2969 strages
892 2914 1127 2969 magna,
1163 2899 1414 2955 maxime
1436 2899 1660 2956 nobiles
1689 2902 1863 2972 Aqui-

174 3035 176 3038 .
205 2990 483 3054 tenerum
515 2987 628 3058 (an.
649 2986 807 3054 841.,
838 2988 1126 3058 Tantique
1159 2988 1271 3058 (40)
1296 2988 1375 3044 ibi
1407 2989 1513 3044 viri
1555 2990 1731 3046 fortes
1762 3007 1862 3062 per

204 3075 616 3144 contentiones
639 3075 824 3134 malas
855 3081 912 3132 et
933 3077 1380 3148 improvidentia
1405 3078 1677 3134 debellati
1700 3085 1857 3147 sunt,

206 3163 418 3237 quanti
449 3163 781 3235 potuissent
810 3181 912 3236 per
941 3165 1156 3222 bonam
1183 3167 1554 3223 concordiam
1605 3172 1662 3222 et
1702 3168 1860 3224 salu-

203 3255 310 3310 bre
329 3251 644 3321 consilium
675 3253 860 3312 multa
891 3253 1053 3314 milia
1081 3259 1339 3311 sternere
1368 3256 1862 3313 contradictorum

206 3358 576 3415 paganorum
601 3343 785 3410 ;unde
813 3342 1201 3415 sicdiscipata
1216 3348 1305 3400 est
1327 3344 1600 3402 nobilitas
1621 3345 1860 3417 Aquita-

202 3447 442 3499 norum,
477 3448 605 3503 qua:
651 3431 828 3486 etiam
878 3433 1257 3490 Nortemanni
1308 3449 1512 3489 eorum
1545 3435 1862 3506 possedant

198 3523 394 3588 terra,
423 3535 530 3582 nec
557 3523 645 3576 est
672 3519 772 3592 qui
813 3536 1016 3576 eorum
1049 3520 1220 3578 fortia
1253 3520 1506 3578 resistat.
1545 3524 1861 3595 Imperavit

199 3607 514 3678 Lotharius
546 3613 678 3680 post
709 3614 960 3674 mortem
991 3610 1176 3681 patris
1208 3610 1300 3668 sui
1331 3616 1451 3668 tam
1485 3611 1648 3668 solus
1680 3630 1857 3684 quam

199 3695 386 3766 simul
419 3712 554 3762 cum
587 3696 973 3754 Hludowicus
1006 3697 1124 3754 ﬁlio
1151 3715 1258 3755 suo
1287 3717 1474 3756 annos
1500 3701 1584 3770 15,
1611 3706 1668 3757 et
1698 3718 1858 3758 mor-

187 3784 468 3856 ast,
491 3789 608 3854 (an.
643 3787 795 3857 855).
833 3786 1103 3858 Reliquid
1155 3791 1269 3844 tres
1301 3788 1454 3846 ﬁlios
1503 3789 1560 3845 id
1620 3795 1710 3847 est
1735 3792 1857 3862 jam

202 3874 362 3934 dicto
395 3873 756 3942 ﬂludowico,
791 3875 892 3946 qui
940 3875 1052 3932 sub
1112 3893 1178 3932 eo
1239 3877 1547 3949 imperavit
1605 3879 1661 3934 in
1695 3880 1862 3938 Italia

202 3978 400 4030 annos
425 3979 546 4032 sex,
575 3963 849 4026 Lothario
881 3964 940 4024 in
982 3965 1228 4022 Francia
1259 3966 1506 4024 Karolus
1537 3967 1596 4024 in
1621 3968 1857 4030 Provin-

201 4051 312 4121 tia.
341 4051 452 4114 Sed
483 4050 725 4118 Carolus
774 4069 890 4107 non
935 4057 1067 4125 post
1111 4054 1328 4112 multos
1368 4055 1492 4113 dies
1549 4040 1896 4114 defunctus-

198 4140 438 4210 παίω»
468 4139 596 4211 863)
628 4139 938 4208 Lotharius
969 4157 1037 4196 ex
1064 4143 1201 4199 sede
1253 4144 1488 4216 propria
1545 4145 1764 4215 exiens,
1798 4146 1856 4201 in

202 4226 380 4292 Italia
427 4228 668 4284 veniens
715 4229 876 4300 pacis
913 4230 1116 4303 gratiae
1145 4231 1460 4288 videndum
1506 4249 1856 4305 germanum

141 4391 144 4394 .
199 4331 386 4385 suum
416 4315 516 4372 ubi
549 4332 684 4372 cum
710 4315 840 4389 ipso
859 4316 1090 4376 locutus
1113 4323 1201 4374 est
1221 4320 1440 4378 ﬁnibus
1455 4321 1858 4378 Beneventana

199 4420 360 4478 pago
386 4404 718 4461 Venosiana
744 4423 757 4474 ;
790 4406 889 4462 sed
923 4407 1065 4461 dum
1098 4407 1209 4464 iret
1237 4413 1294 4463 et
1324 4409 1857 4475 reverteret,multa

198 4493 574 4559 devastantes
599 4510 922 4565 pauperum
945 4495 1241 4562 domibus,
1274 4495 1642 4568 blasphemia
1671 4497 1857 4556 multa

1961 588 2284 646 constituit.
2329 590 2404 644 Eo
2435 590 2736 661 defuncto,
2757 589 3030 646 Unhrocb
3060 590 3178 647 ﬁlio
3197 608 3304 646 suo
3328 592 3616 665 principa-

1960 683 2086 733 tum
2119 678 2396 749 suscepit.
2433 679 2512 734 De
2545 679 2887 753 Burgundia
2919 696 3052 736 vero
3084 681 3336 738 surrexit
3372 681 3611 752 quidam

1964 766 2155 822 dictus
2177 767 2261 822 Hu
2271 772 2397 838 pert
2423 768 2785 840 nomine,qui
2805 767 3106 840 aliquanto
3125 774 3384 842 tempore
3399 770 3614 826 domno

1965 854 2301 926 imperatori
2337 855 2665 912 HIudowici
2697 873 2760 912 se
2791 856 3135 913 ﬁdelissimo
3185 873 3316 914 esse
3345 859 3612 926 diccbat;

1966 944 2338 1014 postmodum
2353 961 2484 1000 cum
2499 945 3016 1018 Burgundionibus
3028 947 3121 1018 adj
3134 951 3615 1017 unctus,suorum

1966 1033 2112 1088 ﬁnes
2161 1031 2439 1088 rebellare
2485 1034 2852 1106 disponebat,
2898 1034 3118 1092 oblitus
3179 1040 3269 1092 est
3317 1041 3616 1094 tantorum

1964 1121 2380 1176 beneﬁciorum
2413 1139 2538 1193 quae
2581 1124 2632 1178 ei
2690 1123 3008 1196 imperator
3058 1125 3282 1193 tribuit,
3333 1130 3390 1181 et
3420 1143 3613 1182 sacra-

1969 1215 2164 1265 menta
2186 1227 2333 1281 quas
2350 1210 2588 1266 dederat
2609 1212 2774 1268 irrita
2795 1213 3218 1270 fecit.Domnus
3235 1213 3614 1272 llludowicus

1966 1297 2087 1354 haec
2119 1297 2385 1366 audiens,
2420 1299 2674 1356 Cunrath
2721 1319 2854 1357 cum
2895 1302 3135 1375 reliquis
3186 1303 3457 1360 ﬁdelibus
3489 1304 3614 1361 suis

1966 1387 2182 1454 dirixit,
2211 1391 2269 1442 et
2299 1389 2502 1446 eodem
2529 1389 2750 1462 Hupert
2779 1391 2836 1446 in
2869 1408 3075 1463 campo
3097 1393 3542 1465 comprehendit
3558 1397 3616 1452 et

1965 1477 2214 1544 occidit;
2243 1480 2300 1532 et
2332 1476 2501 1533 multi
2530 1477 2769 1550 quidem
2803 1480 2877 1536 da
2921 1483 3050 1552 eius
3099 1499 3236 1553 pars
3278 1482 3614 1556 interempti

1967 1569 2107 1622 sunt
2164 1567 2278 1636 (an.
2334 1568 2479 1634 864).
2539 1567 2721 1639 Igitur
2767 1573 3082 1640 antequam
3140 1570 3262 1625 hac
3316 1571 3614 1628 rebellatio

1963 1654 2120 1712 facta
2148 1655 2376 1723 fuisset,
2412 1659 2575 1712 tanta
2605 1655 2844 1727 quidem
2875 1656 3067 1715 nivem
3099 1658 3264 1716 Italia
3292 1659 3520 1730 cecidit,
3552 1663 3618 1716 ut

1969 1759 2070 1814 per
2097 1747 2332 1800 centum
2367 1743 2491 1799 dies
2521 1745 2575 1799 in
2595 1743 2786 1816 planis
2807 1745 2950 1802 locis
2967 1750 3190 1803 teneret
3213 1751 3292 1815 ;et
3321 1748 3432 1804 fuit
3451 1748 3618 1822 gelus

1889 1872 1938 1937 Β
1967 1831 2376 1905 gravissimus,
2412 1833 2598 1889 multa
2627 1833 2855 1890 semina
2886 1839 3120 1892 mortua
3149 1836 3406 1907 fuerunt,
3427 1837 3558 1896 vitae
3578 1838 3621 1872 “

1971 1937 2116 1992 pene
2147 1921 2423 1977 omnibus
2457 1921 2513 1976 in
2547 1921 2739 1994 planis
2768 1923 2912 1980 locis
2941 1924 3389 1994 siccaverunt,et
3416 1927 3618 1984 vinum

1969 2009 2123 2065 intra
2151 2009 2385 2065 vascula
2431 2010 2720 2084 glaciavit,
2762 2016 2827 2066 ut
2853 2013 3042 2068 setiam
3077 2030 3180 2086 per
3209 2015 3468 2074 foramen
3501 2014 3620 2088 spi-

1970 2116 2178 2154 narum
2212 2099 2357 2154 nihil
2387 2101 2602 2167 exibat,
2635 2101 2819 2156 donec
2867 2107 3240 2174 rumperetur
3278 2103 3406 2176 ipsa
3431 2103 3622 2176 glaeie

1969 2204 2099 2242 cum
2153 2187 2304 2242 fuste
2352 2188 2424 2242 ab
2470 2193 2603 2243 ante
2645 2189 2776 2262 ipsa
2831 2190 3020 2262 spina.
3073 2192 3190 2247 Hoc
3241 2191 3350 2250 fuit
3387 2196 3619 2264 tempus

1969 2276 2169 2330 domui
2202 2276 2529 2332 Hludowici
2561 2277 2930 2349 imperatoris
2968 2296 3119 2336 anno
3168 2282 3252 2345 10,
3302 2279 3619 2344 indictione

1969 2369 2168 2420 octava
2201 2367 2315 2436 (an.
2349 2365 2497 2436 859).
2533 2367 2633 2421 His
2664 2365 2860 2438 itaque
2893 2368 3002 2422 sub
3040 2367 3316 2426 brevitate
3345 2369 3426 2426 rei
3469 2368 3619 2426 veri-

1969 2459 2059 2510 tas
2091 2453 2464 2522 transcurris,
2502 2456 2815 2512 adventum
2843 2456 3014 2529 primi
3047 2457 3454 2526 ordinis,sicut
3471 2458 3621 2531 cepi-

1970 2560 2125 2610 mus,
2185 2560 2593 2615 exsequamur.
2646 2547 2720 2600 At
2761 2561 2894 2600 vero
2955 2546 3208 2604 domnus
3240 2545 3618 2606 Hludowicus

1967 2636 2262 2704 augustas
2282 2631 2470 2688 multa
2491 2633 2730 2704 quidem
2758 2636 3201 2707 Oppressionem
3223 2652 3258 2692 a
3284 2636 3618 2694 Sarracino-

1970 2738 2101 2776 rum
2134 2738 2276 2794 gens
2329 2721 2387 2777 in
2447 2721 2664 2778 ﬁnibus
2724 2722 3144 2780 Beneventanis
3202 2724 3502 2794 sustinuit,
3564 2729 3622 2782 et

1969 2826 2171 2868 eorum
2203 2827 2436 2882 semper
2484 2812 2709 2868 resistit
2737 2816 2852 2880 (an.
2885 2814 3013 2884 860)
3041 2832 3054 2879 ;
3102 2814 3501 2872 Amelmasscr
3525 2831 3619 2872 eo-

1971 2915 2102 2953 rum
2135 2899 2404 2970 princeps
2426 2916 2560 2956 cum
2576 2900 2744 2956 multi
2767 2902 3057 2958 Sarracini
3073 2903 3148 2958 ibi
3164 2902 3621 2960 consistentibus

1969 2986 2180 3042 occidit
2209 2988 2324 3058 (an.
2355 2991 2482 3060 867)
2510 3007 2523 3057 ;
2553 2989 2762 3060 reliqui
2795 2990 2852 3046 in
2885 2995 3077 3047 castro
3111 2991 3213 3062 qui
3243 2991 3460 3049 dicitur
3489 2991 3619 3052 Bari

1969 3092 2036 3131 se
2065 3076 2288 3133 fortiter
2315 3078 2673 3143 munierunt,
2727 3077 2826 3134 ubi
2872 3080 3126 3136 domnus
3175 3081 3492 3152 imperator
3520 3097 3623 3154 per

1971 3163 2231 3236 quinque
2281 3181 2467 3221 annos
2517 3183 2617 3222 eos
2661 3183 2792 3222 cum
2840 3167 3042 3224 Franci
3082 3173 3139 3223 et
3171 3169 3536 3242 Langobardi
3565 3175 3623 3226 et

1895 3240 1946 3306 C.
1975 3253 2181 3310 ceteris
2216 3253 2528 3310 nacionum
2555 3271 2797 3310 suorum
2828 3256 3088 3312 ﬁdelium
3122 3240 3429 3329 possidens
3461 3260 3523 3324 ³⁵,
3549 3259 3623 3314 si-

1971 3341 2096 3396 mul
2124 3341 2300 3398 etiam
2329 3360 2462 3399 cum
2495 3345 2763 3415 suajuge
2796 3346 2836 3380 ¹⁶
2879 3345 3243 3418 Angelberga
3291 3347 3526 3404 nomine
3565 3352 3620 3403 et

1969 3429 2139 3486 multi
2169 3447 2370 3487 eorum
2403 3431 2690 3490 similiter.
2729 3433 2888 3488 Circa
2920 3433 3043 3490 haec
3069 3438 3334 3507 tempora
3369 3435 3428 3492 in
3478 3435 3617 3492 Vul-

1966 3535 2242 3592 garorum
2275 3537 2420 3593 gens
2450 3521 2647 3578 divina
2677 3521 2960 3594 aSpiracio
2991 3538 3239 3580 accensa
3277 3528 3387 3590 est,
3415 3529 3618 3597 quate-

1969 3626 2082 3664 nus
2113 3609 2416 3666 christiani
2449 3611 2652 3667 ﬁerent
2693 3616 2752 3667 et
2781 3611 3076 3668 Christum
3131 3613 3437 3672 dominum
3467 3613 3619 3670 cole-

1969 3702 2116 3765 rent,
2152 3699 2430 3770 quoniam
2480 3705 2683 3757 tantus
2726 3717 2894 3757 amor
2946 3701 3248 3758 charitatis
3305 3702 3364 3758 in
3415 3718 3619 3760 eorum

1969 3804 2164 3860 regem
2199 3788 2478 3860 pervenit,
2510 3794 2575 3844 ut
2605 3806 2708 3861 per
2737 3808 2797 3845 se
2835 3790 2961 3861 ipse
2993 3791 3064 3845 ad
3096 3789 3418 3848 aacclesiam
3467 3791 3619 3854 beati

1969 3876 2118 3934 Petri
2154 3877 2339 3933 Roma
2385 3877 2661 3944 venisset,
2721 3882 2780 3934 et
2837 3878 2916 3933 ibi
2973 3879 3128 3934 dona
3183 3880 3412 3948 obtulit,
3473 3883 3532 3936 et
3587 3899 3621 3936 a

1967 3965 2186 4030 domno
2218 3983 2370 4039 papa
2409 3964 2726 4022 Nicholaus
2755 3967 3041 4024 catholica
3068 3967 3180 4024 ﬁde
3211 3969 3496 4037 munitus,
3531 3970 3619 4026 di-

1965 4053 2226 4110 vinitatis
2277 4054 2532 4111 scientiis
2591 4055 2936 4124 instructus,
3016 4057 3346 4128 baptizatus
3395 4062 3454 4116 et
3508 4058 3620 4114 ﬁde

1968 4148 2173 4200 sancta
2193 4145 3106 4217 conﬁrmatus,recepitdoctores
3133 4147 3207 4203 ab
3239 4147 3442 4204 eodem
3464 4147 3624 4204 dom-

1965 4249 2042 4290 no
2072 4232 2412 4302 apostolico,
2446 4249 2614 4290 suam
2653 4250 2924 4289 reversus
2941 4238 3032 4290 est
3061 4235 3333 4304 patriam.

2036 4320 2318 4392 MJgitur
2349 4321 2490 4376 dum
2509 4320 2766 4382 domnus
2788 4321 3172 4378 Hludowicus
3192 4339 3326 4378 cum
3341 4322 3468 4381 suis
3489 4323 3621 4380 Bari

1963 4409 2346 4473 custodirent,
2371 4407 2569 4463 nuncii
2604 4415 2890 4465 venerunt
2946 4410 3017 4466 de
3069 4411 3287 4466 ﬁnibus
3345 4411 3621 4468 Calabria:

1963 4495 2226 4552 dicentes
2256 4514 2268 4552 :
2301 4497 2528 4552 Domine
2555 4497 2878 4567 imperator,
2915 4499 3082 4552 vestri
3104 4513 3217 4554 esse
3272 4499 3540 4567 volumus,
3569 4508 3624 4558 et

199 4580 832 4648 incurrit..ltevertenti
865 4588 1088 4649 autem,
1119 4584 1175 4638 in
1215 4583 1422 4641 itinere
1469 4585 1560 4641 via
1590 4590 1854 4658 egrotare
1886 4607 1932 4674 Ι)
1958 4601 2058 4655 per
2084 4587 2323 4640 vestram
2351 4585 2721 4654 defensionem
2773 4585 2917 4640 salvi
2957 4587 3076 4655 fore
3101 4587 3446 4656 conﬁdimus.
3484 4588 3619 4646 Gens

198 4669 380 4741 cepit,
409 4667 608 4736 subito
649 4669 708 4726 in
761 4670 994 4727 civitate
1044 4672 1384 4730 Placentina
1413 4673 1723 4732 defunctus
1765 4681 1855 4731 est
1886 4667 1921 4674 ⁷
1960 4672 2386 4730 Sarracinorum
2416 4681 2703 4741 venerunt,
2744 4677 2892 4730 terra
2949 4681 3131 4730 nostra
3191 4675 3616 4746 dissipaverunt,

187 4757 502 4829 tm869),
561 4762 624 4828 et
668 4758 747 4826 ibi
797 4775 1019 4831 corpus
1065 4762 1193 4832 eius
1224 4761 1568 4829 conditum;
1611 4762 1854 4835 suisque
1961 4763 2206 4824 civitates
2235 4761 2629 4826 desolavertmt,
2656 4764 2938 4820 wcctesias
2965 4762 3352 4833 sit/fuderunt;
3404 4768 3620 4830 tantum

191 4845 546 4916 hominibus
576 4864 614 4912 a
650 4846 855 4904 multis
885 4848 1064 4910 simili
1097 4850 1270 4906 modo
1301 4851 1691 4924 contigerunt.

269 4935 358 5004 t3,
393 4934 581 4998 Pauca
609 4935 851 5008 quidem
883 4953 1026 5002 sane
1048 4938 1192 4994 dum
1245 4955 1349 5011 per
1377 4940 1558 5012 gestis
1600 4940 1854 5005 ﬁliorum

191 5038 406 5097 regum
437 5038 639 5090 senem
667 5023 861 5095 apices
893 5041 1262 5098 componam,
1318 5027 1555 5088 animus
1582 5045 1753 5094 meus
1782 5031 1853 5085 ad

187 5110 450 5183 reliquis.
468 5111 641 5179 iactis
663 5112 972 5186 percurrit.
994 5113 1176 5172 Multa
1195 5114 1460 5186 fatigatio
1491 5117 1855 5188 Langobardi

193 5202 252 5258 et
277 5199 586 5273 oppressis
607 5217 643 5255 a
672 5199 1009 5257 Sclavorum
1042 5203 1697 5276 genssustinuit,usque
1715 5206 1855 5264 dum

1965 4851 2035 4905 ad
2062 4866 2152 4907 vos
2181 4851 2502 4921 petimus,ut
2539 4847 2632 4903 des
2685 4865 2783 4904 nos
2829 4854 2990 4922 caput
3030 4854 3492 4922 con/"artacionis;
3521 4855 3619 4924 qui

1964 4956 2059 4998 nos
2097 4939 2356 5011 adjuverat
2383 4943 2436 4995 et
2463 4937 2788 5004 con/artem.
2842 4939 3199 4997 Sacramenta
3224 4941 3372 5000 vobis
3401 4942 3614 5004 dam-us.

1966 5031 2177 5088 tributa
2203 5029 2483 5085 solvimus.
2517 5025 2683 5080 Tunc
2723 5027 2979 5086 domnus
3025 5027 3345 5100 imperator
3385 5029 3616 5088 miseri-

1966 5117 2164 5175 cordia
2193 5122 2408 5183 motus,
2445 5127 2556 5166 non
2586 5113 2858 5182 gaudens
2887 5114 3230 5185 cupiditatis
3262 5135 3468 5180 eorum.
3493 5132 3620 5188 pro-

1970 5207 2279 5274 missa,sed
2311 5206 2380 5262 de
2412 5200 2651 5258 illorum
2683 5200 2888 5255 dolens
2916 5200 3166 5272 malitia,
3180 5201 3622 5278 elegitstrenuis

1571 5337 1817 5395 VABUE
1853 5339 2267 5398 LEG’I-‘IONES.

191 5429 525 5487 ".latanias
554 5447 602 5485 ε.
680 5432 724 5466 ¹⁴
751 5434 792 5487 i.
828 5449 874 5488 e.
902 5432 1072 5490 vites.
1149 5434 1195 5474 ιι
1222 5436 1262 5489 i.
1295 5450 1343 5490 e.
1369 5433 1677 5492 obsidens.
1756 5439 1798 5476 ¹⁶
1827 5433 1873 5494 i.
1900 5455 1949 5495 e.
1973 5440 2251 5511 ‘eenjuge.

1795 5554 2028 5623 ΝΟΤΑΕο

261 5635 380 5708 (40)
414 5635 497 5691 Ex
529 5633 708 5692 Paulo
739 5636 871 5693 Diac
901 5636 999 5708 VI,
1031 5637 1120 5692 23.
