3924 6210
379 423 535 488 12⁸78

1645 414 1980 483 APPEND.
2026 414 2129 483 AD
2173 420 2359 484 SIEC.
2404 417 2510 484 lX.

3640 415 3801 483 1276

377 565 435 617 et
464 552 1253 624 nobilissimisviris,Hotoue
1273 552 1345 612 de
1358 552 1575 611 finibus
1597 555 2024 627 Bergomensis,
2056 556 2112 623 Α
2140 555 2443 623 soldanus,
2475 559 2532 611 et
2552 551 2759 629 reliqui
2781 552 3073 613 Sarracini
3091 552 3173 612 ibi
3208 550 3690 612 consistentibus
3718 555 3801 613 ia-

377 647 586 704 Oschis
616 652 673 703 et
720 644 1396 717 Gariardus‘cpiscopis,
1448 650 1503 699 et
1550 644 1894 700 confortavit
1924 660 2023 700 eos

376 739 634 794 domnus
664 736 1012 808 Limperator
1071 738 1127 789 et
1185 734 1366 788 dixit:
1420 737 1501 789 Ite
1554 735 1614 787 in
1664 750 1801 805 pace
1842 735 2023 804 ﬁdeles

379 826 837 897 Christi,angelus
868 825 1089 879 Domini
1123 825 1293 877 bonus
1329 825 1617 877 comitetur
1640 824 1932 887 vobiscum,
1964 827 2023 878 ut

375 922 427 974 et
454 932 548 985 ego
576 916 790 971 videam
818 918 988 982 vexet
1020 912 1230 967 labores
1258 928 1422 983 quam
1462 913 1612 967 vobis
1668 914 1867 983 inpono
1906 928 2021 965 me-

376 1011 546 1063 rear!
575 1006 738 1060 Tunc
770 1001 944 1057 simul
977 1017 1111 1056 cum
1146 999 1291 1072 ipsis
1325 1000 1522 1054 missis
1544 1004 1935 1072 perrexerunt,
1968 1004 2025 1053 et

377 1096 535 1151 unde
565 1096 807 1164 egerunt
833 1088 1127 1145 firmitatis
1161 1093 1528 1143 sacramenta
1573 1092 1933 1160 receperunt,
1969 1092 2025 1143 et

376 1185 704 1240 adunantes
736 1196 935 1235 secum
968 1178 1159 1250 magis
1209 1194 1274 1232 ac
1306 1177 1493 1248 magis
1523 1176 1722 1232 fideles
1752 1176 2020 1248 populus.

375 1277 637 1343 Cumque
663 1272 948 1325 venerunt
978 1267 1036 1321 in
1068 1266 1361 1338 quendam
1395 1264 1563 1333 valle,
1596 1266 1694 1320 ubi
1730 1265 1873 1337 ipsis
1896 1266 2025 1320 Sar-

374 1361 578 1429 racini,
608 1359 881 1415 'ﬁdentes
911 1357 1130 1428 absque
1164 1355 1281 1410 ullo
1313 1355 1542 1422 timore,
1575 1371 1868 1409 annonam
1901 1371 2024 1409 me-

372 1446 810 1516 tentes,’simul
863 1462 996 1501 cum
1050 1443 1264 1517 captivi
1314 1460 1461 1515 quas
1511 1443 1824 1509 habebant,
1884 1448 2024 1499 tunc

374 1538 681 1596 christiani
712 1534 1109 1606 inruentes§su
1118 1549 1221 1605 per
1248 1531 1399 1599 illos,
1424 1536 1479 1587 et
1506 1532 1793 1587 Sarracini
1817 1534 2022 1604 quanti

372 1630 453 1686 ibi
486 1629 828 1684 invenerunt
853 1623 1210 1688 occiderunt,
1264 1626 1321 1676 et
1351 1620 1561 1693 captivi
1609 1619 2020 1676 liberaverunt.

373 1718 600 1791 Uﬁhaac
631 1713 855 1771 audivit
883 1727 1085 1768 eorum
1131 1709 1411 1782 principe,
1458 1709 1715 1765 Cincimo
1764 1710 2022 1781 nomine,

374 1809 447 1865 de
478 1803 1009 1863 civitate'Amantea
1039 1799 1151 1871 (11)
1192 1799 1422 1855 obviam
1454 1814 1656 1853 eorum
1705 1797 1842 1853 exiit
1874 1816 2021 1870 pras-

374 1897 614 1969 paratus
642 1889 991 1958 viriliterQEt
1011 1887 1218 1942 exinde
1244 1885 1746 1988 Francicomperti
1775 1891 1933 1951 sunt,
1967 1891 2024 1942 et
2053 1924 2098 1988 Β

364 1986 682 2057 jungentes
712 1997 775 2037 se
801 1978 885 2034 hii
915 1994 983 2033 ex
1011 1993 1131 2031 una
1159 1978 1319 2047 parte
1335 1978 1392 2029 et
1420 1973 1505 2029 illi
1537 1991 1606 2029 ex
1636 1974 1835 2043 altera,
1869 1976 2023 2030 facta

373 2077 463 2129 est
491 2076 719 2143 strages
747 2083 963 2141 magna
990 2064 1454 2127 Sarracinorum,
1478 2064 1578 2134 qui
1614 2064 1750 2135 fuga
1774 2064 2018 2136 petiens;

374 2160 681 2219 christiani
727 2174 861 2213 vero
919 2160 1050 2228 post
1087 2172 1206 2220 eos,
1260 2153 1673 2209 interficientes
1731 2169 1917 2224 usque
1948 2153 2019 2207 ad

373 2256 603 2325 portam
632 2247 901 2305 civitatis.
936 2246 1041 2301 Oto
1087 2260 1222 2299 vero
1266 2248 1324 2299 et
1374 2242 1637 2314 prmdicti
1679 2242 1937 2314 episc0pi
1967 2248 2023 2298 et

373 2356 613 2397 suorum
670 2340 968 2393 secutores
1024 2332 1479 2404 triumphatores
1529 2332 1741 2386 reversi
1783 2334 1923 2385 sunt
1948 2331 2018 2385 ad

373 2427 970 2499 domnoimperatore.
987 2423 1307 2494 Imperator
1326 2437 1458 2476 vero
1484 2436 1763 2491 magnum
1787 2419 2021 2491 gavisus

372 2522 462 2576 est
490 2516 792 2592 gaudium,
822 2514 1105 2568 honorem
1136 2510 1441 2582 dignitatis
1475 2526 1679 2564 eorum
1720 2509 1945 2563 tribuit.

445 2610 533 2663 15.
566 2605 829 2663 Cincimo
859 2618 991 2658 vero
1019 2601 1090 2655 de
1134 2599 1259 2654 suis
1298 2603 1356 2653 et
1403 2599 1604 2670 patriae
1638 2615 1755 2653 suae
1790 2599 2019 2669 adjuto-

373 2697 525 2753 rium
548 2692 885 2767 colligentes
907 2689 1223 2745 multitudo
1244 2686 1672 2752 Sarracini,iter
1688 2690 2018 2759 pergentes,

372 2785 505 2843 Bari
536 2799 735 2839 secum
783 2784 1009 2845 euntes,
1062 2776 1251 2832 multa
1291 2775 1603 2848 dispendia
1659 2774 2018 2846 adjutorium

374 2872 623 2931 soldani.
655 2873 793 2926 Erat
816 2884 1018 2924 eorum
1044 2864 1571 2936 nunciatum,quod
1597 2864 1902 2920 christiani
1935 2880 2021 2920 cc-

372 2962 666 3020 lebrarent
696 2972 977 3030 magnum
1008 2955 1163 3010 diem
1192 2954 1433 3020 festum,
1457 2952 1611 3007 sicut
1640 2956 1763 3008 erat
1792 2952 1902 3008 hoc
1930 2956 2022 3008 est

376 3048 650 3108 nativitas
672 3045 897 3103 Domini
916 3044 1099 3101 nostri
1120 3044 1258 3100 Jesu
1281 3040 1776 3109 Christi,dicentes
1803 3058 1816 3096 :
1850 3043 2021 3097 Deum

374 3157 540 3197 suum
566 3138 748 3195 colunt
773 3135 861 3191 die
889 3135 992 3190 illa
1013 3153 1037 3199 ;
1076 3149 1250 3205 neque
1298 3134 1605 3204 pugnaturi
1661 3147 1832 3203 neque
1861 3148 2021 3186 arma

374 3229 611 3287 levaturi
634 3230 779 3283 sunt.
826 3226 1030 3280 Eamus
1082 3238 1247 3295 super
1302 3222 1449 3288 illos,
1505 3219 2020 3291 comprehendamus

2131 644 2413 711 terremit,
2446 661 2599 699 anno
2628 645 2721 715 21,
2752 644 3070 701 indictione
3098 646 3149 700 4.
3188 644 3485 701 Sarracini
3544 661 3694 701 vero
3740 646 3797 701 in

2133 749 2374 787 suorum
2408 737 2563 789 terra
2590 733 2713 788 haec
2746 734 3010 801 audiens,
3060 733 3353 807 elegentes
3382 749 3448 790 se
3478 733 3800 790 fortissimi

2133 822 2421 887 viri,sicut
2453 822 2789 878 audivimus
2813 822 3018 895 viginti
3050 821 3217 878 milla
3246 822 3799 890 hominum,dicen-

2132 915 2252 979 tes;
2291 910 2523 966 Grandis
2581 913 2947 982 ignominiam
3003 911 3069 967 de
3115 913 3417 968 occisorum
3469 915 3798 967 nostrorum

2131 1005 2464 1065 consonant;
2497 1017 2683 1055 eamus
2713 1001 2883 1055 illuc!
2919 1001 3184 1073 Cumque
3214 1000 3447 1073 navigio
3486 1017 3803 1073 praepara-

2134 1093 2281 1156 rent,
2315 1090 2704 1144 ascenderunt
2733 1094 2792 1145 et
2831 1090 3271 1163 navigaverunt,
3319 1094 3378 1145 et
3424 1090 3707 1145 exierunt
3736 1089 3796 1145 in

2132 1178 2349 1233 finibus
2382 1182 2805 1233 Beneventana.
2858 1179 3023 1234 Tunc
3075 1178 3354 1234 dixerunt
3402 1194 3507 1250 per
3536 1195 3795 1234 suorum

2133 1266 2387 1321 audaciae
2417 1266 2724 1322 elationis:
2760 1268 2901 1336 Quid
2928 1269 3085 1323 nobis
3132 1268 3330 1337 ﬁdueie
3378 1268 3583 1323 habere
3631 1267 3794 1323 debe-

2133 1373 2251 1410 mus
2283 1358 2339 1411 in
2366 1356 2597 1411 navibus
2624 1356 2871 1411 nostris?
2903 1358 3234 1429 Dissipemus
3278 1373 3389 1423 eas,
3421 1359 3558 1427 quia
3586 1358 3796 1412 Franci

2132 1445 2419 1500 adversum
2445 1461 2542 1501 nos
2569 1446 2716 1501 nihil
2741 1451 3005 1517 possunt;
3040 1455 3089 1501 et
3116 1448 3197 1502 sic
3238 1446 3651 1518 praevaluerint
3688 1445 3794 1501 ad-

2130 1551 2347 1590 versum
2374 1551 2491 1603 nos,
2523 1536 2643 1590 sine
2671 1536 2784 1591 ulto
2814 1540 2960 1591 metu
2989 1537 3049 1590 in
3078 1551 3308 1606 regnum
3363 1538 3622 1591 nostrum
3664 1552 3795 1607 per-

2129 1640 2256 1694 gere
2280 1628 2544 1694 possunt!
2571 1624 2640 1678 Et
2667 1623 2839 1679 dictis
2871 1622 3061 1691 factis,
3096 1623 3299 1679 Franci
3336 1638 3585 1696 querere
3617 1640 3793 1697 cepe-

2132 1713 2649 1767 runt.Nunciatum
2674 1712 2730 1767 id
2745 1716 2834 1768 est
2856 1712 3561 1785 domnoimperatori,qui
3583 1713 3791 1769 statim

2133 1802 2372 1857 mittens
2404 1800 2769 1873 principibus
2799 1801 2924 1858 suis
2954 1801 3250 1867 Hunroch,
3273 1801 3509 1875 Aget‘rid
3533 1805 3592 1857 et
3610 1802 3788 1871 Boso,

2132 1907 2265 1946 cum
2298 1889 2481 1945 electa
2511 1906 2690 1945 manu
2710 1890 3066 1946 Francorum
3086 1894 3142 1946 et
3158 1890 3688 1962 Langobardorum
3700 1890 3790 1947 vel

2130 1984 2455 2035 ceterorum
2487 1979 2771 2035 nationes.
2802 1979 3133 2052 Jungentes
3164 1994 3226 2036 se
3264 1979 3325 2035 in
3354 1979 3483 2035 loco
3529 1979 3606 2035 ad
3640 1996 3785 2035 san-

2131 2072 2287 2123 ctum
2316 2067 2652 2134 Martinum,
2685 2068 2758 2123 ad
2790 2068 2987 2123 strada
3017 2068 3253 2141 scilicet
3269 2084 3449 2141 prope
3478 2068 3689 2141 Capua
3716 2070 3787 2124 ad

2128 2156 2437 2221 Vulturno,
2471 2156 2623 2211 acies
2651 2155 2787 2211 hinc
2819 2161 2877 2212 et
2917 2157 3072 2223 inde,
3127 2161 3377 2229 utraque
3411 2158 3602 2229 partis
3654 2158 3786 2213 forti

2130 2246 2481 2301 intentiones
2512 2249 2866 2317 pugnantes,
2895 2246 2996 2301 Dei
3027 2246 3339 2317 adjuvante
3379 2245 3789 2302 misericordia

2129 2332 2419 2389 Sarracini
2452 2332 2659 2389 devicti
2690 2337 2747 2389 et
2776 2333 3046 2389 debellati
3079 2340 3219 2389 sunt
3243 2332 3565 2391 multitudo
3609 2335 3787 2391 innu-

2131 2421 2439 2478 merabiles
2463 2422 2624 2492 ;quia
2654 2423 2805 2494 quod
2823 2422 3053 2495 gladius
3072 2439 3187 2478 non
3202 2423 3587 2490 interemit,in
3611 2424 3786 2480 ﬂuvio

2129 2510 2417 2566 Vulturno
2451 2510 2642 2581 negati
2669 2514 2829 2579 sunt,
2861 2510 3069 2583 reliqui
3103 2513 3241 2584 fuga
3269 2513 3417 2567 vis"
3437 2512 3785 2569 evaderunt.

2129 2600 2223 2655 Sic
2254 2600 2355 2655 Dei
2378 2599 2601 2670 judicio
2631 2599 3018 2673 complacuit;
3053 2600 3153 2673 qui
3200 2604 3485 2657 venerant
3519 2600 3783 2669 exaltati,

2129 2689 2261 2744 facti
2296 2693 2435 2744 sunt
2459 2687 2779 2743 humiliati.

2200 2779 2286 2833 16.
2321 2777 2405 2832 Ad
2436 2776 2557 2832 haec
2586 2776 2827 2833 victoria
2855 2781 3102 2849 patrata,
3157 2780 3414 2835 domnus
3462 2779 3785 2852 imperator

2127 2866 2188 2921 in
2204 2865 2511 2921 Beneventi
2533 2865 2749 2938 palatio
2781 2867 3040 2922 sedebat.
3060 2868 3223 2923 Tunc
3250 2867 3528 2924 Adelchis
3561 2868 3782 2941 princi-

2128 2958 2333 3026 patum
2356 2954 2891 3009 Beneventanorum
2913 2955 3170 3028 regebat,
3184 2957 3278 3011 cui
3300 2955 3628 3029 imperator
3649 2973 3711 3013 se
3729 2960 3781 3013 et

2128 3041 2327 3099 omnia
2382 3043 2673 3111 credebat,
2726 3046 2784 3098 et
2832 3042 3141 3100 dilectione
3200 3043 3461 3101 caritatis
3511 3044 3673 3102 inter
3722 3061 3779 3101 se

2128 3130 2370 3187 diliebat
2393 3132 2454 3187 ²⁰.
2488 3130 2730 3187 Anticus
2759 3131 2968 3199 hostis,
2997 3133 3099 3204 qui
3130 3149 3364 3205 semper
3401 3137 3613 3190 contra
3642 3134 3781 3190 dile-

2127 3220 2378 3276 ctionem
2410 3220 2783 3275 inimicitiam
2806 3220 3017 3292 querit,
3049 3225 3431 3294 exsurgentes
3462 3239 3569 3295 per
3598 3221 3780 3278 malos

370 3336 458 3377 eos
488 3333 671 3376 omnes
697 3317 760 3371 in
785 3314 1133 3386 simplicitate
1146 3290 1262 3367 sua
1285 3316 1304 3365 Ι
1325 3310 1441 3367 Hoc
1454 3290 1770 3365 consilium
1804 3309 2020 3363 domno
2052 3290 2095 3357 C
2131 3308 2422 3377 homines,
2456 3309 2610 3363 inter
2637 3325 2700 3364 se
2729 3290 2952 3365 occulte
2982 3290 3277 3366 dicentes:
3311 3290 3717 3382 Quid-grabati
3739 3311 3778 3346 ²¹

375 3406 713 3482 imperatori
741 3403 1085 3459 nunciatum
1116 3405 1222 3457 est.
1253 3401 1417 3456 Tunc
1449 3399 1675 3466 moniti,
1726 3401 1792 3453 ut
1834 3395 2015 3470 gallo-

373 3497 563 3553 tinnio
593 3492 636 3531 "
665 3492 974 3550 matutinis
1017 3494 1074 3546 et
1101 3505 1335 3545 summo
1365 3486 1621 3543 diluculo
1653 3484 1941 3559 episcopis
1962 3488 2020 3540 et

376 3583 778 3644 sacerdotibus
809 3579 1127 3636 missarum
1174 3575 1483 3633 sollemnia
1528 3574 1903 3641 celebrarent,
1962 3577 2020 3629 et

373 3674 628 3750 populus
639 3668 1112 3729 communionem
1124 3666 1211 3723 vel
1224 3663 2021 3736 benedictionemacciperent

374 3763 548 3821 sicuti
579 3765 637 3817 et
688 3760 972 3815 fecerunt.
1030 3757 1101 3812 Et
1156 3755 1424 3811 exierunt
1470 3756 1780 3826 querentes
1817 3753 2016 3807 Sarra-

374 3851 512 3920 cini,
545 3855 601 3905 et
622 3848 739 3904 illis
769 3848 1081 3919 querentes
1114 3843 1316 3900 Franci
1359 3842 1549 3915 juncti
1601 3844 1741 3897 sunt
1778 3840 1839 3895 in
1892 3840 2017 3896 loco

380 3982 394 3996 .
475 3982 490 3995 .
570 3979 583 3992 .
662 3979 676 3992 .
756 3937 964 3991 Factus
1011 3936 1101 3990 est
1153 3932 1381 3989 sonitus
1436 3947 1690 4002 magnus
1749 3928 2019 4001 clangore

376 4026 642 4093 buccin‘e,
672 4024 860 4080 inuita
892 4024 933 4057 ¹⁸
961 4038 1265 4095 equorum,
1316 4018 1596 4089 strepitus
1644 4016 2015 4089 populorum.

373 4117 639 4188 Cumque
668 4129 845 4187 prope
875 4128 936 4169 se
968 4111 1393 4181 conjungerent
1423 4104 1623 4161 ﬁdeles
1653 4105 1864 4160 Christi
1896 4121 2020 4160 ora-

370 4206 580 4262 verunt
607 4202 899 4258 dicentes:
934 4200 1160 4255 Domine
1185 4199 1314 4253 Jesu
1369 4194 1603 4263 Christe,
1661 4196 1721 4249 tu
1785 4193 2016 4250 dixisti:

376 4294 491 4369 Qui
516 4291 811 4347 mandueat
823 4304 1045 4346 carnem
1061 4302 1235 4341 meam
1251 4292 1301 4341 et
1323 4284 1458 4339 bibit
1474 4284 1800 4354 sanguinem
1818 4299 2018 4349 meum,

375 4384 436 4439 in
461 4397 548 4437 me
574 4384 761 4437 manet
781 4387 831 4435 et
863 4393 957 4448 ego
986 4378 1049 4432 in
1076 4390 1202 4430 eum
1257 4373 1433 4445 (Joan.
1493 4388 1572 4442 vn,
1609 4374 1729 4440 I7);
1788 4387 1916 4440 ergo
1971 4373 2024 4426 si

376 4473 439 4527 in
462 4470 761 4536 nobiseum,
795 4465 929 4538 quid
959 4472 1147 4520 contra
1189 4478 1286 4518 nos
1307 4461 1335 4517 ?
1377 4460 1587 4517 Statim
1636 4460 2019 4516 commissum

376 4563 467 4617 est
496 4557 780 4632 praelium.
815 4558 1077 4624 Cumque
1108 4551 1240 4608 forti
1286 4549 1615 4606 intencione
1663 4552 2016 4621 pugnantes,

2125 3414 2315 3454 sumus
2343 3398 2442 3453 sub
2467 3401 2785 3470 potestatem
2812 3403 3155 3455 Francorum
3172 3402 3198 3452 .9
3221 3398 3443 3455 Taliter
3480 3399 3774 3456 Beneven-

2126 3487 2250 3543 tani
2280 3487 2657 3559 perfraudem
2677 3503 2791 3543 uno
2814 3486 3056 3543 consilio
3082 3486 3378 3560 ingerunt,
3422 3492 3491 3543 ut
3517 3489 3782 3545 rederent

2125 3577 2172 3611 ²²
2201 3575 2425 3631 malum
2452 3591 2554 3647 pro
2588 3575 2807 3631 bonum
2833 3593 2846 3643 ;
2880 3580 3172 3648 quatenus
3202 3576 3542 3648 ubicunque
3573 3576 3782 3633 ﬁdelis-

2128 3664 2262 3720 simi
2288 3665 2669 3737 imperatores
2692 3664 3078 3736 invenissent,
3096 3666 3177 3721 ibi
3206 3666 3595 3733 custodirent,
3629 3670 3687 3721 et
3713 3666 3778 3721 ad

2127 3754 2537 3826 imperatorem
2568 3769 2685 3809 non
2716 3753 3084 3810 dimisissent
3114 3753 3599 3810 redirent.Erant
3626 3754 3776 3810 enim

2127 3843 2333 3900 Franci
2364 3842 2618 3915 separati
2640 3859 2744 3915 per
2772 3843 3043 3900 castellas
3070 3843 3160 3899 vel
3206 3843 3501 3910 civitates,
3534 3843 3776 3899 fidentes

2125 3933 2350 4004 absque
2366 3930 2485 3986 ullo
2504 3932 3049 4001 terrore,credentes
3069 3932 3183 3989 {ide
3204 3936 3770 3989 Beneventanorum.

2128 4021 2258 4078 Fuit
2299 4024 2495 4076 autem
2547 4021 2658 4076 iste
2708 4021 3038 4077 contrarius
3086 4020 3464 4077 discessionis
3512 4020 3641 4077 dies
3672 4021 3773 4087 35;

2130 4109 2270 4164 Idus
2298 4107 2544 4179 Augusti
2579 4107 2737 4177 (Aug.
2783 4109 2870 4179 13)
2902 4126 3092 4181 usque
3139 4110 3212 4165 ad
3271 4107 3773 4181 quintodecimum

2129 4195 2418 4251 Kalendas
2468 4195 2744 4252 Octobres
2792 4196 3110 4253 indictione
3154 4198 3209 4252 5.
3268 4197 3381 4253 Sed
3440 4196 3623 4264 Deus,
3681 4196 3778 4268 qui
3812 4194 3829 4211 ⁸

2129 4287 2345 4341 domno
2376 4284 2730 4357 imperatore
2760 4285 2831 4341 ad
2863 4286 3024 4359 regni
3039 4284 3439 4359 gubernacula
3458 4284 3778 4358 imperialis

2128 4374 2514 4439 ordinaverat,
2548 4389 2682 4428 cum
2712 4373 2841 4446 ipso
2871 4375 3175 4443 erat,sicut
3203 4374 3453 4448 legitur:
3509 4374 3616 4429 Cor
3642 4375 3779 4445 regis

2129 4465 2189 4518 in
2218 4479 2389 4517 manu
2416 4463 2511 4517 Dei
2537 4465 2613 4517 est
2645 4463 2827 4534 (Prov.
2860 4463 3145 4535 xxr,i).Et
3171 4462 3370 4519 taliter
3404 4461 3611 4519 ﬁdeles
3649 4478 3781 4518 suos

2132 4552 2204 4606 ad
2235 4566 2372 4606 eum
2399 4550 2595 4606 venire
2644 4549 2797 4606 fecit.
2849 4549 3110 4608 Caelestis
3161 4551 3341 4608 timor
3379 4554 3581 4607 autem
3612 4567 3781 4624 super

375 4664 540 4704 arma
567 4643 798 4703 celestis
829 4641 1175 4699 confortavit
1208 4638 1593 4706 christianos;
1628 4636 1841 4710 pagani
1884 4652 2019 4691 vero
2051 4654 2099 4720 Ι)
2129 4641 2566 4697 Beneventanos
2597 4638 2818 4707 inruit;
2850 4639 2946 4695 vix
3000 4639 3238 4696 illorum
3284 4640 3418 4708 fuit,
3454 4644 3522 4696 ut
3549 4639 3782 4713 paciﬁca

392 4753 532 4810 erga
553 4737 842 4792 vertentes
872 4730 1058 4804 fugire
1104 4731 1401 4802 ceperunt.
1453 4723 1769 4782 Christiani
1825 4727 2023 4781 autem

2135 4728 2467 4802 potuissent
2494 4726 2629 4784 illos
2658 4728 2800 4784 dimi
2811 4729 3157 4794 tterent.0ui
3187 4728 3494 4786 letabundi
3522 4729 3782 4785 adomno

373 4829 506 4900 post
526 4842 625 4882 eos
654 4823 947 4888 cedentes,
984 4836 1102 4875 non
1133 4816 1466 4885 cessabant,
1500 4816 1685 4871 donec
1711 4813 2028 4869 multitudo
2136 4817 2490 4890 imperatore
2544 4817 2757 4874 reversi
2814 4822 2975 4873 sunt.
3033 4818 3252 4875 Eodem
3309 4834 3464 4875 anno
3538 4816 3779 4884 evoluto,

372 4930 736 4989 paganorum
765 4909 1183 4977 interficerent,
1204 4915 1261 4964 et
1285 4904 1581 4978 stipendia
1621 4903 1898 4977 quicquid
1913 4902 2026 4959 sol-

372 5002 509 5060 dani
542 5001 817 5076 pergebat
848 4996 1436 5055 tullerint.Soldanus
1462 4993 1581 5049 haec
1595 4993 1863 5060 audiens,
1898 5007 2025 5047 me-

281 5094 294 5110 '
372 5096 471 5149 tus
500 5106 755 5164 magnus
784 5088 1018 5146 tristare
1047 5086 1218 5159 cepit.
1244 5083 1521 5157 Sequenti
1548 5098 1748 5138 mense
1769 5081 2024 5137 Februa-

375 5180 462 5237 rio
490 5182 608 5251 (an.
640 5179 789 5251 871),
825 5176 1031 5251 quinto
1060 5174 1287 5247 expleto
1324 5188 1478 5229 anno
1525 5172 1680 5244 quod
1710 5170 1843 5226 Bari
1887 5186 2021 5242 pos-

375 5285 571 5327 sessas
600 5267 872 5335 habebat,
923 5266 1177 5321 domnus
1224 5262 1541 5333 imperator
1580 5256 2023 5330 comprehendit

2136 4905 2325 4961 multa
2335 4905 2506 4979 signa
2518 4909 2842 4962 monstrata
2854 4906 3235 4963 sunt.Vinum
3249 4906 3544 4979 quomodo
3588 4906 3780 4961 vinde-

2134 4993 2384 5050 miatum
2405 5001 2460 5050 et
2488 4994 2643 5050 intra
2668 4994 2910 5050 vascula
2939 4994 2985 5030 ’³
3015 4994 3219 5065 misso,
3253 4995 3453 5052 statim
3484 4993 3779 5051 turbulen-

2130 5087 2248 5150 tus,
2280 5083 2380 5155 qui
2409 5083 2628 5139 dicitur
2656 5083 3071 5155 versio,t'uit.ln
3099 5083 3231 5157 ipsa
3288 5082 3511 5157 pascha
3559 5080 3777 5140 Domini

2131 5188 2236 5244 per
2269 5172 2505 5227 arbores
2533 5170 2619 5227 vel
2653 5170 2794 5227 folia
2823 5175 2880 5227 et
2911 5171 3139 5245 reliqua
3168 5172 3297 5229 loca
3328 5171 3584 5245 parebat
3625 5168 3779 5244 quasi

2125 5263 2284 5316 terra
2312 5259 2619 5333 pluvisset,
2654 5261 2922 5332 sequenti
2956 5266 3153 5318 autem
3184 5262 3306 5335 (an.
3340 5260 3471 5333 872)
3502 5261 3538 5317 4
3592 5259 3777 5318 Nonas

1741 5373 1985 5429 VARIIE
2023 5374 2433 5431 LECTIONES.

446 5472 559 5545 ‘_"_i.
591 5488 638 5529 θ.
668 5468 989 5545 gallicinio.
1039 5467 1106 5545 _“
1139 5468 1178 5523 i.
1210 5481 1260 5524 e.
1292 5463 1582 5522 hinnitus.
1660 5463 1703 5499 ¹⁹
1732 5463 1775 5518 i.
1804 5477 1853 5519 e.
1878 5460 1990 5519 vix.
2067 5463 2113 5499 ³ο
2141 5464 2180 5519 ἰ.
2210 5479 2259 5520 e.
2292 5461 2592 5536 diligebat.
2641 5464 2954 5537 Antiquus.
3032 5466 3074 5502 ²¹
3107 5466 3149 5522 i.
3178 5481 3227 5523 e.
3269 5462 3517 5539 gravati.
3593 5463 3641 5501 ³³
3669 5462 3708 5519 i.
3732 5475 3775 5517 θ.

1971 5620 2207 5681 ΝΟΤΛΕ.

376 5536 704 5600 redderent:
778 5542 826 5578 ³³
855 5536 1097 5596 uascula
1123 5555 1173 5595 c.

450 5698 561 5770 (11)
591 5699 654 5757 In
684 5696 973 5785 Calabria.
