3924 6210
83 342 232 406 1277

1150 336 1517 402 ANDREAS
1558 335 2022 401 PRESBYTER
2063 337 2410 403 BERGOM.

3317 331 3475 398 1278

81 479 225 551 Magi
257 477 467 550 pruina
495 474 723 542 cecidit,
754 473 937 531 multe
962 473 1109 531 vites
1139 474 1197 530 in
1230 473 1420 546 planis
1440 473 1581 529 locis
1612 489 1711 528 seu
1745 472 1799 537 Α
1903 478 1988 530 18.
2024 477 2158 531 Post
2181 477 2352 547 cujus
2379 475 2606 532 obitum
2639 490 2854 547 magna
2881 473 3181 531 tribulatio
3224 473 3285 531 in
3309 477 3475 532 Italia

81 570 136 623 in
165 567 413 623 vallibus
434 565 705 638 palmites
726 582 860 620 cum
897 582 1006 620 uva
1035 565 1419 630 siccaverunt,
1451 562 1722 618 similiter
1831 564 2079 620 advenit.
2113 564 2458 637 Colligentes
2490 581 2552 619 se
2577 565 2830 636 majores
2861 563 2981 619 nati
3033 563 3091 618 in
3123 563 3348 620 civitate
3378 566 3471 621 Ti-

80 661 131 712 et
159 655 331 711 silvcs
362 655 406 689 "
435 655 818 710 tenerrimam
859 671 994 710 cum
1026 671 1133 709 sua
1163 653 1300 710 folia
1357 653 1516 708 aride
1574 653 1720 708 facte

79 745 517 816 sunt.Sequenti
549 749 743 800 autem
778 761 976 800 mense
1005 745 1265 815 Augusto
1299 743 1615 797 multarum
1641 742 1718 796 lo-

81 839 374 890 custarum
409 834 642 888 advenit
670 834 740 888 de
770 832 1074 888 Vicentina
1117 832 1382 905 partibus
1411 832 1468 886 in
1504 831 1718 886 ﬁnibus

80 923 342 979 Bresiana
371 923 437 989 ²⁵,
470 921 677 977 deinde
717 923 775 976 in
830 921 1236 977 Cremonensis
1290 921 1549 986 finibus;
1586 919 1718 974 inde

79 1027 204 1065 vero
235 1015 613 1081 perrexerunt
642 1010 698 1064 in
735 1011 1052 1066 Laudensis
1075 1009 1358 1081 partibus,
1392 1010 1513 1064 sive
1542 1009 1718 1064 etiam

84 1100 138 1153 in
170 1097 638 1154 Mediolanensis.
672 1099 850 1153 Erant
878 1099 1035 1154 enim
1083 1104 1288 1154 unates
1321 1098 1716 1170 pergentibus,

85 1188 228 1243 sicut
268 1185 542 1242 Salamon
588 1187 767 1242 dixit:
803 1189 1057 1243 Locustas
1106 1204 1287 1257 regem
1339 1204 1449 1242 non
1498 1187 1715 1252 habent,

81 1281 153 1330 set
174 1291 270 1347 per
298 1279 512 1330 turmas
555 1275 850 1330 ascendunt
892 1277 1074 1347 (Prov.
1109 1293 1236 1342 xxx,
1270 1276 1382 1344 27).
1446 1280 1715 1331 Devasta—

81 1368 277 1418 verunt
305 1363 464 1420 enim
496 1363 714 1419 multas
745 1382 955 1437 granas
987 1366 1263 1432 minutas,
1298 1366 1355 1420 id
1408 1368 1497 1420 est
1536 1364 1718 1420 millio

83 1452 163 1508 vel
190 1453 416 1525 panico.
451 1451 732 1524 Completi
771 1471 923 1509 anno
946 1454 1263 1509 centesimo
1289 1470 1357 1508 ex
1387 1471 1452 1509 eo
1478 1455 1521 1489 ²⁶
1548 1455 1720 1509 Fran-

86 1557 272 1597 corum
294 1557 444 1613 gens
474 1541 645 1598 Italia
673 1543 924 1616 ingressi
956 1541 1523 1614 sunt(an.873),anno
1555 1544 1717 1598 dom-

86 1629 140 1685 ni
159 1629 453 1686 Hludovici
476 1631 848 1703 imperatoris
869 1633 960 1698 23,
995 1635 1053 1686 et
1096 1648 1282 1687 mens.
1318 1633 1369 1698 4,
1403 1631 1719 1686 indictione

85 1720 116 1773 6
145 1718 316 1774 ﬁnita.
350 1719 718 1792 Ingrediente
755 1723 789 1774 7
838 1721 1176 1788 indictione,
1209 1721 1318 1776 hoc
1367 1726 1456 1776 est
1511 1721 1646 1775 anui
1677 1722 1718 1754 ’⁷

87 1807 491 1865 incarnationis
524 1809 744 1865 domini
780 1811 962 1865 nostri
989 1810 1127 1865 Jesu
1169 1810 1381 1866 Christi
1431 1810 1716 1880 octogenti
1751 1842 1797 1906 B

87 1896 444 1969 septuaginta
473 1901 594 1952 tres
624 1898 923 1966 transacti,
960 1898 1274 1970 imperator
1321 1916 1452 1954 vero
1483 1899 1719 1955 veniens

89 1985 153 2040 de
182 1984 390 2041 ﬁnibus
423 1987 831 2042 Beneventana
883 1992 1015 2060 post
1063 1988 1249 2043 multa
1279 1989 1516 2043 victoria
1546 2005 1722 2060 super

91 2075 364 2130 Sarracini
396 2075 571 2131 facta.

153 2165 232 2218 17.
266 2164 448 2236 Igitur
479 2169 612 2237 post
637 2183 880 2232 annum,
916 2166 1023 2221 hoc
1054 2171 1138 2221 est
1189 2166 1505 2222 indictione
1543 2170 1576 2220 8
1604 2168 1716 2237 (an.

86 2253 220 2323 875),
252 2252 417 2308 stella
446 2255 693 2308 cometis
722 2254 782 2309 in
814 2253 956 2310 ccelo
1015 2256 1361 2327 comparuit,
1398 2255 1720 2310 similitudo

85 2340 429 2396 radiantibus
461 2341 780 2414 longinque
812 2345 993 2399 caude
1040 2361 1141 2416 per
1168 2349 1356 2399 totum
1390 2362 1587 2400 mense
1615 2345 1719 2400 Ju-

87 2429 258 2497 nium,
289 2447 460 2486 mane
517 2435 575 2486 et
605 2448 860 2503 vespere.
922 2433 1142 2488 Deinde
1197 2432 1255 2487 in
1316 2450 1515 2489 mense
1561 2433 1720 2489 Julio

88 2519 359 2573 Sarracini
381 2525 667 2575 venerunt
698 2523 845 2592 (Jun.
883 2522 991 2592 13),
1027 2527 1082 2576 et
1125 2521 1353 2577 civitate
1384 2522 1721 2579 Cummaclo

89 2606 307 2678 (12-13),
340 2609 476 2681 igne
509 2615 932 2664 cremaverunt.
965 2610 1241 2681 Sequenti
1275 2619 1468 2666 autem
1523 2628 1723 2666 mense

88 2697 326 2768 Augusto
350 2696 734 2754 Hludowicus
753 2699 1061 2771 imperator
1082 2700 1391 2755 defunctus
1414 2704 1520 2764 est,
1539 2700 1723 2772 pridie

92 2784 213 2839 Idus
242 2784 490 2858 Augusti
523 2786 694 2857 (Aug.
731 2787 838 2857 12),
875 2788 931 2841 in
960 2788 1176 2843 finibus
1215 2789 1511 2844 Bresiana.
1546 2792 1721 2844 Anto-

89 2872 210 2927 nius
238 2873 706 2941 vero,Bresciane
736 2875 1212 2948 episcopus,tulit
1241 2895 1452 2949 corpus
1485 2880 1634 2948 ejus,
1668 2883 1725 2933 et

95 2962 272 3032 posuit
300 2979 434 3018 eum
469 2963 526 3018 in
561 2964 870 3036 sepulchro
902 2965 962 3020 in
980 2965 1224 3022 ecclesia
1256 2972 1470 3022 sanctae
1503 2967 1719 3035 Mariae,

92 3049 180 3105 ubi
217 3067 421 3123 corpus
482 3053 665 3108 sancti
725 3053 1011 3109 Filastrici
1071 3055 1338 3127 quiescit.
1395 3062 1722 3128 Anspertus

92 3137 526 3197 Mediolanensis
547 3142 1021 3216 archiepiscopus
1037 3145 1324 3200 mandans
1338 3145 1386 3201 ei
1414 3162 1517 3216 per
1539 3145 1722 3201 archi-

90 3226 379 3285 diaconum
403 3235 673 3299 suum,ut
704 3211 1150 3304 reddat'corpus
1177 3233 1320 3290 illud
1348 3253 1360 3301 ;
1393 3211 1491 3290 ille
1522 3239 1717 3290 autem
1751 3211 1793 3276 δ

87 3316 272 3372 noluit.
299 3319 461 3374 Tunc
492 3321 780 3380 mandans
816 3321 1112 3376 Garibaldi
1158 3323 1566 3396 Bergomensis
1598 3325 1720 3396 epi-

89 3421 281 3478 scopus
309 3412 366 3463 et
407 3409 704 3464 Benedicti
753 3410 1163 3466 Cremonensis
1215 3413 1528 3484 episcopus
1587 3430 1720 3468 cum

90 3508 312 3550 suorum
343 3497 677 3552 sacerdotes
736 3502 792 3553 et
848 3504 1056 3555 cuncto
1110 3500 1261 3556 clero
1319 3501 1533 3568 venire,
1567 3502 1724 3557 sicut

91 3580 203 3652 ipse
248 3584 718 3658 archiepiscopus
778 3586 1044 3644 faciebat.
1104 3589 1409 3661 Episcopis
1464 3607 1595 3646 vero
1645 3592 1726 3646 ita

93 3668 333 3728 fecerunt
347 3678 404 3730 et
429 3673 568 3729 illuc
591 3681 990 3747 perrexerunt;
1025 3678 1320 3734 trahentes
1346 3696 1481 3734 eum
1508 3698 1542 3734 a
1573 3685 1726 3736 terra

93 3763 143 3813 et
169 3760 402 3819 miriﬁce
432 3764 791 3832 condientes,
820 3766 946 3821 dies
977 3766 1180 3837 quinto
1231 3773 1364 3839 post
1407 3770 1723 3825 transitum

95 3845 147 3900 in
176 3847 437 3919 pharetro
472 3858 817 3924 posuerunt,
847 3871 980 3909 cum
1013 3855 1173 3910 omni
1220 3856 1458 3923 honore,
1489 3858 1725 3930 hymnis

95 3934 198 3991 Deo
230 3938 636 4010 psallentibus,
658 3941 718 3996 in
751 3942 1145 3999 Mediolanum
1176 3946 1585 4016 perduxerunt.
1622 3947 1724 4003 Ve-

95 4023 309 4082 ritatem
340 4027 400 4082 in
431 4028 661 4084 Christo
693 4029 1007 4102 loquorzibi
1034 4031 1113 4086 fui
1134 4037 1189 4087 et
1219 4037 1444 4104 partem
1466 4033 1724 4107 aliquam

96 4115 383 4182 portavi,et
412 4133 548 4173 eum
579 4119 948 4190 portantibus
972 4119 1265 4176 ambulavi
1298 4139 1331 4177 a
1361 4123 1602 4179 ﬂumine
1624 4126 1724 4196 qui

93 4199 444 4261 diciturOleo
467 4223 652 4278 usque
701 4207 772 4263 ad
814 4207 1030 4263 ﬂumen
1062 4210 1230 4264 Adua
1260 4210 1391 4282 (l4).
1423 4213 1726 4269 Adductus

90 4286 254 4359 igitur
280 4291 338 4348 in
368 4292 598 4351 civitate
628 4312 764 4351 cum
795 4313 1009 4369 magno
1043 4298 1267 4354 honore
1299 4304 1355 4354 ct
1375 4299 1723 4356 lacrimabili

93 4374 239 4445 fletu,
271 4379 328 4435 in
359 4381 606 4440 ecclesia
635 4384 786 4440 beati
825 4386 1117 4442 Ambrosii
1169 4388 1518 4444 confessoris
1560 4406 1720 4460 sepe-

92 4461 291 4524 lierunt
319 4470 410 4528 die
443 4471 765 4544 septimana
805 4490 924 4529 suae
955 4474 1067 4547 (an.
1102 4477 1249 4547 875).
1283 4475 1390 4539 Qui
1422 4475 1725 4548 imperavit

1831 653 1960 708 cino
1993 654 2169 710 simul
2201 672 2335 710 cum
2365 653 2729 725 Angelberga
2762 668 3006 707 suorum
3039 651 3240 725 regina
3273 671 3474 710 mense

1828 744 2151 814 Septembri
2185 743 2499 798 indictione
2532 745 2768 809 nona,et
2800 757 3039 813 pravum
3071 746 3308 814 agentes
3340 760 3474 797 con-

1829 831 2049 899 silium,
2085 837 2370 904 quatenus
2402 832 2473 886 ad
2505 831 2619 886 duo
2652 831 2997 885 mandarent
3027 831 3360 903 regnum,id
3389 837 3478 888 est

1829 921 2021 976 Karoli
2056 922 2114 976 in
2152 921 2388 977 Francia
2421 926 2479 976 et
2526 921 2840 975 l-lludovico
2894 920 2949 974 in
2983 920 3292 990 Bajoaria;
3325 920 3480 976 sicut

1829 1015 1886 1066 et
1930 1011 2208 1066 fecerunt.
2261 1013 2424 1066 Tunc
2475 1009 2713 1065 Carolus
2760 1009 3022 1074 veniens,
3084 1009 3349 1065 nesciens
3407 1011 3478 1066 de

1829 1100 2164 1154 Hludovico.
2225 1099 2576 1154 Hludovicus
2637 1099 2935 1154 nesciebat
2993 1099 3147 1170 quod
3230 1099 3475 1155 Karolus

1766 1215 1781 1226 -
1828 1188 2272 1250 venisset,misit
2291 1186 2478 1242 filium
2501 1205 2673 1242 suum
2705 1186 2946 1242 Karolus
2970 1186 3224 1253 nomine,
3241 1193 3477 1259 propter

1828 1278 2166 1333 distantiam
2215 1277 2481 1332 homines
2531 1280 2809 1348 ceperunt
2852 1276 3116 1331 Karoleto
3149 1275 3470 1334 nominare.

1829 1366 2035 1422 Karolo
2086 1383 2183 1422 rex
2240 1367 2478 1420 veniens
2529 1365 2788 1437 Papiam,
2831 1364 3087 1420 Karolito
3146 1365 3204 1419 in
3258 1365 3475 1420 finibus

1829 1455 2300 1511 Mediolanensis.
2334 1455 2553 1525 Cuique
2583 1471 2712 1509 cum
2746 1453 2816 1508 de
2837 1458 3108 1524 patruum
3129 1471 3303 1509 suum
3319 1471 3474 1510 com-

1829 1549 2056 1616 pertum
2083 1545 2290 1599 fuisset
2309 1544 2465 1615 quod
2487 1547 2642 1598 esset
2663 1542 2721 1597 in
2748 1542 2939 1613 Papia,
2977 1546 3258 1614 ceperunt
3288 1543 3476 1598 homi-

1829 1649 1934 1689 nes
1987 1633 2086 1706 qui
2144 1651 2205 1688 se
2254 1632 2466 1688 Carlito
2525 1633 2958 1703 conjunxerunt
3015 1631 3203 1686 multa
3260 1631 3483 1687 malitia

1834 1723 2015 1778 facere
2043 1741 2055 1792 ;
2081 1722 2189 1778 hoc
2220 1727 2310 1777 est
2342 1720 2719 1793 Beringherio
2745 1737 2878 1776 cum
2911 1719 3134 1792 reliqua
3165 1719 3480 1776 multitudo

1830 1812 2028 1867 statim
2060 1816 2346 1866 venerunt
2379 1812 2432 1865 in
2467 1810 2685 1865 finibus
2730 1808 3161 1882 Bergomcnsis,
3194 1809 3483 1865 residente

1830 1902 1887 1956 in
1917 1899 2270 1957 monasterio
2303 1901 2445 1955 Fara
2497 1917 2601 1972 per
2648 1898 2991 1954 (ebdomada
3040 1916 3175 1965 una,
3211 1899 3484 1954 domibus

1829 1990 2220 2058 devastantes,
2247 1989 2532 2045 adulteria
2562 1988 2646 2044 vel
2683 1987 2953 2043 incendia
2988 1988 3288 2043 facientes.
3321 1989 3487 2045 Tunc

1830 2079 2000 2135 multi
2032 2079 2440 2151 Bergomensis
2463 2077 2857 2150 relinquentes
2908 2077 3113 2132 domos
3145 2093 3284 2132 suas
3313 2076 3486 2148 plena

1830 2170 1963 2224 vino
1978 2175 2034 2224 et
2053 2172 2502 2238 anona,tantum
2527 2184 2660 2223 cum
2683 2166 2964 2222 uxoribus
2986 2169 3043 2221 et
3073 2171 3482 2238 parameutum

1831 2259 1889 2312 in
1922 2257 2152 2313 civitate
2193 2256 2280 2311 vel
2331 2256 2388 2310 in
2444 2256 2748 2311 montibus
2802 2259 3200 2326 perrexerunt.
3232 2254 3484 2310 Karolus

1831 2366 1930 2402 rex
1957 2347 2078 2402 haec
2136 2347 2401 2413 audiens,
2437 2345 2633 2400 statim
2698 2362 2812 2417 pra:
2875 2343 3019 2415 ipsis
3078 2342 3484 2400 malefactores

1832 2454 1963 2491 cum
1998 2435 2313 2490 multitudo
2347 2434 2698 2507 populorum
2732 2433 3072 2506 perrexitde
3107 2433 3324 2488 ﬁnibus
3346 2433 3484 2489 Ber-

1832 2524 2127 2597 gomensis
2153 2524 2210 2578 in
2235 2522 2530 2587 Bresiana,
2564 2521 2698 2577 inde
2720 2522 2778 2576 in
2819 2523 3068 2588 Verona,
3094 2521 3228 2576 inde
3257 2538 3390 2577 vero
3420 2520 3482 2576 in

1833 2615 2090 2669 Mantua.
2127 2611 2345 2667 Karlito
2379 2611 2627 2683 perrexit
2657 2610 2717 2665 in
2765 2610 3050 2682 Bajoaria.
3084 2611 3247 2666 Tunc
3279 2609 3482 2666 Karlo-

1832 2719 1988 2764 man,
2022 2718 2338 2773 germanus
2366 2702 2514 2770 ejus,
2547 2699 2779 2755 obviam
2839 2699 3077 2755 veniens
3137 2699 3332 2755 Karoli
3385 2716 3484 2755 rex

1831 2792 2074 2847 barbani
2107 2793 2147 2825 δι
2181 2793 2293 2860 (l5)
2325 2790 2437 2856 sui,
2472 2790 2542 2844 ad
2579 2789 2823 2844 ﬂuvium
2867 2789 2968 2860 qui
3005 2788 3220 2843 dicitur
3251 2789 3510 2854 Brentah

1831 2885 1889 2934 et
1919 2879 2176 2951 pacificis
2208 2878 2399 2934 verbis
2431 2895 2493 2933 se
2552 2879 2624 2933 ad
2672 2877 2920 2934 invicem
2981 2877 3402 2942 salutaverunt,
3434 2879 3491 2932 et

1834 2974 2066 3040 pactum
2091 2985 2276 3040 usque
2299 2969 2359 3022 in
2392 2984 2654 3022 mensem
2685 2967 2875 3021 Madio
2895 2966 3493 3023 ﬁrmaverunt.Carlo-

1833 3073 2086 3112 mannus
2117 3055 2221 3111 ivit
2250 3056 2310 3110 in
2357 3055 2644 3126 Bajoaria.
2682 3054 2929 3109 Karolus
2987 3071 3086 3110 rex
3134 3055 3388 3126 perrexit
3416 3055 3490 3109 ad

1834 3147 2102 3210 Romam,
2134 3148 2191 3199 et
2211 3145 2282 3198 ad
2305 3144 2610 3199 ecclesiam
2639 3143 2790 3198 beati
2815 3142 2969 3197 Petri
3003 3142 3154 3197 dona
3175 3141 3387 3196 obtulit
3415 3143 3489 3197 ab

1833 3233 2147 3306 apostolico
2173 3233 2436 3288 Johanne
2471 3235 2780 3297 unctus,et
2810 3231 3030 3286 honore
3062 3231 3294 3303 imperii
3327 3247 3487 3285 coro-

1831 3328 2004 3378 natus
2036 3324 2176 3393 (Dec.
2209 3324 2323 3392 25),
2356 3321 2416 3375 in
2465 3321 2646 3392 Papia
2692 3336 2960 3375 reversus
3006 3324 3118 3387 est,
3155 3335 3354 3374 mense
3383 3319 3488 3374 Ja-

1832 3412 2058 3478 nuario,
2092 3410 2493 3483 suprascripta
2522 3408 2838 3464 indictione
2867 3425 3022 3463 nona
3049 3408 3114 3462 3’.

1905 3520 1991 3573 19.
2025 3522 2284 3589 Cumque
2315 3517 2469 3572 idem
2511 3515 2758 3571 Karolus
2807 3515 3128 3586 imperator
3183 3515 3253 3568 de
3306 3515 3493 3569 Roma

1834 3625 2102 3663 reversus
2135 3607 2191 3661 in
2241 3606 2442 3678 Papia-
2467 3606 2695 3661 sederet
2726 3607 2839 3675 (an.
2873 3604 3024 3675 876),
3060 3603 3284 3658 audivit
3331 3603 3486 3674 quod

1833 3696 2288 3759 Karlomannus,
2306 3693 2603 3750 Hludovici
2628 3693 2806 3759 filius,
2833 3697 3034 3748 contra
3057 3709 3191 3747 eum
3223 3691 3450 3747 veniret
3475 3709 3487 3758 ;

1834 3801 2088 3856 cumque
2111 3783 2430 3839 exercitum
2472 3799 2647 3838 suum
2675 3781 3137 3838 adunarevellet
3168 3785 3225 3835 et
3257 3797 3392 3836 cum
3425 3796 3491 3835 eo

1834 3873 2053 3930 bellum
2086 3890 2284 3945 gerere
2316 3872 2586 3942 (an.877),
2615 3871 2858 3942 quidam
2889 3870 2958 3924 de
2991 3869 3204 3936 suis,in
3241 3885 3493 3940 quorum

1837 3962 2175 4018 fidelitatem
2208 3962 2459 4016 maxime
2511 3959 2864 4026 conﬁdebat,
2895 3959 2966 4013 ab
3027 3975 3093 4013 eo
3155 3957 3386 4023 defecti,
3421 3957 3492 4012 ad

1834 4051 2282 4108 Carlemannum
2312 4067 2373 4106 se
2431 4048 2849 4120 conjungebat.
2912 4048 3073 4111 Quod
3122 4045 3220 4101 ille
3262 4046 3490 4110 videns,

1835 4144 2032 4214 fugam
2066 4139 2196 4194 iniit
2221 4144 2279 4193 et
2305 4137 2551 4193 Galliam
2588 4135 3240 4208 repedavit,statimque
3273 4135 3332 4188 in
3366 4134 3494 4206 ipso

1834 4229 2038 4284 itinere
2093 4232 2360 4283 mortuus
2413 4231 2500 4281 est
2556 4226 2689 4296 (Oct.
2739 4226 2816 4295 6).
2877 4224 3303 4279 Carlomannus
3361 4239 3496 4278 vero

1834 4334 2076 4391 regnum
2115 4315 2273 4369 ltalie
2305 4315 2646 4385 disponens,
2673 4317 2804 4382 post
2827 4329 2941 4365 non
2977 4309 3231 4364 multum
3257 4315 3498 4381 tempus

1832 4406 1903 4461 ad
1939 4409 2162 4476 patrem
2191 4402 2236 4436 ³³
2264 4402 2322 4456 in
2356 4399 2683 4470 Bajoariam
2710 4414 2977 4452 reversus
3010 4400 3098 4451 est
3128 4396 3494 4466 (Dec.).Inter

1831 4494 1953 4549 haec
1984 4489 2339 4547 Hludovicus
2371 4506 2487 4544 rex.
2573 4530 2584 4540 .
2669 4527 2680 4539 .
2764 4528 2774 4540 .

99 4567 270 4612 annos
299 4559 388 4628 32,
419 4558 479 4615 id
505 4561 548 4596 ⁸⁸
580 4565 668 4616 est
695 4561 923 4618 vivente
975 4568 1137 4636 patre
1187 4581 1370 4620 annos
1403 4566 1471 4619 12
1501 4567 1564 4632 '9,
1595 4570 1726 4637 post
1758 4573 1802 4636 Ι)

100 4648 333 4702 mortem
364 4649 548 4720 patris
577 4651 622 4686 ⁸ο
652 4667 839 4707 annos
862 4653 950 4707 20.

1424 4778 1662 4835 VARI/1‘3
1701 4778 2111 4838 LECTIONES.

152 4864 257 4922 "1'.
289 4884 335 4924 e.
369 4869 546 4927 silvae.
623 4874 668 4907 ’⁵
697 4875 736 4928 2'.
771 4890 817 4929 ε.
851 4874 1160 4929 Brixiauis.
1194 4877 1238 4910 ²⁶
1268 4878 1305 4942 i,
1339 4893 1384 4942 ξ.
1421 4893 1556 4982 quo.
1635 4880 1678 4913 ⁸⁷
1710 4896 1846 4934 ann.
1874 4896 1919 4934 ε.
1945 4879 1972 4932 ?
2045 4875 2087 4908 ’⁸
2119 4873 2178 4927 id
2210 4905 2278 4912 -—
2304 4873 2414 4927 ΧΧ.
2460 4870 2516 4924 in
2548 4867 2801 4932 πιανθίηϐ
2854 4858 3046 4916 addita
3095 4863 3251 4909 sun“
3329 4859 3406 4940 δ’,
3433 4859 3514 4912 ita

152 4942 313 4982 Γηῄή
336 4957 351 4982 ρ
381 4941 456 4982 νῐ
482 4961 495 4973 ο
527 4961 539 4972 -
559 4959 571 4972 ·
607 4949 706 4982 nu!
735 4946 802 4982 Υῐ
832 4963 844 4974 -
867 4961 877 4973 -
902 4961 913 4973 -
947 4961 975 4982 ρ
1026 4947 1072 4981 30
1103 4948 1308 4982 τηοινιςο
1335 4964 1362 4982 η
1413 4949 1434 4981 3
1484 4950 1561 4982 ,νη
1593 4952 1827 4982 ﬂauum.»
1854 4968 1866 4980 .
1904 4947 2141 4982 ιπηιιππτι
2173 4945 2218 4978 32
2240 4944 2365 4982 Ιιτήρ
2387 4953 2583 4982 manus
2606 4940 2786 4982 (prtia-
2815 4935 2860 4969 ³³
2890 4929 2963 4982 ad
2996 4927 3227 4982 patrem
3252 4943 3512 4982 mmzme.

91 4942 351 5002 correxit;
381 4941 495 4999 VI:
525 4959 572 5001 ::
607 4927 708 4999 aut
729 4927 805 5002 XVI
831 4927 879 5002 εἶ
902 4927 1000 5000 ibi
1018 4927 1310 5003 303mm;
1333 4927 1384 5003 ἓξ
1413 4927 1454 4982 δῖ
1470 4927 1564 5003 ita
1590 4927 2218 5020 consiti—{barbam}!
2238 4944 2365 4999 hinc
2387 4953 2583 4998 manus
2606 4927 2787 4992 tertia.
2815 4935 2860 4969 ³³
2890 4929 2963 4986 ad
2996 4927 3227 4997 patrem
3252 4930 3512 4984 minime.

1665 5073 1892 5129 NOT/E.

156 5147 350 5298 312-13)
372 5153 740 5234 Comaccbio.

185 5221 266 5298 14)
294 5223 525 5281 Scilicet
553 5243 657 5298 per
685 5228 740 5282 {i1

103 5206 830 5346 ﬂagitasti1ibé‘t“ﬁé?ahes
860 5227 1232 5300 episcopatus
1263 5231 1696 5302 Bergomensis,
1736 5233 1891 5288 unde
1920 5231 2214 5288 Andream
2244 5231 2690 5301 Bergomensem
2743 5211 3150 5292 presbyterum
3216 5206 3424 5267 misse
3453 5207 3535 5266 el"

163 5359 268 5435 (15)
298 5367 338 5421 I.
370 5381 419 5422 θ.
451 5368 668 5440 patrui.
