3924 6210
71 272 239 336 1981
1252 263 1562 328 PETRUS
1608 261 2347 330 BIBLIOTHECARIUS.
3336 271 3492 334 1282

77 404 496 480 gobardorum
524 399 690 462 Carlo
721 399 840 460 ﬁlio
872 397 1272 472 suo-conjugio
1296 398 1638 456 sociandum
1673 396 1742 452 de
1769 400 1825 463 Α
1927 397 2087 454 Anno
2118 399 2222 452 819
2252 398 2500 472 eclypsis
2530 400 2804 458 maxima.

80 493 252 552 Italia
283 492 558 549 abduxit.
1927 486 2092 542 Anno
2123 487 2228 541 820
2281 486 2542 560 Pipinus,
2594 489 2940 546 lluludovici’
2977 491 3154 561 ﬁlius,
3201 493 3494 551 Vascones

149 585 326 639 Anno
354 581 455 638 774
486 581 873 638 Carlmannus
894 578 1145 636 decessit
1164 582 1199 634 2
1219 579 1364 634 Non.
1389 575 1742 644 Decembris,
1853 573 2006 629 vicit.

81 673 258 745 cujus
291 688 446 728 uxor
476 675 534 727 et
563 669 667 725 ﬁlii
696 669 925 726 Italiam
951 668 1211 724 veniunt.
1925 665 2090 718 Anno
2140 666 2245 720 823
2293 666 2610 738 imperator
2652 668 3050 726 Huludovicus
3096 672 3494 744 paenitentiam

154 759 370 817 Carlus
403 776 509 833 pro
539 759 877 817 defensione
903 757 1090 814 sancti
1113 757 1262 814 Petri
1287 757 1358 812 ad
1385 755 1746 812 Hadrianum
1856 768 2098 808 suorum
2123 753 2463 811 delictorum
2491 757 2643 812 fecit.
2674 757 3047 816 Hulotharius
3071 760 3297 816 Italiam
3319 763 3495 831 venit;

81 849 432 923 pontiﬁcem
463 849 707 905 Romam
739 847 912 913 venit,
948 847 1097 902 victo
1143 845 1459 903 Desiderio.
1856 838 2095 912 Pipinus
2113 844 2241 914 ejus
2263 843 2440 900 frater
2464 862 2597 901 cum
2621 845 2874 903 uxorein
2888 848 3263 920 Aquitaniam
3281 850 3499 908 missus

154 940 328 994 Anno
359 939 473 993 778
494 937 698 994 Carlus
714 936 773 992 in
795 936 1076 1009 Hispania
1097 934 1497 1008 Pampilonem
1519 934 1746 988 destru-
1855 933 1962 983 est.

85 1028 186 1084 xit,
1927 1019 2092 1073 Anno
2121 1022 2225 1075 824
2254 1026 2302 1076 Η
2324 1022 2614 1080 lutbarius
2642 1041 2674 1079 a
2705 1025 2985 1082 Pascliale
3015 1031 3350 1095 coronatur,
3373 1032 3432 1085 et
3468 1045 3502 1084 a

157 1118 328 1173 Anno
359 1113 462 1170 781
502 1113 765 1186 Pipinus,
797 1114 956 1170 ﬁlius
985 1111 1158 1181 Carli,
1194 1113 1388 1170 Roma:
1423 1111 1750 1183 baptisatur
1857 1107 2070 1178 populo
2105 1109 2364 1166 Romano
2395 1114 2692 1185 Augustus
2724 1115 3070 1186 appellatur.
3121 1117 3501 1174 Liudevithus

93 1207 163 1261 ab
194 1202 499 1260 Hadriano
529 1203 829 1274 pontifice.
860 1203 979 1258 Hoc
1010 1217 1162 1256 anno
1193 1201 1425 1274 signum
1465 1199 1654 1256 crucis
1687 1197 1747 1254 in
1859 1195 2876 1267 doloAlvidemilii,avunculiBornac
2893 1205 3059 1261 ducis
3073 1205 3498 1276 Dalmatarum,

92 1292 469 1351 vestimentis
498 1290 807 1348 hominum
835 1291 1026 1348 visum
1049 1294 1157 1358 est,
1191 1294 1247 1346 et
1276 1289 1518 1362 sanguis
1552 1305 1582 1344 e
1608 1287 1748 1344 caelo
1857 1283 2227 1356 interﬁcitur,
2260 1291 2317 1342 et
2347 1289 2532 1344 multa
2564 1292 2830 1363 prodigia
2862 1294 3112 1349 fuerunt.

94 1383 154 1440 in
185 1386 408 1439 terram
444 1380 631 1438 ﬂuxit.
1927 1375 2092 1430 Anno
2116 1376 2222 1430 825
2252 1377 2501 1433 moritur
2528 1379 2825 1436 Paschalis
2856 1383 3131 1456 pontifex,
3155 1385 3248 1441 cui
3270 1402 3499 1443 succes-

162 1474 330 1528 Anno
361 1454 474 1526 786
505 1468 705 1527 Carlus
727 1471 1118 1526 Beneventum
1141 1471 1433 1542 expugnat
1451 1467 1602 1523 victo
1628 1465 1751 1522 Gri—
1859 1461 1935 1518 sit
1967 1463 2277 1536 Eugenius.

99 1560 352 1628 mualdo,
390 1559 515 1615 ﬁlio
544 1560 770 1632 Aragisi
802 1559 1337 1615 Beneventanorum
1378 1556 1566 1613 ducis.
1609 1557 1748 1612 Her-
1928 1552 2094 1608 Anno
2124 1555 2230 1608 827
2260 1554 2442 1611 abbas
2473 1558 2660 1612 sancti
2701 1559 2958 1632 Dionysii
3011 1563 3253 1619 Romam
3301 1564 3502 1634 mittit,

96 1649 406 1720 nodrudis,
443 1647 562 1705 ﬁlia
593 1649 768 1722 regis,
797 1665 831 1704 a
859 1647 1239 1704 Constantino
1273 1647 1620 1718 imperatore
1650 1647 1748 1700 de-
1859 1643 1915 1694 et
1938 1647 2230 1698 annuente
2250 1644 2505 1716 Eugenio
2525 1662 2657 1701 ossa
2676 1647 3006 1704 Sebastiani
3030 1653 3300 1724 martyris
3319 1658 3508 1710 trans-

99 1742 436 1811 gpongamn
1783 1769 1828 1832 Β
1861 1734 2186 1832 portantur,
2210 1737 2264 1787 et
2290 1732 2646 1832 collocantur
2663 1738 2816 1807 apud
2837 1737 3192 1796 Suessonam
3214 1741 3505 1799 civitatem

163 1831 327 1882 Anno
356 1828 469 1881 787
498 1830 831 1882 Graecorum
863 1825 1150 1882 exercitus
1180 1844 1214 1881 a
1246 1825 1502 1892 Francis,
1529 1825 1751 1896 Longo-
1783 1818 1828 1832 ”
1863 1818 1920 1872 in
1952 1819 2170 1892 templo
2201 1823 2386 1876 sancti
2417 1822 2694 1879 Meda’rdi.

96 1916 290 1972 bardis
320 1920 378 1971 et
409 1915 833 1972 Beneventanis
866 1919 1199 1988 superatur.
1931 1918 2097 1972 Anno
2127 1919 2232 1972 828
2263 1936 2505 1992 corpora
2535 1928 2870 1981 sanctorum
2901 1930 3226 1999 martyrum
3270 1929 3509 1986 Marcel-

163 2006 328 2061 Anuo
358 2005 472 2060 796
503 2004 754 2060 moritur
800 2004 1114 2070 Adrianus,
1167 2004 1257 2058 cui
1310 2003 1593 2060 successit
1643 2003 1753 2058 Leo
1863 2005 1966 2060 lini
1998 2010 2053 2061 et
2103 2007 2254 2062 Petri
2307 2009 2363 2062 in
2413 2010 2658 2066 Galliam
2712 2015 3166 2072 transferuntur.
3213 2018 3511 2091 Eugenius

107 2093 379 2167 pontifex.
1864 2096 2117 2166 pontifex
2154 2097 2428 2165 moritur;
2462 2099 2555 2154 cui
2587 2102 2870 2156 successit
2925 2104 3266 2162 Valentinus
3314 2107 3509 2164 diaco-

165 2185 332 2253 Anno
360 2183 473 2237 797
504 2182 1189 2256 Constantinopolitanus
1219 2183 1535 2255 imperator
1573 2199 1753 2238 excoe-
1866 2201 1997 2251 nus,
2019 2184 2110 2239 cui
2133 2184 2340 2241 deinde
2366 2189 2649 2243 successit
2669 2189 2981 2262 Gregorius
3002 2195 3304 2267 presbyter
3323 2197 3510 2252 sancti

109 2277 270 2328 catus
298 2277 407 2329 est.
1864 2273 2061 2330 Marci.

175 2363 341 2416 Anno
371 2361 471 2418 801
503 2360 562 2416 in
582 2361 674 2418 die
695 2360 908 2417 natalis
930 2360 1162 2417 Domini
1181 2365 1314 2416 ante
1331 2360 1755 2416 confessionem
1935 2364 2100 2418 Anno
2140 2364 2244 2418 833
2287 2363 2605 2436 imperator
2647 2382 2781 2422 cum
2825 2370 3077 2425 exercitu
3116 2377 3319 2428 contra
3368 2373 3508 2430 Hlo-

112 2449 259 2506 beati
290 2449 445 2506 Petri
468 2451 580 2506 Leo
603 2467 878 2506 coronam
899 2449 1062 2506 Carlo
1085 2450 1382 2524 imposuit;
1407 2455 1547 2506 tunc
1573 2466 1756 2522 popu-
1865 2451 2124 2507 tharium
2157 2451 2344 2508 filium
2375 2455 2549 2523 venit,
2582 2454 2854 2528 Pipinum
2885 2474 3063 2531 regno
3094 2461 3298 2532 privat;
3351 2462 3508 2535 ecly-

113 2537 201 2595 lus
228 2539 534 2595 Romanus
563 2538 866 2595 clamavit:
902 2540 1062 2595 Carlo
1113 2540 1348 2610 Augusto
1377 2556 1412 2594 α
1455 2544 1564 2595 Deo
1607 2555 1755 2594 coro-
1864 2541 1988 2612 psis
2019 2540 2162 2597 solis
2199 2545 2236 2596 2
2292 2542 2438 2597 Non.
2503 2544 2659 2615 Maii,
2721 2547 2895 2601 Lunae
2949 2565 3082 2604 vero
3141 2550 3208 2604 13
3264 2551 3506 2609 Kalend.

111 2635 232 2683 nato
255 2645 459 2696 magno
493 2636 544 2684 et
585 2629 832 2700 pacifera
875 2630 1193 2700 impera-lori
1235 2630 1601 2684 Romanorum
1647 2629 1757 2685 vita
1867 2630 2021 2685 Maii.

111 2719 157 2770 et
176 2718 437 2774 victoria!
459 2717 600 2772 Inde
623 2733 780 2772 more
801 2717 1174 2789 antiquorum
1198 2717 1530 2790 principum
1553 2717 1756 2773 adora-
1937 2720 2211 2792 Sequenti
2243 2738 2396 2776 anno
2423 2721 2736 2794 imperator
2765 2741 2800 2780 a
2829 2725 2954 2780 suis
2985 2727 3271 2797 desertus,
3321 2729 3508 2787 aﬁliis

111 2806 220 2860 tus.
257 2806 373 2860 [loc
408 2822 565 2861 anno
594 2810 628 2860 2
659 2805 905 2861 Kalend.
938 2806 1074 2862 Maii
1105 2811 1267 2862 terrae
1301 2811 1496 2862 motus
1517 2807 1628 2862 fuit
1657 2823 1758 2878 per
1867 2813 2092 2881 captus,
2123 2825 2259 2864 cum
2290 2811 2506 2882 quibus
2537 2816 2662 2867 erat
2690 2813 3003 2885 Gregorius
3034 2817 3311 2888 pontifex.

114 2895 287 2954 totum
319 2893 572 2965 Italiam,
607 2899 673 2949 ut
701 2895 878 2951 urbes
909 2900 1163 2961 ruerent,
1187 2900 1242 2950 et
1263 2900 1479 2951 tectum
1503 2896 1755 2952 basilicae
1938 2904 2213 2975 Sequenti
2231 2921 2383 2961 anno
2403 2905 2646 2962 consilio
2665 2908 3070 2982 episcoporum
3085 2913 3424 2983 pcenitentia
3437 2915 3509 2970 ab

113 2983 294 3038 sancti
323 2982 492 3040 Pauli
525 2984 722 3040 Roma:
752 3001 886 3040 cum
921 2984 1187 3040 trabibus
1217 2985 1524 3040 decideret.
1865 2993 2214 3065 imperatore
2244 2995 2517 3050 efﬁcitur.

176 3072 336 3128 Anno
363 3071 474 3126 806
501 3073 728 3128 Herena
759 3073 1096 3145 imperatrix
1132 3073 1202 3130 de
1251 3073 1752 3146 Constantinopoli
1790 3136 1826 3150 η
1935 3085 2101 3138 Anno
2130 3085 2234 3138 838
2264 3083 2535 3140 Ticinum
2567 3086 2626 3140 in
2660 3086 2825 3143 Italia
2847 3089 3078 3144 fertur3
3098 3091 3224 3147 Kal.
3247 3091 3512 3150 Januarii

115 3158 266 3256 misit
294 3159 555 3256 legatum
587 3161 822 3217 nomine
845 3136 1099 3217 Leonem
1126 3162 1196 3217 de
1228 3178 1367 3233 pace
1396 3136 1755 3218 conficienda
1785 3136 1827 3202 C
1867 3136 2206 3240 tremuisse;
2241 3136 3029 3247 cometes—in—signwo-Bibraeg

118 3247 260 3304 inter
289 3248 519 3306 Graece
551 3255 607 3306 et
637 3251 907 3306 Francos.
1862 3265 1979 3316 tres
2007 3265 2205 3316 noctes
2236 3263 2535 3332 apparuit:
2569 3264 2857 3334 primores
2887 3266 2944 3320 in
2968 3265 3136 3322 Italia
3155 3247 3508 3338 moriuntur,

181 3337 396 3394 Boemii
428 3337 616 3427 Sclavi
646 3339 759 3394 alio
789 3339 1023 3394 nomine
1053 3339 1332 3412 appellati
1363 3345 1518 3396 sunt.
1865 3366 2105 3404 suorum
2138 3350 2415 3422 praecipui
2451 3351 2860 3410 Lanthberdus
2880 3358 2940 3410 et
2961 3359 3184 3427 Hugus.

180 3424 378 3483 Carlus
412 3426 636 3498 junior,
691 3427 849 3484 filius
894 3428 1283 3500 imperatoris,
1337 3445 1594 3485 sororem
1650 3429 1752 3485 ha-

1935 3447 2210 3519 Sequenti
2245 3465 2398 3503 anno
2431 3449 2500 3504 15
2518 3449 2640 3505 Kal.
2669 3451 2943 3508 Februar.
2965 3424 3332 3510 terrmmotus
3355 3456 3511 3528 apud

115 3512 234 3568 buit
269 3515 636 3585 Henrodrud,
688 3534 815 3588 quae
866 3517 1114 3573 decessit
1162 3535 1314 3573 anno
1365 3520 1491 3585 811,
1535 3521 1569 3573 8
1618 3520 1754 3574 Idus

115 3600 285 3660 Junﬁ.

179 3690 292 3748 Hoc
319 3697 583 3767 tempore
603 3694 894 3752 Niciforus
916 3696 1235 3769 imperator
1255 3697 1584 3753 Graecorum
1608 3703 1752 3767 erat,

121 3778 215 3850 qui
242 3787 373 3854 post
404 3782 622 3840 multas
651 3785 926 3841 victorias
957 3791 1016 3842 et
1047 3802 1138 3841 res
1168 3803 1442 3858 prospere
1483 3791 1675 3860 gestas
1724 3805 1758 3842 a

121 3866 379 3940 Vulgaris
410 3872 640 3929 occisus
671 3890 823 3929 anno
853 3875 986 3940 81:1;
1011 3875 1103 3930 cui
1124 3875 1320 3930 statim
1345 3877 1630 3932 successit
1651 3876 1758 3930 Mi-

122 3954 294 4026 chael,
326 3960 428 4031 qui
453 3960 677 4034 legatos
709 3962 860 4018 Carli
893 3963 964 4019 ad
996 3963 1317 4020 Niciforum
1360 3964 1540 4022 misso
1590 3965 1758 4020 beni-

121 4058 224 4115 gne
236 4049 732 4123 Constantinopoli
749 4051 989 4122 audivit,
1012 4068 1078 4110 ac
1091 4069 1229 4110 suos
1243 4053 1314 4109 ad
1328 4054 1560 4111 Carlum
1575 4053 1755 4111 misit.

122 4130 231 4189 Hoc
259 4152 411 4194 anno
440 4139 552 4194 fuit
580 4139 850 4213 eclypsis.

185 4223 344 4282 Anno
372 4229 481 4284 815
505 4228 709 4285 Carlus
737 4230 773 4285 5
800 4229 1040 4286 Kalend.
1073 4231 1235 4287 Febr.
1287 4232 1557 4301 decessit,
1606 4250 1759 4289 anno

123 4325 233 4366 sua:
263 4316 450 4373 atatis
474 4319 565 4387 71,
600 4317 763 4391 regni
795 4319 1152 4374 Francorum
1179 4321 1268 4386 47,
1301 4321 1556 4376 subactae
1584 4321 1760 4376 Italia:

121 4403 204 4466 44,
235 4418 300 4458 ex
326 4421 444 4477 quo
469 4408 773 4479 Augustus
805 4407 1134 4481 appellatur
1179 4410 1277 4476 14;
1333 4409 1425 4462 cui
1477 4409 1761 4465 successit

1554 4495 1564 4507 ,
1869 4484 2076 4502 μαριυς
2135 4484 2187 4499 ,υ
2224 4484 2312 4500 νυν
2341 4484 2697 4501 “manu...”
2727 4484 2782 4500 νυ
2806 4484 3008 4501 cauus
3051 4484 3407 4503 υυηυιαυιι...
3439 4484 3515 4504 νυ-

123 4484 685 4604 Ηῳηάονὶθξηξὶιίυῗ
705 4498 852 4568 ejus’
879 4496 1320 4604 SPi,}eg‘f“2“es
1342 4497 1412 4552 ad
1436 4501 1758 4604 3‘??“°r°.m
1789 4504 1836 4569 D
1867 4488 2098 4590 ruentes,
2115 4534 2418 4604 confregit;
2447 4532 2579 4588 inde
2604 4534 2658 4588 in
2684 4533 2916 4588 Carlum
2940 4489 3258 4591 exercitum
3282 4536 3515 4592 direxit.

123 4583 321 4636 missas
352 4587 409 4638 et
436 4583 573 4640 inde
602 4586 674 4641 ad
707 4602 768 4641 se
799 4586 1046 4653 audivit;
1078 4590 1135 4641 et
1167 4585 1358 4641 Romae
1402 4585 1642 4657 quidam
1694 4585 1753 4640 in

482 4620 573 4685 fw
602 4620 674 4641 δι’
707 4620 768 4641 π
799 4620 1135 4691 “““ξ’⁸”’,⁰”
1158 4620 1358 4691 ,“ξ¹“¹ξῗ
1388 4620 1642 4691 ,Ὶυῖυαω
1695 4620 1753 4640 ⁸⁸⁸
1866 4622 2222 4679 Hludavicus
2252 4639 2384 4676 vero
2417 4637 2594 4676 manu
2626 4620 2818 4676 valida
2845 4621 3118 4690 Francos,
3137 4623 3516 4691 Alamannes,

122 4679 309 4809 alligem
325 4671 532 4730 Leonis
548 4691 709 4747 papa:
732 4675 1131 4748 conspirantes
1157 4674 1585 4730 interficiuntur
1602 4691 1754 4731 anno
2159 4671 2398 4766 ἶ,ᾘᾷῐῶ
2408 4671 2553 4783 ἐξὲξ

1934 4812 2098 4865 Anno
2128 4810 2232 4864 843
2263 4815 2426 4864 atrox
2456 4807 2674 4863 bellum
2706 4806 2857 4861 inter
2886 4807 3303 4878 imperatorem
3325 4809 3516 4866 etfra-

1865 4903 2014 4966 tres;
2049 4897 2296 4970 eclypsis
2326 4898 2478 4952 lunae
2514 4897 2622 4951 fuit
2648 4897 2681 4951 3
2712 4893 2837 4948 Kal.
2870 4895 3052 4966 April.

1936 4997 2214 5068 Sequenti
2243 5012 2394 5050 anno
2422 4995 2762 5049 dividuntur
2794 5009 2972 5065 regna
3003 4993 3153 5048 inter
3200 4993 3410 5048 fratres
3461 4999 3518 5050 et

1866 5089 2308 5160 imperatorem;
2334 5084 2582 5139 moritur
2611 5081 2922 5153 Gregorius
2950 5082 3227 5153 pontifex,
3262 5080 3357 5136 cui
3391 5099 3519 5138 suc-

1867 5178 2043 5235 cessit
2066 5174 2323 5248 Sergius.
2356 5173 2542 5228 Mauri
2575 5175 2967 5228 Beneventum
2990 5173 3296 5243 occupant.

1863 3541 2132 3592 sanetum
2153 3536 2481 3596 Nazarium.
2504 3537 2739 3610 Pipinus
2751 3537 2926 3607 filius,
2952 3558 3050 3597 rex
3062 3543 3509 3614 Aquitanorum,

1866 3641 2063 3682 mense
2090 3626 2432 3683 Novembris
2461 3627 2725 3683 moritur.

1934 3727 2100 3782 Anno
2135 3726 2237 3781 840
2269 3726 2586 3798 imperator
2612 3726 2912 3784 Hlulavico
2945 3728 3248 3786 Hluthario
3289 3729 3410 3787 filio
3455 3732 3514 3788 et

1867 3813 2033 3870 Carlo
2065 3815 2311 3871 minimo
2345 3815 2462 3870 filio
2485 3831 2728 3888 regnum
2748 3816 3104 3874 Francorum
3129 3818 3353 3887 dividit;
3378 3820 3516 3876 Hlu-

1866 3903 2058 3959 thario
2087 3921 2256 3961 suam
2289 3905 2632 3977 dignitatem
2667 3905 2920 3978 reliquit.
2956 3906 3219 3962 Cometes
3241 3910 3515 3980 apparuit

1867 3994 1926 4048 in
1960 3994 2128 4065 signo
2159 3993 2387 4063 Arietis;
2421 3994 2632 4051 coalum
2652 3997 2825 4051 noctu
2843 3995 2903 4050 in
2925 3996 3238 4052 serenitate
3259 3998 3513 4064 erubuit,

1869 4082 2110 4155 igniculi
2141 4083 2365 4139 similes
2397 4083 2580 4140 stellis
2610 4101 2714 4157 per
2745 4085 2954 4140 coelum
2978 4084 3407 4142 discurrebant.

1943 4182 2263 4253 Imperator
2291 4182 2540 4238 moritur
2571 4183 2637 4236 12
2671 4181 2911 4238 Kalend.
2962 4182 3104 4238 Julii
3152 4183 3210 4238 in
3261 4185 3518 4256 quadam

1871 4269 2066 4326 insula
2084 4269 2269 4325 Rheni
2293 4269 2474 4336 fluvii;
2499 4269 2557 4323 in
2581 4270 2798 4342 templo
2817 4271 3012 4326 Sancti
3034 4271 3343 4343 Arinulphi
3361 4289 3519 4345 sepe-

1869 4358 2027 4414 litur.
2061 4357 2511 4412 Hludatharium
2544 4357 2729 4412 filium
2761 4357 3091 4430 suscipiunt
3121 4359 3346 4429 Franci;
3390 4361 3519 4432 ejus

1869 4447 2098 4511 fratres,
2133 4446 2187 4499 id
2224 4449 2312 4500 est
2340 4444 2697 4501 Illudavicus
2727 4449 2782 4500 et
2804 4445 3029 4514 Carlus,
3051 4451 3256 4502 contra
3271 4463 3407 4503 eum
3428 4465 3520 4504 ve-

186 4848 347 4903 Anno
378 4850 504 4917 8l7,
535 4851 570 4904 8
602 4851 1043 4920 Kalend.Junii,
1065 4853 1312 4909 moritur
1335 4858 1440 4909 Leo
1474 4854 1752 4926 pontifex,

125 4930 209 4983 cui
239 4939 518 4994 successit
549 4940 882 5013 Stephanus
911 4942 1212 4998 diaconus.

186 5021 342 5080 Anno
371 5028 498 5096 818,
530 5028 675 5084 Non.
710 5030 874 5085 Febr.
905 5030 1158 5103 eclypsis
1192 5032 1370 5099 facta;
1414 5036 1580 5088 nocte
1623 5050 1756 5088 vero

125 5115 363 5192 cometes
411 5117 698 5189 apparuit.
753 5117 998 5173 Moritur
1044 5119 1374 5190 Stephanus
1426 5120 1680 5192 pontifex
1723 5123 1757 5176 8

127 5189 252 5250 ldus
283 5199 472 5273 Febr.,
507 5205 598 5260 cui
630 5206 915 5262 successit
943 5189 1240 5263 Paschalis
1273 5189 1593 5281 presbyter.
1641 5213 1756 5264 Im-

126 5290 341 5349 perator
367 5265 503 5350 vero
533 5293 720 5351 ﬁlium
751 5312 927 5352 suum
959 5265 1328 5352 Hlothariuin
1355 5265 1673 5366 coronavit,
1702 5302 1758 5354 et
1934 5277 2100 5371 ᾼηηο
2128 5274 2233 5328 845
2261 5272 2569 5371 Ητξδδξιυκδ
2601 5269 2925 5371 ωξδηξίθδυδ
2958 5269 3159 5371 ίξδλξξίθε
3183 5283 3372 5324 “uc”
3395 5283 3518 5324 ea"

125 5365 308 5432 locnm
333 5378 391 5436 in
423 5381 671 5454 imperio
695 5384 809 5440 sibi
859 5384 1184 5442 constituit.
1234 5386 1627 5454 Bernhardus,
1660 5362 1758 5444 rex
1869 5366 2025 5422 mine
2052 5363 2401 5435 οοῐηροευίίιν
2433 5365 2490 5417 et
2521 5362 2719 5432 sergio
2744 5362 3095 5417 ίνᾶῠεῐῐιίείι-

125 5454 648 5538 Langobardorum,
680 5472 1019 5544 imperatori
1050 5488 1113 5528 se
1133 5474 1392 5529 tradidit.
1419 5475 1756 5549 Leo,impe-
1936 5465 2103 5520 Anno
2133 5463 2238 5517 847
2266 5459 2480 5549 Mauri,
2503 5475 2637 5514 cum
2680 5456 2883 5549 urbem
2935 5458 3130 5549 Romae
3183 5469 3516 5549 expugnare

127 5551 686 5622 Pator.Romanomm
706 5561 766 5618 in
791 5561 1030 5632 Graecia,
1053 5561 1572 5622 adﬂuludovicum
1596 5546 1760 5622 misit
1867 5569 1984 5610 non
2015 5557 2274 5624 possent,
2308 5548 2593 5622 templum
2627 5546 2813 5604 sancti
2835 5547 2987 5605 Petri
3009 5547 3401 5604 vastaverunt.

127 5633 191 5693 de
217 5655 371 5716 Ραοθσ
1935 5655 2102 5710 Anno
2132 5651 2240 5708 856
2271 5651 2338 5708 16
2369 5647 2606 5709 Kalend.
2636 5647 2912 5709 Novemb.
2938 5645 3180 5725 igniculi
3198 5645 3381 5707 instar
3401 5640 3520 5726 spi-
