3924 6210
324 274 477 337 128Π

525 403 779 455 APKBI‘AI
811 403 887 453 ΤΟ
921 399 1342 451 ΠΑΝΗΓΥΡῙΚΟΝ
1374 398 1770 446 ΒΒΡΕΝΓΑΡΙΟΥ

755 502 870 549 ΤΟΥ
903 494 1205 548 ΑΝῘΚΗΤΟΥ
1238 492 1533 544 KMCAPOC

532 616 750 676 Gracia
778 613 1040 688 quaesitis
1071 610 1280 669 cecinit
1308 610 1358 666 si
1390 624 1570 680 regna
1596 602 1865 677 loquelis.

465 709 725 766 Moribus
754 702 1012 761 insulsos
1043 706 1100 757 et
1130 699 1411 772 religione
1437 701 1717 768 tyrannos

465 797 719 856 Tolleret
746 798 810 850 ut
839 792 1125 865 quosdam
1154 786 1447 843 immerito
1478 800 1654 857 super
1685 785 1845 838 astra

1592 869 1893 939 [beandos,

464 978 623 1043 Quos
650 970 925 1030 Lachesis
951 969 1119 1041 nigro
1150 964 1337 1023 satius
1370 961 1670 1020 damnavit
1697 962 1919 1016 Averno
1950 974 1964 1025 ;

390 1086 427 1140 5
465 1084 649 1138 Roma
669 1094 808 1135 suos
835 1074 994 1131 vario
1021 1071 1174 1129 vexit
1202 1071 1251 1127 si
1281 1069 1523 1143 ﬁgmine
1551 1070 1685 1140 post
1713 1065 1834 1121 haec

462 1170 760 1245 Augustos
788 1166 860 1220 ad
892 1162 1044 1219 tecta
1072 1159 1189 1234 poli
1220 1159 1465 1225 radiata,
1499 1154 1739 1245 perenni

460 1242 709 1314 Vibratu
736 1251 915 1311 simul
946 1251 1056 1308 bos
1092 1248 1289 1322 Stygio
1340 1247 1612 1303 sorbente
1648 1242 1965 1301 barathro:

465 1346 942 1417 Induperatorem
975 1339 1170 1412 pigeat
1197 1336 1439 1393 laudare
1470 1334 1752 1389 nitentem

462 1429 837 1492 Christicolas
869 1427 1009 1502 quid
1040 1427 1221 1493 enim,
1251 1422 1463 1481 coelum
1499 1419 1897 1478 reserantibus

1533 1509 1730 1580 [undis
1760 1508 1892 1579 (15).

359 1616 425 1671 10
463 1612 746 1683 Quodque
788 1606 972 1680 replet
1019 1603 1252 1662 Domini
1300 1602 1593 1761 mundun;
1646 1595 1966 1670 spiramine

1594 1685 1829 1742 totum?
1938 1716 1945 1719 -

1594 1691 1781 1742 totum
1800 1685 1829 1740 *ἶ
1938 1716 1945 1719 -

465 1791 615 1862 Ergo
643 1783 1055 1857 Berengarium
1087 1780 1284 1855 genesi
1333 1757 1616 1849 factisque
1655 1774 1968 1848 legendum
1999 1757 2047 1821 Β

464 1876 593 1935 Rite
623 1890 853 1941 canam,
883 1873 1109 1928 frenare
1141 1868 1301 1925 dedit
1330 1867 1424 1922 cui
1466 1865 1621 1922 celsa
1642 1866 1899 1936 potestas

464 1964 644 2023 Italiae
673 1962 921 2037 populos
950 1960 1101 2016 bello
1130 1958 1416 2031 glebaque
1447 1954 1751 2027 superbos.

464 2056 654 2126 Stirpe
684 2050 970 2107 recensita
999 2047 1250 2122 generis,
1281 2061 1396 2116 quo
1441 2045 1748 2099 stemmate
1792 2038 1971 2112 pollet

362 2146 428 2202 15
462 2143 620 2199 Scire
665 2144 866 2207 vacat;
914 2153 1049 2192 nam
1108 2139 1319 2190 cuncta
1377 2130 1582 2203 nequit
1638 2144 1767 2184 mea
1823 2128 1969 2184 ferre

1614 2216 1859 2291 [Thalia.

464 2314 879 2392 Francigenam
915 2316 1097 2372 fateor
1142 2311 1422 2369 Karolum
1464 2307 1819 2382 praenomine
1849 2306 1968 2361 Ma-

1631 2398 1860 2469 [gnum,

462 2502 643 2567 Quem
676 2496 852 2554 tellus
880 2493 969 2550 axi
994 2490 1237 2551 tremuit
1265 2490 1530 2561 subjecta
1558 2484 1790 2559 rigenti,

466 2593 769 2660 Quamque
800 2588 1003 2658 petens
1048 2580 1441 2653 linquensque
1486 2575 1598 2631 luit
1627 2573 1724 2629 Sol
1757 2589 1971 2630 aureus

1521 2663 1735 2736 [undas
1763 2663 1897 2735 (16),

467 2769 532 2824 Et
561 2780 741 2838 quam
771 2765 953 2818 torret
981 2758 1148 2831 equis
1177 2756 1394 2812 totiens
1424 2754 1690 2809 invectus
1718 2749 1981 2817 anhelis,

361 2879 432 2933 20
470 2872 671 2931 Prodit
701 2869 825 2926 avis
856 2866 1162 2937 atavisque
1191 2863 1291 2919 illo
1348 2863 1421 2917 de
1468 2858 1755 2932 sanguine
1784 2863 1972 2914 rector

467 2959 775 3026 Ausoniae;
809 2955 1001 3014 Karoli
1032 2954 1134 3011 sed
1166 2952 1320 3008 enim
1353 2951 1610 3006 nutritus
1640 2947 1862 3005 alumni

467 3051 597 3108 Rite
617 3048 729 3105 sub
760 3043 1027 3119 imperio,
1062 3040 1240 3104 simili
1273 3039 1374 3112 qui
1405 3037 1640 3096 nomine
1671 3038 1914 3093 Romam

466 3142 805 3196 Postremus
817 3132 1053 3190 Francis
1065 3129 1360 3204 regnando
1379 3125 1565 3199 coegit
1577 3125 1821 3181 habenis
1832 3125 1965 3196 (17).
2000 3126 2043 3193 α

467 3229 570 3285 Ille
598 3226 789 3282 virum
819 3237 1065 3279 cernens
1093 3218 1231 3276 belli
1262 3218 1375 3274 sub
1400 3214 1657 3288 imagine
1681 3212 1879 3269 laetum

359 3322 430 3391 25
466 3319 537 3374 Et
567 3315 790 3372 ratione
817 3311 980 3385 pium
1020 3306 1309 3381 regnique
1331 3305 1603 3362 beamine
1633 3303 1896 3376 dignum,

463 3403 693 3480 Egregii
726 3402 911 3457 ﬁdum
942 3398 1142 3455 lateris
1172 3395 1390 3469 delegit
1418 3392 1694 3458 amicum,

468 3493 745 3552 Fascibus
773 3488 1122 3561 imperiique
1147 3489 1351 3559 aptum
1381 3483 1433 3539 si
1451 3481 1601 3539 bella
1635 3481 1972 3537 ministrum

466 3585 635 3640 Forte
668 3583 869 3637 ruunt.
897 3576 1080 3633 Italus
1112 3575 1404 3647 princeps,
1436 3570 1725 3628 exercitus
1768 3568 1970 3637 armis,

465 3670 769 3728 P'rzeduros
799 3665 1002 3722 Martis
1031 3662 1239 3719 didicit
1267 3661 1353 3718 sic
1380 3661 1532 3717 ferre
1551 3658 1801 3715 labores.

359 3783 429 3837 30
464 3779 720 3835 Venerat
768 3788 899 3830 ecce
956 3770 1082 3827 dies
1111 3770 1249 3842 (47')
1298 3768 1475 3841 primi
1535 3782 1671 3822 cum
1724 3765 1845 3820 fata
1871 3781 1974 3837 pa-

1698 3853 1903 3925 [rentis

469 3956 738 4012 Posceret
767 3956 894 4008 atra
937 3950 1068 4007 lues
1114 3964 1335 4021 regem,
1367 3949 1640 4016 totosque
1668 3959 1772 4016 per
1811 3946 1974 3999 artus

468 4042 668 4100 Febris
695 4042 784 4097 iit.
835 4039 1090 4096 Moriens
1120 4036 1343 4110 primos
1389 4031 1701 4105 compellat
1730 4030 1970 4087 amicos.

467 4130 684 4191 Ultima
711 4128 1026 4202 Brengario
1056 4126 1319 4182 referunt
1348 4121 1567 4177 dixisse
1594 4121 1923 4193 propinquo
1953 4134 1968 4174 :

468 4219 703 4278 Subdere
730 4217 879 4274 culta
906 4217 1007 4274 tibi
1028 4215 1226 4270 merito
1252 4211 1465 4267 deberet
1494 4211 1638 4267 Eous

358 4315 433 4373 35
464 4313 535 4369 Et
560 4311 684 4365 lutet
709 4306 959 4366 occiduas
979 4307 1153 4361 cernit
1180 4316 1315 4372 quos
1334 4314 1545 4356 mersus
1574 4301 1635 4354 in
1662 4297 1841 4353 undas

468 4399 720 4466 Phwbus,
751 4404 977 4466 uterque
997 4393 1166 4449 etiam
1190 4388 1385 4446 mundi
1410 4404 1544 4462 quos
1564 4389 1795 4460 despicit
1814 4388 1976 4455 axis,-

466 4491 720 4546 Att‘amen
747 4485 1023 4556 Hesperiae
1047 4496 1294 4553 proceres
1317 4495 1418 4551 pro
1448 4478 1661 4534 viribus
1689 4477 1886 4533 ardent
1993 4491 2038 4556 Β

469 4580 591 4636 Rite
615 4576 831 4632 subesse
859 4573 981 4636 tibi,
1013 4575 1163 4627 tanta
1192 4571 1324 4642 quia
1352 4569 1522 4638 digna
1551 4567 1735 4623 labore

472 4670 685 4725 Cuncta
713 4665 879 4734 geris.
913 4667 1084 4718 Penes
1115 4659 1336 4731 imperii
1363 4666 1411 4713 te
1440 4657 1621 4725 gloria
1650 4654 1846 4711 nostri.

365 4759 435 4814 40
470 4756 642 4829 Atque
670 4754 779 4810 tuis
800 4752 964 4808 stabit
992 4750 1233 4806 Romana
1250 4747 1498 4819 potentia
1524 4743 1703 4818 fatis!

472 4845 603 4900 Haec
633 4843 782 4909 fans,
811 4838 1078 4896 aetherias
1110 4838 1317 4892 ductor
1361 4833 1656 4890 concessit
1684 4833 1744 4887 in
1777 4847 1975 4902 auras,

445 4938 1168 5006 Supremumquegemens
1180 4938 1492 4996 regnorum
1511 4919 1976 4992 liquithabenas.

476 5018 575 5078 Ille
605 5019 845 5091 quidem
874 5016 958 5072 sic
989 5019 1147 5071 astra
1175 5013 1336 5068 subit
1361 5028 1375 5079 ;
1410 5008 1746 5064 miseranda
1766 5006 1979 5078 cupido

476 5109 583 5165 Sed
618 5106 863 5180 populos
895 5100 1187 5177 persuasit
1211 5116 1413 5173 agens,
1441 5097 1541 5170 qui
1573 5096 1762 5153 limite
1791 5095 1911 5152 lato

436 5340 522 5413 l5)
552 5339 688 5413 Sci].
722 5335 1085 5413 baptismatis.
1119 5362 1189 5413 1—:
1218 5330 1346 5388 odis
1377 5327 1498 5385 edd.

436 5403 523 5479 16)
553 5411 689 5467 Ruit
717 5403 854 5479 sia,
886 5404 1061 5460 undis
1087 5403 1206 5459 edd.

413 5476 527 5619 ῥυ)
557 5478 747 5538 Caroli
778 5476 875 5532 IIl.

445 5552 502 5606 l7
531 5556 552 5619 )
580 5559 687 5611 An.
721 5548 850 5616 888,

445 5545 552 5622 17⁵)
580 5559 687 5611 An.
721 5548 850 5616 888,
881 5547 1007 5606 Jan.
1047 5545 1135 5604 13.

1596 257 1936 324 APPEND.
1981 254 2085 316 AD
2135 251 2325 317 SEO.
2366 249 2446 315 ‘X.

1994 389 2050 455 Α
2114 388 2185 443 45
2224 387 2407 443 Unius
2437 386 2681 460 imperio
2711 384 2868 442 soliti
2899 392 3268 453 cenem-rere,-
3294 383 3501 457 plures

3574 246 3773 315 ιαιοι

2216 474 2291 529 Ut
2321 474 2607 530 mirentur
2634 474 2849 530 abhinc
2877 474 3110 530 diversa
3137 484 3243 545 per
3261 477 3399 528 arva
3422 475 3743 544 tyrannos,

2218 563 2284 619 Et
2316 562 2429 618 sibi
2461 574 2709 636 quaeque
2736 561 2892 637 legat
2921 560 3227 635 proprium
3258 558 3423 635 gens,
3450 557 3773 615 Omnibus

3471 640 3665 722 [idem

2217 743 2365 797 Dum
2386 744 2671 814 perstaret
2689 755 2875 797 amor.
2893 740 3143 812 Raperet
3170 754 3245 794 ne
3260 734 3742 811 gaudia‘Rhenus

2216 834 2334 886 Aut
2360 830 2557 886 Araris
2585 834 2847 902 spectata
2874 827 3411 901 diu,glomerantur
3439 825 3741 881 inalan

2115 920 2190 975 50
2226 919 2468 976 Ausonii
2499 928 2791 992 proceres,
2821 933 2886 974 ac
2918 917 3057 974 talia
3080 915 3293 973 nuntia
3322 914 3447 989 regi

2218 1008 2307 1065 Ire
2330 1009 2580 1081 jubent:
2612 1009 2740 1065 Haec
2768 1010 2917 1063 terra
2943 1007 3078 1063 satis
3108 1004 3383 1081 terraeque
3404 1003 3586 1061 caloni

2215 1098 2578 1169 Fluminaque
2605 1098 2858 1168 antiques
2884 1094 3319 1152 subterlabentia
3336 1108 3531 1150 muros

2216 1186 2352 1242 Nota
2381 1187 2502 1242 tibi.
2528 1187 2635 1241 Nec
2658 1189 2710 1241 te
2738 1192 2944 1242 revocet
2972 1186 3097 1256 fera
3125 1183 3329 1248 Gallia;
3354 1181 3524 1252 dim

2114 1277 2186 1332 55
2217 1276 2362 1344 Quin
2386 1276 2600 1347 potiare
2625 1273 2755 1341 solo,
2789 1278 2921 1328 trux
2950 1280 3046 1329 aut
3073 1270 3389 1340 Germania,
3420 1268 3645 1341 quando

2215 1364 2548 1435 Sceptrigeri
2576 1362 2674 1418 hoc
2695 1364 2877 1434 potius
2924 1360 3132 1418 dudum
3160 1362 3377 1418 coluere
3399 1359 3738 1432 prbpinqui,

2217 1454 2281 1508 Et
2309 1453 2525 1522 genitor
2550 1452 2762 1507 eunetis
2789 1450 2991 1507 dilexit
3014 1451 3200 1506 carius
3227 1449 3400 1506 arvis.

2216 1540 2319 1597 His
2350 1544 2564 1608 motus,
2588 1552 2858 1613 gressum
2891 1538 3166 1611 precibus
3196 1534 3507 1594 contenditi
3526 1535 3602 1590 ad
3633 1548 3741 1590 nr-

3499 1620 3673 1697 [hem

2220 1719 2506 1793 Irriguam
2539 1718 2760 1775 cursim
2794 1716 2983 1774 Ticini
3008 1714 3363 1774 abeuntibus
3393 1692 3593 1770 undis.

2217 1792 2467 1865 Sustulit
2496 1808 2592 1864 hic
2621 1812 2930 1880 postquam
2958 1803 3151 1879 regale
3170 1803 3401 1877 insigne
3421 1792 3737 1869 coronam,

2107 1917 2178 1970 60
2217 1914 2341 1971 Non
2369 1914 2513 1970 alias
2544 1914 2758 1987 raptim
2790 1912 3042 1985 cupidus
3070 1910 3624 1984 pervadere'ter'ras,

2217 2005 2377 2069 Quod
2413 2003 2629 2059 multos
2650 2004 2938 2075 juvenum
2971 2000 3127 2057 letho
3180 1998 3449 2056 dimersit
3480 1996 3731 2075 acerbo,

2233 2094 2457 2150 Laetitia
2484 2070 2782 2161 resonant,
2815 2090 3025 2164 plausu
3059 2093 3115 2146 et
3143 2089 3270 2146 fora
3304 2070 3741 2144 cunctaresul.

2219 2268 2462 2344 Templa
2493 2274 2723 2327 sacrata
2751 2268 2939 2324 virum
2969 2264 3267 2340 trepidant
3294 2264 3697 2339 matrumque‘

3340 2351 3618 2426 [choreis,

2217 2467 2392 2541 Orgia
2419 2470 2477 2523 et
2505 2466 2764 2538 innupta
2793 2464 3148 2520 concinnant
3175 2458 3597 2541 clara’pu‘ell'a,

2109 2554 2181 2615 65
2214 2536 2479 2629 Dantque
2510 2536 2718 2610 choros
2768 2550 2973 2609 molles
3003 2568 3018 2620 ;
3049 2554 3109 2607 et
3151 2536 3441 2624 tympana:
3488 2548 3749 2603 dextera

3410 2634 3657 2710 [pulsat,

2223 2739 2411 2807 Atque
2437 2732 2574 2806 lyra;
2605 2729 2850 2805 graciles
2870 2732 3107 2785 extenso
3140 2725 3348 2800 pollice
3376 2723 3631 2781 chordas

2219 2820 2880 2893 Percurrit,septemque
2910 2817 3116 2873 modos
3146 2812 3489 2871 modulatur
3506 2810 3731 2870 avenis.

2222 2912 2380 2967 Rura
2407 2907 2607 2966 colunt
2635 2904 2759 2974 alii,
2786 2902 3042 2962 sulcant’
3054 2901 3254 2977 gravia
3305 2918 3446 2959 arva
3464 2899 3729 2974 juvenci.

2217 2998 2482 3056 Tondent
2510 3000 2678 3070 prata
2706 3011 2934 3069 greges,
2967 2993 3339 3068 pendentque
3368 2989 3443 3071 in_
3459 3003 3606 3071 rupe
3635 3003 3734 3043 ca-

3411 3074 3622 3152 [pe’Hm

2114 3179 2186 3233 7O
2223 3175 2509 3233 Omnibus
2532 3190 2651 3229 una
2680 3170 2867 3246 quies,
2900 3174 2957 3226 et
2986 3182 3098 3243 pax
3128 3172 3255 3226 erat
3291 3156 3575 3224 omnibus
3591 3166 3734 3222 una.

2223 3266 2348 3321 Non
2380 3265 2491 3336 (18)
2522 3276 2695 3318 secus
2724 3276 2791 3317 ac
2819 3258 2998 3332 longa
3042 3262 3351 3314 ventorum
3400 3262 3551 3328 pace
3573 3252 3735 3310 solu-

3514 3340 3675 3415 [mm

2223 3447 2460 3515 Equor,
2494 3445 2552 3496 et
2580 3436 2802 3495 imbelli
2835 3437 3117 3493 recubant
3145 3434 3247 3491 ubi
3266 3434 3468 3490 littora
3494 3444 3738 3498 sumne,

2223 3531 2631 3602 Silvarumque
2660 3544 2859 3585 comas
2888 3530 2948 3582 et
2976 3524 3181 3581 abacto
3212 3522 3451 3580 ﬂamine
3476 3520 3666 3579 nubes

2222 3618 2437 3676 Mulcet
2466 3618 2623 3674 iners
2654 3620 2824 3673 aestas
2849 3631 2864 3670 :
2893 3618 3034 3669 tunc
3083 3617 3293 3685 stagna
3332 3609 3623 3683 lacusque
3648 3625 3739 3666 so-

3514 3697 3666 3767 [neri

2114 3816 2189 3873 75
2229 3819 2600 3883 Detumuere,
2628 3814 2826 3869 tacent
2851 3809 3119 3867 exhausti
3150 3806 3377 3866 solibus
3404 3820 3635 3863 amnes.

2219 3903 2442 3961 Invidia
2471 3901 2760 3967 tumidus,
2791 3916 2896 3955 nec
2928 3915 3139 3971 passus
3167 3896 3329 3965 talia,
3361 3888 3537 3951 Wido

2225 3991 2497 4057 Perfurit,
2529 4007 2597 4046 ac
2628 3988 2845 4045 nimios
2876 3987 3178 4060 profundit
3206 3991 3436 4058 pectore
3468 3987 3736 4056 questus:

2226 4083 2368 4147 Otia,
2396 4096 2512 4153 quae
2544 4080 2762 4134 Latium
2781 4078 3019 4149 foveant,
3047 4076 3201 4147 piget
3229 4090 3402 4147 usque
3428 4074 3599 4144 fateri
3622 4076 3642 4124 !

2225 4173 2362 4227 Nam
2398 4169 2547 4225 video
2574 4169 2769 4239 florere
2798 4168 2945 4222 viros
2975 4165 3239 4237 rebusque
3267 4163 3495 4235 supinos

2116 4279 2187 4335 80
2223 4275 2549 4343 Fertilibus,
2577 4274 2816 4347 solioque
2845 4271 3039 4328 dacem
3060 4269 3342 4327 considere
3371 4269 3537 4334 celso,

2224 4368 2395 4435 Quem
2424 4365 2601 4433 legere
2625 4362 2752 4418 sibi.
2780 4362 2981 4417 Montes
3009 4374 3273 4432 superare
3295 4355 3611 4430 purgandos

2231 4456 2317 4511 Vis
2341 4456 2483 4526 foret
2504 4452 2626 4508 ulla
2651 4450 2797 4506 mihi
2819 4454 2838 4504 ,ι
2867 4451 3075 4505 Forsan
3096 4440 3447 4521 perfringere
3485 4443 3666 4517 foedus

2224 4545 2289 4599 Et
2311 4543 2503 4613 faciles
2519 4542 2788 4613 juvenum
2814 4554 3028 4610 possem
3055 4537 3363 4592 subvertere
3390 4537 3600 4590 mentes

2226 4632 2574 4704 Praecipuum
2603 4628 2882 4701 Tyrrhena
2909 4627 3093 4682 colunt
3122 4626 3223 4699 qui
3243 4628 3428 4680 rura-1
3466 4622 3715 4681 Veientes

2119 4732 2192 4796 85
2229 4738 2505 4795 Subicient
2526 4733 2669 4792 mihi
2693 4733 2859 4803 cella,
2890 4732 3218 4789 reor.Minus
3248 4728 3507 4803 optusis!»
3526 4724 3744 4807 armis?

2230 4827 2417 4897 Quid?
2444 4826 2633 4882 Potuit
2662 4824 2797 4879 Pari
2824 4823 3078 4892 egregius
3106 4821 3328 4876 turbare
3352 4819 3633 4891 Itym

2232 4917 2429 4971 Exire
2454 4922 2621 4986 atque
2644 4911 2886 4985 nefanda
2913 4913 3059 4982 feros
3088 4912 3149 4965 in
3173 4905 3635 4986 praelia‘Mdas.

2235 5002 2380 5075 Quid
2409 4979 2574 5075 refert
2603 4979 2737 5074 (l9),
2788 4979 3024 5072 quantus
3076 4979 3265 5055 sedeat
3307 4984 3585 5068 Rodulfus’
3630 4979 3749 5065 (2ῧῖ

2546 5120 2558 5133 -
3404 5085 3489 5157 [in
3517 5082 3670 5148 aula,

2168 5326 2281 5391 (18)
2306 5324 2377 5379 V.
2406 5323 2579 5378 71-75
2607 5338 2677 5378 ex
2705 5322 2872 5378 Statii
2892 5318 3142 5377 Thebaid.
3176 5320 3267 5387 ΙΙΙ,
3298 5335 3356 5374 v.
3387 5318 3496 5373 253
3526 5328 3660 5390 sqq;

2170 5392 2284 5469 (19)
2314 5394 2580 5469 Referam
2606 5392 2726 5469 edd.

2172 5462 2284 5539 (20)
2318 5466 2436 5523 Rex
2463 5463 2811 5539 Burgundio)
2840 5462 3270 5535 Transjuranze.
