3924 6210
182 253 344 327 ω
1055 261 1417 325 ANONYMI
1461 262 1855 330 PANEGYR.
1901 263 2238 333 BERENG.
2283 269 2445 334 IMP.
2491 274 2640 337 LIB.
2685 276 2735 337 I.
3438 278 3597 347 4190

327 386 412 483 An
431 388 641 483 qualis
661 392 1143 483 referaui_Franci's
1172 396 1475 454 dominetur
1510 400 1566 453 in
1586 402 1735 456 (uvis
1868 407 1923 472 Α
2098 405 2397 461 Ausoniam
2422 407 2603 478 subeo,
2636 409 2797 464 liceat
2824 409 3038 480 deferre
3066 418 3324 483 tyranno,

212 475 286 530 90
529 479 640 535 mei
649 481 866 571 similes
887 481 1091 538 dudum
1109 487 1331 556 notique
1349 486 1557 542 sodales
1577 491 1602 540 Ρ
2087 493 2261 563 Atque
2288 510 2397 549 una
2428 475 2773 551 carisveniat
2798 475 3110 567 fundendus
3137 502 3196 555 in
3223 475 3413 571 agris!

320 565 481 661 ticius
506 568 821 661 egon’donis
840 572 1022 661 caulis
1039 573 1300 643 privabor
1320 576 1494 645 Opimi
2090 580 2230 644 Quis
2262 580 2536 653 placuere
2563 584 2737 652 vices,
2762 565 2829 641 ac
2858 585 3028 642 dulce
3060 565 3286 644 movere
3303 594 3587 661 potentes,

319 654 384 709 Et
405 656 561 710 taciti
585 660 790 713 metam
817 658 965 714 solus
986 658 1240 716 devolvor
1259 662 1328 716 ad
1356 664 1468 719 sevi
1485 668 1510 716 γ
2083 667 2241 723 Galla
2260 670 2408 741 jugo
2433 687 2681 742 posuere
2700 673 2883 741 truci;
2916 674 3069 729 male
3101 675 3218 731 fida
3248 654 3485 734 recessit

317 742 645 839 lion,donec
669 761 842 839 puras
856 749 1076 839 animus
1099 748 1409 820 depascitur
1428 766 1616 820 auras,
1942 755 2047 808 145
2083 756 2192 811 Sed
2233 758 2466 829 penitus
2497 760 2797 833 Tyrrhena
2847 779 3081 833 manus,
3113 762 3428 838 hostesque
3456 783 3589 839 pro-

324 833 415 889 Vel
443 833 495 887 si
522 850 609 888 me
640 835 867 906 rapidus
890 837 1101 893 Mavors
1128 840 1516 909 perstrinxerit
1558 842 1747 909 armis,
3332 833 3352 838 V
3379 833 3588 925 [torvos

202 920 279 975 95
293 921 907 994 Provolvensjuvenum
933 924 1087 997 fusos
1117 927 1177 980 in
1204 929 1475 996 sanguine
1500 931 1724 999 patres!
2080 932 2355 990 Exultans
2386 935 2444 990 in
2477 953 2656 1009 regns
2694 937 2846 994 tulit.
2902 939 3063 997 Proh
3095 957 3246 997 saeva
3276 920 3587 1000 nocentum

316 1009 562 1102 Talibus
586 1010 805 1067 irarum
830 1012 1001 1102 dictis
1024 1013 1306 1070 fundebat
1348 1014 1629 1082 habenas,
2074 1022 2327 1077 Consilia
2357 1022 2369 1077 l
2397 1023 2670 1097 Princeps
2701 1026 2920 1094 aberat,
2981 1044 3304 1101 pacemque
3334 1031 3582 1102 parabat

317 1098 511 1161 Mente
543 1115 802 1172 coquens
832 1101 1011 1158 bilem
1040 1120 1053 1168 ;
1100 1104 1260 1174 jacto
1294 1104 1405 1175 (21)
1435 1103 1591 1160 velut
1619 1122 1827 1178 aspera
2077 1108 2344 1180 Imperio,
2392 1116 2628 1168 Veronae
2659 1115 2853 1171 Atesis
2884 1098 3001 1187 qua
3031 1116 3188 1173 culta
3206 1098 3477 1175 salubris

1662 1194 1823 1264 [saxo
2076 1196 2300 1269 Irrigat.
2328 1200 2470 1256 Ecce
2483 1202 2667 1273 gradu
2697 1203 2864 1259 celeri
2892 1203 3038 1276 petit
3057 1205 3177 1261 alta
3205 1206 3476 1267 minister

317 1275 599 1333 Cominus
629 1277 878 1351 erigitur
897 1296 1158 1351 serpens,
1190 1281 1284 1336 cui
1316 1281 1519 1337 subter
1548 1282 1752 1338 inanes
1930 1283 2034 1338 450
2071 1286 2247 1340 Tecta
2268 1287 2454 1354 ducis,
2476 1290 2688 1346 sudore
2737 1275 3002 1348 madens.
3035 1294 3349 1351 Fortissime
3379 1299 3574 1366 uector,

316 1364 518 1438 Longa
544 1366 676 1421 sitis
699 1364 973 1434 latebras,
990 1372 1261 1441 totosque
1282 1370 1498 1442 agitata
1511 1388 1614 1443 per
1634 1377 1817 1439 artus,
2073 1373 2288 1445 lnquit,
2312 1377 2492 1432 adesto
2519 1380 2629 1433 tuis
2654 1384 2673 1432 !
2698 1379 2855 1435 Saltu
2881 1397 3045 1452 super
3066 1382 3240 1437 ardua
3267 1386 3470 1440 nwntis

168 1452 277 1507 400
315 1456 604 1511 Convocat
630 1454 691 1510 in
726 1455 924 1513 fauces
953 1462 1010 1513 et
1039 1473 1320 1529 squamea
1342 1457 1490 1514 colla
1506 1476 1817 1516 venenum.
2072 1461 2195 1517 Sese
2216 1464 2403 1534 injecit
2421 1481 2587 1520 ovans
2602 1471 2776 1523 castus
2791 1477 2878 1524 sat
2903 1471 2963 1523 in
2998 1486 3156 1525 arma
3184 1472 3464 1542 superbus,

312 1541 567 1614 Jamque
599 1542 738 1614 legit
766 1544 958 1601 socios
988 1551 1153 1617 aptos
1184 1546 1495 1603 furialibus
1527 1548 1708 1604 ausis.
2072 1549 2175 1606 Cui
2202 1553 2318 1606 nisi
2341 1554 2630 1623 praeduros
2658 1557 2855 1626 gladiis
2884 1558 3097 1628 inferre
3124 1541 3397 1631 maniplos

377 1631 558 1689 Fama
570 1631 774 1688 volans
796 1634 948 1705 regis
967 1634 1183 1690 nitidas
1205 1652 1339 1690 cum
1363 1636 1815 1707 perculitaures,
2067 1638 2360 1703 Institeris,
2381 1641 2512 1712 quid
2543 1658 2674 1713 opus
2694 1646 2847 1698 Latio
2872 1661 2992 1715 qua:
3021 1645 3201 1701 dicere
3228 1648 3367 1703 victo

314 1718 574 1833 gonatus
603 1719 825 1793 agitare
854 1722 999 1777 satis
1028 1722 1313 1778 Widonen
1343 1723 1599 1833 i‘niquos,
1847 1770 1897 1833 Β
1928 1725 2029 1779 155
2068 1727 2277 1782 Damna
2304 1731 2483 1799 ferent
2514 1733 2540 1783 .9
2582 1730 2853 1786 Intensus
2901 1732 2975 1786 ad
3023 1731 3146 1786 haec
3191 1731 3275 1787 ita
3322 1733 3574 1793 reddidit

315 1807 573 1863 Fortuna
590 1813 859 1865 servante
871 1810 1327 1882 modum,quatit
1341 1810 1435 1867 ille
1449 1813 1816 1868 tremendum
1847 1807 1897 1833 ”
3454 1823 3573 1896 [olli

168 1897 276 1951 105
316 1894 514 1968 Regali
545 1895 615 1951 de
646 1913 806 1953 more
835 1898 1281 1971 caput,ccelique
1302 1903 1499 1955 tuetur
2068 1903 2185 1958 Rex
2210 1919 2221 1959 :
2245 1905 2432 1972 Jubeo,
2448 1906 2692 1976 juvenis,
2726 1910 2944 1964 tantum
2967 1909 3157 1966 desiste
3183 1915 3432 1969 moveri!

312 1984 598 2052 Convexa,
633 1988 808 2057 atque
841 1986 1022 2043 sacris
1054 1988 1135 2042 ita
1161 1988 1379 2043 fatibus
1423 2004 1525 2043 ora
1544 1988 1776 2045 resolvit
1799 2007 1812 2044 :
2064 1992 2180 2047 Non
2212 2002 2373 2064 caput
2396 1994 2493 2050 hoc
2511 1994 2641 2050 dum
2660 1998 2773 2051 vita
2793 1999 2933 2069 regit
2951 1998 3155 2071 (ti/fusa
3168 2016 3271 2073 per
3288 2005 3465 2070 artus,

314 2070 387 2128 Tu
417 2074 546 2129 caeli
571 2077 842 2146 terraeque
861 2084 1027 2143 sator,
1052 2079 1147 2147 qui
1172 2077 1415 2148 fulmina
1435 2080 1546 2149 (22)
1580 2087 1811 2150 torques,
2065 2084 2200 2135 Haec
2220 2083 2381 2137 tellus
2400 2082 2546 2138 cedet
2573 2090 2851 2156 superata,
2891 2070 3359 2160 pudetque—fateri

308 2163 703 2233 Annorumque
724 2166 862 2219 vices
891 2164 1243 2236 dimensaque
1263 2170 1503 2238 tempora
1534 2170 1706 2224 noctis
2067 2169 2162 2224 Res
2184 2170 2326 2225 Latii
2346 2173 2555 2227 victas!
2582 2174 2697 2241 Ait,
2731 2174 3023 2247 accirique
3046 2178 3280 2234 sodales
3305 2176 3309 2181 ’

308 2251 555 2319 Quatuor
610 2254 660 2306 et
714 2252 911 2307 mundi
962 2261 1169 2325 partes,
1228 2261 1497 2325 quantum
1534 2264 1716 2311 arctus
1744 2256 1813 2311 ab
1921 2254 2026 2310 460
2065 2256 2339 2328 Imperat.
2371 2260 2700 2315 Excurrunt
2720 2265 2914 2318 vastos
2939 2264 3125 2319 excita
3153 2281 3258 2337 per
3285 2280 3459 2338 agros

1606 2347 1811 2415 [austro
2059 2344 2334 2415 Agmina,
2366 2361 2531 2403 amor
2559 2347 2776 2418 quibus
2832 2352 2921 2404 est
2950 2349 3132 2420 pacis,
3187 2350 3328 2421 quia
3376 2349 3561 2424 gloria

156 2428 269 2483 110
308 2430 377 2485 Et
406 2435 670 2500 quantum
695 2444 913 2485 occasus
935 2446 1083 2485 roseo
1103 2433 1364 2487 consistat
1392 2432 1459 2486 ab
1490 2441 1631 2498 ortu,
3387 2441 3561 2511 [curse

302 2517 534 2585 Metiris,
560 2518 752 2573 subeat
781 2521 1023 2589 geminos
1052 2523 1111 2574 ut
1135 2520 1475 2590 phosphorus
1506 2524 1675 2590 ortus,
2062 2521 2340 2577 Natorum
2365 2522 2667 2594 dulcisque
2694 2524 2926 2596 domus,
2947 2525 3245 2598 vitamque
3264 2527 3454 2599 perosi

302 2604 619 2663 Przecedens
648 2623 797 2662 nunc
827 2607 968 2662 Solis
997 2624 1159 2679 equos
1185 2609 1497 2682 pellensque
1542 2611 1807 2677 tenebras,
2060 2609 2390 2666 Adveniunt
2420 2611 2648 2683 placido
2679 2612 2982 2684 glomerati
3008 2618 3243 2685 pectora
3274 2615 3415 2689 regi.

304 2694 491 2751 Noctis
519 2699 648 2764 agat
671 2712 793 2766 prae
820 2712 879 2751 se
904 2697 1110 2769 gelidos
1138 2697 1665 2771 aliquaudojugales
1684 2717 1704 2754 :
2064 2698 2569 2770 Exacuuntjustas
2598 2700 2811 2757 subitis
2842 2702 3179 2759 rumoribus
3209 2702 3347 2759 iras.

310 2783 477 2839 Testis
508 2783 690 2840 adesto
702 2786 854 2856 pius,
880 2801 1188 2857 noxamque
1206 2789 1419 2843 remitte
1436 2790 1667 2855 cruoris,
1922 2786 2025 2840 165
2066 2785 2330 2858 Undique
2349 2787 2571 2844 collecti
2586 2791 2899 2860 postquam
2921 2806 3129 2846 venere
3149 2790 3418 2864 manipli,

164 2870 269 2927 145
308 2870 372 2926 Si
398 2888 594 2927 manus
618 2871 738 2928 hac
756 2874 948 2929 mortis
965 2875 1154 2929 tulerit
1170 2874 1453 2947 dispendia
1477 2876 1667 2937 Gallis.
2061 2874 2285 2945 Ingenti
2307 2876 2539 2934 fremitu
2564 2878 2781 2947 pariter
2809 2877 2978 2934 ducis
3009 2882 3145 2935 ante
3164 2878 3424 2935 tribunal

305 2960 495 3016 Debita
517 2962 649 3031 jure
668 2960 810 3016 mihi
828 2965 1048 3034 raptum
1071 2964 1153 3018 ire
1202 2964 1509 3019 volentibus
1535 2982 1670 3020 arva
2062 2962 2219 3018 Bella
2240 2963 2412 3019 cient.
2432 2964 2713 3035 Liquidas
2734 2966 2972 3022 tandem
2994 2983 3058 3023 se
3078 2968 3270 3023 reddit
3298 2967 3371 3023 ad
3388 2982 3565 3024 auras

304 3047 645 3119 Infandum!
671 3051 777 3107 Cui
806 3052 959 3105 tanta
985 3052 1104 3106 viro
1131 3066 1381 3109 concessa
1410 3057 1666 3125 potestas,
2059 3051 2360 3107 Terribilis
2373 3052 2597 3118 ductor,
2632 3054 2866 3124 quando
2889 3053 3043 3110 latus
3065 3071 3239 3111 omne
3252 3055 3365 3112 sub
3383 3055 3565 3112 armis

298 3137 381 3192 Me
410 3138 593 3208 regnis
619 3139 839 3209 privare
861 3142 887 3192 .9
906 3138 1059 3195 Sedet
1078 3140 1396 3207 si,conditor
1424 3143 1591 3208 orbis,
1836 3129 1879 3195 C
2062 3140 2270 3195 Ferrea
2290 3145 2423 3197 suta
2449 3145 2665 3208 terunt,
2691 3141 2968 3198 humeros
2989 3146 3047 3198 et
3074 3146 3311 3214 pectora
3340 3141 3460 3199 late

300 3226 410 3280 Pro
438 3226 613 3298 culpis
644 3226 860 3283 abolere
878 3228 1040 3297 viros,
1062 3229 1147 3283 nil
1181 3231 1298 3284 vita
1325 3229 1621 3297 retardent,
1910 3227 2014 3283 470
2051 3227 2552 3286 Flammeusorbis
2571 3229 2944 3302 habetcapiti,
2967 3230 3560 3296 tremitaereacnssis,

155 3314 261 3367 120
298 3313 404 3369 Sed
428 3330 530 3385 per
552 3320 747 3371 cuncta
776 3324 943 3371 ruant
988 3318 1165 3388 fastus
1195 3316 1541 3383 discrimina,
1587 3318 1801 3391 quando
2053 3316 2121 3371 Et
2149 3316 2383 3387 gemino
2403 3316 2604 3371 dextra
2624 3314 2872 3371 rutilant
2900 3316 3140 3373 hastilia
3169 3318 3342 3388 ferro,

296 3404 498 3458 Ferrea
518 3404 641 3474 jam
659 3403 862 3460 scindit
882 3406 1165 3461 morituris
1191 3407 1431 3469 stamina
1452 3406 1659 3476 Clotho,
2052 3405 2221 3459 Ensis
2255 3404 2311 3459 in
2344 3419 2440 3461 ore
2471 3404 2647 3461 etiam
2685 3403 2965 3476 praeclara
2995 3403 3247 3478 refulget
3275 3405 3458 3476 iaspis

297 3492 374 3547 Ac
400 3491 618 3547 miseris
637 3492 751 3547 diri
764 3495 957 3564 capitis
974 3493 1319 3550 discriminat
1347 3511 1554 3564 angues

2051 3490 2282 3545 Pulcher
2305 3489 2471 3545 honos
2526 3506 2817 3562 regumque
2835 3490 3017 3558 decus,
3035 3492 3359 3561 fortissima,
3385 3493 3557 3564 pubes

296 3580 501 3645 Alecto,
517 3580 734 3637 crudele
753 3584 943 3653 nefas!
966 3583 1264 3639 Acheronte
1288 3584 1391 3640 sub
1422 3585 1550 3639 imo.
2053 3578 2114 3633 In
2149 3578 2355 3634 mediis
2387 3595 2578 3647 orsus,
2600 3579 2783 3634 rabidi
2810 3581 3137 3635 commercia
3165 3580 3354 3635 Martis

382 3668 505 3725 Nox
524 3669 924 3726 subitinterea
951 3670 1127 3727 variis
1159 3670 1437 3727 distincta
1466 3670 1692 3743 ﬁguris,
1913 3668 2017 3721 175
2052 3668 2277 3723 Praesto.
2328 3668 2519 3723 Manus
2557 3668 2751 3738 capulo
2798 3669 2872 3723 sil
2912 3676 3078 3739 parta
3119 3668 3445 3740 animusque
3471 3669 3558 3725 la-

156 3758 263 3814 125
299 3760 445 3814 Cum
476 3762 643 3830 pater
670 3757 941 3832 egregius
968 3763 1118 3815 tecto
1138 3776 1268 3817 sese
1288 3759 1489 3816 intulit
1508 3758 1625 3817 alto
3388 3757 3556 3828 [bori,

300 3850 441 3903 Post
468 3845 693 3917 epulas,
717 3846 818 3905 ubi
862 3848 1127 3905 membra
1155 3852 1280 3906 toro
1312 3848 1527 3906 laxavit
1556 3848 1798 3905 honoro.
2058 3848 2121 3903 Ut
2149 3846 2294 3902 decet
2323 3847 2603 3917 egregios!
2636 3846 2879 3916 Regnum
2906 3846 3038 3916 quia
3064 3843 3252 3901 tollere
3266 3860 3491 3917 pessum

382 3940 597 3991 Annua
623 3934 715 3993 vix
744 3940 863 3991 toto
894 3935 1210 3993 rutilarunt
1252 3937 1445 3994 sidera
1474 3938 1696 3993 mundo
2061 3934 2207 3992 Wido
2226 3936 2375 4001 velit,
2392 3946 2600 3991 certum
2618 3942 2693 3991 est
2712 3936 2875 3992 sociis
2905 3936 3065 4005 atque
3087 3950 3222 3989 arva
3248 3936 3454 3991 vocatis

302 4022 448 4079 Pace
480 4022 591 4083 sub
621 4023 839 4081 hac.En
859 4025 1081 4081 fraudis
1103 4027 1225 4098 agit
1244 4026 1566 4083 tenlamina
1586 4026 1799 4098 praedo,
2050 4026 2281 4091 Partiri,
2322 4032 2371 4083 et
2399 4025 2623 4095 gremiis
2642 4024 2910 4096 juvenum
2937 4022 3231 4097 subducere
3244 4027 3451 4095 pactas.

301 4111 429 4175 Qua
452 4112 637 4173 secuit
666 4114 966 4185 quondam
1004 4114 1193 4171 aerias
1219 4131 1317 4171 rex
1343 4115 1559 4172 Pmnus
1582 4116 1695 4188 (23)
2054 4112 2116 4168 Si
2142 4114 2284 4183 foret
2313 4111 2442 4168 huic
2462 4114 2683 4168 animus
2704 4129 2916 4168 mecum
2934 4113 3225 4183 conﬂigere
3251 4112 3383 4179 solo,

1618 4206 1803 4270 [aceto
1919 4200 2018 4255 180
2056 4202 2120 4257 Ει
2146 4202 2324 4272 partis
2348 4202 2458 4272 (25)
2494 4201 2716 4272 diﬂerre
2743 4203 2920 4271 nefas,
2951 4200 3092 4272 quod
3114 4202 3344 4269 ﬂuctuat
3390 4201 3565 4256 armis

155 4289 260 4344 430
299 4287 539 4361 Imperii
569 4288 818 4362 cupidus
838 4289 1170 4349 cautes.Ubi
1191 4288 1453 4347 constitit
1471 4290 1589 4347 oris
2053 4290 2359 4345 Mersurum
2385 4290 2613 4359 populos
2638 4294 2656 4342 !
2675 4288 2792 4353 Ait,
2809 4292 2867 4343 et
2914 4288 3244 4358 spumantis
3301 4287 3563 4344 habenas

298 4376 665 4444 ltalize,nuno
694 4375 791 4435 ille
812 4376 1339 4449 minis,aliquando
1360 4382 1585 4450 rogatu,
2056 4376 2267 4449 Implet
2313 4376 2470 4447 equi,
2520 4389 2895 4446 praecepsque
2944 4374 3089 4445 petit
3116 4373 3371 4429 conﬁnia
3399 4373 3561 4442 belli,

300 4465 618 4537 Sollicitatj
627 4483 879 4525 uvenum
892 4466 1001 4524 hoc
1014 4467 1200 4523 ﬂuxas
1214 4482 1481 4522 sermone
1499 4469 1761 4525 catervas
1784 4481 1798 4521 :
1833 4483 1879 4549 Ι)
2055 4466 2181 4529 Qua
2194 4479 2406 4519 manus
2419 4462 2649 4549 hostilis
2662 4462 2896 4549 Latium
2920 4461 3337 4533 pessumdabat
3353 4461 3559 4549 armis.

299 4556 558 4627 Quisquis
587 4559 707 4611 avet
753 4555 945 4613 solidis
981 4555 1302 4626 protendere
1332 4555 1561 4625 legimus
1595 4568 1799 4623 aevum,
1835 4547 1842 4549 ⁷
2054 4550 2158 4607 Hic
2190 4549 2333 4607 coelo
2365 4554 2431 4606 ut
2458 4548 2702 4621 pepullit
2729 4547 2952 4620 gelidas
2981 4563 3193 4603 aurora
3218 4547 3491 4605 tenebras

298 4646 367 4699 Et
395 4646 569 4715 fasces
589 4652 805 4701 mutare
822 4643 996 4710 ducis,
1032 4658 1158 4715 quae
1184 4642 1454 4699 tendimus
1481 4643 1626 4700 ultro
1914 4640 2021 4694 185
2060 4640 2343 4695 Rorantes
2371 4653 2619 4695 excussa
2649 4653 2848 4693 comas
2879 4635 3252 4706 multumque
3291 4635 3563 4706 sequenti

155 4734 260 4789 135
298 4734 420 4789 Rite
436 4732 822 4805 fruensdonis,
843 4736 1056 4789 nostros
1069 4732 1372 4805 glomerare
1386 4732 1656 4801 maniplos
2053 4727 2187 4783 Sole
2216 4727 2456 4822 rubens,
2478 4724 2761 4822 galeaque
2778 4723 2902 4822 viri.
2918 4722 3143 4779 clusere
3170 4722 3385 4822 minaci

296 4822 374 4881 Ne
400 4828 685 4879 cunctetur
711 4837 896 4877 ovans.
931 4821 1198 4891 Cuiquam
1217 4821 1266 4875 si
1282 4823 1423 4891 forte
1446 4820 1659 4875 videtur
2051 4816 2190 4881 Ora,
2221 4815 2490 4886 tubzeque
2518 4816 2747 4878 sonant,
2779 4811 3056 4883 vocisque
3072 4810 3324 4866 resultat
3343 4810 3539 4884 imago

296 4911 477 4965 Futile
503 4909 641 4981 quod
660 4912 916 4981 ferimus,
948 4910 1114 4965 robur
1138 4911 1268 4979 quia
1290 4910 1448 4981 ponit
1472 4910 1530 4963 in
1559 4909 1729 4969 armis
2049 4903 2397 4997 Partiteque
2425 4903 2579 4997 vices
2599 4899 2885 4997 tolluntur
2902 4900 2962 4955 in
2987 4914 3221 4997 aequora
3238 4900 3463 4971 gentes.
3502 4919 3561 4997 μ’

298 5000 614 5070 Brengarii,
637 4998 876 5054 stimulis
898 4994 1031 5054 olim
1050 4999 1185 5070 quia
1211 5001 1388 5053 motus
1417 4998 1624 5069 iniquis
2056 4988 2257 5054 Qualis
2290 4989 2401 5061 (26)
2426 4987 2548 5055 ubi,
2582 4986 2784 5042 audito
2814 4990 3133 5042 venantum
3166 4986 3568 5053 murmure,ti-

298 5087 532 5143 Finibus
561 5086 802 5143 absentes
832 5085 1015 5143 Gallos
1062 5086 1312 5159 quaesivit
1357 5086 1601 5141 Etruscis
1629 5102 1651 5148 ;
1689 5084 1801 5158 (24)
3409 5071 3562 5147 [ενίε

160 5175 264 5232 140
304 5176 546 5245 Quantus
567 5177 626 5231 in
639 5192 798 5232 arma
827 5179 995 5248 feror,
1021 5177 1224 5248 patriis
1246 5175 1327 5230 vel
1347 5182 1580 5247 quantus
1599 5174 1668 5229 ab
1693 5174 1804 5230 oris
1920 5169 2026 5226 190
2062 5163 2369 5224 Horruitin
2384 5162 3033 5235 maculas,somnosque
3047 5163 3307 5220 excussit
3324 5160 3562 5232 inertes,

296 5315 619 5392 Diaeta-7
641 5332 696 5392 v_.
727 5313 852 5392 400,
891 5332 961 5371 ea:
991 5314 1127 5370 Stat.
1170 5312 1325 5370 Theb.
1368 5312 1438 5382 ll,
1466 5330 1517 5369 v.
1554 5312 1659 5369 412
1686 5327 1801 5385 sqq.
1989 5308 2230 5392 (25)'Ita.
2256 5324 2331 5375 c.,
2354 5306 2393 5362 i.
2430 5322 2480 5363 e.
2517 5301 2757 5378 paratis,
2789 5303 2910 5360 ideo
2940 5303 3085 5361 suis.
3109 5334 3176 5343 -—
3217 5301 3409 5361 Paetis
3446 5301 3559 5361 ναι.

231 5386 325 5460 (22
379 5389 457 5443 Ita
486 5386 631 5454 edd.,
663 5386 908 5443 ﬂumina
936 5402 987 5442 ο.
1474 5458 1479 5461 _

254 5459 325 5512 23
375 5458 636 5515 Annibal.

230 5386 346 5610 E24;
379 5530 462 5605 Cf.
491 5531 636 5586 Ann.
664 5528 849 5596 Fuld.,
878 5544 931 5585 a.
956 5524 1063 5583 883

2013 5396 2198 5526 3.632%
2233 5447 2494 5523 189-194,
2518 5447 2723 5505 ductor
2737 5444 2797 5503 in
2814 5462 2883 5503 ea:
2906 5444 3071 5503 Statii
3103 5443 3257 5503 Theb.
3275 5445 3342 5514 ιι,
3373 5459 3427 5504 υ.
3454 5440 3562 5509 ,128

252 5524 346 5605 24)
379 5530 462 5605 Cf.
491 5531 636 5586 Ann.
664 5528 849 5596 Fuld.,
878 5544 931 5585 α.
956 5524 1063 5583 883
1904 5538 2029 5603 sqq.

480 5656 746 5723 Persen.
790 5653 935 5721 CLI.

3168 5642 3249 5731 41,
