3924 6210
184 226 352 290 1293
1048 223 1414 290 ANONYMI
1457 223 1860 288 PANEGYB.
1903 220 2238 289 BERENG.
2284 224 2446 292 IMP.
2490 228 2638 292 LIB.
2683 231 2764 295 II.
3461 233 3616 295 I205

1162 426 1573 511 INCIPIT
1634 425 1954 510 LIBER
2017 425 2652 515 SECUNDUS.

369 575 642 632 Fluctuat
673 576 896 632 interea
927 575 1118 645 Wido,
1183 576 1506 647 crebroque
1553 577 1847 642 retractat,
1882 577 1935 642 Α
1964 575 2035 629 35
2071 575 2353 632 Collectos
2385 577 2562 633 etiam
2595 577 2758 633 ducit
2788 577 3103 635 Wilelmus
3135 580 3358 635 amicos

300 664 484 720 Milite
515 681 630 735 quo
663 664 883 720 bellum
914 669 1160 730 moveat,
1198 680 1324 736 quae
1359 668 1594 735 pectora
1645 663 1851 719 sollers
2066 664 2176 718 Ter
2205 670 2462 734 centum,
2497 666 2680 722 lorica
2711 666 2939 724 habiles
2970 667 3253 740 galeaque
3285 669 3564 736 minaces,

298 755 620 810 Protendat
652 753 820 808 ferro.
856 753 1082 808 Placuit
1107 755 1399 810 sententia
1429 753 1689 818 demum,
2066 753 2178 808 Nec
2202 753 2404 824 jaculo
2437 771 2667 828 segnes.
2703 755 2974 812 Totidem
3008 756 3282 829 propelilt
3311 757 3570 814 Ubaldus

295 843 582 898 Sollicitet
612 842 802 915 patria
833 842 1079 915 populos
1113 841 1319 897 tellure
1351 841 1602 913 quietos,
3426 847 3540 919 (44)

217 935 257 988 5
298 931 620 997 Unanimes
652 948 766 1003 quo
814 930 964 986 bella
1015 932 1202 986 ferant
1253 931 1521 1002 viresque
1573 930 1851 985 reducant
2068 931 2369 986 Consimili
2401 933 2646 988 fervore.
2681 934 2856 990 Vacat
2882 951 2997 990 non
3030 935 3286 1008 denique
3309 935 3541 1010 vulgus,

297 1021 550 1088 Effaatas,
585 1020 946 1092 paribusque
976 1019 1169 1075 solum
1203 1020 1506 1091 potiantur
1535 1018 1799 1073 habenis.
2067 1018 2330 1074 Instabili
2363 1025 2590 1076 motum
2624 1023 2820 1078 studio
2849 1023 3215 1097 modicisque
3249 1025 3573 1098 magistris,

297 1114 542 1165 Summe
597 1114 768 1175 Deus,
829 1108 931 1181 qui
991 1113 1206 1165 cuncta
1264 1109 1442 1178 foves,
1500 1107 1598 1178 qui
1639 1111 1850 1162 cuncta
1958 1107 2025 1160 40
2065 1106 2306 1174 Profari,
2339 1111 2693 1182 quandoque
2725 1119 2963 1168 manent
2994 1113 3053 1168 hi
3086 1114 3232 1170 forte
3263 1113 3494 1171 labores

1518 1196 1773 1267 (creasti,
2065 1194 2438 1268 Doctiloquos
2464 1215 2478 1266 ;
2513 1199 2782 1256 mihimet
2813 1218 3110 1258 summam
3136 1202 3402 1276 tetigisse
3429 1202 3609 1259 duelli

298 1288 408 1353 Qui
441 1287 595 1360 regis
625 1287 869 1359 imperio
909 1287 1142 1355 coelum,
1178 1303 1357 1355 mare,
1391 1286 1603 1353 sidera,
1638 1290 1844 1354 terras,
3421 1292 3534 1364 (45)

295 1376 403 1442 Qui
455 1376 598 1432 facis
633 1380 791 1432 astra
840 1376 1057 1432 micent
1106 1380 1163 1430 et
1195 1377 1363 1448 signa
1406 1374 1684 1430 micantia
1715 1390 1845 1429 cur-
2062 1372 2346 1428 Sufficiat.
2379 1373 2635 1430 Veniunt
2659 1377 2857 1444 etiam,
2881 1378 3225 1436 discrimina
3255 1395 3461 1452 campo

1598 1465 1770 1533 (rant,
2061 1460 2168 1523 Qui
2200 1477 2388 1532 nuper
2417 1462 2693 1532 tulerant,
2727 1483 2968 1522 numero
3000 1472 3088 1523 ter
3105 1468 3282 1536 mille,
3307 1467 3606 1541 magistris

185 1556 256 1612 10
295 1555 377 1611 Te
409 1571 632 1628 precor,
699 1554 954 1620 intende,
990 1558 1044 1608 et
1095 1552 1368 1608 mihimet
1426 1568 1699 1607 succurre
1752 1568 1843 1607 ro-
2062 1549 2324 1605 Conserti
2358 1552 2576 1622 pariter
2608 1554 2844 1625 stupido
2874 1557 3235 1612 restantibus
3267 1574 3402 1613 arvo

1584 1640 1771 1712 {ganti
1953 1637 2023 1690 45
2062 1637 2397 1694 Infandum.
2434 1640 2602 1695 Feret
2634 1641 2728 1696 his
2759 1642 2945 1698 satius
2967 1645 3252 1700 cecidisse
3281 1644 3496 1713 duello,

295 1736 375 1788 Ac
404 1749 616 1788 sensus
648 1731 889 1787 infunde
922 1749 1103 1800 meos,
1137 1730 1490 1787 commercia
1523 1729 1654 1784 belli
2057 1725 2239 1788 Quam
2276 1727 2521 1783 miseros
2554 1729 2768 1785 vidisse
2800 1731 2945 1787 dies.
2978 1733 3126 1788 Nam
3154 1733 3385 1806 dispare
3416 1735 3535 1790 fato

295 1821 644 1892 Illectosque
672 1821 849 1876 duces
883 1820 980 1875 vili
1016 1821 1360 1876 subnectere
1391 1820 1601 1874 chartae
2060 1815 2407 1886 Disperiere.
2480 1817 2656 1873 Jubet
2737 1821 2974 1876 tandem
3035 1821 3147 1893 (46)
3208 1823 3607 1880 Lamberticus

296 1914 420 1976 Quo
452 1909 674 1966 valeam
703 1909 714 1964 !
749 1910 912 1965 Prior
939 1926 1099 1964 arma
1132 1910 1281 1981 rapit
1303 1910 1428 1980 jam
1460 1907 1843 2008 Gallicusnhe-
1869 1945 1917 2008 Β
2061 1996 2099 2008 ﬂ
2225 1993 2234 2003 .
2652 2001 2660 2008 _
3165 1912 3535 2008 [horror-(47)

1513 1997 1767 2068 ['ros(/il)
1869 1993 1917 2008 "
2060 1993 2424 2065 Pracipuum
2485 1996 2597 2067 (48)
2646 2001 2959 2067 truncare;
3024 2000 3121 2056 siti
3175 2001 3325 2072 perit
3371 1999 3518 2057 alter
3545 2001 3604 2056 in

292 2089 498 2145 Aerios
530 2088 780 2144 ducibus
813 2093 1041 2144 montes
1067 2086 1486 2159 superantibus
1517 2090 1748 2156 auctus,
3313 2089 3528 2160 [arvis;

188 2180 256 2234 15
293 2176 618 2234 Anscherio
650 2193 783 2232 cum
834 2177 1010 2232 fratre
1042 2175 1240 2242 simul,
1288 2175 1382 2247 qui
1409 2175 1544 2245 jure
1575 2177 1838 2246 protervo
1915 2187 1917 2189 ·
2056 2169 2383 2242 Ungrorum
2416 2173 2576 2245 cupit
2605 2173 2891 2231 infaustas
2921 2177 3151 2233 differre
3180 2178 3425 2250 sagittas

294 2267 658 2338 Quingentos
688 2270 908 2320 acuunt
941 2265 1172 2336 propria
1201 2264 1269 2318 de
1299 2268 1468 2335 gente
1514 2263 1836 2330 ministros,
1947 2259 2018 2312 50
2057 2258 2312 2323 Tertius,
2345 2259 2462 2315 alta
2493 2260 2610 2332 poli
2641 2264 2871 2319 scandit
2896 2282 3287 2338 supremaque
3317 2267 3480 2339 ponti

294 2357 620 2412 Instructos
651 2354 847 2410 animo
879 2359 935 2408 et
965 2353 1196 2425 gladiis,
1243 2370 1347 2408 nec
1396 2353 1617 2408 viribus
1667 2352 1835 2406 infra.
2054 2347 2285 2415 Tristis,
2315 2352 2380 2403 ut
2411 2348 2682 2406 almificis
2713 2367 2841 2407 sese
2873 2352 3182 2409 sustollere
3212 2355 3458 2427 sceptris

295 2443 618 2501 Gauslinus
649 2449 736 2499 ter
764 2448 996 2499 centum
1029 2441 1276 2514 equites,
1306 2443 1424 2497 fera
1455 2440 1604 2496 bella
1651 2440 1839 2496 volen-
2057 2435 2221 2490 Forte
2253 2441 2446 2507 queat.
2482 2438 2798 2496 Hominum
2827 2458 2930 2512 pro
2965 2458 3129 2498 mens
3161 2443 3366 2516 ignora
3394 2444 3600 2500 futuri!

1634 2531 1762 2600 (tes,
2055 2524 2219 2578 Nunc
2253 2525 2405 2581 acies
2435 2525 2785 2598 glomerant,
2821 2529 3040 2586 bellum
3093 2548 3454 2604 numeroque
3490 2534 3602 2589 mi-

291 2620 668 2678 Praacelerare
709 2621 916 2692 jubet;
985 2619 1204 2692 pariter
1253 2618 1550 2674 contendit
1589 2618 1838 2674 Ubertus
3290 2622 3532 2693 [nantur

185 2713 255 2766 2O
317 2710 416 2765 Bis
447 2714 681 2765 centum
725 2726 828 2781 pro
889 2708 1061 2764 laude
1107 2709 1296 2775 viros;
1328 2708 1531 2763 eadem
1561 2707 1837 2763 omnibus
2057 2703 2362 2770 Ltetantes,
2399 2703 2741 2778 timidisque
2770 2708 2946 2764 etiam
2966 2709 3157 2766 brevis
3189 2711 3387 2767 addita
3414 2711 3602 2769 virtus

1583 2799 1770 2867 (arma
1947 2790 2018 2843 55
2056 2789 2163 2845 Per
2195 2793 2420 2848 medios
2454 2795 2624 2850 Wido
2659 2795 2979 2853 incendens
3010 2803 3274 2871 gratatur
3301 2801 3528 2868 amicis,

292 2889 362 2943 Et
391 2886 585 2943 cultus
641 2885 876 2952 similis,
909 2886 1229 2958 patriasque
1295 2885 1354 2940 in
1387 2890 1617 2957 pectore
1662 2886 1836 2941 vires.
2056 2879 2439 2952 Exsultatque
2496 2882 2609 2954 («’19)
2646 2884 2882 2954 animis,
2941 2890 2998 2942 et
3041 2904 3144 2960 spe
3187 2889 3315 2960 jam
3345 2888 3608 2962 praecipit

291 2984 475 3032 Arma
503 2976 614 3047 (42)
639 2974 840 3048 legens
871 2974 1110 3030 inimica
1155 2974 1367 3030 iterum
1419 2974 1719 3046 Tyrrhena
1744 2974 1838 3046 ju-
3243 2977 3524 3049 [hostemz

1515 3064 1766 3134 Demus,
2055 3055 2252 3119 Qualis
2282 3058 2381 3113 ubi
2413 3059 2683 3132 abruptis
2709 3063 2861 3136 fugit
2890 3065 3176 3138 praesepia
3198 3066 3406 3122 vinclis

293 3154 518 3227 Inclyta
550 3169 694 3226 gens
726 3154 972 3221 dudum,
1007 3158 1288 3225 terraeque
1321 3153 1617 3224 marisque
1647 3151 1840 3208 duello
2055 3145 2308 3200 Tandem
2339 3145 2488 3202 liber
2516 3165 2724 3220 equus,
2759 3169 3082 3225 campoque
3111 3155 3332 3226 potitus
3372 3159 3598 3227 aperto,

290 3245 445 3316 Apta
502 3242 666 3308 satis,
729 3243 901 3297 modo
962 3242 1064 3296 sed
1125 3241 1397 3296 malenda
1452 3247 1508 3296 et
1566 3242 1836 3313 degener,
1875 3305 1909 3316 Α
2055 3234 2170 3288 Aut
2202 3233 2296 3289 ille
2325 3235 2383 3288 in
2415 3241 2618 3307 pastus
2650 3245 3030 3313 armentaque
3069 3244 3257 3298 tendit
3283 3260 3592 3316 equarum,

1589 3305 1765 3401 [υἷιιςο
1822 3305 1829 3308 Ὗ
1869 3305 1910 3371 C
1947 3321 2017 3374 60
2053 3324 2167 3376 Aut
2196 3305 2469 3379 assuetus
2501 3343 2666 3397 aqum
2691 3305 2962 3400 perfundi
2994 3331 3236 3388 ﬂumine
3267 3305 3404 3388 noto
3451 3356 3456 3360 ·

177 3423 254 3477 25
293 3419 454 3477 Bella
503 3419 701 3491 cupit;
763 3420 1095 3492 pariterque
1150 3419 1357 3475 cohors
1405 3419 1712 3474 Camerina
1742 3436 1839 3474 su-
2056 3409 2293 3476 Emicat,
2327 3413 2684 3486 arrectisque
2715 3417 2910 3473 fremit
2939 3418 3259 3476 cervicibus
3289 3421 3404 3477 alte

1557 3507 1769 3580 [perbit
2056 3499 2402 3565 Luxurians,
2418 3500 2750 3576 luduntque
2769 3505 2925 3576 jubaa
2941 3524 3042 3579 per
3053 3507 3222 3580 colla,
3237 3526 3341 3582 per
3370 3527 3587 3567 armos.

297 3599 537 3654 Munere
569 3601 864 3664 natorum,
899 3596 1237 3670 subigitque
1265 3595 1322 3651 in
1355 3596 1511 3652 bella
1540 3596 1769 3653 sodales
2124 3591 2392 3643 Senserat
2417 3587 2758 3650 horrisonos
2788 3596 3024 3651 tandem
3058 3598 3256 3654 saevire
3282 3597 3507 3655 furores

297 3686 473 3742 Mille,
508 3687 626 3741 sua
655 3686 888 3751 virtute,
926 3686 1115 3758 magis
1167 3687 1267 3742 sed
1300 3685 1460 3758 prole
1492 3686 1741 3758 supinus
1772 3716 1838 3726 -
2055 3676 2425 3748 Armipotens
2459 3679 2604 3734 Latii
2636 3681 2835 3751 decus,
2868 3688 2925 3739 et
2954 3701 3089 3757 spes
3122 3685 3338 3759 inclyta
3368 3686 3504 3742 belli

296 3775 435 3830 post
462 3777 786 3830 monstrata
817 3774 960 3829 ﬁdes
987 3805 1053 3814 _.
1084 3779 1326 3829 centeno
1358 3773 1542 3830 milite
1573 3774 1740 3830 laetus
1947 3766 2019 3820 65
2057 3766 2233 3820 Arma
2259 3766 2392 3833 ciet,
2443 3769 2962 3842 primisquevirum
2981 3776 3262 3848 regnique
3285 3777 3596 3834 ministris.

299 3864 528 3935 Pauper
581 3862 774 3918 adhuc
831 3862 1099 3918 Albricus
1153 3863 1294 3928 abit,
1319 3865 1446 3934 jam
1485 3865 1729 3936 jamque
1759 3879 1841 3919 re—
2059 3854 2234 3909 OCiUS
2266 3857 2480 3912 ἃσείῖειε
2515 3866 2725 3932 cogant
2755 3859 2815 3917 in
2846 3863 3044 3935 ΡΓωῙίᾶ
3073 3868 3323 3934 turmas.

1565 3952 1770 4024 [sultat
2055 3942 2331 4015 Imperat,
2366 3963 2430 4000 ac
2463 3946 2614 4004 latas
2638 3955 2886 4007 vacuent
2915 3951 3318 4010 habitantibus
3349 3955 3546 4012 urbes.

181 4041 253 4096 30
291 4040 407 4112 Spe
461 4038 768 4096 Camerina
815 4041 950 4112 (45).
988 4041 1220 4096 Utinam
1281 4040 1440 4097 dives
1495 4040 1621 4097 sine
1654 4046 1840 4098 morte
2051 4031 2248 4088 ιῖυεδίο
2281 4037 2443 4090 ἴθυνα
2476 4053 2678 4094 Πιεεᾶΰὸ
2709 4038 2852 4094 ῙῐᾶῘο
2877 4041 3004 4111 jam
3036 4043 3284 4114 PBI'fUI‘it
3311 4060 3471 4111 αι’νορ

1483 4129 1761 4201 [εοῙειάίει
2053 4119 2415 4178 Conveniant
2447 4141 2631 4180 nocuo
2663 4143 2868 4184 rursus
2893 4129 3204 4188 decernere
3235 4132 3406 4188 ferro.

287 4216 462 4283 Quid,
496 4217 831 4287 furibunde,
863 4219 1009 4286 ruis,
1043 4219 1217 4274 sociis
1250 4220 1320 4274 ad
1355 4219 1603 4276 crimina
1650 4219 1837 4289 lectis,
1944 4210 2016 4263 70
2053 4207 2192 4272 QUiS
2249 4210 2345 4281 1)ίᾶ
2367 4213 2505 4283 jura
2564 4213 2794 4285 Place"t
2855 4222 3023 4274 notas
3082 4220 3288 4275 θΧίηάθ
3341 4221 3453 4292 (50)
3495 4237 3601 4294 P9P

291 4305 564 4378 Ragineri
588 4305 616 4361 ?
646 4306 769 4363 Non
801 4306 1046 4364 consilio
1081 4324 1184 4364 nec
1212 4308 1431 4364 viribus
1463 4307 1620 4375 ullis,
3326 4309 3524 4374 [urbes

291 4393 580 4460 Vincitur,
616 4395 863 4452 mtbereo
894 4413 1104 4453 causas
1135 4396 1234 4468 qui
1269 4400 1473 4468 pensat
1502 4396 1746 4468 Olympo

2051 4383 2204 4438 Laeta
2233 4401 2464 4452 novare,
2497 4389 2659 4444 nefas
2690 4391 2891 4446 ardet!
2925 4394 3018 4450 Sic
3050 4399 3298 4466 praepete
3321 4401 3485 4452 motu

287 4483 519 4555 Quique
550 4484 901 4558 Berengario
934 4485 1202 4542 Latinum
1238 4485 1527 4541 concessit
1577 4485 1824 4544 avitum.

2048 4472 2234 4526 Comit
2293 4490 2478 4545 equos
2537 4479 2818 4550 artusque
2878 4482 3013 4539 terit
3041 4483 3151 4554 (51)
3209 4483 3447 4540 thorace
3488 4486 3594 4556 ju-

3265 4577 3513 4639 [ventus.

246 4633 363 4701 (ΑΗ)
404 4633 579 4690 Wido.

742 4709 937 4777 Antap.
978 4710 1017 4774 I;
1053 4710 1138 4790 l7.
1467 4777 1476 4788 .
1864 4675 1911 4740 Β
1943 4709 2041 4783 qui
2099 4710 2373 4796 tibicines
2421 4720 2718 4784 vocantur,
2775 4720 2992 4791 quibus
3044 4723 3218 4777 datur
3264 4723 3482 4796 aliquid
3518 4727 3592 4782 ad

270 4777 364 4843 43)
398 4776 629 4832 Glossa:
711 4795 804 4832 am
837 4778 1205 4834 Camerinam
1257 4778 1578 4833 marchtam
1631 4781 1834 4846 postea
1944 4781 2129 4838 solam
2188 4789 2357 4839 metri
2410 4789 2918 4846 sustentationem.
2982 4794 3081 4846 Est
3111 4798 3305 4846 autem
3355 4795 3590 4846 tibicem

270 4777 364 4852 43)
398 4776 804 4852 Glossa:Nam
837 4776 1205 4852 Camerinam
1257 4777 1834 4852 marcbiamgpostea
1944 4776 2129 4838 solam
2188 4786 2357 4839 metri
2410 4776 2918 4847 sustentationem.
2973 4776 3081 4848 'Est
3111 4776 3592 4852 autem—tibicen;

179 4848 390 4933 tenuit.
424 4851 780 4933 Certumnest
811 4850 965 4920 quod
982 4851 1300 4933 .Alberieus
1355 4850 1645 4933 interfecit
1675 4865 1833 4930 com-
1945 4853 2177 4933 proprie
2210 4855 2368 4910 furca
2385 4859 2651 4933 apposita
2681 4861 2751 4933 ad
2767 4848 3588 4924 sustentationem-ruentium

177 4924 408 5002 patrem
441 4936 616 4975 suum
646 4919 958 5000 Widonem
980 4919 1037 5002 in
1061 4927 1256 4993 ponte,
1279 4921 1529 5047 cnfidus
1561 4920 1726 4976 bon01

177 4991 430 5072 ideoque
461 4995 623 5062 optat
646 4996 755 5072 iste
785 5008 1117 5072 pervenisse
1133 5011 1266 5050 eum
1300 5010 1333 5049 a
1393 4991 1626 5048 culmen
1659 4991 1726 5048 hc

2044 4919 2272 4992 'ietum;
2308 4919 2774 4986 und'e'Juvenalis
2795 4933 2896 5000 ait,
2931 4919 3593 4995 deincommodivswurbi—s

2044 5011 2189 5051 uens
2217 5014 2292 5072 ία
2326 4998 2442 5054 Nos
2465 5001 2668 5072 urbem
2690 5002 3004 5062 incolimus
3041 5008 3458 5066 tenuitibicine
3480 5009 3592 5066 ful-

181 5061 268 5142 ris
287 5061 445 5142 sine
459 5061 598 5142 nece
629 5061 822 5142 amici.
881 5137 890 5142 _
1027 5135 1046 5142 _
1093 5136 1148 5142 __
1944 5061 2320 5142 tamL_>»_(Sat.
2351 5072 2385 5124 3
2417 5089 2464 5126 v.
2502 5071 2648 5142 193.)

250 5133 490 5229 $329!;
521 5132 1061 5229 EiW£T-.i‘."f‘_‘li:_’z
1089 5136 1179 5229 2}-
1340 5222 1392 5229 _.
1452 5210 1501 5229 ,ι

1557 5204 1790 5229 ,ΜΠ-ψ
1821 5223 1834 5229 _
2162 5132 2907 5229 I‘L'eLarnb'ertusgnWi‘donis
2937 5148 3106 5229 ﬁlii-4.1.

244 5203 632 5294 gallinam:
654 5203 848 5294 Distat
866 5203 1064 5294 autem
1090 5204 1401 5294 Adue‘lli‘um
1447 5210 1505 5262 et
1535 5204 1794 5294 duellum
1821 5223 1834 5274 ;
2163 5203 2401 5294 0.10am;
2410 5203 2869 5287 Magenifredum
2903 5203 3198 5289 signiﬁcat
3219 5239 3238 5282 ;
3270 5225 3340 5294 cf.
3361 5221 3590 5293 Liudpr.

174 5273 642 5352 namgduellium
671 5280 760 5352 est
789 5276 1058 5352 spatium
1081 5292 1196 5348 quo
1214 5275 1433 5352 bellum
1454 5273 1836 5352 praeparatur,
1953 5273 2226 5352 Αήεαροά.
2263 5285 2302 5350 1,
2335 5285 2424 5341 38.

174 5345 445 5430 duellum
487 5345 704 5430 dicitur
733 5345 859 5418 ipse
888 5345 1218 5430 conflictus.
1274 5347 1388 5402 Alii
1446 5345 1651 5404 dicunt
1681 5348 1837 5420 quod
2019 5345 2222 5430 (139)1’.
2272 5345 2502 5430 50-62.
2553 5373 2620 5412 ex
2656 5358 2796 5430 Virg.
2857 5361 2981 5416 ίΕη.
3040 5359 3124 5429 XI,
3177 5379 3229 5419 v.
3264 5363 3588 5427 ast-«497.

177 5416 453 5490 duellum
480 5417 558 5474 sit
589 5416 823 5490 proprie
852 5417 1159 5490 conﬂictus
1187 5419 1461 5475 duorum.
1691 5416 1718 5490 ί
1772 5488 1802 5490 __
2019 5416 2131 5490 (50)
2163 5425 2374 5483 Excide
2404 5445 2450 5484 ο.

245 5488 362 5574 (46)
393 5487 618 5551 οιυωωξ
677 5487 863 5556 Vacat
918 5487 1135 5548 tandem
1175 5493 1232 5548 et
1261 5493 1352 5549 est
1405 5505 1610 5549 versus
1670 5489 1742 5548 de
1767 5488 1842 5550 iis
2019 5487 2132 5575 (51)
2165 5496 2246 5578 Cf.
2279 5497 2323 5558 Ι.
2355 5499 2479 5564 169.

2019 5352 2036 5575 ἓ
