3900 6224
155 516 325 583 4297
1024 517 1388 584 ANONYMI
1429 518 1827 582 PANEGYR.
1869 516 2208 583 suasua.
2251 516 2418 583 IMP.
2461 515 2614 583 LIB.
2657 514 2736 584 II.
3422 494 3579 580 me

309 652 583 708 Extremo
614 650 788 725 galeae
814 652 1122 726 primoque
1156 654 1215 709 in
1247 653 1512 727 margine
1563 670 1780 726 parmae
1846 651 1901 720 Α
2073 654 2162 708 Sic
2188 669 2358 725 genus
2387 668 2546 711 omne
2574 662 2732 709 tuum
2757 652 3003 726 propriis
3030 650 3372 710 discriminet
3405 659 3578 721 arvis,

311 742 534 797 Semita
565 759 683 814 qua
713 742 904 811 lucet;
939 741 1139 798 clausa
1170 743 1508 815 epiraminis
1535 744 1749 799 haustu
2078 744 2139 799 Ut
2168 745 2368 815 fratres
2397 742 2534 799 Italo
2565 752 2749 799 torvus
2777 742 3043 799 discernis
3070 744 3131 798 in
3153 742 3283 813 agro
3315 746 3334 797 !

310 830 475 886 Ilicet
504 830 772 904 cppetiit,
806 831 1059 887 Moriens
1090 831 1317 888 telluris
1344 831 1592 887 alumna:
2076 830 2176 887 His
2206 831 2399 901 dictis,
2432 831 2588 887 volat
2617 831 2843 905 ingenti
2874 830 3123 887 stridore
3154 847 3256 904 per
3286 847 3459 887 auras

154 919 270 976 155
311 918 517 975 Infelix
546 936 809 991 caraeque
840 921 1051 976 domus
1077 920 1492 989 reminiscitur,
1527 925 1701 993 atque
1935 921 2040 975 195
2077 920 2286 993 Cuspis
2316 921 2375 975 in
2409 921 2764 987 adversum,-
2794 920 2993 993 clypeo
3024 920 3125 976 sed
3156 917 3330 992 pulsa
3372 918 3587 992 rigenti

310 1008 541 1063 Damna
565 1008 737 1062 modo
771 1007 1103 1079 Latiisquia
1117 1008 1275 1064 venit
1306 1009 1551 1081 adeptus
1573 1009 1632 1064 in
1651 1009 1821 1064 arvis.
2076 1008 2300 1081 Alipedi
2331 1010 2489 1065 vadit
2520 1013 2769 1065 mortem
2800 1009 2995 1065 latura
3024 1008 3299 1082 superbo.

307 1096 457 1152 Hinc
488 1096 644 1152 acies
675 1095 948 1167 sequitur
979 1113 1125 1153 caeso
1166 1098 1445 1165 ductore;
1478 1098 1735 1170 furitque
2077 1098 2179 1152 Hic
2211 1102 2457 1153 mortem
2515 1097 2782 1155 Albricus
2841 1100 3090 1170 caperet,
3151 1096 3267 1154 nisi
3322 1096 3592 1169 praxim}!

308 1182 658 1239 Ascherium
714 1187 984 1239 sternens
1036 1183 1206 1240 heros
1267 1184 1542 1241 Atesinus
1600 1186 1710 1257 (62)
1769 1189 1826 1240 et
3305 1184 3514 1258 [virtus

1324 1273 1563 1345 [Ollium
1596 1276 1708 1345 (63)
1736 1293 1749 1342 ;
2076 1275 2327 1331 Tolleret
2354 1275 2509 1330 hunc
2515 1276 2799 1347 juvenum
2816 1276 2991 1332 sociis
3012 1278 3070 1332 et
3091 1275 3360 1332 redderet
3371 1274 3577 1332 armis.

310 1361 657 1418 Comminus
695 1361 849 1418 hunc
866 1365 1139 1430 stantem,
1174 1363 1339 1418 metit
1375 1362 1531 1417 hunc
1553 1362 1824 1436 apoplite
2077 1364 2313 1420 Milibus
2347 1364 2459 1437 (68)
2489 1364 2549 1419 in
2609 1363 2819 1420 mediis
2866 1365 3120 1421 vadens:
3184 1364 3325 1434 Quid
3378 1366 3587 1423 inertia

1465 1451 1716 1524 [sectum
3352 1454 3512 1521 [bello

162 1541 274 1596 160
309 1539 563 1612 Cuspide
590 1540 1074 1597 transmissa.His
1107 1540 1295 1595 socios
1327 1540 1658 1596 demitteret
1692 1558 1823 1596 um-
1933 1544 2038 1598 200
2079 1545 2328 1609 Pectora,
2359 1542 2611 1598 Ubertus
2642 1541 2903 1611 ait,duris
2932 1542 3274 1614 praetenditis
3303 1545 3474 1599 armis

1574 1629 1717 1700 [bris
2077 1632 2116 1687 0
2145 1632 2313 1687 Itali?
2334 1633 2525 1687 Potius
2554 1630 2699 1686 vobis
2727 1646 2886 1686 sacra
2906 1630 3105 1701 pocula
3126 1630 3297 1698 cordi,

310 1718 676 1787 Innumeros,
748 1718 805 1774 ni
865 1718 1242 1775 Rhodanicus
1313 1734 1657 1775 succurrere
1715 1720 1821 1774 du—
2076 1720 2283 1791 Saepius
2312 1723 2362 1775 et
2384 1720 2724 1775 stomachum
2752 1718 2945 1775 nitidis
2975 1718 3168 1774 laxare
3186 1720 3414 1792 saginis,

1466 1811 1613 1880 [etor
1639 1809 1752 1879 (64)
2076 1810 2367 1880 Elatasque
2395 1809 2578 1865 domos
2608 1808 2779 1865 rutilo
2807 1809 3013 1880 farcire
3039 1808 3260 1865 metallo
3284 1812 3305 1862 Ι

308 1896 682 1963 Admonitus,
718 1896 886 1952 fessis
918 1897 1111 1951 subito
1142 1897 1366 1952 adforet
1390 1897 1546 1952 ultor
1597 1896 1820 1952 amicis.
2074 1900 2194 1953 Non
2223 1897 2407 1953 eadem
2442 1896 2622 1953 Gallos
2652 1897 2859 1953 similis
2887 1898 2973 1954 vel
2999 1913 3135 1953 cura
3162 1896 3450 1965 remordet,

312 1985 388 2080 lit
416 1983 594 2080 lupus
624 1986 682 2040 in
715 1987 938 2080 campis
956 1986 1217 2080 pecudes
1248 2002 1381 2041 cum
1412 1985 1556 2041 vidit
1584 1986 1821 2080 apertis,
1853 2016 1900 2080 Β
2079 1988 2291 2042 Vicinus
2321 1987 2519 2059 quibus
2566 1994 2619 2042 et
2639 1986 2885 2080 studium
2912 1986 3208 2080 devincere'.
3223 1989 3418 2055 terras,

310 2073 437 2129 Non
468 2074 676 2131 ductor
713 2074 906 2147 gregis
954 2074 1079 2146 ipse
1137 2091 1353 2145 comes,
1413 2092 1525 2130 non
1588 2074 1825 2130 horrida
1854 2073 1895 2080 ”
2078 2080 2504 2148 Depressumque
2534 2076 2705 2132 larem
2733 2074 2926 2146 spoliis
2956 2075 3084 2130 hinc
3112 2074 3239 2130 inde
3265 2074 3463 2131 coactis

1562 2166 1578 2235 [
1586 2168 1761 2219 terret
2075 2165 2388 2220 Sustentare
2408 2170 2427 2218 .'
2461 2164 2637 2220 Miser
2664 2179 2835 2220 voces
2866 2163 3007 2218 dum
3033 2162 3187 2218 tollit
3214 2162 3450 2231 inertes,

160 2252 277 2308 165
313 2252 514 2308 Turba
543 2268 756 2308 canum
786 2270 800 2320 ;
834 2253 973 2321 ruit,
1002 2269 1067 2308 ac
1101 2256 1220 2309 toto
1256 2252 1492 2309 desaevit
1535 2252 1595 2308 in
1645 2270 1779 2308 arvo
1806 2269 1819 2308 :
2073 2254 2253 2309 Hasta
2283 2253 2444 2309 subit
2474 2252 2730 2308 latebras
2763 2251 2947 2307 animi
2976 2254 3239 2307 scrutata
3277 2251 3514 2323 superbi

312 2341 484 2397 Haud
509 2340 676 2397 aliter
699 2341 929 2397 dierum
958 2341 1155 2396 Wildo
1188 2358 1251 2398 se
1277 2342 1431 2397 tollit
1480 2342 1539 2397 in
1570 2358 1784 2414 aequor.
2073 2342 2342 2398 Wilfredi
2375 2341 2588 2397 librata
2617 2357 2799 2396 manu
2832 2356 3008 2413 super
3037 2339 3276 2396 horrida
3305 2339 3515 2396 fantis:

314 2428 417 2484 Hic
447 2428 668 2485 celsum
701 2431 855 2501 quod
887 2431 1071 2485 cernit
1102 2447 1251 2502 equo
1282 2432 1519 2487 turbare
1557 2430 1787 2488 sodales
1930 2431 2036 2486 210
2072 2432 2278 2503 Infelix
2309 2430 2479 2499 Galle,
2513 2430 2775 2486 Ausonios
2804 2445 2875 2485 ne
2901 2428 3080 2485 dicere
3111 2429 3299 2500 pigros

312 2518 598 2573 Erardum
631 2518 969 2590 indignans,
1004 2536 1119 2575 uno
1150 2520 1267 2575 duo
1300 2537 1544 2592 corpora
1600 2520 1750 2576 ferro
2072 2524 2174 2577 Fas
2206 2521 2327 2588 tibi,
2359 2522 2423 2575 ni
2450 2519 2641 2591 fallor,
2667 2518 2857 2587 digitis
2887 2520 3124 2590 impacta
3162 2515 3402 2573 monebit

314 2605 824 2679 Gornipedemque
870 2607 1246 2680 equitemque
1302 2609 1463 2664 fodit.
1530 2609 1668 2664 Ruit
1724 2609 1822 2665 ille
2074 2612 2239 2665 Hasta
2264 2610 2435 2665 meis!
2464 2607 2608 2663 Visu
2638 2606 2736 2663 ille
2762 2606 2913 2662 truci
2944 2606 3086 2661 dum
3114 2605 3397 2679 prospicit
3432 2605 3579 2663 hos-

1455 2700 1749 2770 [ruentem
3311 2696 3468 2765 [tem,

163 2784 273 2841 470
312 2783 378 2840 In
409 2783 739 2854 dominum,
772 2784 1072 2857 lapsisque
1130 2803 1308 2842 manu
1355 2785 1669 2858 quaerentis
1718 2785 1819 2840 ha-
2075 2786 2399 2855 Labitur,et
2422 2784 2608 2857 carpit
2632 2783 3022 2841 moribundus
3044 2782 3320 2840 dentibus
3340 2781 3578 2841 herbas.

1535 2874 1746 2945 [benis,
2179 2875 2276 2931 Hae
2307 2874 2536 2931 diversa
2565 2874 2624 2928 in
2656 2877 2821 2946 parte
2856 2871 3011 2930 vices
3050 2876 3370 2945 utrumque
3411 2873 3582 2930 cade-

309 2962 377 3018 In
408 2960 573 3017 vultu
594 2961 822 3035 galeam
848 2961 1232 3035 clypeumque
1264 2964 1321 3018 in
1345 2980 1585 3035 corpore
1614 2962 1818 3032 calcat,
3324 2962 3507 3034 [bant.

307 3048 558 3105 Saucius
586 3053 845 3106 extremo
877 3051 1061 3107 donec
1090 3068 1235 3109 cum,
1270 3052 1559 3124 sanguine
1590 3051 1785 3107 frenos
1927 3055 2038 3110 215
2077 3053 2291 3110 εωνὶοΓ
2322 3056 2382 3108 at
2413 3052 2648 3107 miseris
2677 3051 2861 3108 instat
2890 3053 3164 3123 regnator
3193 3049 3451 3108 Etruscis

304 3138 573 3210 Respuit,
606 3143 664 3194 et
693 3138 895 3194 iuncta
923 3140 1160 3196 domino
1190 3141 1409 3196 cervice
1441 3140 1746 3196 recumbit.
2073 3141 2364 3214 Hesperiae
2382 3140 2775 3212 timidumque
2792 3140 3218 3197 vocatWidona
3233 3155 3583 3212 peragmen,

307 3226 532 3299 Otgarii
563 3228 696 3298 (65),
740 3227 983 3283 comites
1023 3228 1225 3284 rabido
1256 3228 1509 3284 clamore
1536 3226 1818 3293 vocantis,
2074 3230 2165 3286 Nil
2196 3229 2436 3301 vulgare
2465 3229 2688 3301 legens,
2720 3230 2822 3284 sed
2855 3245 2982 3300 quae
3013 3226 3367 3300 dignissima
3393 3228 3512 3284 vita

160 3317 270 3371 175
309 3314 427 3371 Ora
451 3314 587 3370 ferit
610 3315 830 3372 framea
856 3334 869 3384 ;
897 3321 1146 3389 pereunt
1177 3318 1489 3373 conamina
1520 3317 1676 3373 vocis
1857 3378 1891 3389 κ
2073 3320 2325 3389 Funera,
2384 3317 2711 3389 praecipuos
2757 3316 2928 3372 annis
2977 3315 3311 3388 animisque
3340 3320 3579 3372 cruento

308 3404 640 3475 Intercepta
696 3378 918 3460 cruore:
954 3404 1091 3460 Milo
1134 3422 1335 3462 verum
1393 3423 1557 3461 arma
1587 3406 1817 3461 cadenti
1851 3378 1893 3444 Ο
2076 3409 2208 3463 Fert
2235 3378 2430 3480 gladio
2456 3423 2468 3461 :
2500 3378 2826 3461 innumeris
2856 3404 2968 3477 (69)
2996 3402 3176 3461 veluti
3198 3378 3288 3461 leo
3310 3405 3459 3461 forte
3474 3420 3577 3477 po-

310 3492 462 3547 Dum
493 3491 665 3563 rapit,
698 3491 899 3548 infelix
928 3492 1073 3549 Itala
1104 3493 1488 3567 deprenditur
1517 3495 1706 3562 hasta,
3334 3491 3502 3566 [titus

311 3583 396 3635 Ac
417 3579 675 3637 moriens
696 3579 1187 3655 linquitclypeum
1205 3582 1598 3656 hostilemque
1616 3599 1821 3638 suum-
1926 3587 2034 3643 220
2071 3585 2361 3655 Cisdibus,
2393 3582 2660 3640 imbelles
2686 3581 2900 3638 vitulos
2929 3580 3251 3655 mollesque
3287 3580 3572 3653 juvencas

1617 3674 1773 3744 [que.
2071 3672 2482 3740 Transmittit;
2543 3688 2756 3746 magno
2814 3671 2977 3728 furor
3032 3674 3124 3727 est
3176 3669 3240 3727 in
3286 3668 3574 3743 sanguine

316 3757 547 3813 Auxilio
575 3757 814 3814 collecta
842 3759 1003 3816 subit
1032 3760 1268 3816 tandem
1298 3763 1535 3817 Ausona
1580 3762 1785 3833 pubes.
3315 3758 3524 3832 [ωθτεί

173 3848 278 3903 180
316 3844 544 3901 Bellum
576 3846 785 3919 ingens
815 3848 1019 3904 oritur.
1055 3848 1306 3905 Multum
1355 3850 1492 3906 hinc
1544 3848 1824 3922 illincque
2078 3854 2191 3908 Nec
2224 3851 2336 3908 nisi
2365 3850 2663 3925 regnantis
2694 3850 2915 3907 cervice
2946 3849 3283 3906 recumbere
3330 3846 3506 3904 tauri.

1508 3938 1755 4010 [cruoris
2077 3941 2409 3996 Wifredum
2432 3940 2534 3995 sed
2556 3939 2715 3996 enim
2728 3939 2965 4012 sonipes
2985 3936 3138 3994 male
3149 3938 3303 3994 ﬁdus
3319 3936 3379 3992 in
3401 3935 3582 3994 armis

312 4022 625 4091 Funditur,
660 4026 717 4079 et
748 4025 885 4079 totis
914 4028 1260 4082 sternuntur
1308 4044 1551 4100 corpora
1580 4028 1825 4100 campis.
2082 4031 2470 4102 Rumpentem
2504 4029 2700 4085 frenos
2729 4028 2958 4085 diversa
2993 4043 3097 4101 per
3125 4026 3363 4101 agmina
3390 4028 3585 4098 raptat

308 4111 459 4167 Nam
489 4112 717 4167 varium
750 4113 987 4169 virtutis
1018 4115 1131 4186 (66)
1166 4117 1505 4188 opus.Nunc
1537 4118 1711 4173 turba
1740 4135 1829 4174 re-
1937 4122 2047 4175 225
2082 4119 2214 4175 Jam
2243 4118 2432 4186 liber.,
2466 4118 2549 4173 sic
2598 4118 2754 4174 fessa
2801 4134 3033 4173 manus.
3082 4114 3256 4172 Venit
3288 4115 3459 4172 hasta
3486 4130 3590 4188 per

1565 4205 1762 4279 [cedit,
3299 4206 3520 4277 [armos

312 4290 479 4344 Nunc
504 4289 743 4363 premit,
776 4307 841 4346 ac
871 4291 1096 4348 vicibus
1119 4292 1389 4350 tellurem
1413 4295 1630 4349 amittit
1649 4300 1705 4350 et
1725 4312 1828 4350 au-
2083 4294 2391 4366 Principis,
2423 4297 2481 4348 et
2520 4293 2729 4349 laevum
2768 4293 2973 4364 juveni
3021 4293 3451 4351 transverberat
3496 4293 3587 4348 in-

1601 4383 1756 4456 [fert.
3317 4383 3517 4454 [guen,

308 4467 383 4523 Ut
413 4467 603 4524 ventis
634 4468 970 4542 nimbisque
993 4472 1193 4526 minax
1218 4488 1351 4527 cum
1378 4471 1550 4528 solvit
1570 4472 1833 4527 habenas
2084 4472 2520 4540 Labentemque
2552 4470 2741 4543 affigit
2770 4484 2941 4542 equo.
2970 4468 3144 4542 Fugit
3170 4468 3269 4525 ille
3286 4473 3589 4542 perempto

158 4556 268 4613 485
304 4558 419 4611 Aer
450 4555 585 4627 (67),
608 4555 833 4612 alterno
888 4560 1203 4632 proﬂigens
1248 4559 1484 4615 turbine
1541 4560 1830 4614 mundum
2082 4561 2395 4615 Consertus
2425 4557 2683 4626 domino,
2718 4574 2824 4614 nec
2844 4559 2971 4630 jam
3002 4573 3167 4613 arma
3194 4560 3297 4613 aut
3325 4557 3489 4613 frena
3507 4560 3588 4613 te-

304 4644 436 4700 Stat
466 4644 600 4699 caeli
632 4645 861 4702 diversa
890 4648 1044 4703 acies
1077 4664 1089 4702 :
1124 4665 1282 4703 nunc
1313 4647 1517 4704 fortior
1550 4647 1757 4714 austri,
3254 4648 3513 4716 [nentem

306 4731 477 4787 Nunc
523 4733 1234 4805 aquilonishiems,donec
1248 4741 1546 4809 pugnante
1568 4734 1825 4808 procella
1853 4741 1900 4806 Ι)
2072 4734 2485 4792 Portatadhuc
2545 4736 2823 4806 equitem.
2881 4733 3100 4791 Fratris
3138 4734 3268 4805 jam
3315 4733 3584 4791 membra

305 4821 427 4875 Aut
458 4820 661 4877 nimiis
693 4821 787 4877 hic
814 4823 954 4879 vicit
983 4823 1181 4896 aquis,
1209 4828 1311 4880 aut
1338 4823 1434 4880 ille
1464 4840 1689 4880 sereno.
3249 4820 3516 4896 [regebat

302 4908 409 4963 Hic
440 4907 595 4964 videt
618 4910 975 4967 Anscherius
1008 4913 1250 4968 fratrem
1273 4912 1412 4984 quia
1431 4912 1670 4968 vulnere
1699 4911 1816 4968 labi
1922 4915 2029 4970 230
2064 4911 2363 4969 Arduinus
2393 4928 2565 4984 equo,
2599 4911 2741 4966 laeva
2772 4911 2885 4983 (70)
2916 4909 3239 4967 marcentia
3267 4908 3419 4966 colla

157 4995 265 5051 190
299 4995 540 5065 Albrici,
570 4998 833 5070 ingemit,
868 5015 932 5055 ac
961 5000 1161 5073 rapido
1217 5001 1521 5056 conanime
1559 5001 1739 5057 telum
2062 5003 2411 5058 Sustentans
2440 5001 2760 5072 dextraque
2789 4998 2966 5057 latus.
2991 4997 3356 5074 Singultibus
3375 4999 3582 5056 artum

302 5086 736 5158 Contorquens,
789 5087 1039 5145 clamore
1105 5090 1305 5162 gravi:
1365 5091 1521 5147 Sator
1572 5090 1810 5156 mtheris,
2060 5088 2342 5152 Exhaurit
2369 5089 2611 5145 thoraca
2638 5087 2823 5160 dolor,
2855 5104 2962 5144 nec
3000 5087 3192 5145 vincla
3224 5089 3490 5145 coercent
3566 5114 3582 5126 ι

1480 5179 1712 5251 [inquit,
2062 5179 2395 5236 Undantem
2426 5177 2564 5233 ﬂetu
2596 5176 2825 5250 galeam
2853 5194 2869 5247 ;
2903 5193 3038 5233 cum
3093 5176 3283 5236 multa
3318 5179 3565 5251 gemant

231 5350 347 5433 (62)
379 5350 486 5406 Αηι
525 5350 846 5423 Wal/‘redus,
879 5356 995 5420 aut,
1025 5360 1084 5408 ut
1116 5354 1319 5411 Valesio
1358 5357 1557 5428 placet,
1607 5358 1813 5412 Beren-
1994 5360 2107 5486 (67)
2136 5358 2213 5440 Et.
2232 5357 2430 5485 adgecit
2455 5357 2643 5414 Leibn.
2672 5355 2945 5430 Juppiter
2972 5373 3007 5414 a
3042 5356 3182 5414 Stat.

234 5436 375 5476 rius.
2016 5430 2107 5486 68)
2138 5428 2284 5485 Milli
2330 5445 2400 5485 us
2427 5429 2510 5484 ed.

196 5436 375 5476 artus.
1995 5436 2107 5485 (68)
2140 5436 2400 5485 Millibus
2427 5436 2510 5484 ed.

231 5360 347 5433 (62)
379 5360 486 5406 Αηι
526 5360 846 5423 Walfredus,
879 5360 995 5420 aut,
1025 5360 1084 5408 ut
1117 5360 1319 5411 Valesio
1358 5360 1557 5428 placet,
1607 5360 1698 5411 Bei

158 5436 375 5495 gamus.

168 5498 171 5501 '
232 5493 348 5628 (63)
380 5491 423 5547 Ι.
459 5508 510 5547 c.
544 5493 809 5549 Ottonem.

255 5562 351 5628 64)
393 5563 561 5620 Wido.

2030 5360 2107 5486 ἐξ)
2136 5360 2643 5485 Ιέίῐῃιὲἰέῖιξιϐἔῖἱὺη.
2672 5360 2945 5430 Juppiter
2972 5373 3007 5414 a
3042 5360 3182 5414 Stat.

2030 5430 2107 5573 59)
2138 5500 2467 5557 Innumeris
2496 5530 2566 5542 --
2592 5499 2697 5555 220
2724 5516 2794 5556 ea:
2823 5499 2959 5580 Stat.
2993 5498 3152 5557 Theb.
3193 5500 3335 5571 VIII,
3368 5498 3570 5556 v.55!-

296 5578 328 5617 -1
335 5578 351 5626 )
394 5578 561 5620 meo.
1921 5578 2049 5626 557.

256 5633 351 5707 65)
384 5633 615 5689 Osharii
636 5637 1023 5707 Langermann
1052 5637 1111 5689 in
1139 5636 1253 5691 cod.
1288 5638 1434 5707 legit.
1996 5644 2106 5707 (70)
2132 5644 2295 5698 Lava
2323 5675 2391 5684 -—
2419 5661 2473 5699 v.
2504 5645 2610 5699 237
2654 5660 2724 5701 ea:
2753 5643 2886 5701 Stat.
2941 5642 3099 5700 Theb.
3148 5644 3219 5707 II,
3267 5659 3319 5699 v.
3365 5641 3474 5699 596
3504 5670 3572 5684 -—

384 5563 615 5689 (gigni
636 5637 1023 5704 Langermann
1052 5637 1111 5689 in
1139 5636 1253 5691 cod.
1288 5638 1434 5707 legit.

236 5705 331 5832 (36:
362 5705 742 5832 378.81.80.186,
765 5707 959 5778 paucis
987 5709 1216 5762 mutatis
1246 5723 1316 5764 ex
1344 5708 1509 5766 Statii
1538 5711 1776 5771 ThebJ’L

1921 5562 2295 5770 55ξίοὲοῐὲωνξὶ
2323 5675 2391 5684 —
2419 5661 2473 5699 ν.
2504 5645 2610 5699 237
2654 5660 2724 5701 ex
2753 5643 2886 5701 Stat.
2941 5642 3099 5700 Theb.
3148 5644 3218 5710 II,

1681 5713 1821 5771 ,νηί
1923 5715 1995 5769 eo
2038 5758 2052 5784 ,
2194 5717 2365 5782 ,607.

162 5791 216 5830 v.
245 5791 516 5833 δδκ-δδδ.
