3900 6224
91 5893 293 6003 ""x

313 469 472 538 1399
1121 505 1128 512 ο
1599 472 1938 538 APPEND.

2224 472 2322 537 ΞΟ.
2368 471 2442 536 Χ.
3573 471 3733 538 1300

459 607 632 666 Valde
661 609 856 682 gravis
888 625 1093 665 curvas
1118 606 1647 681 perfringitlancea
1676 613 1889 676 costas,
1993 611 2048 677 Α
2219 608 2317 672 Os,
2347 609 2600 664 terebrat
2625 608 2856 680 faciem,
2889 607 3116 682 quartis
3147 607 3261 682 (73)
3293 607 3423 666 sino
3469 607 3600 683 lege
3649 609 3730 666 ια-

316 697 425 755 235
465 698 592 754 Exit
619 703 676 755 et
705 698 766 754 in
799 699 1061 766 fratrem,
1094 703 1459 769 cognataque
1491 701 1726 769 pectora
1758 695 1873 752 telo
3469 697 3665 770 [bellis

461 786 746 844 Conserit.
775 786 876 844 Ille
905 787 1105 843 oculos
1134 787 1456 843 etiamnum
1482 785 1538 839 in
1557 784 1684 840 luce
1706 788 1976 842 natantes

468 875 656 946 Sistit,
689 880 746 931 et
775 875 1052 948 adspecta
1079 873 1340 947 germani
1377 878 1584 941 morte,
1615 872 1874 928 resolvit.

468 965 836 1021 Procubuere
866 980 1036 1036 pares
1067 963 1203 1020 fatis
1234 994 1299 1004 -
1331 961 1668 1018 miserabile
1702 967 1901 1018 votum

468 1051 672 1108 Mortis
703 1082 756 1094 —
797 1056 854 1109 et
885 1052 1110 1109 alterna
1139 1050 1723 1108 clauseruntlumina
1750 1051 1972 1106 dextra.

322 1141 431 1198 240
465 1143 546 1198 Ac
575 1141 688 1212 (71)
718 1141 874 1197 velut
903 1141 1087 1197 Edoni
1121 1142 1307 1197 boreae
1334 1157 1467 1196 cum
1501 1140 1750 1212 spiritus
1788 1139 1906 1195 alto

465 1229 704 1286 Insonat
731 1231 938 1302 Egzeo,
981 1229 1369 1302 sequiturque
1410 1229 1482 1284 ad
1514 1229 1685 1284 litora
1737 1230 1972 1297 ﬂuctus,

465 1321 590 1386 Qua
618 1319 772 1375 venti
805 1319 1146 1385 incubuere,
1180 1319 1379 1391 fugam
1396 1318 1540 1373 dant
1557 1317 1759 1374 nubila
1801 1315 1974 1372 coelo:

469 1407 562 1464 Sic
592 1407 738 1481 regi,
771 1425 1145 1480 quacumque
1190 1408 1344 1463 viam
1403 1410 1579 1475 secat,
1613 1407 1850 1479 agmina
1879 1421 1976 1461 ce-

1714 1496 1904 1566 [dunt,

467 1585 886 1658 Conversaaque
916 1590 1098 1641 ruunt
1126 1585 1302 1652 acies,
1334 1583 1491 1640 cadit
1542 1583 1712 1640 obvia
1769 1584 1974 1656 pubes.

322 1675 432 1732 245
468 1675 542 1732 Ut
569 1675 714 1732 vidit
743 1675 932 1732 socios
965 1675 1087 1746 regi
1118 1674 1256 1730 dare
1286 1678 1450 1746 terga
1479 1673 1714 1745 sequaci

472 1763 879 1836 Ildeprandus,
909 1761 1033 1818 abit
1063 1762 1363 1818 clamans:
1398 1766 1646 1818 Perstate
1672 1760 1903 1828 sodales,

471 1851 616 1920 Quid
640 1853 836 1923 fugitis
857 1855 883 1906 .’
913 1851 1174 1923 Spectate,
1205 1853 1392 1906 virum
1429 1852 1480 1906 si
1507 1851 1708 1917 pellere
1735 1851 1884 1920 ferro

470 1941 624 1996 Forte
651 1943 888 2012 queam!
917 1940 1136 1995 Similes
1163 1943 1320 1995 artus
1344 1943 1548 1994 natura
1575 1939 1818 1993 creatrix

471 2029 610 2083 Huic
636 2027 802 2098 dedit,
837 2045 901 2083 ac
928 2029 1134 2084 similis
1160 2036 1404 2084 sustenta
1428 2029 1637 2084 viscera
1657 2028 1904 2098 sanguis.

327 2115 436 2172 250
472 2115 618 2172 Num
643 2133 804 2173 sacra
835 2118 1006 2188 riguit
1036 2116 1200 2189 Styge
1217 2119 1401 2171 tNum
1415 2116 1754 2188 penetrabile
1768 2116 1979 2188 plantis

467 2205 624 2260 Hunc
679 2203 834 2260 modo
881 2213 1061 2276 tergus
1114 2203 1270 2260 obit?
1320 2205 1539 2260 Hortali
1595 2219 1857 2275 urgemur
1909 2204 1978 2258 ab

1595 2291 1765 2363 [hoste
1791 2294 1904 2363 (72)

469 2382 625 2438 Haud
654 2382 886 2454 legione,
915 2383 1071 2453 pium
1098 2381 1327 2437 Domino
1352 2395 1478 2454 quae
1500 2383 1665 2436 servit
1694 2381 1764 2436 ad
1794 2396 1974 2437 usum.

470 2470 565 2528 Sic
595 2471 696 2540 ait,
729 2474 788 2528 et
815 2475 936 2527 toto
966 2469 1250 2526 connixus
1282 2485 1523 2542 corpore
1552 2469 1736 2525 telum

467 2559 808 2626 Etfundens,
843 2559 1036 2615 femur
1063 2557 1287 2631 ingenti
1320 2557 1453 2613 ferit
1481 2557 1718 2614 eminus
1750 2557 1868 2613 ictu

324 2649 433 2706 255
474 2648 740 2706 Ductoris
768 2647 932 2707 Latii.
969 2647 1122 2703 Satis
1152 2646 1298 2714 hoc;
1331 2650 1388 2701 et
1418 2645 1616 2702 tollere
1671 2662 1939 2718 gressum

447 2737 626 2794 ‘Pone
656 2737 808 2792 citus
840 2735 975 2792 facti
1006 2739 1248 2808 cogente
1276 2734 1486 2790 timore
1516 2735 1759 2806 parabat
1784 2753 1798 2803 ;

471 2825 768 2883 Protimus
797 2824 1144 2896 intorquens
1154 2821 1421 2894 jaculum
1444 2823 1541 2878 sed
1575 2823 1784 2880 ductor
1801 2823 1858 2878 in
1881 2821 1980 2878 ho-

1778 2911 1909 2983 [stis

2225 785 2590 859 Increpitans
2629 803 2642 842 :
2679 787 2872 842 Secrea
2898 787 3002 842 tibi
3029 789 3386 844 committere
3414 789 3608 844 nullus

2082 875 2190 929 260
2225 875 2475 942 Audebit,
2507 876 2796 947 Tyrrhene,
2827 875 3044 943 dehinc,
3083 875 3224 948 quod
3273 885 3494 950 apertus
3520 877 3738 936 abunde

2225 965 2336 1018 Ilac
2380 963 2614 1036 illacque
2641 965 2792 1035 ﬂues.
2825 966 2949 1020 Sint
3006 963 3125 1022 haec
3153 969 3508 1022 monumenta
3561 969 3741 1024 mino-

3532 1058 3668 1122 [rem

2231 1142 2517 1212 Te/‘rustra
2558 1142 2790 1198 voluisse
2815 1143 2952 1198 meis
2983 1141 3218 1199 illudere
3247 1143 3408 1200 telis!

2226 1229 2330 1285 Ille
2359 1229 2598 1302 quidem
2629 1230 2811 1287 evasit
2841 1231 3065 1288 socium
3083 1233 3486 1289 circumdatus
3514 1231 3737 1301 armis;

2228 1317 2338 1374 Sed
2371 1317 2556 1374 victor
2583 1317 2767 1374 animi
2796 1323 2919 1376 tota
2949 1335 3270 1377 succensus
3300 1320 3359 1376 in
3389 1319 3481 1376 ira

2083 1407 2190 1461 265
2231 1406 2605 1462 Innumeram
2619 1407 2769 1463 ferro
2783 1405 3012 1480 plebem
3037 1423 3142 1464 ceu
3160 1407 3406 1464 feliciter
3419 1425 3612 1466 annus
3624 1411 3741 1482 (74)

2228 1495 2338 1550 Aut
2355 1495 2539 1566 jubar
2582 1494 2811 1550 adversi
2841 1511 3014 1568 grave
3045 1495 3256 1554 sideris
3283 1495 3592 1554 immolat:
3640 1500 3739 1566 Ite,

2226 1583 2586 1650 Vociferans,
2617 1591 2898 1656 vestroque
2925 1583 3053 1640 duci
3078 1593 3324 1656 narrate,
3357 1586 3599 1655 Latinos,

2231 1671 2452 1728 Dividat
2479 1689 2554 1726 an
2577 1682 2722 1729 recte
2749 1674 2898 1728 vobis
2926 1689 3046 1730 mea
3069 1674 3261 1730 lancea
3287 1674 3536 1746 campos!

2227 1759 2510 1834 Tyrrheni
2543 1777 2810 1834 proceres
2831 1761 3042 1818 iterum
3076 1761 3213 1818 hinc
3243 1766 3422 1836 atque
3454 1762 3592 1820 inde
3623 1779 3740 1837 pu-

3504 1853 3672 1926 [dore

2086 1937 2193 1991 270
2231 1936 2464 1992 Collecti
2495 1941 2766 1994 statuunt
2781 1939 3446 2014 gressum,tirmantque
3474 1940 3745 1999 vicissim

2231 2025 2500 2098 Undique
2517 2042 2643 2082 sese
2665 2027 2868 2094 armis,
2891 2028 3192 2101 oriturque
3204 2029 3540 2087 miserrima
3554 2031 3747 2089 cedes

2227 2115 2576 2183 Amborum,
2606 2119 2664 2171 et
2692 2115 2912 2172 ferrum
2937 2116 3087 2173 ferro
3109 2122 3315 2175 sonat:
3336 2119 3600 2192 undique
3631 2121 3744 2176 mi-

3533 2205 3671 2280 [stis

2231 2289 2386 2346 Inter
2413 2305 2476 2346 se
2505 2289 2766 2346 stridunt
2795 2292 3193 2350 mucronibus.
3209 2293 3398 2350 Instat
3439 2295 3748 2368 utrimque

2229 2377 2419 2435 Densa
2449 2379 2624 2444 acies,
2660 2396 2986 2452 rursusque
3024 2397 3172 2438 novo
3215 2398 3487 2456 respersa
3536 2401 3746 2442 cruore

2085 2469 2193 2524 275
2228 2468 2380 2522 Arva
2411 2467 2711 2534 mandant,
2745 2467 2864 2524 ruit
2888 2469 3198 2542 Hesperias
3227 2471 3368 2528 dum
3402 2472 3658 2530 Phoebus
3683 2474 3744 2530 in

3433 2561 3670 2632 (undas.

2230 2643 2371 2710 Quis
2401 2644 2612 2700 modus
2645 2643 2906 2712 ulterior,
2937 2645 3025 2702 vel
3058 2663 3188 2716 quae
3236 2647 3514 2706 discretio
3543 2649 3707 2718 belli,

2231 2732 2300 2787 Ni
2332 2734 2508 2788 tinem
2539 2732 2705 2789 daret
2734 2733 2986 2790 setherea
3015 2739 3174 2792 sator
3195 2736 3356 2793 orbis
3387 2737 3464 2794 ab
3493 2737 3676 2794 aula?

2231 2821 2406 2876 Nocte
2436 2821 2691 2878 instante
2720 2820 2844 2878 solo
2864 2823 3104 2879 tandem
3127 2822 3458 2898 spissisque
3484 2827 3746 2884 tenebris

2229 2909 2568 2967 Concedunt
2617 2909 2804 2967 mesti
2849 2913 2908 2967 et
2961 2912 3228 2970 trucibus
3275 2913 3643 2972 dirimuntur
3672 2915 3745 2972 ab

3320 3003 3530 3075 [armis
3561 3005 3676 3075 (75)

1692 3096 2015 3156 EXPLICIT
2053 3096 2267 3154 LIBER
2306 3095 2376 3153 II.

1351 3257 1758 3347 INCIPIT
1816 3259 2140 3347 LIBER
2196 3257 2710 3346 TERTIUS.

469 3442 656 3498 Tanta
685 3457 789 3514 per
816 3439 1107 3496 Ausonios
1136 3437 1430 3494 defervere
1460 3435 1665 3510 proelia
1711 3453 1974 3509 campos,

473 3531 601 3586 Non
631 3530 804 3587 modo
836 3527 1124 3596 finitimis,
1155 3525 1326 3600 longe
1345 3525 1447 3582 sed
1477 3525 1636 3582 fama
1664 3526 1907 3582 remotis

473 3623 624 3675 Dum
655 3618 831 3688 canit,
863 3615 1088 3673 Arnulﬁ
1119 3613 1465 3673 Germanica
1505 3615 1646 3687 jura
1675 3615 1810 3686 (75')
1842 3629 1976 3685 pre-

1498 3703 1738 3776 [mentis
1769 3703 1904 3774 (76),

469 3796 784 3870 Brengario
799 3796 902 3853 sed
918 3794 1075 3851 enim
1090 3810 1294 3868 regum
1321 3809 1424 3866 per
1436 3795 1752 3848 stemmata
1759 3790 1950 3861 juncti
1961 3831 1975 3858 ,

468 3885 680 3944 Tendit
707 3886 780 3941 ad
812 3883 1126 3958 imperium
1157 3881 1330 3938 solito
1363 3879 1552 3954 magis
1583 3878 1819 3952 hispida
1849 3878 1976 3950 plu-

1745 3967 1904 4040 [mis,

471 4062 842 4136 Amplectens
887 4078 1006 4118 una
1052 4058 1339 4134 populum
1393 4072 1730 4129 saevumque
1781 4062 1976 4128 tyran-

1592 4145 1758 4219 [ωιτη
1793 4146 1908 4218 (τῖ)

471 4241 718 4298 Gutture
769 4239 1032 4314 profuso.
1063 4236 1272 4310 Coquit
1303 4235 1399 4292 ille
1431 4234 1488 4290 in
1520 4237 1752 4308 pectore
1783 4250 1975 4303 curas,

471 4331 720 4402 Moxque
749 4345 965 4390 vocans
995 4327 1258 4402 genitum
1284 4341 1298 4381 :
1330 4325 1524 4392 Duras,
1573 4321 1835 4379 Sinbalde
1863 4322 1978 4394 (78)

2227 3437 2414 3492 Iveris.
2447 3436 2513 3490 At
2541 3436 2718 3492 muris
2745 3435 2893 3492 dicas
2911 3452 3131 3494 servare
3154 3439 3409 3511 superbos

2226 3525 2382 3581 Forte
2403 3525 2851 3596 animam,negue
2877 3527 3014 3582 velle
3041 3529 3152 3584 tuis
3175 3529 3512 3600 famularier
3527 3534 3706 3588 armis
3721 3552 3741 3589 .-

2226 3614 2374 3681 Esto,
2404 3615 2547 3668 vices
2576 3614 2798 3669 mutabo
2834 3613 3048 3684 dehinc,
3079 3621 3131 3673 et
3157 3619 3363 3674 mtenia
3383 3619 3636 3676 scindam

2228 3702 2500 3771 Ausonia,
2531 3703 2762 3758 rutilam
2783 3702 2955 3760 donec
2981 3707 3239 3762 veniatur
3265 3707 3338 3764 ad
3367 3709 3562 3765 aulam

2230 3789 2504 3861 Clavigeri
2532 3790 2667 3862 (79),
2699 3799 2751 3848 et
2775 3796 2914 3848 totos
2941 3794 3134 3850 Araris
3162 3797 3404 3854 vacuabo
3430 3800 3666 3870 furores.

2231 3879 2400 3936 Paret
2429 3895 2608 3935 ovans
2637 3879 2812 3952 patri,
2845 3881 3026 3938 simili
3059 3900 3383 3942 succensus
3409 3903 3630 3957 amore,

2230 3968 2361 4024 Mox
2389 3966 2752 4037 Simbaldus,
2786 3972 2844 4025 et
2868 3968 3050 4027 electo
3081 3973 3400 4030 comitante
3448 3975 3744 4045 ministro,

2231 4055 2573 4128 Ingrediens
2605 4056 2860 4124 Latium,
2891 4059 3182 4131 quosdam
3213 4061 3540 4134 praemittit,
3555 4065 3746 4122 amico

2229 4144 2544 4200 Paciﬁcum
2577 4145 2832 4202 referant
2861 4163 2990 4204 sese
3009 4147 3113 4221 qui
3138 4148 3343 4207 tollere
3371 4167 3670 4224 gressum.

2231 4231 2534 4289 Consimili
2565 4233 2789 4291 fervore
2819 4235 2980 4292 subit
3007 4241 3174 4309 pater
3201 4237 3409 4296 obvius
3439 4239 3540 4296 olli

2228 4321 2608 4395 Brengarius,
2637 4322 2827 4380 celsas
2864 4323 3116 4381 nimium
3173 4343 3294 4399 qua
3347 4327 3504 4385 tollit
3558 4328 3618 4384 in
3653 4347 3744 4386 ar-

2085 3791 2156 3845 20

2086 4232 2158 4288 25

1589 4411 1903 4484 [maniplos,

327 4511 396 4567 10
471 4509 688 4584 Inquit,
714 4525 835 4580 age,
865 4511 918 4564 et
947 4507 1160 4580 rapigis
1182 4505 1348 4561 Italos
1367 4504 1488 4575 pete
1513 4501 1766 4557 cursibus
1794 4515 1954 4570 agros

2228 4498 2300 4555 Se
2330 4512 2578 4567 regnum
2611 4515 2676 4555 ac
2701 4499 2916 4558 subitis
2946 4501 3058 4574 (81)
3099 4501 3336 4561 Rhenos
3363 4419 3747 4564 (152233“

471 4601 586 4656 Rex
613 4599 710 4656 ubi
735 4599 1074 4668 Brengarius
1096 4593 1352 4652 audentes
1381 4590 1559 4646 ardua
1591 4587 1773 4644 Gallos
3503 4593 3673 4669 [mis,

2228 4675 2331 4731 Hic
2362 4675 2462 4732 ubi
2491 4691 2811 4750 congressu
2842 4677 3076 4736 dextras
3097 4680 3347 4752 junxere
3403 4683 3633 4752 decoro,

2227 4764 2347 4820 Rex
2374 4764 2567 4838 inquit
2593 4765 2787 4839 prior:
2849 4768 2890 4823 0
2943 4769 3204 4837 iuvenum
3255 4771 3580 4840 fortissim,
3641 4788 3739 4828 no-

3578 4877 3610 4914 π

2081 4941 2154 4997 30
2225 4944 2340 4998 Cur
2360 4941 2496 4998 velis
2521 4947 2810 5014 penetrare
2851 4944 3294 5012 locos,cunctatio
3324 4946 3440 5018 (82)
3460 4859 3740 5006 £5202“.

2223 5031 2432 5086 Nuntia
2459 5046 2588 5088 vera
2614 5033 2771 5088 satis.
2800 5032 2986 5090 Solam
3013 5035 3258 5104 rogitare
3294 5051 3531 5104 necesse,

471 4690 786 4762 Insequitur
807 4686 1010 4750 bellis;
1039 4693 1221 4742 tamen
1251 4683 1345 4738 hos
1367 4695 1469 4752 per
1496 4679 1726 4735 vulnera
1755 4677 1906 4732 dicas

468 4779 574 4836 Aut
599 4779 800 4835 montis
826 4778 1026 4844 subito,
1058 4775 1265 4829 mirum
1307 4782 1638 4826 succrescere
1684 4770 1874 4838 partu,
1907 4796 1977 4808 —

470 4870 557 4925 Tot
586 4868 830 4924 veniunt.
868 4867 1168 4920 Tantumne
1189 4861 1332 4934 potis
1355 4859 1604 4931 perferre
1642 4854 1900 4923 dolorem,

463 4959 667 5014 Nostra
697 4959 755 5011 ut
779 4955 1072 5028 progenies
1089 4951 1318 5024 propria
1347 4950 1575 5004 vexetur
1605 4945 1665 5001 in
1695 4944 1868 4999 aula?

326 5048 395 5106 15
465 5051 576 5106 Nec
602 5046 706 5102 tibi
734 5045 878 5100 bella
905 5043 1034 5099 dari
1059 5055 1267 5106 vereor,
1298 5039 1350 5094 si
1373 5037 1606 5108 junctus
1634 5033 1810 5090 amico

633 5189 870 5245 238-241
905 5189 1088 5244 ruunt
1113 5183 1268 5241 acies
1315 5197 1387 5238 ex
1439 5180 1580 5250 Virg.
1610 5178 1734 5232 (En.
1767 5176 1885 5242 XII,
1917 5190 1970 5229 v.

393 5334 488 5402 (72
541 5335 625 5403 Cf.
664 5333 809 5401 Virg.
841 5333 968 5386 Αἳη.
999 5329 1060 5394 Χ,
1090 5326 1216 5383 375.
1612 5387 1646 5401 η
2153 5326 2267 5387 (Ίδ)
2298 5326 3548 5388 ιιυεηιεοαιαωηιῑιιαρναηααδλὶθηκῡαιιῐωη
3561 5326 3652 5392 effe

393 5335 683 5482 (73312.92:
718 5402 982 5482 ,ρυεξάείεξ
1028 5395 1451 5482 (ἰυδίυοιίηῖίὶω
1511 5389 1702 5455 ¹⁰¹³¹¹⁸ν
1763 5388 1975 5442 “mm
2081 5385 2509 5482 ‘f'.4‘n’3‘a..’;2_03
2533 5386 2807 5482 ﬂium-
2861 5457 3009 5482 "7:1-
3066 5457 3096 5482 λ
3146 5460 3206 5482 η.
3252 5460 3382 5482 ,μμ
3441 5477 3465 5482 -
3496 5459 3587 5482 οη.
3632 5463 3652 5482 _.

321 5456 1132 5546 αιὲρὲἆέᾷἱυ⁷ίειέἶὶιεῗαιεεῖω
1159 5456 1474 5546 ςπρίιίέειέο.
1738 5545 1741 5546 ,
1838 5527 1946 5546 -..η
2086 5456 2827 5546 ,ἔεδὶὲνφῖῗέξωέἐξῆἕεν
2861 5457 3029 5546 ’Υίέίορ
3060 5457 3210 5546 d:21
3245 5460 3401 5517 Mr-
3433 5459 3731 5534 α·⁸⁹¹›ίπι’

322 5526 533 5667 τέξῃ)-
661 5526 1080 5600 summa
1156 5526 1291 5595 διὰι.
1348 5533 1505 5591 Theb.
1563 5531 1671 5600 νιι,
1730 5545 1780 5584 υ.
1838 5527 1972 5597 709,
2075 5526 2808 5667 pegzseztlgmdmimm
2834 5537 3130 5602 acceperat.

2007 4721 2054 4786 D

2174 5172 2267 5242 76)
2297 5174 2378 5228 Ita
2405 5188 2451 5229 c.
2487 5190 2625 5229 rura
2652 5175 2738 5230 ed.

2177 5245 2270 5310 77)
2305 5243 2600 5300 Widonem.

2153 5314 2267 5392 (78)
2298 5315 2733 5392 liventebaldum
2743 5316 3548 5388 Liudprandus.€entebaldum
3561 5321 3732 5392 eﬂ'ert.

2153 5597 2170 5808 ἓ

395 5597 520 5770 iis).
539 5684 624 5750 cr.
655 5684 878 5803 Liudgr.
910 5686 1032 5739 Ant.
1056 5685 1100 5749 ι,
1135 5680 1224 5736 19.

404 5747 500 5810 (75
529 5748 546 5810 )
576 5749 728 5803 Anno
746 5753 780 5810 8
819 5753 867 5804 1.

2224 5597 2246 5650 )
2299 5597 2474 5668 Alpes.

2224 5597 2268 5810 Ιξ
2297 5669 2341 5724 ι.
2373 5683 2450 5734 e.,
2474 5669 2909 5751 praecipitibus?

2224 5741 2244 5793 ζ
2293 5738 2373 5794 Id.
2405 5753 2478 5808 e.,
2510 5743 2908 5810 percunctatio

404 5738 546 5816 (75")
576 5738 728 5803 hunc
746 5738 867 5818 891.
1025 5738 1028 5739 ν
1086 5738 1099 5749 ’

2224 5738 2265 5810 3)
2293 5738 2373 5794 Id.
2405 5738 2486 5808 e.,
2510 5738 2930 5810 percunctatio.
