3900 6224
228 469 398 540 .1301

393 610 730 671 Incolumem
749 614 882 689 quia
900 616 954 674 te
977 618 1176 676 nostris
1204 618 1568 690 conspectibus
1597 619 1773 690 offers,

394 700 458 757 Si
484 703 699 773 fruitur
721 707 880 777 pater
906 709 1104 778 optatis
1136 711 1259 762 tuus
1290 708 1493 779 optime
1524 707 1702 763 rebus.

394 790 595 863 Inquit
617 797 678 848 at
705 792 803 849 ille
828 812 841 850 :
877 796 1039 851 Valet
1067 798 1301 865 genitor,
1323 812 1607 851 commune
1633 796 1898 864 levamen,

274 877 353 934 35
396 880 567 951 Teque
594 882 775 938 valere
801 885 970 955 cupit,
1000 886 1212 955 pacatis
1235 884 1436 955 ftrdere
1463 885 1669 955 campis

387 967 640 1026 Mensura
679 972 843 1027 Latii.
878 971 1085 1027 Celeres
1114 973 1339 1029 idicirco
1368 973 1583 1042 subegit

390 1057 495 1112 Nos
518 1062 702 1129 petere
730 1060 998 1116 Ausonias
1026 1062 1244 1116 collecto
1273 1062 1451 1117 milite
1480 1068 1672 1116 terras.

394 1146 623 1201 Interea
650 1146 777 1203 loca
806 1152 935 1205 tuta
964 1150 1108 1222 petit
1135 1150 1254 1206 dux
1286 1150 1563 1216 Gallicus,
1594 1149 1757 1221 atqui

390 1233 516 1289 Non
546 1236 800 1306 geminis
829 1238 1060 1294 obstare
1092 1256 1200 1295 sua
1228 1238 1442 1294 virtute
1472 1238 1736 1311 tyrannis

280 1320 355 1376 40
392 1321 569 1379 Posse
598 1323 920 1381 videns.llli
953 1326 1897 1399 fremitu,miserabile,clusos(83)

388 1410 644 1484 Irritant,
665 1412 803 1469 hinc
836 1414 969 1470 inde
997 1414 1189 1471 solum
1213 1417 1577 1488 peragrando
1602 1415 1895 1470 Latinum.

387 1498 606 1555 Verum
633 1501 732 1556 ubi
746 1507 958 1559 cuncta
976 1502 1148 1559 silere
1164 1504 1365 1559 vident
1381 1502 1695 1560 hostilibus
1714 1503 1895 1570 ausis,

392 1585 439 1642 lt
467 1589 692 1644 monitu
728 1591 882 1664 regis
914 1591 1135 1664 patrias
1164 1592 1483 1649 Sinbaldus
1513 1592 1584 1647 ad
1610 1608 1761 1647 oras.

392 1677 556 1742 Quod
588 1676 750 1734 solus
780 1683 957 1751 queat
986 1679 1259 1737 hostilem
1312 1697 1587 1753 superare
1616 1679 1894 1735 furorem.

279 1763 354 1819 45
461 1765 654 1822 Tertia
677 1766 769 1821 vix
798 1766 949 1823 lunae
978 1786 1041 1825 se
1069 1786 1290 1824 cornua
1317 1769 1447 1825 luce
1465 1769 1893 1841 replerant(84),

391 1852 669 1910 Hicltetus
684 1855 934 1927 patriam
950 1861 1260 1930 postquam
1274 1859 1565 1914 concessit
1585 1857 1657 1913 ad
1675 1856 1892 1925 aulam,

376 1941 475 1997 .En
495 1942 664 1999 Wido
688 1960 895 2016 agmen
922 1946 1348 2018 agens,iterum
1373 1963 1647 2003 renovare
1668 1946 1895 2001 furores

388 2029 686 2087 Accelerat
712 2050 726 2099 ;
762 2036 962 2088 contra
992 2035 1200 2091 ductor
1229 2034 1519 2107 depellere
1544 2038 1788 2107 pestem,

391 2117 636 2175 Instruit
664 2137 830 2177 arma
858 2122 1011 2193 pius,
1044 2127 1358 2196 tantosque
1402 2123 1656 2179 recidere
1688 2123 1893 2178 fastus.

275 2206 351 2261 50
387 2206 504 2262 Nec
533 2206 677 2264 latet
704 2210 1262 2281 Arnulfum,rursus
1293 2227 1656 2268 succrescere
1674 2209 1894 2266 bellum

385 2295 685 2368 Hesperia.
714 2298 1020 2355 Widonem
1054 2300 1380 2356 etiamnum
1412 2300 1596 2355 milite
1628 2300 1841 2354 fretum

384 2383 597 2451 Atfore,
632 2386 1001 2459 cervicesque
1030 2389 1259 2459 procaci
1301 2387 1579 2444 adtollere
1610 2388 1786 2451 fastu,

387 2472 620 2541 Audiit;
654 2490 721 2528 ac
749 2474 915 2542 solio,
950 2492 1065 2548 quo
1095 2476 1242 2531 forte
1272 2477 1530 2544 sedebat,
1564 2476 1787 2531 eburno

386 2560 614 2629 Exsilit,
646 2561 989 2636 ingentique
1018 2565 1260 2620 domum
1321 2565 1571 2621 clamore
1619 2562 1891 2635 replevit:

272 2649 350 2704 55
384 2650 571 2705 Fortia
583 2651 743 2719 jussu
770 2654 877 2707 cito
902 2654 1101 2710 scribi?
1126 2654 1333 2709 sulcate
1357 2655 1607 2725 papyris,

387 2737 645 2793 Actutum
669 2741 898 2811 populos
921 2750 1112 2812 cogant
1142 2759 1261 2814 quae
1289 2742 1504 2797 adstare
1522 2742 1758 2813 jubenti,

387 2827 566 2894 Quam
592 2828 772 2883 varios
803 2829 1031 2901 linguis,
1061 2833 1177 2885 tam
1203 2831 1368 2886 duros
1392 2834 1606 2902 pectore
1633 2832 1684 2884 et
1702 2830 1891 2884 armis.

384 2916 628 2985 Namque
643 2915 809 2987 juvat
836 2918 985 2973 Latio
1015 2919 1229 2973 clarum
1256 2936 1340 2974 me
1369 2921 1540 2975 visere
1564 2920 1821 2985 amicum,

389 3003 561 3070 Quem
589 3005 785 3059 totiens
816 3004 1103 3061 Rhodanus
1123 3016 1284 3063 vexat
1309 3016 1632 3080 properante
1661 3008 1896 3061 Lemano

277 3092 353 3147 60
390 3090 581 3147 Milite.
626 3093 741 3160 Quo
767 3094 986 3164 fugient
1015 3110 1142 3163 ergo
1162 3098 1187 3148 .9
1214 3095 1490 3151 leumne
1517 3095 1795 3161 subibunt,

384 3179 471 3236 An
502 3180 737 3235 latebras
765 3184 934 3239 terra?
956 3188 1204 3254 quaerent
1234 3184 1498 3255 liquidive
1519 3182 1828 3255 profundi?

386 3268 571 3324 Oderit
600 3269 892 3340 Hesperiae,
924 3274 1078 3343 faxo,
1110 3272 1226 3328 dua:
1252 3290 1451 3330 nomen
1480 3275 1675 3328 amata

385 3358 684 3429 Improbus,
718 3361 977 3414 extremis
1008 3364 1175 3418 terra:
1205 3363 1285 3418 vel
1312 3365 1497 3433 pastus
1526 3363 1586 3417 in
1612 3362 1725 3416 oris
1752 3364 1771 3413 !

388 3445 633 3502 Talibus
664 3446 925 3505 infessus
955 3450 1271 3505 metuenda
1301 3450 1451 3506 mole
1483 3453 1743 3505 catervas

277 3536 352 3590 65
390 3533 715 3600 Praestruit,
754 3535 1091 3609 irarumque
1121 3554 1325 3610 graves
1344 3537 1560 3593 emittit
1605 3537 1897 3591 habenas:

389 3622 679 3678 Eridanus
709 3621 908 3691 veluti,
943 3624 1175 3680 nivibus
1204 3625 1429 3681 fervore
1460 3624 1689 3691 solutis,

391 3710 755 3784 Praeruptum
784 3710 902 3767 exit
928 3712 988 3767 in
1022 3729 1158 3769 arva
1182 3713 1389 3782 fluens,
1413 3728 1769 3784 camposque
1798 3728 1901 3785 per

1563 3802 1791 3873 [omnes

392 3888 536 3944 Cum
563 3887 815 3945 stabulis
846 3894 1112 3947 armenta
1141 3892 1282 3956 ruit,
1315 3890 1594 3947 radicitus
1625 3889 1792 3946 alnos

396 3976 676 4032 Littoreas
707 3977 888 4033 ﬂuctu
920 3979 1215 4035 undarum
1247 3979 1477 4036 labente
1499 3980 1827 4035 resorbens.

280 4067 355 4121 70
391 4065 640 4136 Jamque
669 4065 862 4122 solum
891 4070 1051 4124 tenet
1080 4070 1409 4125 Ausonium
1430 4070 1548 4125 dux
1575 4068 1674 4125 ille
1703 4085 1902 4125 veren-

385 4243 531 4299 Cum
558 4243 827 4300 Widonis
852 4245 973 4301 abit
997 4261 1239 4302 rancore
1269 4246 1468 4303 soluta
1500 4159 1760 4319 [gregi
1788 4159 1827 4228 λ

396 4330 575 4386 Fama
603 4331 662 4386 in
693 4335 887 4388 castra
924 4332 1026 4389 rei.
1080 4333 1288 4391 Sociiis
1336 4334 1628 4406 extemplo
1659 4334 1900 4402 vocatis,

396 4418 562 4474 Tunc
621 4419 737 4475 ait:
791 4421 831 4477 0
876 4437 1149 4493 proceres,
1217 4423 1349 4494 quid
1405 4439 1537 4494 opus
1594 4422 1905 4493 depromere

399 4597 511 4666 Quo
541 4613 626 4653 res
656 4598 881 4669 imperii
910 4608 1208 4669 verguntur
1230 4599 1469 4671 pondere
1498 4510 1794 4654 belli?bu’

287 4686 363 4741 75
400 4685 644 4742 Collectis
674 4686 889 4757 quando
906 4689 1085 4743 Hister
1113 4688 1267 4744 adest
1296 4687 1422 4743 hinc
1451 4687 1579 4743 inde
1608 4688 1832 4757 ﬂuentis
1930 4701 1977 4765 Ι)

397 4774 623 4831 Excidio
651 4777 847 4831 nostri.
878 4776 1088 4846 Moneo,
1114 4781 1324 4833 servate
1352 4775 1603 4833 secundis

363 4862 539 4918 Rebus
568 4879 628 4919 eo
659 4868 881 4932 vosmet,
916 4867 1084 4921 tantis
1114 4882 1178 4921 ac
1201 4868 1414 4938 parcite
1444 4866 1643 4934 bellis,-

400 4951 659 5008 Abscedat
682 4952 850 5009 donec
872 4956 1125 5026 proprios
1155 4956 1421 5026 Arnulfus
1451 4954 1521 5010 ad
1549 4968 1726 5025 agros.

1086 478 1447 547 ANONYMI
1488 479 1884 546 PANEGYR.
1927 480 2268 548 BERENG.
2313 482 2478 548 IMP.
2507 480 2657 549 LIB.
2701 478 2814 550 III.

1926 621 1984 688 Α

3497 476 3652 571 1301

2154 618 2374 675 Natura
2400 617 2692 676 tribuente
2720 617 2917 676 locum
2947 615 3094 675 satis
3142 611 3377 677 arcibus
3424 620 3652 691 aptum,

2148 708 2515 775 Ambrosius,
2548 707 2699 781 pesti
2731 706 2914 764 miser
2943 707 3056 763 heu
3081 711 3104 764 Ρ
3132 708 3374 765 devotus
3413 706 3655 778 iniquis.

2150 796 2256 860 Qui
2269 812 2515 870 regnum
2538 795 2741 851 infelix
2760 798 3074 868 postquam
3095 795 3438 852 deferturad
3459 809 3653 861 aures,

2034 884 2105 938 85
2141 884 2454 941 Obsidione
2471 885 2688 957 jubent
2716 884 2901 939 densa
2929 884 3295 941 circumdare
3322 898 3544 949 muros,

2149 973 2230 1029 Ne
2260 975 2450 1048 capiat
2497 974 2724 1031 socium
2775 986 3137 1043 quemquam
3187 971 3515 1029 exteriusve
3555 984 3652 1025 re-

3340 1059 3579 1132 [mittat,

2151 1149 2407 1222 Dispersi
2440 1150 2621 1207 donec
2650 1152 2852 1224 populi
2881 1153 2971 1207 tot
2998 1150 3128 1206 luce
3159 1148 3431 1221 sequenti

2149 1238 2521 1307 Conveniunt,
2572 1244 2927 1312 captumque
2973 1238 3117 1296 locis
3165 1236 3433 1295 emittere
3462 1232 3654 1291 ﬁrmis

2150 1327 2214 1381 Vi
2244 1332 2482 1395 certent,
2514 1328 2671 1385 ausit
2699 1346 2904 1385 rursus
2934 1343 3007 1384 ne
3035 1327 3179 1383 talia
3209 1325 3548 1399 quisquam.

2040 1416 2112 1470 90
2152 1417 2354 1471 Postea
2381 1433 2515 1472 cum
2546 1417 2803 1488 primum
2821 1416 3022 1473 stellas
3043 1432 3258 1473 aurora
3280 1411 3651 1486 fugaret(85),

2150 1504 2319 1561 Urbis
2341 1504 2412 1559 ad
2437 1504 2724 1560 excidium
2746 1508 3021 1578 properat
3039 1507 3329 1560 Germana
3344 1503 3650 1573 juventus,

2150 1593 2418 1665 Undique
2448 1592 2705 1649 luctifico
2736 1592 2931 1649 sonitu
2961 1591 3269 1664 complusa
3314 1590 3614 1646 tubarum.

2147 1681 2250 1737 Hic
2282 1682 2472 1737 fossas
2504 1680 2753 1753 implent
2782 1680 2883 1736 alii
2913 1694 3201 1751 muroque
3230 1676 3651 1750 propinquant,

2146 1770 2287 1826 Pars
2317 1769 2492 1826 scalis
2523 1769 2699 1826 etiam
2726 1770 2977 1825 tendunt
3024 1766 3411 1824 conscendam
3437 1768 3653 1821 turres.

2039 1858 2112 1915 95
2149 1859 2325 1932 Urget
2354 1858 2511 1914 enim
2552 1862 2941 1929 utrorumque
2992 1854 3170 1912 nimis
3221 1853 3533 1927 praesentia
3560 1867 3657 1908 re-

3365 1946 3545 2015 [Βαῖτιν

2149 2035 2362 2092 Maenia
2391 2036 2548 2108 quod
2581 2034 2833 2092 retinent
2863 2049 3064 2090 carum
3115 2048 3220 2105 pro
3251 2045 3494 2087 munere
3522 2029 3662 2086 dan-

3396 2118 3548 2190 [tum

2146 2212 2331 2269 Omne
2360 2227 2548 2285 genus
2579 2216 2782 2268 contra
2810 2210 3062 2266 telorum
3092 2208 3391 2265 effundere
3421 2205 3573 2262 cives

2146 2302 2552 2373 Prtedurisque
2594 2302 2803 2372 parant
2850 2298 3049 2354 hostes
3106 2295 3418 2352 detrudere
3443 2292 3656 2361 contis,

2145 2390 2260 2446 Nec
2290 2394 2540 2463 possunt
2570 2388 2803 2445 obstare
2828 2390 3027 2443 tamen
3052 2402 3066 2453 ;
3101 2387 3197 2457 tot,
3216 2382 3462 2439 milibus
3492 2381 3607 2437 acti

2007 2480 2109 2534 100
2147 2478 2673 2535 Deliciunt.Verum
2706 2476 2862 2532 cadit
2889 2474 2984 2531 hic
3003 2489 3141 2530 cum
3162 2470 3453 2545 fragmine
3476 2468 3653 2539 muri,

2146 2568 2244 2624 Ille
2277 2567 2393 2623 ruit
2426 2567 2622 2622 fossus
2640 2563 2877 2637 jaculo;
2910 2563 3037 2619 sine
3062 2561 3287 2617 viribus
3317 2558 3463 2615 alter

2146 2658 2274 2713 Stat
2302 2654 2545 2712 rationis
2577 2654 2768 2725 inops.
2823 2649 3087 2708 Reclusis
3138 2648 3401 2720 undique
3446 2645 3653 2719 portis,

2148 2746 2298 2802 Urbs
2328 2748 2507 2817 patet,
2540 2741 2740 2799 hostili
2764 2742 2892 2813 jam
2927 2741 3055 2811 jam
3100 2736 3345 2809 confusa
3370 2732 3653 2790 tumultu.

2146 2836 2288 2891 Ecce
2317 2834 2571 2889 verenda
2600 2830 2767 2904 prius
2802 2828 2963 2885 nullo
2990 2827 3100 2883 sub
3132 2826 3353 2882 honore
3383 2824 3658 2879 tenentur

2004 2923 2110 2980 405
2146 2922 2345 2991 Atria;
2379 2938 2517 2977 nam
2548 2919 2747 2977 scissis
2778 2919 3026 2991 pereunt
3051 2913 3348 2971 velamina
3372 2910 3534 2967 vittis

2146 3009 2421 3083 Virginis,
2439 3008 2850 3080 impulsusque
2871 3021 3035 3062 sacer
3057 3001 3347 3077 fugitipse
3367 2996 3654 3065 minister,

2147 3098 2547 3165 Quorumdam
2579 3095 2880 3169 stringunt
2900 3093 3107 3149 ambas
3128 3090 3271 3163 quia
3286 3086 3523 3146 vincula
3540 3083 3659 3158 pal-

2147 3274 2357 3331 Oscula
2388 3290 2515 3345 qua;
2547 3271 2728 3328 solitae
2758 3270 2944 3327 sacris
2975 3267 3191 3324 sentire
3218 3179 3584 3321 litatislmas,

2146 3362 2725 3428 Ambrosius,auctor
2742 3356 2979 3416 sceleris
3010 3355 3314 3425 fomesque
3337 3349 3658 3418 malorum,

2007 3451 2111 3508 HO
2148 3451 2221 3507 Ut
2248 3450 2485 3506 tandem
2515 3448 2675 3503 videt
2701 3444 2961 3501 immites
2990 3440 3349 3499 dominarier
3372 3438 3572 3495 hostes

2146 3538 2413 3605 Arcibus,
2445 3537 2734 3592 adscensu
2766 3533 2941 3590 celeri
2972 3530 3121 3605 petit
3148 3530 3333 3585 ardua
3359 3525 3560 3594 turris,

2149 3627 2240 3683 Nil
2269 3626 2379 3683 sibi
2411 3626 2522 3681 sub
2552 3627 2715 3680 tanto
2746 3622 2935 3678 ﬁdens
2974 3632 3281 3691 superesse
3305 3613 3543 3689 periclo,

2149 3716 2391 3772 Edibus
2420 3712 2694 3787 ingenuis
2723 3711 3022 3783 quondam
3047 3709 3175 3779 jam
3203 3706 3319 3777 (86)
3562 3715 3657 3757 re-

3388 3807 3420 3848 e
3499 3806 3548 3847 s.

3366 3794 3548 3848 fertis.

2152 3892 2391 3949 Pellitur
2422 3891 2554 3946 inde
2584 3893 2803 3957 tamen,
2832 3886 3003 3942 victis
3048 3794 3363 3940 accinctus[
3396 3886 3451 3936 et
3479 3875 3663 3935 armis

2012 3985 2115 4039 115
2149 3980 2391 4038 Arnulfo
2425 3978 2713 4036 manibus
2741 3974 2995 4032 trahitur
3023 3975 3157 4046 post
3180 3964 3347 4043 terga
3366 3964 3663 4024 revinctis.

2152 4071 2253 4127 Ille
2282 4070 2481 4126 calens
2511 4068 2618 4134 ira,
2651 4068 2904 4123 testatur
2934 4063 3147 4119 cuncta
3174 4059 3491 4123 creantem,

2152 4158 2390 4216 Arboris
2414 4158 2572 4213 hunc
2606 4155 2787 4212 ramis
2819 4152 3015 4210 subito
3049 4147 3344 4206 demittier
3372 4143 3502 4202 alta

2153 4247 2302 4303 Proh
2333 4262 2520 4319 genus
2552 4243 2807 4299 invisum
2837 4240 2964 4307 leti,
2994 4236 3359 4311 suspendere
3384 4231 3577 4291 ventis

2152 4333 2357 4391 Debita
2388 4331 2653 4388 membra
2681 4328 2804 4385 solo
2831 4328 2844 4382 ι
2880 4325 3230 4391 Mortalibus
3259 4322 3443 4379 altera
3464 4333 3667 4376 rerum

2020 4425 2117 4479 ‘20
2153 4423 2293 4478 Pars
2324 4421 2516 4487 datur,
2550 4434 2616 4473 ac
2648 4415 2931 4472 membris
2978 4413 3325 4486 prohibetur
3373 4408 3548 4483 gleba
3574 4422 3669 4463 oa-

3482 4512 3555 4550 18.

3482 4512 3501 4550 1
3542 4536 3555 4550 .

2153 4597 2299 4653 Hinc
2328 4593 2807 4668 igiturjuvenum
2833 4588 3143 4645 solvuntur
3170 4498 3669 4659 frigodggegites:

2154 4684 2409 4742 Urbibus
2440 4681 2751 4750 excedunt,
2782 4676 3051 4749 laxisque
3081 4673 3362 4747 repagula
3390 4673 3578 4745 portis

2147 4772 2547 4837 Disscindunt,
2580 4769 2898 4837 hostesque
2960 4763 3127 4819 feros
3184 4761 3247 4816 in
3301 4759 3516 4816 mcenia
3554 4759 3677 4818 lin-

3211 4850 3427 4920 [quunt
3454 4847 3592 4920 (87).

2156 4950 2268 5006 Sed
2298 4947 2439 5021 quia
2470 4963 2586 5002 non
2618 4943 2737 4999 illis
2766 4940 2961 5015 praedo
2990 4935 3256 4995 tutacula
3276 4933 3450 4991 terris

475 5039 698 5113 Pingue
753 5023 946 5097 solum
973 5023 1207 5099 inteiea
1273 5023 1478 5115 regum
1519 5023 1661 5097 dum
1699 5039 1913 5095 lustrat
2019 5041 2123 5097 125
2159 5036 2441 5102 Obtinuit,
2475 5034 2669 5091 subito
2718 5032 2991 5087 Etruscas
3039 5025 3375 5115 procinctus
3425 5023 3501 5080 ad
3538 5039 3674 5081 oras

1509 5131 1801 5203 [uterque,

297 5215 369 5270 80
405 5215 673 5289 Pergami
703 5219 1020 5275 adveniunt
1051 5220 1277 5290 urbem,
1303 5235 1480 5292 quam
1512 5218 1732 5276 detinet
1761 5216 1911 5273 ultro

409 5305 697 5373 Munitam
720 5306 935 5377 jaculis
958 5308 1208 5364 nimium
1235 5308 1599 5380 sudibusque
1620 5306 1910 5380 praeustis,

360 5411 454 5472 83)
482 5414 635 5468 Intra
653 5415 863 5469 muenia
895 5415 1087 5469 Ticini.

359 5482 585 5575 Etlﬂi;
604 5484 757 5575 an;
778 5486 904 5575 κερ·
935 5486 1034 5575 ιζξ»
1066 5499 1118 5539 υο
1149 5484 1273 5575 935-

361 5553 481 5625 84?)
513 5553 596 5625 Cf.
631 5553 777 5623 Virg.
810 5558 937 5610 En.
970 5557 1024 5622 V,
1056 5572 1107 5609 v.
1141 5556 1229 5609 42.

337 5622 454 5695 (es)
483 5622 640 5680 Anno
669 5626 794 5681 894.

338 5693 598 5770 (86)_Vox
651 5696 742 5770 hic
795 5694 1341 5770 acciderat__;_codex
1394 5694 1597 5770 habet:
1640 5694 1915 5770 Ingenuis

268 5763 569 5836 quondam
598 5769 785 5823 morte
818 5766 1022 5836 Marte,
1058 5763 1227 5833 Vales,
1241 5764 1494 5837 ingeniis
1520 5763 1916 5841 quorumdam

2160 5124 2346 5182 Vertit
2376 5124 2484 5179 iter
2513 5122 2676 5194 (87'),
2709 5134 2914 5193 regum
2965 5114 3215 5188 imperio
3266 5113 3532 5171 Romana
3567 5127 3674 5186 pe-

3341 5203 3595 5275 [tantum

2161 5304 2357 5371 Atria;
2393 5318 2464 5357 ne
2494 5314 2730 5355 summa
2759 5296 2956 5353 forsan
2988 5291 3129 5365 quia
3159 5288 3380 5347 mansit
3407 5288 3469 5345 in
3501 5286 3659 5355 aula,

2023 5414 2203 5471 Marte
2234 5406 2507 5475 resertis;
2543 5404 2822 5460 lenissimo
2874 5398 3112 5457 remedio
3148 5394 3391 5451 adhibito
3423 5393 3552 5465 jam
3580 5393 3671 5448 in-

2238 5552 2334 5607 Hic
2360 5546 2575 5625 Arnulﬁ
2605 5543 2812 5603 reditus
2842 5545 2904 5600 in
2960 5538 3312 5597 Germaniam
3360 5541 3412 5593 et
3435 5530 3675 5592 secunda

2017 5621 2300 5699 ρνὸῖςάἰίο.
2314 5621 2659 5699 omnesut-

2096 5687 2234 5767 (ἐπ’)
2264 5693 2417 5747 Anno
2445 5689 2571 5757 895,
2608 5687 2819 5745 Octobr.
