3900 6224
341 415 495 484 1303
1612 420 1881 484 ΑΡΡΕΝ]

2213 417 2331 482 EC.
2377 419 2453 484 Χ.
3586 423 3753 494 nos

476 551 1087 628 Haudlatuissequeat
1104 554 1306 612 Gallus
1327 554 1941 626 sedicere.postquam
2006 554 2062 620 Α
2229 552 2374 610 Cum
2403 558 2570 610 vocat
2597 553 2694 612 hic
2741 559 2948 612 natum
2994 559 3161 612 tanto
3205 573 3311 630 pro
3358 556 3568 621 funere
3597 575 3745 616 mae-

477 643 838 717 Fluctivagas
860 643 1698 702 RheniArnulfusremearitad
1722 643 1931 698 undas.
3457 650 3668 720 letum,

337 731 441 790 130
478 733 728 806 Fugerat
758 733 852 789 hic
867 733 1298 790 Romanavafer
1313 733 1412 788 sed
1432 731 1692 789 culmina
1714 731 1974 800 tandem,
2084 731 2188 787 180
2225 731 2356 788 Haec
2388 733 2610 789 monita
2658 733 2858 790 fractis
2912 751 3190 808 promens
3246 737 3636 792 memoranda
3659 735 3752 793 lo-

475 820 797 894 Nelepidos
818 827 1090 894 caperent
1106 821 1410 895 liquid(88)
1446 822 1658 876 fmrlata
1674 824 1974 893 tyrannos.
3377 824 3596 896 [qualis
3621 843 3636 880 :

479 909 552 966 Hi
575 913 772 968 tamen
803 910 1001 966 accitis
1031 909 1268 967 hostilia
1295 909 1542 966 crimina
1572 909 1838 982 pandunt
2225 911 2383 978 Nate,
2414 909 2581 978 vides,
2613 926 2778 982 quam
2823 911 2964 968 dura
3005 915 3263 984 premant
3314 912 3601 986 dispendia
3645 915 3739 970 vi-

479 997 784 1074 Signiferis
817 1041 830 1067 ,
897 998 1104 1053 vexilla
1161 999 1490 1070 jubentque
1555 999 1800 1054 educere
1883 1013 1976 1052 ca-
3511 1001 3675 1072 [tam,

1555 1087 1715 1158 [stris
1746 1087 1904 1158 (88‘),
2228 1085 2362 1154 Quae
2387 1087 2550 1142 Pater
2576 1087 2675 1143 ille
2699 1089 2987 1145 hominum
3012 1091 3166 1145 vetiti
3202 1105 3303 1162 pro
3329 1091 3566 1148 crimine
3591 1091 3755 1163 pomi

475 1175 714 1232 Viribus
743 1191 808 1230 ac
838 1176 975 1231 totis
1005 1191 1215 1231 causas
1247 1175 1516 1232 insistere
1545 1179 1766 1247 portas,
2226 1175 2436 1241 Intulit,
2463 1180 2514 1232 et
2543 1181 2699 1248 rupto
2727 1177 3028 1232 mutarit
3054 1178 3262 1250 raedae
3285 1195 3550 1235 massam.

337 1265 444 1320 135
477 1263 546 1320 Vi
576 1263 787 1322 saltem
819 1265 1134 1320 reserantis
1175 1263 1336 1320 adire
1367 1267 1433 1319 ut
1461 1263 1668 1320 limina
1697 1261 1906 1318 cmlum
2226 1263 2332 1318 Nec
2359 1263 2509 1318 ultra
2524 1267 2727 1336 patriis
2752 1266 2952 1337 poteris
2981 1267 3216 1322 tutarier
3237 1268 3434 1336 armis,

479 1351 765 1425 Principis
795 1351 1048 1408 ecclesiae
1079 1352 1269 1420 liceat,
1303 1368 1374 1408 ne
1407 1351 1607 1407 lrivole
1639 1355 1830 1407 tantos
2089 1350 2193 1406 185
2229 1355 2476 1424 Namque
2505 1355 2657 1424 rapit
2683 1361 2887 1411 natura
2931 1353 3080 1410 diem
3117 1371 3478 1427 somnumque
3503 1355 3749 1412 reducit.

478 1440 822 1514 Propellant
844 1442 1124 1514 figmenta
1153 1441 1310 1498 viros
1341 1445 1398 1498 et
1425 1445 1560 1497 vota
1589 1441 1883 1496 retardent
2226 1439 2454 1511 Percipe
2479 1441 2646 1496 verba
2676 1445 2861 1498 tamen
2883 1443 3050 1514 positi
3071 1444 3174 1499 sub
3201 1443 3315 1513 ﬁne
3331 1447 3602 1516 parentis,

478 1531 755 1588 Presenti
787 1529 1078 1603 promissa
1106 1529 1232 1586 loco
1261 1528 1614 1602 templisque
1643 1526 1872 1584 dicatis.
2229 1529 2295 1583 Et
2320 1531 2536 1585 ratione
2561 1531 2708 1586 vales
2737 1546 3079 1604 quacunque,
3104 1531 3404 1589 adsciscere
3425 1535 3565 1604 forti

478 1619 722 1676 Talibus
753 1618 1015 1692 imperiis
1045 1617 1266 1690 talique
1295 1618 1624 1673 hortamine
1651 1632 1854 1688 regum
2229 1616 2547 1688 Brengario.
2581 1619 2736 1674 Hunc
2763 1619 2967 1674 etenim
2994 1621 3110 1690 fato
3137 1620 3368 1678 meliore
3393 1628 3650 1694 sequetur

336 1709 444 1766 410
483 1708 756 1765 Induviae
787 1707 1024 1780 rapiunt
1051 1707 1245 1763 cuncti
1279 1707 1549 1764 Mavertis
1578 1704 1792 1771 anheli,
2230 1705 2514 1776 Hesperia,
2545 1715 2596 1761 et
2618 1709 2817 1763 nostris
2848 1709 3020 1763 etiam
3047 1707 3425 1764 dominabitur
3453 1711 3634 1766 aruis.

475 1797 838 1854 Commissas
864 1795 1018 1852 avidi
1048 1796 1200 1852 ferro
1232 1794 1606 1868 proscindere
1634 1799 1854 1866 portas.
2092 1791 2196 1844 190
2233 1792 2347 1848 Nec
2373 1792 2546 1864 plura
2573 1795 2803 1864 effatus,
2839 1796 3034 1852 medio
3063 1811 3336 1854 sermone
3364 1796 3606 1860 resistit.

477 1887 609 1942 Jam
640 1885 782 1956 quia
800 1891 968 1957 parta
983 1885 1096 1940 sibi
1121 1883 1504 1956 speculantur
1523 1883 1689 1955 nigra
1709 1880 1981 1946 Quirites,
2017 1918 2060 1957 η
2233 1881 2302 1936 Et
2329 1879 2507 1936 vitam
2539 1883 2757 1954 pariter
2785 1883 3039 1941 moriens
3069 1887 3128 1940 et
3155 1884 3382 1941 famine.
3405 1885 3628 1956 linquit

479 1975 750 2047 Undique
777 1973 1023 2030 dissutis
1045 1977 1306 2029 reserant
1329 1972 1728 2044 penetralibus
1748 1969 1982 2036 Urbem,
2015 1968 2061 1983 “’
2245 1968 2542 2026 Laetantur
2567 1971 2788 2043 papuli,
2821 1972 3028 2028 mortis
3057 1971 3340 2030 cecidisse-
3380 1972 3752 2042 ministrum,

477 2061 1531 2133 Admittuntqueducesvenerandaad
1547 2056 1993 2114 delubramites.
2245 2057 2315 2113 Et
2337 2059 2494 2116 curis
2525 2059 2759 2116 solvunt
2789 2061 3017 2116 animos
3045 2075 3110 2116 ac
3142 2061 3326 2118 Marte
3357 2060 3636 2118 lacertos:

350 2155 459 2212 145
493 2151 598 2210 llic
629 2151 730 2208 ubi
761 2149 1031 2223 perfectis
1062 2150 1288 2205 nituere
1317 2149 1526 2204 altaria
1554 2149 1726 2213 votis,
2246 2145 2318 2202 Ut
2341 2147 2452 2218 (92)
2465 2163 2600 2203 cum
2631 2146 2754 2204 sole
2782 2146 2936 2204 malo
2956 2147 3234 2220 tristique
3261 2149 3486 2206 rosaria
3501 2147 3752 2222 pallent,

479 2241 659 2298 Ardet
689 2239 1045 2312 inexpletum
1079 2239 1290 2296 ductor
1319 2238 1578 2310 proferre
1610 2237 1865 2292 furorem
2101 2235 2208 2290 195
2243 2234 2386 2292 Usta
2413 2239 2586 2303 noto;
2619 2235 2670 2292 si
2702 2234 2862 2293 clara
2891 2235 3018 2292 dies
3040 2237 3394 2310 zephyrique
3422 2237 3632 2296 refecit

482 2328 797 2386 Barbarus.
829 2326 1088 2383 Infrenes
1117 2325 1350 2382 animos
1380 2325 1462 2381 sic
1494 2325 1581 2380 ira
1611 2325 1832 2396 fatigat.
2241 2323 2398 2378 Aura
2426 2321 2650 2396 polum,
2683 2323 2834 2380 redit
2862 2323 3056 2380 omnis
3085 2323 3637 2397 honos,emissaque
3665 2323 3755 2381 lu-

481 2416 632 2484 Ωιιὶά
659 2415 852 2483 faciat,
887 2431 1002 2487 quo
1034 2432 1097 2471 se
1145 2417 1356 2481 vertat,
1385 2431 1512 2486 quae
1561 2413 1778 2470 moenia
1817 2413 1986 2478 visat,
3522 2414 3684 2486 [cent

483 2505 723 2580 Ignorat
751 2504 996 2561 rationis
1037 2503 1227 2576 inops.
1258 2503 1405 2559 Nam
1456 2519 1693 2559 summa
1734 2501 1988 2566 tenebat,
2241 2499 2536 2572 Germina,
2569 2503 2626 2556 et
2653 2500 2932 2557 informes
2972 2505 3145 2558 ornat
3173 2517 3285 2558 sua
3311 2499 3500 2574 gloria
3525 2503 3748 2576 virgas.

345 2595 450 2654 150
486 2595 633 2668 Spes
657 2593 758 2650 ubi
779 2593 1069 2666 pestiferis
1099 2592 1358 2648 restabat
1386 2595 1621 2663 postera
1651 2589 1856 2646 Gallis.
2312 2592 2456 2644 Pars
2484 2605 2720 2661 quoque
2747 2605 2962 2663 magna
3010 2588 3202 2646 virum
3251 2593 3592 2662 properant,
3619 2590 3750 2646 Wi-

479 2684 554 2740 At
580 2683 785 2739 ductor
815 2681 961 2738 Latii
995 2681 1220 2738 socium
1251 2680 1378 2736 sine
1411 2697 1571 2736 more
1600 2684 1916 2752 tyrannum
3213 2679 3386 2750 [done
3417 2678 3676 2751 sepulto,

483 2771 560 2830 Ut
585 2771 743 2827 videt
767 2769 1062 2843 ingruere,
1120 2768 1310 2842 placid
1377 2768 1462 2825 sic
1518 2773 1749 2840 pectore
1776 2768 1984 2840 cmpit:
2237 2765 2480 2822 Orantes
2509 2765 2742 2822 veniam
2772 2765 2918 2822 Latii
2947 2764 3205 2830 ductoris
3235 2766 3310 2823 ad
3340 2765 3562 2824 aulam.

485 2861 698 2926 Desine,
732 2873 832 2914 rex
858 2857 1203 2922 venerande;
1230 2860 1363 2911 satis
1390 2858 1589 2912 virtute
1613 2863 1913 2928 peractum,
2093 2855 2200 2909 200
2236 2854 2387 2910 Dum
2413 2853 2665 2911 Widone
2695 2859 2911 2923 satum,
2948 2853 3200 2911 invalido
3231 2853 3550 2912 comitante
3570 2856 3747 2912 mini-

483 2943 588 2998 Nec
615 2937 762 2994 decet
788 2938 1020 2993 utteiius
1046 2937 1214 2993 socios
1241 2935 1498 2992 deducere
1536 2936 1770 2992 Rhenos.
3361 2945 3508 3016 [atro
3533 2943 3674 3016 (93),

350 3026 452 3083 155
484 3027 627 3082 Nam
653 3027 704 3080 si
731 3023 923 3080 itidem
961 3023 1106 3082 Wido
1135 3025 1292 3080 victis
1320 3039 1470 3096 spem
1515 3027 1671 3096 ponit
1702 3026 1761 3080 in
1789 3042 1890 3081 am

2235 3029 2766 3102 Deﬁciunuduplici
2800 3029 3054 3088 nimium
3073 3029 3424 3100 discrimine
3445 3036 3740 3102 meatum,

475 3113 742 3170 Adveniat
781 3113 1042 3181 tumidus,
1091 3112 1286 3168 dextra
1315 3113 1436 3179 hac,
1491 3114 1628 3178 sine,
1683 3130 1843 3185 posco
1897 3114 1986 3170 do-
2236 3119 2418 3175 Morte
2446 3117 2628 3190 patris
2659 3117 2836 3174 simul
2866 3135 2936 3174 ac
2963 3118 3122 3175 notis
3149 3119 3508 3178 abeuntibus
3539 3121 3743 3177 armis.

1601 3203 1873 3272 [momina
2028 3277 2056 3280 __
2233 3207 2307 3261 At
2336 3206 2594 3263 recolens
2623 3210 2912 3280 praecepta
2939 3207 3312 3280 patrisJubet
3340 3209 3425 3264 ire
3455 3208 3741 3276 sodalem,

485 3293 549 3348 Te
575 3291 890 3347 dominante
917 3291 1052 3346 viris
1079 3291 1303 3362 antiquo
1330 3291 1535 3362 [aedere
1552 3292 1784 3362 junctis.
2013 3277 2058 3344 C
2236 3293 2344 3360 Qui
2366 3311 2567 3367 pacem
2595 3277 2756 3368 petat
2784 3277 2850 3352 ac
2881 3277 3079 3370 regem
3109 3277 3472 3357 summissus
3501 3299 3738 3356 adoret:

483 3379 681 3436 Mitior
707 3379 804 3435 hic
831 3379 1026 3447 dictis,
1061 3379 1302 3451 patitur,
1337 3379 1614 3452 repedare
1640 3379 1900 3437 volentes
2091 3383 2199 3438 205
2233 3382 2315 3439 Ne
2343 3400 2568 3440 memor
2597 3400 2726 3441 esse
2754 3384 2894 3441 velit
2932 3385 3214 3458 genitoris
3261 3385 3416 3442 bella
3463 3386 3740 3460 gerentis,

483 3467 826 3524 Barbaricos
855 3483 1123 3540 proceres
1159 3467 1388 3524 diverso
1443 3468 1516 3530 ab
1565 3467 1752 3524 limite
1782 3468 1982 3538 lectos,
2235 3471 2348 3528 Sed
2379 3471 2536 3546 legat
2564 3472 2624 3528 in
2655 3488 2906 3548 regnum
2943 3472 3149 3530 sociali
3196 3473 3410 3546 foedere
3459 3473 3741 3544 amicum,

351 3555 452 3610 160
486 3555 788 3612 Germanae
817 3555 1090 3628 princeps
1122 3555 1474 3612 metuendus
1494 3558 1550 3609 et
1569 3554 1786 3610 arbiter
1811 3554 1979 3610 aulae.
2235 3558 2568 3632 Militiaaque
2597 3559 2770 3616 etiam
2795 3560 3022 3618 Mavors
3053 3561 3102 3618 si
3135 3563 3372 3634 quando
3405 3562 3739 3619 ministrum

555 3643 669 3718 Vix,
691 3642 958 3716 proprios
983 3643 1176 3716 tetigit
1203 3643 1350 3698 fines
1380 3659 1478 3698 rex
1517 3641 1614 3698 ille
1653 3643 1940 3700 verendus
1965 3661 1977 3698 :
2239 3647 2398 3704 Bella
2426 3648 2557 3705 ciet.
2589 3649 2717 3706 Dux
2745 3649 2967 3706 interea
2992 3649 3346 3706 venerabilis
3374 3667 3504 3708 avo.

485 3730 790 3806 Legirupis
819 3747 890 3786 en
922 3731 1090 3788 Wido
1122 3731 1232 3802 (89)
1263 3731 1422 3786 tubis
1457 3731 1709 3786 rediviva
1737 3731 1984 3788 resumit
2232 3737 2366 3792 Fert
2395 3736 2627 3808 pietatis
2657 3753 2828 3809 opem
2853 3737 3221 3794 venientibus
3249 3737 3404 3794 ultro
3435 3739 3731 3812 maniplis,

477 3818 894 3891 Agmina,item
913 3817 1120 3874 vetitos
1140 3819 1382 3890 cupiens
1395 3818 1706 3889 pervadere
1718 3835 1977 3892 campos.
2088 3823 2196 3881 2l0
2233 3825 2346 3880 Nec
2375 3823 2572 3881 Gallos
2602 3825 2801 3892 abicit,
2835 3842 2941 3884 nec
2969 3826 3220 3882 crimina
3258 3827 3438 3898 ponit.
3454 3827 3731 3894 Etruscis,

472 3905 687 3962 Saevior
713 3905 840 3978 ipse
869 3905 1047 3962 etiam
1078 3906 1240 3978 regni
1270 3909 1434 3978 pater
1466 3905 1733 3962 hostibus
1763 3924 1929 3964 arma
2223 3911 2533 3968 Praetendit
2560 3912 2730 3969 solito
2759 3930 2961 3970 verum
2992 3915 3092 3986 pia
3122 3913 3348 3971 viscera
3376 3915 3631 3975 cunctis.

330 3993 436 4049 165
472 3991 728 4060 Molitur,
763 3996 957 4048 tantos
989 3991 1192 4048 avidus
1222 3993 1333 4064 (90)
1366 3992 1533 4048 finire
1562 3994 1812 4050 labores.
2229 4000 2486 4058 Nuntius
2518 4000 2578 4056 in
2609 3999 2800 4058 medio
2829 4002 3067 4058 demum
3099 4007 3168 4058 ut
3195 4002 3604 4060 Lamberticns
3634 4003 3734 4060 ad-

464 4083 690 4138 lnterea
718 4097 846 4138 sors
879 4081 990 4153 (91)
1019 4080 1170 4136 lecta
1205 4081 1328 4148 Dei,
1361 4083 1724 4139 circumdata
1769 4085 1974 4153 saccis,
3504 4095 3664 4161 [stat,

472 4171 624 4226 Vota
651 4168 807 4236 facit,
839 4168 1066 4224 vultum
1096 4167 1356 4226 lacrimis
1388 4171 1596 4226 altaria
1625 4171 1846 4230 circum
2125 4235 2138 4246 ο
2225 4177 2297 4232 Et
2325 4193 2452 4250 qua
2482 4177 2560 4234 sit
2589 4178 2824 4240 fortuna
2851 4178 2971 4234 viro
3003 4177 3282 4252 pacisque
3321 4177 3596 4243 voluntas

473 4256 727 4324 Sull‘usa,
759 4255 866 4313 has
898 4255 1016 4312 imo
1047 4255 1332 4313 referebat
1363 4261 1590 4331 pectore
1619 4277 1822 4318 voces:
2224 4265 2456 4334 Edocet,
2489 4265 2615 4338 ipse
2643 4270 2810 4338 pater
2840 4265 3000 4323 mitis
3029 4267 3114 4322 sic
3146 4271 3379 4339 pectore
3409 4267 3605 4324 reddit
3633 4286 3647 4324 :

475 4344 515 4402 0
543 4361 734 4401 rerum
760 4346 998 4414 genitor,
1026 4346 1234 4402 cunctis
1261 4347 1548 4403 metuenda
1571 4353 1820 4420 potestas.
2081 4353 2188 4408 215
2223 4355 2401 4424 κεραα
2428 4355 2635 4425 referre
2663 4355 2828 4410 malis
2856 4356 3098 4411 nimium
3126 4371 3285 4420 sacra
3303 4355 3440 4426 jura
3458 4361 3734 4415 recusant.

333 4433 438 4490 170
475 4435 710 4505 Imperio
739 4435 835 4506 qui
863 4434 1006 4490 bella
1034 4436 1178 4504 regis
1199 4452 1494 4508 pacemque
1515 4440 1767 4508 perenni,
2222 4445 2470 4514 Namque
2484 4442 2604 4514 poli
2621 4442 2954 4513 sensum(94)
2977 4443 3272 4499 demissum
3287 4445 3567 4500 traximus
3588 4461 3733 4515 arce,

471 4522 551 4578 Da
578 4524 757 4578 tantos
782 4538 992 4579 cessare
1014 4521 1162 4578 dolos
1183 4541 1202 4577 :
1234 4522 1305 4579 da
1331 4525 1584 4580 criminis
1608 4529 1798 4582 auctor
2224 4529 2391 4590 Cuius
2419 4533 2576 4602 egent
2594 4546 2777 4602 prona
2803 4537 2854 4586 et
2882 4533 3093 4586 terram
3116 4532 3442 4604 spectantia.
3473 4531 3669 4589 Mundi

479 4611 653 4668 Veloci
675 4614 863 4682 pereat
892 4611 996 4666 leto
1022 4627 1042 4701 ,ς
1069 4609 1140 4666 da
1167 4618 1409 4683 tempora
1434 4617 1618 4670 nostro
1999 4637 2048 4701 Ι)
2219 4607 2504 4690 Principio
2535 4617 2767 4676 indulsit
2795 4620 3099 4676 conmunis
3127 4618 3372 4674 conditor
3399 4619 3520 4676 illis

468 4701 654 4772 Longa
681 4698 828 4765 duci,
859 4699 1074 4772 quando
1102 4701 1322 4770 gemina
1366 4703 1474 4772 fert
1503 4702 1664 4759 laude
1690 4719 1966 4770 coronam,
2000 4698 2034 4701 ”
2221 4707 2451 4762 Tantum
2473 4708 2746 4775 animam,
2776 4707 2934 4763 nobis
2981 4707 3235 4764 animum
3271 4722 3484 4780 quoque
3511 4714 3735 4764 mutuus

472 4788 702 4846 Virtutis
731 4789 944 4854 merito,
977 4789 1028 4843 et
1055 4791 1273 4857 generis
1312 4788 1456 4860 quod
1484 4797 1763 4847 stemmate
1781 4793 1968 4864 pollet.
3451 4795 3536 4868 [ut
3563 4812 3664 4854 nos

329 4875 432 4932 175
465 4875 668 4934 Audiit
695 4875 810 4932 ista
839 4880 1016 4944 sator,
1038 4879 1226 4932 totum
1259 4876 1358 4949 qui
1388 4883 1588 4934 curvat
1615 4879 1927 4953 Olympum
1955 4899 1970 4950 ;
2080 4879 2188 4935 220
2223 4880 2458 4953 Aﬂ'ectus
2482 4886 2664 4954 petere
2691 4884 2976 4940 auxilium
3003 4886 3055 4939 et
3077 4887 3350 4955 prastare
3366 4883 3610 4955 juberet.

465 4963 677 5020 Mortis.
703 4963 908 5022 adesse
939 4963 1092 5020 diem
1125 4965 1279 5038 cogit
1325 4965 1448 5020 fera
1503 4965 1658 5022 bella
1701 4969 1972 5038 moventi,
2223 4971 2329 5026 Nec
2349 4969 2560 5042 genitus
2589 4973 2864 5043 gignentis
2893 4971 3050 5028 habet
3073 4987 3178 5044 pro
3231 4973 3480 5029 crimine:
3503 4987 3729 5042 noxam,

469 5051 566 5112 Sic
597 5055 794 5108 tamen
827 5056 892 5108 ut
922 5051 1155 5125 proprio
1193 5059 1508 5125 componat
1547 5053 1775 5112 lumina
1803 5055 1970 5114 lecto.
2226 5058 2470 5116 Veridico
2499 5061 2695 5116 cecinit
2721 5059 2997 5132 quondam
3023 5059 3172 5115 velut
3201 5074 3293 5116 ore
3319 5059 3589 5131 propheta

471 5137 689 5196 Ultima
711 5139 813 5196 lux
841 5140 1040 5206 instat,
1071 5157 1176 5198 nec
1197 5141 1324 5213 jam
1354 5158 1489 5214 spes
1524 5142 1644 5200 ulla
1671 5143 1806 5200 diei.
3068 5145 3088 5220 l
3117 5145 3346 5218 (Ezech.
3377 5148 3660 5222 xvm,20).

396 5315 587 5526 £8821.
619 5331 692 5382 e.,
723 5315 941 5387 inquit,
965 5345 1035 5356 —
1065 5315 1356 5389 siquidem
1389 5317 1560 5375 Vales.

417 5383 487 5441 88
517 5384 535 5458 )
563 5387 720 5442 Anno
745 5385 870 5442 896.

419 5457 510 5526 89)
551 5457 700 5512 Wido
717 5457 842 5526 jam
895 5463 1026 5526 ante
1069 5458 1314 5526 primum
1365 5458 1582 5526 Amulli
1639 5457 1881 5516 reditum
1909 5463 1936 5516 i1

2182 5321 2262 5395 92)
2294 5323 2349 5380 γ.
2410 5323 2648 5380 194-197
2709 5339 2780 5381 ex
2845 5323 3010 5381 Statii
3077 5323 3233 5382 Theb.
3304 5323 3412 5396 VII,
3469 5341 3528 5380 υ.
3593 5327 3722 5383 223-

2182 5423 2260 5526 53)
2281 5463 2365 5520 Sc.
2406 5464 2683 5520 Lamberti
2735 5473 2914 5522 matre
2967 5464 3283 5526 Ageltruda.
3340 5464 3452 5526 ﬁlii
3507 5468 3718 5524 ιαινίεθ.

513 5399 535 5449 ’)
563 5399 720 5442 Anno
745 5399 870 5442 δυϋ.
2075 5399 2204 5449 226.

419 5457 510 5528 89)
551 5457 700 5535 Wido
716 5457 880 5535 ῥαπί-
895 5463 1028 5535 ante
1056 5458 1314 5535 primum
1365 5458 1582 5530 Amulli
1639 5457 1881 5516 reditum
1909 5463 1970 5516 in
2077 5533 2124 5535 __
2147 5463 2260 5535 (93)
2281 5463 2365 5520 Sc.
2406 5464 2683 5520 Lamberti
2735 5473 2914 5522 matre
2967 5464 3283 5535 Ageltruda,
3339 5464 3452 5534 ﬁlii
3507 5468 3718 5524 tetrica

329 5522 696 5592 Germaniam,
716 5522 783 5581 'a.
815 5527 940 5592 894,
976 5522 1198 5581 obierat.
1541 5522 1552 5530 ⁷
2073 5522 2266 5590 Vales.

417 5594 492 5653 90
540 5596 754 5650 Avidos
781 5612 925 5650 corr.
957 5595 1165 5652 avidus
1191 5612 1240 5650 c.

418 5595 511 5731 9|;
538 5665 581 5717 1.
613 5679 688 5731 e.,
719 5663 928 5720 clerus.

2173 5603 2540 5731 Eﬁgensum
2588 5634 2658 5647 —-
2688 5623 2738 5662 υ.
2795 5606 2904 5684 220
2940 5622 3010 5662 ex
3063 5606 3310 5664 Juvenal.
3367 5605 3485 5665 Sat;
3550 5607 3637 5680 15,
3668 5625 3713 5665 υ.

569 5702 581 5717 ι
613 5702 688 5733 νυ,
720 5702 827 5719 νιυι
841 5702 928 5720 una
2072 5702 2338 5731 ’ἰπνινυσ
