3900 6224
143 414 304 481 i308
979 405 1343 472 ANONYMI
1385 403 1782 467 PANEGYR.
1830 399 2169 464 BERENG.
2212 398 2375 461 IMP.
2422 397 2571 462 LIB.
2613 396 2720 462 IV.
3391 398 3545 462 1306

276 549 632 622 Quapropter
658 547 859 615 veniat,
892 552 1074 601 noster
1101 541 1356 599 dicendus
1385 541 1592 596 amicus
1823 539 1879 603 Α
1904 536 2012 590 260
2050 533 2269 589 Bucina
2295 533 2462 589 triste
2493 548 2709 590 canens
2739 532 3060 606 disiunctos
3101 551 3289 608 usque
3318 533 3547 593 sodales

291 640 405 695 Hao
432 639 667 701 ratione,
701 636 808 707 ﬁde
829 635 993 691 violet
1020 649 1089 688 ne
1108 632 1245 703 jura
1269 632 1571 702 protervus,
2046 625 2348 689 Convocat,
2383 638 2449 680 ac
2476 622 2699 677 domini
2726 622 2907 679 letum
2935 624 3167 680 crudele
3198 625 3472 698 resignat.

141 728 257 785 225
292 730 359 784 In
387 727 497 784 levi
523 725 812 782 cumulans
838 723 1102 794 genitoris
1131 723 1340 791 pectore
1370 719 1638 774 technam.
1892 756 1895 757 ν
2050 711 2167 766 Hoc
2200 710 2391 766 sonitu
2427 727 2635 766 nemus
2657 728 2828 767 omne
2850 712 3066 781 tremit,
3093 712 3439 785 fugiuntque
3457 731 3551 769 vo-

294 815 564 872 Sin'tenet
593 814 690 870 ille
712 813 915 869 donum
937 810 1178 884 juvenili
1206 815 1384 863 mente
1413 813 1728 874 resumtum,
3114 814 3137 827 -
3271 801 3481 864 flueres

297 904 534 974 Colligat
562 919 721 959 arma
747 903 871 969 cito,
902 902 1159 972 patrique
1185 897 1507 952 simillimus
1536 896 1681 948 ultro
2051 887 2271 960 Elapsus
2303 890 2530 961 pennis,
2556 906 2943 962 possessaque
2972 889 3161 946 lustra
3188 889 3468 963 relinquit

294 996 569 1050 Exercens
596 991 861 1057 studium,
892 990 1039 1060 faxit
1063 1004 1163 1059 per
1195 987 1337 1041 bella
1360 984 1648 1057 periclum.
2055 977 2236 1033 Omne
2267 994 2464 1049 pecus.
2496 978 2679 1035 Tanto
2719 978 2916 1035 sonitu
2958 978 3320 1052 glomeratur
3346 980 3553 1035 utrim-

298 1080 554 1153 Percipit
583 1080 704 1136 haec
734 1078 939 1135 hilaris
968 1080 1279 1148 postquam
1308 1072 1588 1145 juvenilis
1617 1070 1803 1125 alum-
3351 1079 3486 1142 [que

1590 1162 1748 1232 [nus],
1912 1155 2020 1209 265
2060 1158 2225 1210 Lecta
2246 1171 2454 1210 manus
2480 1155 2780 1225 comitum,
2808 1156 3073 1230 disrupto
3095 1160 3151 1213 et
3170 1161 3406 1231 gutture
3429 1174 3555 1213 mu-

149 1260 269 1317 230
306 1256 582 1323 Procidit,
615 1260 674 1312 et
703 1254 952 1328 supplex
977 1253 1123 1325 regi,
1153 1255 1462 1307 veneratur
1490 1265 1768 1316 amorem,
3336 1248 3481 1312 [tum

303 1349 429 1414 Quo
458 1345 656 1413 tellus,
689 1344 932 1417 pelagus
964 1344 1198 1398 servant
1235 1345 1412 1411 atque
1453 1342 1613 1395 astra
1643 1342 1809 1393 teno-
2062 1332 2381 1389 Flebilibus
2402 1334 2675 1404 juvenem
2706 1336 2919 1391 vocitat
2947 1334 3323 1393 clamoribus.
3359 1336 3458 1393 Ille

1570 1428 1735 1498 [rem],
2060 1421 2278 1476 Nititur
2306 1421 2507 1477 infelix
2536 1423 2747 1479 fractas
2779 1425 3031 1496 proferre
3060 1425 3350 1497 loquelas;

304 1523 391 1580 Ne
420 1524 636 1595 pontus
663 1519 904 1593 liquidis
935 1534 1137 1574 arvum
1169 1518 1467 1574 subvertet
1493 1516 1740 1572 habenis
2063 1510 2325 1566 Succidit
2355 1512 2412 1567 in
2442 1512 2650 1567 mediis
2680 1514 2951 1585 equidem
2979 1516 3285 1571 conatibus
3316 1531 3484 1589 aeger,

304 1614 423 1668 Aut
452 1611 640 1683 ignita
667 1608 787 1681 poli
820 1611 1160 1680 mergantur
1189 1606 1381 1661 sidera
1409 1604 1684 1677 lymphis.
2065 1599 2320 1657 Ulterius
2348 1617 2452 1656 nec
2499 1600 2700 1673 lingua
2745 1601 2914 1671 valet,
2948 1619 3053 1659 nec
3081 1606 3255 1659 verba
3304 1620 3560 1676 sequun-

305 1700 459 1756 Hinc
488 1714 780 1767 remeans,
802 1695 1006 1769 juveni
1036 1695 1221 1751 defert
1247 1711 1355 1749 sua
1382 1694 1589 1749 nuntia
1615 1692 1752 1759 voti,
3209 1704 3222 1767 [
3233 1699 3327 1748 tur
3356 1693 3490 1764 (97).

155 1790 274 1846 235
310 1788 533 1846 Ordine
566 1789 777 1842 cuncta
823 1801 1091 1840 monens.
1124 1783 1382 1839 Tandem
1413 1798 1511 1837 rex
1556 1782 1815 1853 optimus
1922 1775 2031 1832 270
2068 1777 2230 1832 Haud
2265 1778 2377 1848 (98)
2399 1795 2607 1851 segnes
2629 1780 2767 1835 socii
2796 1783 2984 1836 crates
3010 1784 3067 1836 et
3090 1780 3267 1837 molle
3291 1782 3564 1838 feretrum

1548 1873 1746 1942 [atque
1846 1902 1894 1966 Β
2063 1867 2336 1966 arbuteis
2367 1872 2568 1923 texunt
2595 1870 2774 1941 virgis
2805 1886 2870 1925 ac
2900 1869 3117 1925 vimine
3148 1886 3390 1941 querno,

310 1965 663 2023 Lambertus
692 1964 1023 2035 properant,
1053 1960 1154 2015 ubi
1185 1958 1392 2014 fertilis
1424 1960 1582 2014 unda
1608 1959 1813 2015 Ticini.
1848 1956 1892 1966 “’
2069 1956 2519 2028 Exstructosquc
2538 1961 2694 2012 toros
2711 1958 2951 2014 obtentu
2972 1959 3568 2016 frondisinumbrant.

309 2051 496 2109 Alluit
523 2051 817 2125 egregiam
850 2048 1010 2103 ﬂuvii
1040 2048 1385 2119 cognomine
1416 2047 1631 2102 dictam
2072 2044 2172 2098 Hic
2195 2045 2474 2115 juvenem
2502 2045 2716 2117 agresti
2739 2047 3053 2103 sublimem
3086 2048 3145 2102 in
3169 2048 3451 2105 stramine
3480 2066 3575 2122 po-

312 2142 557 2210 Urbem,
587 2140 648 2195 in
679 2156 798 2211 qua
824 2136 979 2195 soliti
1009 2152 1204 2208 regem
1235 2140 1497 2209 spectare
1528 2135 1738 2208 Latini,
2164 2186 2170 2193 .
3308 2140 3497 2209 [nunt

309 2229 523 2287 Mutua
545 2228 723 2285 verba
751 2229 974 2294 serunt,
1005 2229 1314 2297 postquam
1345 2224 1633 2297 promittit
1662 2230 1818 2281 uter-
2073 2221 2313 2288 Qualem
2345 2223 2603 2296 virgineo
2634 2224 2969 2281 demessum
3001 2225 3208 2298 pollice
3240 2227 3441 2283 ﬂorem

1616 2316 1752 2386 [que
1929 2311 2038 2366 275
2075 2312 2188 2367 Seu
2221 2311 2414 2367 mollis
2443 2312 2604 2368 violae
2634 2330 2734 2369 seu
2766 2312 3099 2387 languentis
3132 2314 3451 2388 hyacinthi,

162 2409 279 2464 240
318 2407 666 2464 Mansuram
712 2405 920 2471 fcedus,
952 2403 1137 2460 roseis
1182 2402 1324 2458 dum
1371 2408 1535 2458 vecta
1581 2403 1823 2475 quadri-
2074 2399 2173 2456 Cui
2208 2416 2395 2472 neque
2427 2400 2618 2473 fulgor
2641 2401 2831 2459 adhuc
2862 2404 3113 2459 necdum
3141 2418 3250 2461 sua
3279 2405 3465 2461 forma
3495 2421 3577 2460 re-

1490 2492 1604 2565 [gis
1640 2493 1752 2563 (95)
3286 2497 3304 2561 i
3307 2494 3500 2550 cessit.

317 2582 626 2641 Fluctibus
654 2582 866 2638 Oceani
900 2580 1272 2654 perfunditur
1309 2580 1499 2636 orbita
1528 2581 1751 2647 thbi,
2076 2578 2201 2633 Non
2224 2580 2350 2650 jam
2383 2583 2570 2635 mater
2599 2579 2704 2636 alit
2732 2580 2907 2637 tellus
2935 2580 3202 2654 viresque
3230 2582 3548 2638 ministrat.

314 2675 438 2730 Aut
463 2671 637 2728 tellus
664 2670 910 2726 immota
938 2674 1154 2738 manet,
1186 2686 1292 2726 nec
1331 2670 1585 2737 pondere
1615 2670 1787 2737 cedit,
2075 2667 2314 2724 Talibus
2346 2674 2650 2741 expostum
2677 2670 2891 2725 studiis
2916 2672 2987 2726 ad
3011 2672 3232 2743 templa
3261 2675 3576 2743 reportant,

320 2761 592 2833 Undique
621 2759 827 2833 pulcra
868 2764 1040 2816 tuens
1078 2762 1399 2815 vertentem
1432 2759 1623 2815 sidera
1654 2777 1825 2815 mun-
2088 2759 2157 2814 Ut
2187 2759 2442 2813 condant
2469 2758 2647 2830 digno
2683 2758 2962 2829 juvenilia
2997 2761 3262 2815 membra
3290 2760 3577 2834 sepulcro.

1570 2849 1754 2916 [dum,
1934 2848 2042 2901 280
2081 2846 2184 2902 Hic
2214 2847 2315 2902 ubi
2345 2847 2604 2902 ductoris
2637 2846 2879 2919 replevit
2906 2847 3152 2903 nuntius
3177 2848 3335 2904 auris

318 2940 379 2995 Si
411 2941 498 2995 tot
522 2937 644 2994 vita
671 2936 861 2993 virum
892 2942 1092 3009 posset
1120 2937 1332 2993 durare
1362 2954 1466 3010 per
1495 2954 1701 2993 annos.
2082 2936 2404 3009 Brengarii,
2436 2936 2683 2993 Widone
2714 2941 2909 2993 satum
2941 2937 3221 2993 cecidisse
3250 2942 3513 2994 coactum

169 3030 286 3087 2&5
308 3028 370 3085 Ο
393 3025 666 3100 juvenale
695 3026 896 3093 decus,
924 3026 975 3082 si
1004 3042 1172 3081 meus
1202 3043 1317 3081 non
1349 3026 1489 3081 laeva
1517 3026 1756 3082 fuisset!
2080 3024 2421 3096 Cornipedis
2451 3029 2633 3097 tergo,
2667 3025 2846 3081 trahit
2875 3026 2980 3082 bas
3011 3027 3081 3081 de
3112 3031 3339 3099 pectore
3364 3043 3534 3083 voces
3569 3044 3582 3083 :

321 3117 490 3189 Saepe
519 3116 688 3171 datas
716 3113 893 3171 volvit
921 3115 1083 3186 pacis
1110 3114 1440 3171 rescindere
1471 3115 1703 3171 dextras
2083 3119 2203 3170 Heu
2229 3117 2424 3170 mortis
2451 3114 2742 3170 metuenda
2774 3117 2906 3181 lues,
2930 3130 3054 3187 qua:
3080 3115 3330 3170 dulcibus
3351 3119 3516 3173 annis

321 3204 653 3262 Fraudibus
682 3202 954 3259 inventis.
984 3203 1095 3259 Sed
1121 3204 1276 3258 enim
1310 3203 1534 3258 ratione
1564 3203 1759 3275 sagaci
1867 3263 1903 3276 κ
2082 3203 2365 3272 Inseritur,
2397 3206 2682 3276 tristesque
2708 3208 2869 3275 negat
2896 3219 3211 3275 componere
3238 3205 3411 3259 soles!

323 3292 671 3366 Deprendis,
705 3295 866 3363 pater
895 3290 1048 3348 alme
1078 3291 1207 3363 (96),
1240 3290 1404 3348 dolos
1435 3307 1501 3348 ac
1526 3263 1832 3347 murmura
1862 3263 1904 3331 θ
1942 3292 2049 3348 285
2084 3293 2312 3362 Dignior
2340 3263 2430 3347 liic
2455 3263 2698 3361 genitore
2724 3263 2884 3363 foret,
2914 3263 3283 3363 compluribus
3315 3292 3410 3347 ille

1502 3380 1757 3451 [temnis.
2087 3380 2295 3436 νίπτεήί
2324 3397 2389 3436 ac
2410 3382 2630 3437 Latium
2660 3383 2904 3452 quamvis
2930 3380 3230 3435 turbaverit
3258 3382 3442 3435 annis.

401 3470 600 3527 Tertia
636 3485 773 3526 mox
818 3472 1017 3525 tamen
1065 3469 1222 3525 hunc
1273 3469 1435 3525 Latio
1484 3470 1835 3541 produxerat
2087 3470 2354 3541 Undique
2393 3473 2517 3525 tota
2547 3469 2755 3525 cohors
2792 3468 2955 3542 regni
2987 3468 3281 3524 concurrit
3311 3469 3372 3524 in
3403 3486 3588 3525 unum

1400 3561 1590 3629 [aestas
1621 3559 1757 3631 (96')
2086 3558 2420 3615 Vociferans
2449 3575 2463 3614 :
2495 3560 2593 3614 Pie
2622 3574 2742 3625 rex,
2772 3560 2947 3615 nostri
2971 3559 3227 3613 miserere
3257 3558 3480 3624 laboris,

179 3650 296 3708 δέ)
334 3647 521 3705 Ubere
548 3645 787 3703 telluris
806 3645 1120 3717 potientem
1151 3662 1291 3718 pace
1317 3652 1620 3719 sequestra
1654 3666 1666 3703 :
2084 3647 2161 3703 Ne
2187 3649 2419 3719 geminis
2443 3648 2665 3719 posthac
2694 3662 2952 3718 cogamur
2974 3646 3155 3702 adesse
3183 3649 3458 3718 tyrannis,

325 3738 478 3793 Ecce
507 3734 633 3791 dies
663 3735 847 3791 instat
867 3734 1232 3806 juvenilibus
1261 3734 1473 3791 amula
1502 3736 1690 3803 factis,
1944 3737 2051 3791 290
2091 3737 2223 3792 Cum
2246 3737 2392 3792 solus
2414 3737 2631 3808 placeas
2659 3737 2818 3791 rebus
2840 3752 3116 3807 superesse
3143 3736 3375 3790 Latinis.

328 3823 534 3881 Mortis
563 3824 774 3881 acerba
801 3823 1013 3880 ferens.
1033 3823 1237 3878 Studio
1259 3824 1385 3893 jam
1412 3825 1572 3880 vadit
1601 3826 1659 3881 in
1688 3825 1835 3882 altos
2088 3826 2162 3881 Ut
2192 3826 2403 3881 Phoebo
2436 3824 2617 3881 roseis
2650 3840 2855 3879 arvum
2886 3823 3118 3880 laxante
3149 3823 3452 3897 quadrigis

326 3910 593 3967 Venandi
622 3908 807 3977 lucos,
841 3909 1084 3982 cupiens
1115 3909 1226 3965 sibi
1257 3910 1476 3967 mittier
1504 3929 1733 3984 aprum,
2086 3915 2231 3971 Vere
2249 3914 2687 3988 novo,gaudent
2704 3914 2954 3986 pecudes
2978 3913 3234 3985 fmtuque
3254 3917 3590 3985 gravantur,

327 3999 644 4056 lnformem
674 4003 778 4054 aut
815 3998 1037 4071 rapidis
1079 4014 1382 4056 occurrere
1430 4001 1689 4058 motibus
1738 4021 1834 4058 ur-
2087 4006 2312 4058 Humor
2342 4003 2509 4059 adest
2539 4001 2734 4057 herbis
2766 4018 2832 4057 ac
2859 4000 3038 4057 vastis
3071 4001 3297 4057 semina
3327 3999 3527 4067 sulcis,

1571 4093 1745 4163 [sum.
2086 4092 2301 4148 Gratus
2333 4108 2431 4147 aer
2469 4092 2697 4163 pennis,
2730 4107 3044 4163 aequorque
3085 4089 3333 4146 meabile
3366 4091 3590 4158 nautis;

178 4180 304 4236 255.
329 4176 478 4235 Antia
508 4177 609 4234 sed
641 4180 955 4249 postquam
990 4176 1173 4233 nimio
1204 4177 1458 4234 clamore
1487 4180 1733 4253 fatigant
1946 4182 2053 4237 295
2089 4183 2310 4236 Cuncta
2337 4180 2551 4249 nitent;
2578 4180 2837 4236 succedit
2867 4179 3023 4235 enim
3050 4182 3259 4234 natura
3288 4179 3555 4246 creatrix,

329 4264 666 4339 Pracipites
697 4263 858 4333 socii,
888 4264 1011 4336 ipse
1042 4282 1158 4321 uno
1189 4268 1501 4323 comitante
1533 4268 1802 4325 ministro
2090 4271 2158 4325 Et
2187 4269 2362 4325 rebus
2394 4270 2658 4340 proprias
2691 4273 2846 4324 certe
2877 4268 2976 4322 dat
3003 4272 3261 4338 tempore
3290 4268 3508 4321 formas
3542 4285 3555 4321 :

327 4356 486 4412 Dum
515 4352 801 4411 sternacis
829 4353 966 4425 equi
1006 4354 1226 4410 foderet
1264 4354 1590 4412 calcaribus
1618 4374 1834 4426 armos,
2090 4358 2254 4413 Haud
2287 4372 2457 4412 secus
2488 4356 2662 4411 Italiae
2694 4356 2872 4429 gestit
2901 4356 3011 4411 sub
3042 4355 3302 4427 principe
3332 4352 3526 4421 tellus,

330 4442 662 4515 lmplicitus
691 4439 898 4498 cecidit
927 4440 1165 4497 sibimet
1194 4443 1304 4497 sub
1337 4447 1566 4514 pectore
1597 4444 1835 4512 collum,
2090 4446 2422 4517 Impacatus
2453 4446 2553 4499 ubi
2585 4445 2655 4500 ab
2683 4445 2910 4516 superis
2941 4460 3074 4499 cum
3108 4443 3267 4515 prole
3298 4441 3535 4498 recessit

325 4532 706 4604 Abrumpens
735 4535 997 4586 teneram
1026 4529 1229 4586 colliso
1254 4535 1489 4604 gutture
1516 4532 1716 4599 vitam,
1869 4523 1916 4585 D
2091 4534 2279 4589 Guido
2315 4533 2495 4602 ferus,
2524 4534 2827 4605 fastusque
2857 4533 2973 4588 odii
3006 4531 3303 4588 moriendo
3336 4529 3589 4587 resolvit.

1537 4682 1856 4741 EXPLICIT
1900 4686 2109 4743 LIBER
2146 4685 2242 4741 III.

1105 4832 1569 4927 INCIPIT
1636 4836 2011 4932 LIBER
2081 4836 2681 4947 QUARTUS.

401 5033 621 5098 Quarta
669 5034 783 5107 (99)
834 5034 1014 5108 igitur
1044 5035 1206 5091 Latio
1256 5036 1492 5093 vixdum
1552 5038 1840 5095 deferbuit
2089 5038 2375 5097 Sollicitat
2405 5037 2670 5095 Rhodani
2695 5036 3075 5109 gentem;cui
3105 5036 3373 5095 moribus
3394 5044 3597 5097 auctor

1382 5126 1574 5188 [aestas
1604 5127 1765 5200 (99"),
1945 5131 1982 5184 5
2124 5129 2501 5184 Temnendus
2531 5125 2858 5183 Ludovicus
2888 5128 3030 5191 erat,
3059 5126 3159 5181 sed
3191 5126 3372 5199 stirpe
3401 5127 3596 5203 legen-

328 5214 452 5271 Hac
480 5210 704 5269 ratione
733 5212 946 5268 iterum
977 5211 1146 5268 solito
1178 5212 1409 5269 sublata
1439 5231 1658 5271 veneno
3363 5217 3518 5285 [dus,

329 5297 553 5371 Bellua,
574 5300 891 5373 Tyrrhenis
918 5300 1170 5356 fundens
1203 5302 1324 5357 fera
1353 5301 1525 5357 sibila
1556 5304 1629 5357 ab
1660 5304 1796 5373 oris,
2090 5305 2402 5378 Brengario
2433 5305 2629 5379 genesi
2653 5303 3000 5374 conjunctus
3032 5303 3247 5376 quippe
3279 5305 3552 5375 superba.

352 5472 354 5485 ι
407 5441 491 5514 Cf.
532 5443 673 5514 Virg.
707 5445 834 5499 ιιΕη.
876 5444 955 5509 VI,
987 5460 1036 5497 υ.
1070 5442 1195 5497 535.

352 5440 727 5609 taceas;

2038 5452 2111 5505 98
2170 5452 2222 5506 V.
2249 5449 2509 5518 270-277,
2543 5465 2611 5503 ex
2647 5448 2789 5513 Virg.
2823 5449 2947 5501 ιἘη.
2982 5449 3065 5515 XI,
3098 5464 3148 5502 υ.
3182 5448 3371 5503 64-71.

2019 5451 2292 5609 lWlW
2314 5520 2417 5609 si,
2442 5520 2663 5609 ,εξεβθδι
2700 5534 2806 5609 €199
2856 5519 3204 5609 Luceriam
3262 5521 3371 5575 θένε

278 5451 354 5498 95
407 5451 491 5514 Cf.
534 5451 673 5514 Virg.
707 5451 834 5499 Αῖη.
877 5451 955 5509 Vl,
987 5460 1036 5497 υ.
1071 5451 1195 5497 535.
2038 5452 2111 5505 98
2170 5452 2222 5506 V.
2249 5451 2509 5518 270-277,
2543 5465 2611 5503 ex
2647 5451 2789 5513 Virg.
2823 5451 2947 5501 ιίΕη.
2982 5451 3065 5515 XI,
3098 5464 3148 5502 υ.
3182 5451 3372 5503 64-71.

278 5451 727 5593 ἓρΞᾸΒςνεησρζέ.
2019 5451 2133 5593 ἓ99ζ
2165 5520 2292 5577 Inde
2333 5520 2400 5575 ab
2453 5537 2504 5574 a.
2538 5520 2663 5580 896,
2700 5534 2800 5589 quo
2861 5519 3204 5593 Larnbertum
3262 5520 3588 5589 Berengario

407 5442 491 5514 Cf.
532 5443 673 5514 Virg.
707 5445 834 5499 Ai'n.
876 5444 955 5509 VI,
987 5460 1036 5497 υ.
1070 5442 1195 5497 535.
2038 5452 2111 5505 98
2170 5452 2222 5506 V.
2249 5449 2509 5518 270-277,
2543 5465 2611 5503 ex
2647 5448 2789 5513 Virg.
2823 5449 2947 5501 ιἘη.
2982 5449 3065 5515 XI,
3098 5464 3125 5502 υ

278 5514 377 5579 98,
401 5514 727 5586 Berengari.
2019 5451 2133 5593 ξω)
2165 5520 2292 5577 Inde
2333 5520 2400 5575 ab
2453 5537 2504 5574 a.
2538 5520 2663 5580 896.
2700 5534 2800 5589 quo
2861 5519 3125 5577 Lamberti

278 5580 352 5637 96
378 5585 404 5654 )
431 5584 588 5640 Anno
617 5584 742 5639 898.
1186 5654 1190 5658 Α
1943 5594 2362 5648 reconciliatum
2388 5598 2569 5647 nostro
2592 5601 2809 5647 auctore
2838 5592 3125 5650 credimus.

278 5654 373 5725 97)
406 5653 488 5725 CI.
527 5656 671 5725 Virg.
704 5657 830 5711 ιλΕη.
863 5654 970 5720 XII,
1003 5670 1053 5709 υ.
1082 5653 1208 5721 912,
1240 5654 1368 5710 913.
2019 5663 2158 5725 (99⁶)
2190 5664 2344 5718 Anno
2373 5660 2498 5725 900,
2530 5663 2736 5720 Octobr.

278 5653 382 5725 97)
406 5653 488 5725 cr.
527 5656 671 5727 Virg.
704 5657 830 5711 Αῖη.
863 5654 970 5720 xu,
1003 5670 1053 5709 υ.
1082 5653 1208 5721 912,
1240 5654 1368 5710 913.

1195 5695 1208 5721 ,
1240 5654 1368 5710 913.
2019 5663 2158 5737 (99⁶)
2190 5664 2344 5718 Anno
2373 5660 2498 5735 900,
2530 5663 2735 5720 Octobr.
