3900 6224
373 437 529 505 130⁸7

377 934 440 988 10

370 1467 437 1523 15

358 2089 432 2144 20

359 3063 432 3119 30

357 4041 428 4095 40

1690 673 1912 738 [arvum
1932 686 1944 737 ;

512 756 621 812 Sed
653 757 837 812 vetuit
868 757 1118 813 fortuna.
1154 758 1322 814 Modo
1353 758 1492 829 quia
1523 757 1729 813 nuntia
1755 758 1903 813 votis

510 845 755 917 Accipit,
789 845 1050 917 exemplo
1082 845 1257 902 sociis
1289 847 1358 901 ad
1387 850 1537 901 tecta
1564 847 1784 902 vocatis

513 934 693 1007 Regia
727 951 738 990 :
770 937 905 1002 Quae
933 937 1149 1003 totiens,
1184 935 1399 1006 inquit,
1428 936 1693 1003 volvistis,
1719 937 1909 1002 amici,

510 1025 591 1078 En
620 1023 875 1078 volvenda
902 1024 1016 1078 dies
1046 1024 1190 1079 ultro
1222 1024 1446 1079 attulit!
1474 1024 1599 1079 Este
1624 1026 1829 1095 parati,

511 1111 927 1183 Pra’dulcesque
967 1119 1216 1183 petamus
1263 1117 1460 1181 agros!
1500 1113 1639 1167 Nam
1683 1129 1814 1167 rure
1861 1128 2013 1168 voca-

1800 1213 1945 1273 [mur

512 1291 701 1345 Vicina
728 1290 930 1346 Italiae.
965 1291 1113 1345 Vires
1141 1290 1244 1345 huc
1269 1292 1412 1361 forte
1438 1291 1696 1361 superbas

507 1380 646 1433 Dum
678 1379 875 1448 tulero,
905 1380 1144 1450 propriis
1172 1378 1405 1433 discedet
1434 1379 1623 1434 ductor
1649 1380 1716 1433 ab
1746 1381 1877 1434 oris.

510 1467 553 1523 Ο
576 1467 756 1523 miser
776 1467 953 1540 inque
974 1468 1100 1523 dies
1122 1467 1320 1533 miser,
1343 1468 1701 1523 invictumne
1720 1467 2014 1524 lacessas?

504 1556 657 1612 Num
694 1559 750 1612 te
780 1557 936 1611 fama
965 1556 1131 1611 ducis
1160 1559 1350 1612 totum
1380 1555 1617 1628 vulgata
1642 1571 1748 1628 per
1777 1558 1974 1613 orbem

507 1644 810 1701 Praeterit?
839 1645 883 1700 Ο
918 1645 1156 1700 Genitor
1184 1662 1403 1711 rerum,
1426 1661 1728 1717 compesce
1752 1645 2006 1702 furores!

506 1732 713 1790 Nescio
776 1749 1049 1804 namque,
1110 1733 1248 1789 mali
1307 1734 1449 1805 quid
1506 1750 1672 1789 mens
1728 1739 2013 1807 praesaget

1196 1845 1209 1851 “
1734 1824 1934 1893 [eunti.

1648 444 1987 509 APPEND.
2033 445 2135 509 AD
2178 442 2368 512 SEO.
2413 445 2489 511 X.

514 574 617 633 Hic
655 575 881 634 dudum
924 575 1248 637 Ausonium
1294 578 1543 653 cupidus
1592 594 1867 651 regnasse
1915 596 2018 651 per
2046 584 2100 649 Α

2126 760 2198 813 55

2121 1290 2193 1344 60

504 1912 754 1983 Jamque
784 1911 985 1967 valens
1033 1911 1330 1967 modicum
1376 1912 1660 1968 invalidos
1707 1914 2011 1969 Provincia
2038 1943 2087 2008 B
2116 1911 2190 1966 65

1648 2002 1939 2079 [alumnos

506 2090 685 2161 Legat
714 2090 772 2144 in
804 2090 1093 2145 Ausonios
1124 2089 1360 2145 inimico
1390 2090 1627 2147 nomine
1659 2109 1917 2165 campos.

503 2177 618 2232 Nee
648 2177 843 2233 Victor
873 2178 1051 2234 decus
1080 2182 1138 2233 et
1167 2178 1338 2245 Latii,
1370 2196 1503 2251 spes
1535 2180 1709 2235 unica
1739 2182 1922 2253 regni,

502 2266 667 2321 Tunc
696 2266 901 2322 Veneti
931 2283 1161 2323 servare
1191 2266 1385 2323 solum
1416 2268 1487 2324 de
1522 2268 1758 2325 nomine
1786 2270 2008 2326 dictum

500 2355 860 2419 Quartanam
886 2354 1115 2428 patiens
1134 2359 1378 2428 poterat,
1404 2373 1509 2412 nec
1530 2358 1766 2414 tendere
1787 2357 2007 2414 bellum

503 2443 802 2511 Hostibus,
828 2443 1175 2500 immodicas
1204 2444 1400 2500 animo
1423 2445 1522 2500 sed
1555 2447 1825 2518 decoquit
1853 2447 2004 2503 iras:

504 2532 579 2588 Ut
608 2533 799 2588 caveis
829 2548 962 2587 cum
998 2532 1139 2588 forte
1177 2532 1266 2588 leo
1294 2533 1620 2606 vinclisque
1648 2540 1898 2605 tenetur,

501 2620 628 2676 Non
664 2624 827 2677 artus
856 2622 998 2693 (100)
1029 2622 1248 2693 agitare
1286 2621 1459 2691 valet,
1507 2640 1621 2678 non
1671 2640 2007 2696 promovere

1739 2712 1931 2781 (vires,

502 2801 574 2854 At
603 2798 748 2854 duro
781 2797 1069 2869 premitur
1099 2802 1328 2854 tantum
1360 2801 1471 2854 sub
1500 2798 1625 2873 lege
1655 2802 1965 2874 magistro;

502 2888 669 2942 Forte
699 2885 898 2958 aliqua
926 2890 1124 2959 partos
1153 2886 1342 2943 valeat
1370 2888 1417 2943 si
1450 2905 1719 2961 rumpere
1751 2890 1956 2957 nodos,

499 2977 687 3048 Atque
718 2974 819 3030 diu
850 2975 1091 3031 desueta
1121 2991 1293 3031 cruor
1321 2977 1692 3034 madefecerit
1720 2996 1841 3047 ora,

504 3063 633 3136 Ipse
664 3063 818 3119 lacer
848 3066 1045 3120 custos
1075 3064 1193 3119 iras
1223 3063 1381 3136 prior
1410 3064 1650 3134 imbuet,
1683 3067 1817 3122 inde

503 3151 683 3209 Obvia
710 3153 886 3208 turba
913 3153 1103 3208 virum
1135 3169 1369 3210 morsus
1408 3154 1645 3211 satiabit
1675 3141 1944 3211 amaros:

570 3243 797 3298 Interea
825 3241 1154 3298 Ludovicus
1185 3247 1335 3313 ovat,
1366 3259 1731 3317 regnumque
1764 3244 1966 3316 fatigat

502 3330 795 3397 Fastibus,
823 3346 889 3387 ac
918 3334 1111 3387 tantos
1141 3308 1377 3387 sibimet
1401 3308 1703 3388 blanditur
1727 3308 1999 3400 honores,
2030 3308 2073 3375 C

500 3420 675 3477 Hoste
703 3418 860 3476 velut
882 3424 1049 3476 necto
1070 3420 1218 3492 (101)
1246 3419 1450 3493 spoliis
1480 3422 1735 3494 potiatur
1765 3422 2000 3495 Opimia.

2113 2534 2186 2587 70

2110 2976 2182 3030 75

499 3508 797 3566 Infaustus
834 3508 1071 3565 Veronae
1121 3508 1298 3565 etiam
1346 3510 1643 3566 contendit
1691 3511 1763 3567 ad
1812 3527 2002 3566 arcem
2114 3508 2185 3562 80

1733 3601 1928 3670 (101').

496 3687 654 3743 More
678 3685 762 3758 pii
791 3685 945 3758 regis
974 3688 1197 3752 tamen,
1229 3691 1294 3742 ut
1325 3687 1594 3743 subsedit
1622 3687 1840 3760 apertis

501 3773 812 3843 Manibus,
832 3774 1107 3846 antiquos
1129 3774 1306 3831 sociis
1325 3775 1697 3832 disterminat
1725 3792 1916 3849 agros,

498 3861 592 3918 Nil
606 3862 856 3930 veritus;
877 3865 1192 3920 metuenda
1207 3864 1386 3919 nimis
1398 3863 1538 3935 quia
1553 3863 1795 3920 sustulit
1809 3864 2003 3937 ipsum

500 3951 699 4017 Fama,
722 3949 1139 4024 Berengarium
1170 3951 1267 4008 leti
1299 3951 1606 4024 dispendia
1633 3970 1875 4025 passum

499 4039 590 4094 Ah
622 4037 1024 4111 Latium,quis
1054 4044 1112 4095 te
1142 4039 1322 4096 tantis
1352 4039 1686 4096 defenderet
1716 4040 1936 4097 armis?

498 4129 647 4201 Ergo
676 4127 810 4199 pius
841 4128 1080 4184 Genitor
1104 4144 1321 4197 rerum,
1345 4132 1569 4184 servato
1593 4129 1966 4202 magistrum,

498 4216 581 4272 Ne
607 4220 848 4289 pereant
875 4233 993 4272 uno
1025 4215 1270 4272 Latialia
1296 4218 1515 4289 gaudia
1544 4216 1659 4274 leto
1684 4219 1694 4273 !

497 4304 805 4362 Convaluit
832 4305 973 4377 quia
1005 4308 1278 4377 regnator
1306 4309 1524 4373 tamen,
1549 4305 1809 4378 undique
1838 4307 1973 4365 lecti

499 4394 862 4452 Conveniunt
891 4409 1160 4466 proceres
1189 4393 1324 4465 laeti,
1357 4394 1682 4467 vexillaque
1711 4398 1923 4453 castris

501 4484 857 4557 Proripiunt,
890 4480 1224 4555 celeresque
1271 4483 1462 4540 Atesis
1510 4484 1583 4540 ad
1634 4485 1851 4541 moenia
1878 4489 2006 4542 ten-

1744 4575 1933 4646 [dunt,

497 4666 631 4717 Haec
661 4660 848 4717 obiter
874 4661 1026 4717 comi
1057 4665 1382 4718 reserantes
1412 4661 1636 4718 famine.
1664 4663 1785 4735 regi
1813 4679 1826 4718 :

504 4753 570 4807 Te
592 4752 852 4823 petimus,
882 4751 1106 4822 pietatis
1128 4756 1320 4819 honor,
1352 4767 1452 4806 nec
1474 4767 1653 4823 parva
1674 4760 1901 4822 precatu

499 4838 783 4898 Credimus
813 4838 957 4902 haec;
985 4840 1177 4895 urbem
1201 4839 1442 4912 propriis
1467 4841 1518 4895 si
1543 4841 1751 4911 ceperis
1779 4844 1972 4908 armis,

500 4920 750 4984 Membra
778 4929 923 4984 viros
945 4929 1067 4984 sine
1089 4929 1322 4996 curtari,
1356 4929 1454 4998 qui
1478 4927 1683 4999 foedera
1706 4931 1864 5000 regni

500 5017 835 5073 Proturbant
858 5019 1070 5083 totiens,
1101 5017 1363 5072 damnum
1385 5018 1606 5088 pietatis
1634 5019 1842 5090 iniqua:
1896 5001 1911 5016 ⁴

501 5107 579 5162 Ne
618 5106 946 5177 patiamur!
975 5106 1060 5161 Ad
1108 5104 1229 5161 haec
1264 5122 1278 5160 :
1319 5105 1538 5161 Animis
1584 5106 1864 5177 advertite,
1895 5108 2004 5164 du-

1766 5199 1931 5269 [ctor,

505 5283 546 5340 0
570 5297 837 5356 proceres,
866 5283 1063 5355 inquit
1092 5282 1373 5349 monitus,
1406 5286 1456 5337 et
1479 5283 1717 5338 crimina
1745 5291 1899 5354 capto

434 5444 583 5514 (100)
611 5444 779 5500 Artes
810 5443 893 5499 ed.
925 5448 1003 5499 0.?

434 5511 580 5584 (101)
610 5516 655 5571 Ι.
687 5529 736 5569 e.
787 5519 1022 5583 necato;
1070 5512 1235 5569 nietri
1282 5525 1467 5577 causa,
1516 5512 1577 5564 ut
1632 5511 2003 5583 Brengarius,

367 5588 591 5656 partus,
624 5588 850 5656 postus,
883 5590 981 5641 etc.

438 5655 457 5791 ξ

462 5654 588 5788 ἓὲἒζ
614 5655 980 5780 timida.

2037 4671 2085 4736 D

2114 3949 2185 4004 85

2113 4574 2185 4628 90

2108 5110 2181 5165 O5

3588 446 3785 515 ’1308

2269 582 2343 637 Nc
2367 582 2602 652 conferte
2630 582 2769 651 viro,
2790 584 3005 655 generis
3028 582 3158 656 quia
3184 582 3455 656 sanguine
3475 583 3671 657 pollet,

2270 673 2344 725 Et
2372 673 2560 741 forsan.
2588 673 2807 742 [acinus
2832 675 3072 732 maturis
3099 674 3303 731 deseret
3335 676 3521 730 annis.

2276 761 2510 816 Testetur
2532 763 2630 832 pia
2652 762 2787 833 jura
2811 764 2949 834 poti,
2972 767 3022 818 et
3050 762 3309 820 dimissus
3338 764 3505 820 abito.

2270 851 2387 903 Hoc
2433 848 2597 905 satis.
2630 851 2700 904 Hi
2751 855 2952 907 contra
3007 851 3220 908 celeres
3278 868 3414 908 eum
3471 867 3782 907 murmure

3441 948 3709 1014 [gressus

2268 1025 2601 1095 Intendunt,
2637 1027 2871 1084 rabidas
2902 1032 3176 1085 acuentes
3208 1030 3458 1101 pectoris
3487 1029 3640 1098 iras;

2268 1113 2359 1168 Nil
2391 1116 2531 1171 moti
2563 1115 2756 1184 dictis,
2792 1117 2987 1188 potius
3018 1119 3139 1174 fera
3168 1135 3476 1174 murmura
3499 1118 3742 1189 rodunt,

2266 1201 2387 1257 Non
2407 1218 2468 1258 se
2490 1220 2661 1275 posse
2680 1204 2902 1260 malum
2919 1205 3163 1278 posthac
3181 1206 3474 1263 dimittere
3492 1205 3780 1262 inultum.

2265 1289 2500 1346 Talibus
2543 1291 2861 1347 adveniunt
2910 1294 3135 1361 urbem,
3193 1311 3481 1367 muroque
3528 1295 3782 1367 propin-

3364 1387 3573 1456 [quant
3601 1383 3777 1454 (102).

2262 1467 2422 1524 Ilicet
2481 1470 2723 1525 admissi
2755 1475 3060 1542 penetrant
3096 1470 3432 1527 miserabile
3459 1470 3778 1543 templum,

2263 1557 2384 1619 Quo
2417 1557 2747 1613 Ludovicus
2776 1562 2919 1625 erat,
2953 1558 3148 1615 subito
3179 1558 3535 1631 rapiuntque
3564 1557 3782 1632 ligant-

3544 1658 3703 1720 ique,

2264 1734 2330 1788 Et
2358 1733 2634 1806 pulchros
2665 1735 2933 1792 adimunt
2964 1736 3183 1793 oculos.
3211 1741 3463 1792 Securus
3495 1735 3555 1791 in
3587 1734 3727 1791 aula

2264 1824 2431 1879 Forte
2462 1824 2702 1880 sedebat
2731 1824 2909 1891 enim,
2944 1825 3160 1881 idcirco
3188 1825 3285 1896 pia
3315 1840 3565 1880 munera
3593 1822 3750 1879 lucis

2263 1911 2539 1979 Perdidit,
2581 1912 2892 1969 obssessus
2939 1913 3196 1969 tenebris
3241 1929 3474 1985 quoque
3520 1910 3666 1968 solis
3713 1910 3778 1966 in

3518 2001 3697 2063 [ortu.

2261 2091 2347 2144 Tu
2379 2106 2602 2162 ponens
2632 2091 2808 2147 etiam
2848 2095 3083 2147 curtum
3124 2089 3402 2147 femorale
3443 2089 3772 2155 Johannes,

2259 2177 2388 2234 Alta
2417 2182 2579 2234 tenes
2610 2179 2812 2247 turris,
2844 2180 2892 2235 si
2924 2179 3070 2235 forte
3099 2195 3397 2235 resumam
3423 2178 3608 2234 vitam

2261 2267 2353 2322 Sis
2385 2266 2565 2339 potis;
2614 2268 2749 2323 hinc
2797 2268 3046 2324 traheris
3092 2274 3289 2324 tamen
3318 2268 3392 2324 ad
3423 2265 3777 2324 discrimina

3445 2354 3698 2424 [mortis,

2260 2445 2327 2499 Et
2358 2446 2538 2501 miser
2565 2445 2623 2500 in
2657 2445 2848 2518 patria
2878 2445 3074 2501 nudus
3098 2444 3392 2501 truncaris
3422 2460 3623 2501 arena.

2259 2533 2513 2588 Nuntius
2535 2538 2596 2589 at
2617 2537 2929 2606 postquam
2956 2532 3249 2590 sociorum
3273 2532 3551 2589 allabitur
3573 2548 3772 2604 aures,

2260 2620 2565 2677 Praelatum
2601 2623 2879 2693 juvenem
2920 2622 3218 2677 communi
3251 2621 3476 2677 lumine
3505 2636 3769 2686 cassum,

2257 2710 2496 2765 Consilii
2531 2710 2765 2783 fugiunt
2793 2709 3019 2782 inopes,
3041 2710 3383 2783 passimque
3403 2710 3683 2766 recedunt
3714 2727 3730 2766 :

2259 2798 2457 2854 Flante
2486 2798 2646 2854 velut
2675 2798 2924 2871 zephyro
2955 2798 3286 2871 liquescunt
3314 2815 3480 2854 aeros
3510 2815 3667 2855 aure

2255 2890 2401 2942 Vere
2421 2903 2588 2954 novo,
2604 2886 2898 2959 gremium
2919 2886 3155 2943 solvunt
3176 2902 3313 2943 cum
3333 2903 3473 2943 rura
3495 2890 3764 2943 coactum

2257 2975 2490 3048 Frigore
2520 2974 2773 3031 brumali
2804 2974 3025 3031 crebris
3055 2975 3359 3047 boreaeque
3385 2975 3639 3048 pruinis.

2253 3064 2367 3119 Nec
2396 3079 2688 3120 removere
2714 3063 2869 3120 viros
2899 3067 3090 3120 cessat
3118 3064 3189 3119 de
3216 3067 3381 3136 parte
3410 3063 3696 3136 superbos

2252 3150 2436 3208 Fortis
2490 3150 2833 3209 Adalbertus
2890 3152 3061 3224 (102')
3109 3151 3475 3224 juvenilibus
3532 3151 3758 3208 obsitus

3471 3239 3685 3313 (annis,

2252 3329 2704 3402 Apenninicolas
2734 3329 2929 3385 fausta
2957 3329 3106 3400 (103)
3139 3328 3240 3402 qui
3269 3329 3509 3385 nomine
3532 3332 3760 3385 turmas

2254 3416 2444 3485 Elicit,
2468 3418 2699 3489 egregio
2732 3416 2983 3488 cupidus
3008 3417 3224 3472 servire
3254 3416 3557 3490 magistro.

2258 3505 2511 3562 Emicuit
2540 3505 2735 3562 subito
2764 3504 2826 3560 in
2858 3503 3069 3561 mediis
3099 3504 3198 3561 lux
3228 3503 3387 3561 alma
3413 3504 3691 3571 tenebris,

2256 3595 2323 3649 Et
2351 3593 2525 3650 rediit
2555 3610 2670 3666 pax
2698 3597 2868 3667 grata
2897 3592 3031 3666 piis,
3051 3587 3262 3666 'procul
3294 3593 3532 3666 agmine
3556 3592 3708 3649 tristi

2257 3684 2553 3755 Exempto,
2587 3682 2905 3755 patriaeque
2934 3681 3079 3738 duce
3110 3699 3177 3738 ac
3218 3682 3481 3756 genitore
3511 3684 3762 3754 recepto.

2257 3772 2365 3838 Qui
2396 3771 2533 3827 licet
2562 3771 2778 3828 effusos
2804 3774 2925 3827 toto
2954 3770 3138 3844 egerit
3168 3770 3309 3825 orbe
3337 3769 3688 3842 triumphos,

2256 3859 2520 3917 Cluserat
2548 3859 2780 3931 imperii
2810 3859 3063 3915 necdum
3092 3859 3420 3915 diademate
3448 3857 3694 3923 vultum,

2258 3949 2520 4004 Romana
2550 3950 2789 4003 steterat
2820 3946 3033 4003 rutilus
3063 3962 3167 4002 nec
3197 3946 3461 4003 vestibus
3490 3946 3626 4002 aula

2260 4036 2746 4108 Induperatcrum
2776 4033 2949 4091 solito
2980 4035 3051 4090 de
3081 4050 3242 4090 more
3272 4037 3605 4107 parentum.

2258 4124 2413 4180 Cur?
2441 4124 2567 4180 Nisi
2597 4124 2753 4196 quod
2781 4122 2992 4180 vicisse
3020 4122 3186 4179 dolos
3215 4123 3432 4179 virtute
3462 4122 3727 4189 decebat,

2258 4214 2345 4270 Ad
2377 4230 2678 4270 summum
2719 4212 2969 4269 transire
3015 4212 3288 4286 gradum,
3320 4211 3437 4268 nisi
3489 4228 3642 4285 saepe
3666 4227 3767 4267 vo-

3437 4301 3657 4372 [catum
3676 4302 3698 4355 ἓ

2259 4394 2541 4450 Summus
2558 4394 2682 4447 erat
2707 4393 2907 4463 pastor
2920 4393 3062 4446 tunc
3081 4387 3365 4462 temporis
3384 4388 3539 4446 Urbe
3558 4387 3771 4444 Johan-

3544 4475 3692 4550 (nee.

2258 4570 2461 4628 Ofﬁcio
2492 4567 2714 4624 affatim
2745 4565 2940 4624 clarus
2971 4566 3296 4638 sophiaque
3324 4564 3606 4639 repletus,

2256 4662 2444 4731 Atque
2474 4657 2576 4713 diu
2606 4655 2783 4712 talem
2815 4655 3024 4711 merito
3058 4658 3325 4710 servatus
3355 4654 3429 4709 ad
3461 4670 3659 4710 usum.

2259 4751 2557 4816 Quatenus
2607 4744 2745 4801 huic
2801 4743 3151 4816 prohibebat
3206 4759 3346 4815 opes
3399 4742 3595 4798 vicina
3622 4741 3771 4798 Cha-

3454 4829 3695 4904 [rybdis,

2258 4928 2524 4998 Purpura
2551 4938 2698 4995 quas
2738 4921 2979 4978 dederat
3016 4919 3309 4992 majorum
3342 4923 3550 4992 sponte
3578 4919 3767 5006 beato.

2254 5014 2484 5073 Limina
2513 5010 2615 5084 qui
2646 5013 2867 5067 reserat
2896 5008 3075 5066 castis
3113 5006 3439 5075 rutilantia,
3469 5007 3662 5075 Petro,

2255 5107 2416 5162 Dona
2445 5100 2581 5156 duci
2615 5097 2798 5155 mittit
2828 5097 3015 5154 sacris
3046 5097 3292 5153 advecta
3318 5094 3637 5161 ministris,

2255 5195 2378 5259 Quo
2409 5205 2636 5246 memor
2662 5186 2906 5244 extremi
2937 5185 3160 5242 tribuat
3189 5200 3300 5241 sua
3320 5184 3465 5255 jura
3489 5182 3606 5239 diei

2255 5279 2554 5346 Romanis,
2578 5277 2733 5333 fovet
2754 5274 3044 5332 Ausonias
3072 5289 3189 5346 quo
3215 5271 3461 5329 numine
3487 5275 3694 5340 terras,

2185 5439 2361 5561 (ἐξ),ῖᾶ
2387 5437 2662 5561 [Spongia
2688 5434 2954 5503 marchio,
2974 5433 3301 5503 Berengarii
3317 5446 3507 5504 gener.
3536 5429 3769 5503 Liudpr-

2185 5529 2197 5561 l.
2366 5550 2379 5561 .
2471 5549 2484 5561 .
2593 5547 2606 5561 ο

2114 5512 2326 5653 ua

2676 5576 2822 5632 Adal
2848 5584 2903 5633 et
2928 5576 3057 5633 bert
3090 5574 3393 5649 potentiam
3424 5581 3477 5630 et
3508 5571 3754 5647 splendo.

2115 5648 2232 5709 rem
2261 5648 2634 5707 indicantibus
2661 5650 2971 5720 composito.
