3900 6224
133 319 297 383 ιωίι

1396 319 1462 381 S.
1508 317 1939 382 MATHILDIS
1980 316 2294 381 REGINA.

3385 311 3553 376 {322’

133 451 413 522 audisset,
448 466 606 527 genu
636 452 700 509 in
723 456 934 511 terram
982 453 1150 520 ﬂexo,
1184 456 1472 509 catervam
1524 453 1639 509 Deo
1670 451 1787 509 illic
1814 454 1872 522 Α
1901 450 2092 507 verbis
2123 450 2456 522 increpans,
2490 464 2730 504 currum
2780 451 2935 503 stare
2956 447 3159 518 jussit,
3190 451 3246 504 et
3272 462 3409 504 eum
3440 446 3545 520 qui

135 542 523 600 servientium
571 558 922 609 convocans,
980 540 1276 597 imnidicis
1319 542 1503 597 Deum
1552 541 1791 597 laudare

124 632 308 703 jussit
336 631 629 704 signaque
661 630 919 687 ecclesiae
953 629 1285 697 consonari,
1317 634 1520 686 natum
1571 629 1788 685 scelesti

136 721 259 795 regi
290 720 771 777 commendando
800 718 1130 792 parvulum,
1165 723 1221 774 et
1251 720 1380 790 ejus
1421 720 1547 773 vita
1581 723 1788 790 optans

127 810 584 882 prosperitatem
652 808 886 880 inquit:
920 810 1018 864 Hic
1062 810 1271 864 caeteris
1322 808 1592 863 illustrior
1638 809 1791 878 ﬁrma

130 900 285 956 nobis
306 898 532 971 aliquid
556 899 890 970 przbiturus
918 906 997 953 est
1026 899 1244 968 insigne
1271 897 1606 968 parentibus.

204 990 292 1044 11.
325 987 497 1043 Nunc
517 988 645 1059 jam
678 991 1040 1042 revertamur
1070 986 1139 1041 ad
1165 987 1427 1056 ejusdem
1462 986 1606 1040 bene
1626 990 1790 1057 gesta

133 1076 496 1143 Machtildis,
538 1094 666 1149 quis
698 1075 750 1130 si
798 1092 901 1148 per
947 1074 1182 1147 singula
1228 1082 1787 1140 transcurrercmus,

129 1167 474 1223 inmensum
505 1165 838 1237 legentibus
867 1163 1256 1220 edidissemus
1282 1163 1576 1228 volumen,
1601 1180 1789 1235 neque

132 1256 286 1311 enim
319 1253 524 1309 omnia
538 1252 952 1325 comprehendi
973 1256 1239 1325 possunt,
1260 1269 1363 1307 nec
1392 1252 1590 1307 omnia
1612 1252 1790 1308 latere

132 1344 417 1416 patimur.
451 1342 598 1398 Nam
630 1342 760 1412 ejus
788 1340 1024 1397 animus
1054 1341 1169 1397 Deo
1188 1340 1377 1413 magis
1407 1358 1473 1395 ac
1496 1340 1684 1413 magis
1706 1340 1792 1394 in-

134 1437 360 1500 tentus,
392 1435 451 1488 et
480 1431 553 1487 de
583 1431 798 1486 virtute
830 1430 1140 1502 proficiens
1172 1429 1230 1484 in
1262 1430 1559 1497 virtutem,
1594 1446 1792 1485 mona-

133 1520 313 1577 steria
325 1520 596 1593 augendo
608 1518 822 1573 Palithi
835 1518 1179 1573 clericorum
1194 1518 1454 1573 instituit
1475 1521 1784 1574 catervam.

131 1610 343 1666 Postea
371 1606 901 1679 Quidilingaburgh
923 1607 981 1661 in
1013 1606 1183 1676 valle,
1212 1607 1656 1678 eadisponente,
1675 1606 1791 1662 alia

134 1697 423 1755 succrevit
452 1697 700 1752 fratrum
734 1695 1137 1769 congregatio,
1170 1700 1229 1751 et
1258 1695 1315 1749 in
1347 1699 1546 1751 monte
1597 1712 1787 1751 coeno-

132 1787 299 1843 bium
324 1783 868 1857 sanctimonalium.
902 1783 1015 1840 Sed
1064 1789 1122 1839 et
1153 1782 1312 1839 aliud
1345 1783 1405 1838 in
1461 1783 1788 1855 propinquo

130 1875 259 1932 loco
289 1874 595 1931 Gerendod
628 1874 761 1946 (15),
795 1872 967 1947 plura
982 1888 1212 1945 quoque
1233 1872 1497 1928 coenohia
1525 1876 1788 1927 constru-

129 1965 215 2021 xit
242 1984 257 2033 ;
290 1981 421 2037 qua
450 1980 565 2019 non
597 1961 791 2019 solum
821 1979 924 2034 per
971 1960 1347 2028 monasteria,
1393 1965 1459 2015 ut
1505 1960 1782 2027 diximus,

126 2054 251 2111 Deo
282 2052 699 2119 servientibus,
728 2052 827 2107 sed
853 2050 1082 2107 cunctis
1102 2050 1367 2106 extiterat
1399 2051 1494 2122 pia
1519 2048 1784 2122 indigen-

125 2144 315 2215 tibus.
349 2141 497 2198 Nam
530 2145 739 2214 praeter
773 2139 1127 2195 cotidianam
1160 2155 1485 2211 pauperum
1521 2138 1783 2193 refectio-

126 2248 292 2302 nem,
306 2230 400 2287 bis
428 2229 489 2286 in
520 2230 613 2286 die
639 2228 878 2285 collecta
897 2227 1290 2293 multitudine,
1319 2244 1466 2299 quos
1488 2226 1786 2298 regalibus

126 2320 433 2378 refovebat
461 2316 626 2387 cibis,
658 2334 890 2390 semper
918 2317 1127 2373 diebus
1158 2316 1535 2372 sabbatorum
1576 2314 1784 2370 balneo

128 2416 338 2484 parato
372 2422 660 2482 pauperes
689 2410 746 2462 et
797 2406 1135 2480 peregrinos
1195 2405 1437 2460 recreari
1488 2404 1645 2468 fecit,
1678 2403 1783 2459 ali-

130 2499 372 2572 quando
396 2497 526 2570 ipsa
554 2495 913 2569 ingrediens,
947 2494 1267 2566 aliquando
1318 2511 1450 2548 vero
1502 2492 1781 2565 populum

130 2587 449 2644 devitando
480 2602 618 2642 suos
632 2584 1028 2640 intromittens
1046 2599 1348 2655 sequaces,
1368 2583 1632 2638 membra
1654 2598 1782 2636 mu-

135 2677 354 2733 lierum
386 2671 1530 2748 singuladiluebat.Egredientibusinde
1564 2688 1677 2726 non
1697 2687 1787 2726 so-

132 2766 258 2823 lum
292 2782 462 2821 escas
492 2763 785 2836 prabebat
815 2760 1039 2829 solitas,
1073 2761 1172 2818 sed
1196 2761 1369 2816 etiam
1402 2760 1653 2816 vestium
1677 2758 1785 2815 mi-

131 2854 429 2911 nistrabat
459 2852 818 2923 adjumenta.
836 2850 1037 2921 Itaque
1057 2866 1172 2905 non
1197 2849 1392 2904 minus
1422 2853 1544 2904 erat
1566 2847 1789 2903 miseri-

136 2942 351 2998 cordia:
367 2958 534 3008 usus,
568 2956 744 3013 quam
763 2939 835 2995 de
851 2938 1014 3010 plebe
1028 2938 1417 3010 indigentium
1445 2954 1785 3005 concursus,

135 3049 243 3089 nec
274 3032 520 3087 deerant
553 3028 652 3102 qui
684 3032 966 3101 peterent,
1000 3044 1104 3083 nec
1143 3027 1450 3083 deficiebat
1499 3027 1652 3099 quod
1686 3026 1786 3081 do-

1898 536 2564 596 transierat'revocando
2612 537 2964 609 procurabat
3011 553 3345 610 pauperem.
3388 536 3539 603 Quid

1898 628 2115 700 plura?
2165 626 2528 700 Virginalem
2586 626 3032 698 propemodum,
3078 625 3395 682 benefactis
3422 625 3540 681 illis

1899 717 2386 789 promerentibus,
2436 715 2798 788 adquisierat
2842 714 3121 787 palmam,
3168 714 3280 769 nisi
3307 718 3540 770 tantum

1898 805 2256 861 serularibus
2287 804 2537 861 vestium
2570 804 2900 867 floresceret
2921 803 3304 859 ornamentis.
3333 802 3543 860 Nullus

1897 896 2051 950 enim
2085 896 2228 961 dies,
2263 894 2425 949 nulla
2457 893 2636 948 ferme
2667 893 2812 949 hora
2843 910 2973 948 eam
3005 910 3038 947 a
3072 892 3241 948 bonis
3272 893 3397 948 ocio
3424 896 3542 948 tor-

1896 990 2127 1056 pentem
2158 984 2484 1039 inveniebat
2512 983 2806 1054 operibus,
2864 982 3029 1038 festis
3059 998 3296 1054 quoque
3335 980 3545 1037 diebus

1897 1072 2127 1128 lectioni
2150 1090 2361 1128 vacans
2382 1090 2443 1128 se
2472 1071 2904 1143 occupabataut
2932 1070 3061 1142 ipsa
3090 1070 3335 1142 legendo
3352 1071 3544 1126 autab

1898 1162 2029 1216 aliis
2047 1160 2667 1230 audiendo,cotidianis
2679 1176 2812 1215 vero
2835 1159 3060 1225 diebus,
3078 1159 3296 1230 quibus
3309 1157 3539 1230 operari

1896 1250 2050 1318 licet,
2067 1249 2428 1304 orationiaut
2459 1248 3277 1320 psalmodircimcumbeusmt
3307 1263 3541 1319 semper
3578 1309 3585 1317 ,

1896 1339 2431 1404 solebat,manuum
2446 1346 2637 1394 tamen
2654 1338 3210 1409 instabatoperibus.
3231 1336 3291 1393 Si
3304 1336 3539 1409 quando

1898 1445 2001 1501 per
2028 1432 2216 1483 totum
2249 1428 2405 1482 diem
2466 1427 2711 1483 diversis
2751 1427 3095 1500 populorum
3150 1425 3542 1482 circumclusa

1898 1517 2291 1583 sermonibus,
2324 1522 2389 1571 ut
2417 1516 2509 1571 his
2537 1517 2726 1572 evenit
2755 1516 2854 1589 qui
2887 1532 3065 1587 regno
3096 1515 3413 1587 praesident
3432 1519 3542 1571 ter-

1898 1623 2057 1673 reno,
2092 1606 2236 1662 hora
2268 1605 2474 1661 saltem
2519 1605 2851 1661 refectionis
2896 1608 3062 1660 stans
3093 1608 3226 1677 ante
3272 1620 3540 1673 mensam

1900 1694 2120 1768 aliquid
2144 1712 2293 1768 opus
2318 1694 2584 1760 faciebat,
2611 1694 3010 1767 priusquam“
3039 1709 3236 1749 escam
3256 1697 3542 1766 gustaret,

1898 1784 2042 1839 illud
2075 1801 2410 1840 memorans
2467 1800 2534 1839 ac
2564 1784 2803 1840 dicens:
2858 1785 2964 1852 Qui
3010 1799 3121 1838 non
3181 1783 3299 1838 vult
3329 1783 3548 1855 operari

1897 1890 2007 1929 non
2033 1873 2321 1929 manducet
2353 1874 2423 1944 (II
2456 1873 2631 1929 Thess.
2665 1888 2754 1940 III,
2790 1873 2901 1943 40).

1968 1963 2053 2016 12.
2088 1962 2190 2018 His
2204 1962 2432 2018 actibus
2463 1961 2647 2018 beatis
2660 1965 3002 2034 occupatam
3035 1961 3095 2017 in
3110 1965 3340 2018 tantum
3354 1961 3551 2017 divina

1896 2051 2154 2122 provexit
2179 2050 2505 2116 clementia,
2537 2055 2600 2105 ut
2631 2051 2808 2107 etiam
2840 2050 3091 2106 Domino
3122 2049 3404 2123 largiente
3436 2051 3547 2105 mi-

1896 2139 2226 2194 raculorum
2243 2139 2611 2196 inclaruisset
2637 2138 2786 2194 luce.
2816 2140 2961 2194 Nam
2982 2140 3038 2194 in
3055 2138 3545 2211 Quidilingaburg

1895 2228 2125 2284 civitate
2146 2228 2241 2283 die
2272 2228 2525 2299 quadam
2558 2233 2723 2283 stans
2767 2244 2947 2299 supra
2995 2226 3216 2283 montis
3244 2226 3544 2297 verticem,

1894 2333 2215 2389 pauperum
2249 2316 2306 2371 in
2340 2315 2489 2371 valle
2534 2319 2866 2372 vescentem
2913 2315 3217 2388 conspexit
3257 2320 3542 2382 turmam,

1896 2406 2350 2477 ministrumque
2363 2404 2811 2477 intcrrogavit,si
2826 2404 2995 2478 panis
3007 2404 3362 2477 pauperibus
3373 2404 3551 2461 datus

1894 2500 2050 2551 esset
2079 2511 2211 2549 cum
2225 2494 2430 2551 ceteris
2445 2493 2832 2561 alimentis,et
2863 2495 2960 2549 ille
2992 2496 3551 2567 respondeusdixit:

1899 2585 2141 2640 Minime.
2178 2584 2321 2639 Hinc
2352 2583 2517 2656 quasi
2550 2584 2609 2639 in
2641 2584 3106 2656 dispensatorem
3137 2584 3309 2655 irata,
3350 2587 3545 2644 subito

1896 2690 2048 2745 pane
2077 2678 2298 2745 erepto,
2327 2673 2495 2745 signo
2526 2673 2716 2728 crucis
2746 2690 2925 2728 manu
2955 2672 3269 2745 impresso,
3310 2674 3547 2731 Domini

1896 2761 2160 2845 invocato
2195 2761 2448 2830 nomine,
2483 2767 2547 2817 ut
2568 2762 2639 2816 ad
2673 2762 2872 2817 omnia
2901 2760 3142 2829 solebat,
3176 2762 3247 2823 de
3272 2763 3388 2819 alto
3420 2780 3549 2836 pro.

1889 2850 2033 2921 jecit
2061 2851 2388 2918 cacumine,
2422 2850 2521 2923 qui
2544 2867 2646 2922 per
2676 2868 2815 2907 saxa
2842 2849 3139 2907 volutatus
3153 2854 3211 2908 et
3240 2852 3549 2924 scpcm,in-

1898 2938 2148 2995 columis
2163 2940 2472 3010 cujusdam
2501 2940 2776 3012 pauperis
2804 2942 3134 3012 pervenitin
3150 2941 3368 3010 sinum,
3393 2942 3547 3013 quod

1900 3028 1999 3100 qui
2013 3029 2256 3084 aderant
2275 3028 2536 3083 videntes
2563 3028 2757 3084 mirati
2774 3032 2931 3097 sunt,
2947 3029 3215 3086 divinaid
3230 3031 3549 3102 contigisse

135 3122 323 3176 naret.
352 3119 501 3174 Cum
549 3123 746 3173 autem
796 3116 925 3188 ipsa
981 3133 1269 3190 pransura
1298 3120 1439 3184 erat,
1494 3120 1582 3171 ter
1612 3132 1790 3188 supra
1833 3189 1846 3190 ί
1898 3122 2180 3173 testantes
2210 3118 2438 3172 virtute.
2475 3116 2757 3190 Fulgebat
2777 3127 2833 3173 et
2860 3116 2974 3173 alio
3005 3118 3063 3173 in
3095 3119 3295 3174 eadem
3318 3119 3548 3175 civitate

134 3225 407 3266 mensam
442 3205 656 3262 cotidie
694 3189 1139 3277 omnigenorum
1189 3203 1384 3260 allatis
1434 3204 1789 3261 ferculorum
1818 3189 1862 3255 C
1901 3206 2206 3261 miraculo.
2240 3206 2386 3260 Nam
2418 3222 2550 3260 cum
2577 3189 2636 3259 in
2675 3205 2922 3262 ecclesia
2970 3206 3086 3262 Deo
3135 3206 3546 3263 holocaustum

136 3297 389 3367 deliciis,
419 3295 772 3352 monasterio
803 3295 850 3351 si
884 3295 1106 3360 aderat,
1137 3292 1366 3349 nullum
1405 3294 1680 3365 gustabat
1708 3293 1791 3349 ci-

134 3389 277 3444 bum
313 3386 664 3460 priusquam
681 3382 1035 3440 christicolis
1062 3383 1261 3438 omnia
1283 3382 1480 3438 divisit
1503 3400 1516 3450 ;
1543 3383 1633 3438 sin
1659 3399 1792 3438 vero

138 3475 406 3532 cumobio
437 3473 646 3542 abfuit,
679 3471 977 3545 languidis
1008 3471 1340 3543 hospitibus
1393 3471 1622 3543 sibique
1668 3487 1794 3527 ser-

136 3564 439 3638 vientibus
467 3562 589 3618 hac
619 3561 892 3618 similiter
929 3561 1136 3632 jejuna
1187 3559 1458 3631 porrexit.
1512 3558 1655 3615 lllud
1689 3575 1797 3615 nec

141 3652 641 3727 praetereundum,
674 3654 739 3706 ut
768 3649 1223 3723 quibuscunquc
1254 3652 1379 3703 erat
1425 3647 1590 3713 locis,
1640 3647 1796 3720 ignis

145 3760 257 3800 non
291 3741 603 3798 deficiebat
629 3756 731 3813 per
758 3743 1009 3804 noctem,
1041 3754 1157 3793 non
1189 3736 1379 3793 solum
1412 3736 1468 3791 in
1501 3736 1665 3792 tectis
1695 3737 1796 3792 sed

147 3832 319 3887 etiam
354 3830 516 3886 nudo
576 3829 688 3885 sub
720 3844 852 3884 aere
894 3825 1169 3883 omnibus
1195 3827 1265 3883 ad
1317 3825 1627 3882 utilitatem
1677 3825 1797 3881 illic

146 3917 676 3977 commorantibus.
737 3916 913 3974 Moris
969 3932 1203 3988 quoque
1233 3914 1389 3970 soliti
1434 3914 1556 3970 haec
1597 3919 1801 3970 sancta

148 4009 402 4066 habebat
435 4007 669 4073 femina,
698 4005 1201 4080 quotienscunque
1222 4004 1460 4077 longum
1494 4021 1596 4059 seu
1630 4005 1801 4061 breve

151 4084 416 4173 pergeret
448 4096 579 4164 iter,
613 4094 886 4151 candelas
916 4110 1135 4160 secum,
1187 4092 1438 4167 singulis
1469 4097 1535 4149 ut
1580 4093 1803 4151 videret

149 4186 444 4255 oratoriis,
478 4190 534 4241 et
565 4183 784 4241 cibaria
806 4184 976 4256 juxta
1007 4198 1246 4239 currum
1276 4181 1501 4239 deferre
1531 4182 1594 4250 ⁸³,
1628 4190 1691 4239 ut
1710 4182 1801 4238 in-

149 4275 422 4352 digentes
453 4291 556 4348 per
582 4273 738 4329 viam
763 4272 1025 4329 reficeret
1052 4270 1141 4327 vel
1164 4275 1429 4344 aegrotos.
1462 4270 1540 4339 Si,
1566 4272 1802 4343 quando

150 4381 394 4422 currum
424 4360 1306 4437 insidentisomnusirrepserat,
1321 4363 1386 4415 ut
1415 4360 1657 4416 fortasse
1676 4378 1802 4433 quis

152 4438 345 4511 noctis
372 4450 605 4525 vigilias
636 4468 789 4524 saepe
817 4449 1114 4507 exsomnis
1128 4450 1347 4505 orando
1368 4449 1637 4516 ducebat,
1658 4448 1805 4504 indi-

1902 3292 2132 3347 otferret
2157 3291 2531 3348 devotissime
2563 3292 2626 3359 ‘5,
2662 3292 2929 3363 quaedam
2964 3293 3197 3349 cervula
3225 3294 3548 3350 domestica

1901 3380 2057 3437 intra
2079 3379 2400 3436 claustrum
2419 3380 2922 3447 edomita,occulte
2937 3382 3387 3454 ampullam,vas
3405 3399 3547 3455 quo-

1904 3486 2017 3542 que
2047 3469 2261 3535 vini,ut
2281 3469 2503 3541 saepein
2520 3469 2893 3526 monasteriis
2909 3470 3144 3542 assolet,
3164 3472 3547 3545 subripiendo

1905 3558 2214 3623 devoravit,
2245 3575 2421 3630 quam
2454 3563 2768 3630 praesentes
2797 3560 3186 3633 obstupefacti
3218 3561 3401 3616 feram
3433 3578 3547 3617 cae-

1906 3649 2115 3717 dendo,
2150 3647 2447 3714 minando,
2464 3648 2737 3705 manibus
2754 3647 3087 3720 plaudendo
3114 3650 3408 3722 requirere
3429 3666 3546 3706 non

1905 3737 2196 3805 valebant,
2228 3738 2410 3793 donec
2439 3737 2617 3810 digna
2642 3737 2758 3794 Deo
2788 3739 2991 3811 regina
3015 3738 3102 3795 ori
3130 3739 3330 3795 bestias
3366 3755 3547 3796 manu

1907 3832 2173 3901 porrecta
2221 3826 2451 3883 blandis
2480 3828 2671 3884 verbis
2724 3827 3004 3885 dixisset:
3052 3829 3260 3898 Redde;
3303 3837 3553 3886 nostrum

1907 3925 2004 3983 est,
2037 3916 2382 3989 quodtulisti.
2402 3915 2508 3973 Illa
2535 3916 2689 3974 dicto
2706 3917 3042 3975 citiushauc
3073 3935 3251 3992 quam
3275 3919 3555 3976 hauserat

1909 4004 2298 4062 revomuitam
2309 4004 2550 4078 pullam.
2566 4006 2706 4071 Quis
2719 4007 2946 4064 dubitet
2958 4025 3280 4082 supernum
3297 4009 3560 4066 domina-

1908 4099 2097 4151 torem
2128 4094 2257 4165 ejus
2291 4095 2515 4151 meritis
2547 4095 2787 4152 feralem
2819 4096 2878 4151 in
2929 4096 3260 4155 humanum
3312 4099 3559 4156 vertisse

1911 4188 2189 4240 sensum?
2220 4182 2479 4239 Plurima
2496 4201 2632 4241 vero
2658 4185 2718 4239 in
2748 4202 2815 4241 ea
2835 4190 3110 4258 operatus
3141 4192 3229 4243 est
3249 4187 3558 4256 Dominus,

1910 4289 2038 4345 qua:
2071 4271 2121 4327 si
2153 4288 2256 4344 per
2286 4273 2326 4307 ¹⁷
2358 4270 2590 4344 singula
2614 4273 2803 4328 notari
2830 4278 3090 4344 possent,
3123 4273 3391 4331 miranda
3408 4274 3563 4330 vide-

1911 4365 2152 4428 rentur;
2187 4361 2285 4416 sed
2339 4360 2692 4417 intrinsecus
2742 4361 2933 4434 magis
2978 4363 3191 4418 enituit
3218 4361 3559 4430 virtutibus,

1916 4466 2092 4522 quam
2126 4448 2452 4505 forinsecus
2482 4448 2902 4507 miraculorum
2925 4451 3131 4524 signis.

157 4541 423 4615 gentium
458 4540 775 4615 quisquam
793 4539 1000 4611 obvius
1031 4538 1221 4595 factus
1242 4538 1469 4606 fuisset,
1494 4537 1806 4595 sanctimo-
1836 4552 1884 4619 D
1976 4538 2075 4593 ‘13.
2129 4538 2353 4593 Interea
2407 4554 2602 4609 regem
2649 4538 2918 4595 Ottonem
2975 4556 3128 4612 papa
3154 4539 3269 4612 (l6)
3315 4539 3563 4596 Romam

157 4630 331 4688 nialis
364 4634 560 4686 autem
592 4633 724 4684 ante
746 4645 873 4685 eam
888 4627 1098 4684 sedens
1114 4627 1351 4683 nomine
1384 4627 1660 4701 Ricburg,
1681 4644 1809 4700 quas
1918 4630 2182 4694 vocante,
2199 4626 2657 4699 imperialem,ut
2676 4627 3102 4696 credimus,Dei
3111 4629 3287 4699 jussu
3302 4627 3565 4700 accipere

158 4719 351 4793 ipsius
381 4718 441 4773 in
457 4716 851 4773 ministerium
897 4714 1202 4789 praelecta
1223 4719 1365 4783 erat,
1392 4716 1437 4771 si
1462 4715 1696 4772 incaute
1709 4721 1813 4772 aut
1919 4732 2217 4781 coronam,
2252 4714 2478 4771 Italiam
2492 4715 2851 4785 adipiscendi
2874 4716 3062 4789 gratia
3082 4715 3250 4788 petiit
3270 4716 3395 4789 (An.
3410 4717 3563 4789 960),

157 4807 287 4879 ipsa
317 4805 667 4873 dormitans,
699 4822 802 4861 seu
836 4803 1051 4860 librum
1084 4802 1691 4878 inspiciendolegeret,
1716 4822 1812 4861 cu-
1920 4822 2099 4880 quam
2130 4805 2295 4877 prius
2325 4803 2526 4877 regina
2554 4802 2831 4861 Adelbeid
2865 4805 2924 4860 in
2956 4805 3151 4861 dotem
3199 4807 3563 4877 possederat.

162 4913 287 4952 ram
318 4894 574 4968 neglexit
600 4893 874 4968 pauperis
899 4894 958 4958 η,
993 4910 1121 4949 eam
1136 4911 1251 4949 non
1283 4892 1576 4961 excitaret,
1610 4895 1813 4967 regina
1921 4894 2064 4952 Filio
2095 4894 2276 4968 igitur
2305 4910 2411 4949 suo
2442 4892 2636 4950 Ottoni
2670 4910 2846 4967 regno
2877 4893 3111 4964 tradito,
3152 4894 3278 4967 ipse
3326 4897 3568 4954 fortium

163 4984 362 5040 statim
421 4983 841 5056 expergefacta,
890 4980 1209 5038 salutiferis
1257 4999 1451 5038 caram
1501 4999 1810 5054 sequacem
1919 4983 2385 5058 pectorumviros
2414 4981 3127 5040 secumtollendoivituua
3147 4988 3570 5060 cumconjuge,

1494 5089 1732 5146 VARle
1772 5091 2185 5150 LECTIONES.

233 5192 274 5268 ’ξ
302 5189 517 5268 deferri
575 5188 692 5246 cod.
728 5260 744 5268 _
771 5190 814 5224 “
842 5188 1107 5268 elrm'disse
1136 5188 1351 5268 videtur
1377 5192 1472 5257 et;
1501 5189 1767 5261 perplexa
1793 5192 1868 5248 est
1897 5192 2186 5248 verborum
2214 5191 2559 5257 constructio,
2639 5191 2679 5226 ιδ
2712 5192 2792 5247 ita
2844 5186 3164 5262 legendum,-
3193 5190 3326 5250 cod.
3376 5208 3573 5268 quam.

152 5264 211 5308 -“
239 5261 621 5319 devotissima
647 5260 764 5317 cod.
844 5262 887 5297 ³⁷
912 5277 1089 5333 super
1116 5260 1232 5316 cod.

1760 5350 1993 5410 NOTIE.

1934 5449 2274 5526 fundatione
2307 5448 2607 5526 Mathjldis
2636 5449 2864 5526 legitur.

238 5449 350 5523 (l5)
384 5450 532 5505 Ann.
557 5446 980 5523 Quedlinburg.
1014 5447 1087 5503 ad
1127 5447 1286 5523 tolli,
1319 5450 1387 5523 et
1423 5446 1820 5517 Thietmarus,

2006 5521 2118 5596 (l6)
2149 5522 2374 5580 Joanne
2406 5522 2529 5584 XII.

171 5518 341 5585 ιι,’13’
364 5518 709 5577 monasterii
741 5518 1102 5575 conditorem
1137 5518 1319 5575 fuisse
1348 5519 1631 5575 Geronem
1668 5536 1822 5576 mar-

170 5591 439 5653 chionem
470 5590 733 5661 tradunt,
774 5606 965 5664 neque
994 5588 1161 5660 alias,
1214 5589 1369 5665 quod
1401 5589 1582 5649 sciam
1614 5591 1685 5650 de
1713 5590 1824 5649 hac

491 5715 758 5784 Ριτιοι.
801 5715 946 5783 GLI.
3185 5724 3280 5803 η
