3900 6224
343 336 510 408 1323

1627 339 1962 410 ᾹΡΡΕΝΒ.
2007 339 2110 409 AD
2155 339 2344 410 SIEC.
2387 339 2484 408 X.’

3586 345 3742 412 1324

339 481 396 534 et
427 476 1796 536 ChristoduceexcellentissimusvictorLatium
1810 497 1983 553 expu-
2011 480 2066 548 Α
2101 479 2155 534 in
2190 479 2283 536 his
2317 480 2657 536 morabatur
2687 475 3029 552 regionibus
3051 479 3173 552 (An.
3194 478 3344 554 966).
3378 479 3624 542 Romam
3645 486 3742 542 de-

338 566 1140 642 gnavit,-Berengariumque,
1191 570 1290 642 qui
1340 586 1586 642 regnum
1640 569 1982 624 Latinorum

335 662 736 730 usurpaverat,
771 659 952 715 armis
1010 676 1304 732 premens,
1356 659 1651 731 captivum
1697 674 1830 712 cum
1865 662 1986 713 tota

334 743 559 802 familia
588 747 648 802 in
666 747 1066 804 Bawariorum
1081 748 1376 822 regionem
1390 749 1423 804 d
1435 765 1600 804 ucere
1607 747 1804 820 jussit.
1817 747 1982 801 Dein-

335 835 409 890 de
419 840 708 909 angustus
721 838 908 894 sancti
937 837 1084 893 Petri
1101 837 1176 893 ad
1191 837 1528 892 cathedram
1550 853 1683 892 cum
1699 853 1874 892 uxore
1889 853 1981 890 co-

336 927 582 982 ronatus
611 925 735 998 (An.
767 926 918 997 954),
946 927 1277 982 Romanum
1297 931 1503 981 tenens
1523 926 1860 998 imperium,
1887 943 1990 997 per
2035 977 2045 991 ,

337 1013 630 1070 Ausonias
651 1014 825 1070 urbes
839 1031 1073 1072 summa
1085 1019 1369 1086 potestate
1401 1015 1811 1088 regnabat.His
1833 1020 1985 1070 certe

341 1101 550 1159 diebus
573 1103 789 1175 quibus
809 1119 908 1159 rex
919 1103 1178 1176 primum
1197 1103 1455 1160 adiverat
1471 1103 1693 1159 Italiam
1720 1104 1841 1174 (An.
1857 1104 1984 1168 962,

343 1191 492 1246 Febr.
527 1191 604 1262 2),
636 1191 766 1264 ipsa
793 1193 922 1264 ejus
953 1193 1203 1265 genitrix
1231 1211 1333 1265 spe
1350 1193 1675 1264 timoreque
1702 1196 1986 1264 correpta,

340 1279 598 1336 assiduis
626 1280 812 1338 Deum
845 1299 948 1355 pro
977 1281 1094 1338 filio
1120 1281 1527 1354 interpellabat
1557 1281 1847 1353 precibus,
1873 1297 1988 1350 quo

340 1367 576 1425 interim
607 1385 710 1442 pro
742 1370 862 1426 nati
894 1371 1134 1426 victoria
1157 1370 1442 1444 singulari
1477 1368 1760 1425 sacrificio
1797 1367 1987 1424 fortis-

343 1456 562 1514 simum
595 1458 851 1532 placaret
869 1459 1231 1516 bellatorem.

412 1548 500 1604 14.
533 1547 664 1604 Haec
694 1547 890 1605 animo
918 1549 1207 1605 sententia
1254 1548 1525 1604 tractanti
1578 1547 1727 1602 sedit
1759 1547 1816 1601 in
1849 1547 1987 1602 imo.

341 1637 676 1693 Construxit
705 1639 882 1694 etiam
913 1638 972 1694 in
1004 1637 1337 1694 Nortbusen
1371 1637 1722 1704 coenobium,
1758 1651 1993 1707 congre-

342 1741 490 1798 gans
516 1742 782 1783 sororum
815 1731 1104 1784 catervam
1138 1744 1241 1799 pro
1273 1745 1380 1783 sua
1411 1741 1770 1797 suorumque
1805 1726 1991 1779 salute

344 1815 677 1871 animarum
707 1819 765 1870 et
784 1832 1115 1887 corporum,
1139 1816 1231 1872 sui
1257 1833 1488 1888 quoque
1519 1814 1745 1886 nepotis
1763 1813 1991 1869 Ottonis

339 1903 597 1974 jnnioris
627 1921 938 1962 consensu.
963 1905 1124 1970 Quod
1151 1922 1185 1960 a
1215 1905 1594 1960 fundamento
1627 1908 1992 1971 construens,

350 1991 512 2048 illius
541 1993 858 2050 maximam
919 2011 1152 2067 semper
1199 1998 1460 2050 materne
1513 1993 1751 2066 gerebat
1799 2008 2000 2046 curam

350 2080 744 2154 impendendo
763 2099 934 2138 omne
953 2083 1232 2155 quicquid
1263 2087 1387 2139 erat
1417 2081 1838 2148 necessarium,
1859 2081 2000 2135 dum

349 2169 410 2225 in
441 2171 559 2226 vita
576 2170 790 2228 viveret
827 2173 1117 2244 praesenti.
1138 2172 1401 2244 Cumque
1433 2171 1750 2243 imperator
1781 2169 2002 2224 devicto

352 2259 516 2316 Latio
547 2259 607 2316 in
636 2260 882 2332 patriam
916 2277 1185 2318 reversus
1215 2264 1390 2329 esset,
1443 2259 1744 2316 Coloniam
1799 2259 2002 2314 urbem

350 2352 556 2420 petens
585 2349 721 2421 (17),
751 2349 852 2406 ubi
885 2351 1064 2406 frater
1092 2351 1221 2422 ejus
1271 2351 1465 2406 Bruno
1524 2347 2002 2420 archiepiscopus

351 2437 722 2510 presidebat,
757 2443 1005 2495 matrem
1037 2438 1176 2496 illuc
1207 2456 1339 2494 cum
1375 2455 1510 2511 rege
1543 2437 1663 2492 ﬁlio
1695 2437 1915 2509 pariter
1949 2439 2007 2491 et

353 2525 600 2600 pulchra
625 2526 849 2600 virgine
879 2529 990 2599 (18)
1040 2528 1270 2583 obviam
1321 2527 1433 2583 sibi
1464 2526 1656 2582 vocari
1707 2525 2005 2598 praecepit.

356 2616 530 2672 Venit
585 2620 642 2672 et
703 2617 904 2690 regina
983 2618 1265 2690 Gcrburg,
1343 2633 1506 2672 soror
1565 2616 1715 2685 ejus,
1774 2619 1831 2668 et
1888 2617 2010 2668 tota

363 2704 577 2777 regalis
653 2705 962 2777 utriusque
1037 2722 1210 2760 sexus
1286 2703 1615 2777 progenies,
1694 2719 1890 2758 amore
1947 2717 2009 2756 se

364 2791 616 2849 invicem
676 2794 910 2849 videndi
983 2797 1351 2866 congregata.
1429 2791 1646 2860 divina,
1708 2794 1772 2846 ut
1829 2789 2008 2846 confi-

369 2880 590 2948 dimus,
619 2881 703 2937 ita
737 2882 1080 2954 disponente
1127 2881 1472 2949 clementia;
1525 2897 1660 2936 nam
1711 2883 1844 2953 post
1889 2878 2010 2934 haec

375 2969 556 3026 simul
609 2987 670 3026 se
727 2987 842 3026 non
900 2971 1194 3038 videbant,
1257 2986 1364 3026 nec
1414 2966 1660 3024 ulterius
1718 2973 2010 3040 tempora-

373 3057 507 3113 liter
558 3058 926 3115 videbantur.
987 3059 1096 3114 Sed
1154 3064 1210 3114 et
1239 3057 1342 3114 illa
1396 3057 1599 3113 inclita
1656 3061 1843 3112 mater
1891 3056 2011 3111 Ma-

371 3145 610 3204 chtildis
639 3149 862 3220 regina,
919 3151 1217 3204 tantorum
1272 3147 1407 3203 felix
1456 3162 1762 3219 procerum
1817 3149 2012 3218 partu,

2095 586 2211 624 nuo
2244 570 2286 604 ¹⁹
2318 569 2502 640 petiit,
2535 567 2652 624 filio
2685 568 2863 625 simul
2896 575 3181 626 assumto.

2169 659 2252 712 15.
2285 658 2808 730 Adpropinquabat
2848 663 3045 716 autem
3089 659 3254 725 hora,
3299 677 3434 718 cum
3464 661 3744 720 Dominus

2095 746 2286 802 electae
2311 764 2428 802 suae
2446 746 2678 802 famulae
2702 747 3001 804 Machtildi
3034 749 3449 822 temporalium
3480 751 3744 808 laborum

2097 836 2425 890 mercedem
2458 837 2698 892 reddere
2749 837 3162 894 destinaverat.
3213 839 3523 913 Egrotans
3573 841 3749 914 igitur

2096 942 2199 996 per
2229 925 2364 979 anni
2424 925 2729 993 circulum,
2782 943 2950 982 casas
2981 931 3039 983 et
3095 927 3336 984 castella
3381 931 3746 1003 peragrabat,

2095 1013 2152 1068 in
2163 1014 2193 1067 ﬁ
2205 1029 2290 1067 rm
2302 1013 2496 1069 itatem
2511 1019 2685 1086 prout
2703 1015 2895 1087 potuit
2909 1015 3572 1074 occultans.Nortbusen
3587 1019 3751 1089 adiit,

2099 1105 2156 1157 ot
2187 1102 2478 1174 Ricburga
2505 1103 2989 1160 ﬁdelisuacoram
3009 1110 3378 1178 praesentata,
3413 1123 3593 1180 quam
3614 1125 3754 1181 prae-

2096 1191 2214 1246 fato
2246 1192 2508 1247 coenobio
2580 1192 2940 1249 abbatissam
2975 1210 3225 1266 praeesse
3252 1195 3484 1262 fecerat,
3511 1202 3755 1270 sperata:

2097 1295 2276 1335 causa
2298 1280 2430 1335 fidei
2459 1281 2876 1354 pauperculam
2891 1283 3036 1338 bene
3057 1285 3408 1356 procurandi
3431 1290 3751 1355 catervam,

2099 1369 2180 1423 ait
2209 1369 2280 1423 ad
2314 1367 2474 1424 illam
2503 1386 2517 1425 :
2552 1370 2737 1426 Sentio
2768 1387 2852 1426 me
2892 1372 3078 1428 morbo
3125 1378 3396 1430 crescente
3432 1375 3558 1448 jam
3586 1391 3757 1432 reces—

2099 1474 2309 1528 suram,
2341 1466 2392 1514 et
2412 1459 2602 1514 vellem
2632 1460 2730 1513 hoc
2757 1460 2871 1515 loco
2900 1461 3143 1533 sepeliri,
3167 1468 3228 1518 ut
3251 1463 3362 1531 ﬁlii
3387 1464 3500 1519 mei
3519 1479 3656 1534 erga
3669 1480 3760 1522 vos

2100 1547 2279 1617 major
2306 1557 2441 1602 esset
2495 1551 2849 1618 procuratio;
2905 1549 2998 1605 sed
3025 1551 3136 1606 scio
3164 1551 3210 1586 ²⁰
3237 1552 3336 1608 hoc
3392 1553 3550 1609 nullo
3605 1553 3762 1610 modo

2098 1638 2418 1704 consentiri,
2450 1654 2584 1691 nam
2638 1637 2890 1693 dominus
2918 1643 3102 1694 noster
3153 1640 3618 1714 Quidilingaburg
3665 1660 3763 1700 re-

2101 1726 2330 1793 quiescit
2361 1725 2644 1780 Henricus.
2681 1727 2796 1794 Quo
2820 1743 2948 1797 ergo
2969 1745 3088 1800 spes
3131 1733 3310 1786 vestra
3361 1731 3635 1788 tendenda
3663 1736 3762 1799 est,

2100 1829 2205 1883 quo
2237 1815 2457 1868 animus
2486 1814 2805 1885 dirigendus
2829 1819 2852 1871 ἒ
2873 1815 2944 1871 ad
2976 1817 3146 1873 Deum
3198 1835 3455 1890 namque.
3507 1819 3768 1877 Plurima

2115 1917 2248 1956 vero
2275 1902 2422 1956 dans
2452 1902 2535 1956 eis
2569 1902 2870 1959 salutifera
2891 1905 3136 1974 monita,
3161 1905 3370 1964 deinde
3399 1897 3763 1984 Quidilinga-

2112 1990 2265 2062 burg
2294 1991 2573 2062 pervenit,
2618 1991 2696 2046 ibi
2755 1994 2994 2050 tandem
3053 1995 3236 2051 nimia
3267 1997 3430 2054 clade
3475 2003 3762 2072 correpta,

2111 2077 2409 2134 inﬁrmata
2435 2085 2524 2134 est
2547 2097 2734 2152 usque
2763 2082 2834 2137 ad
2850 2083 3099 2138 obitum.
3119 2085 3339 2143 Videas
3369 2090 3568 2144 autem
3589 2094 3766 2146 extre-

2114 2184 2276 2222 mum
2307 2168 2594 2224 inminere
2625 2169 2735 2225 sibi
2772 2169 2950 2239 diem,
2977 2171 3155 2228 divini
3179 2189 3406 2230 memor
3433 2177 3619 2246 verbi,
3667 2179 3767 2234 ubi

2113 2255 2364 2312 dicitur:
2409 2258 2581 2312 Vende
2611 2261 2798 2314 omnia
2827 2275 2954 2330 quae
3007 2260 3168 2318 habes
3195 2271 3246 2318 et
3293 2263 3364 2320 da
3405 2270 3768 2338 pauperibus,

2112 2349 2164 2401 et
2195 2347 2338 2416 veni,
2367 2362 2590 2418 sequere
2619 2364 2706 2403 me
2736 2347 2945 2420 (Matth.
2979 2367 3056 2417 1x,
3082 2351 3194 2423 21),
3228 2368 3462 2410 omnem
3490 2357 3769 2414 continuo

2115 2434 2452 2488 divitiarum
2485 2434 2952 2492 habundantiam
2984 2455 3112 2510 quae
3144 2441 3420 2512 restabat,
3452 2443 3768 2519 episcopis,

2116 2523 2459 2595 presbiteris
2490 2528 2664 2596 atque
2697 2525 3099 2598 indigentibus
3120 2530 3344 2602 erogari
3376 2535 3434 2587 et
3463 2532 3622 2590 inter
3653 2551 3772 2590 mo-

2118 2613 2374 2667 nasteria
2402 2613 2582 2668 dividi
2628 2601 2920 2687 praecepit,
2969 2633 3089 2672 una
3143 2601 3376 2676 tantum
3407 2621 3520 2676 sibi
3570 2623 3772 2681 relicta

2117 2717 2234 2772 qua
2264 2701 2570 2772 tegebatur
2597 2707 2779 2770 veste,
2807 2702 2938 2759 aliis
2967 2704 3198 2762 duobus
3230 2706 3446 2778 palliis,
3479 2727 3601 2767 uno
3647 2729 3772 2769 coc-

2117 2789 2282 2844 cineo
2314 2795 2369 2844 et
2398 2789 2511 2844 alio
2542 2789 2718 2854 lineo,
2753 2807 2882 2862 quae
2913 2793 2984 2848 ad
3017 2794 3383 2866 sepulturam
3414 2798 3528 2854 sibi
3552 2801 3770 2858 servari

2110 2877 2312 2948 jussit.
2344 2877 2606 2951 Cumque
2625 2879 2959 2952 frequentes
2971 2883 3330 2940 conﬂuerent
3339 2887 3544 2960 populi
3562 2890 3771 2948 divites

2121 2971 2176 3022 et
2207 2982 2511 3040 pauperes,
2545 2984 2650 3024 nec
2671 2969 2984 3042 quisquam
3007 2971 3324 3030 indonatus
3350 2975 3561 3049 abiret,
3587 2979 3773 3036 adfuit

2122 3059 2179 3110 et
2206 3055 2614 3113 Willehelmus
2654 3058 3031 3131 Mogontinus
3059 3061 3559 3138 archiepiscopus,
3615 3068 3770 3126 filius

2126 3144 2354 3200 Ottonis
2383 3145 2772 3218 imperatoris.
2803 3147 3031 3204 Ostium
3063 3150 3274 3208 domus
3304 3155 3546 3211 turbata
3579 3161 3769 3214 mente

368 3235 627 3308 primum
661 3219 950 3310 acmsare,
977 3237 1186 3293 deinde
1212 3237 1284 3293 ab
1315 3235 1590 3292 omnibus
1621 3233 1868 3308 posteris
1900 3233 2011 3289 ho-
2041 3219 2083 3286 C
2121 3233 2476 3306 ingrediens,
2499 3235 2596 3290 ubi
2617 3235 3090 3308 inﬁrmajacebat
3107 3239 3365 3309 domina,
3387 3241 3771 3318 lacrimisque

367 3325 604 3382 noriflce
655 3331 946 3400 suscepta,
999 3344 1136 3383 suos
1182 3326 1483 3398 complexa
1519 3324 1750 3380 laetatur
1794 3321 2009 3378 vidisse

364 3417 690 3487 nepotes,et
703 3416 954 3472 maxime
985 3415 1539 3472 ﬁliumincolumem
1554 3413 1657 3469 tali
1689 3415 2004 3486 augustum

363 3503 592 3560 venisse
614 3504 673 3560 in
703 3504 890 3578 gloria
919 3504 1140 3562 exultat
1180 3504 1296 3560 Deo
1355 3504 1573 3576 gratias
1628 3502 1870 3576 agendo.
1902 3500 2005 3556 Cui

361 3596 572 3648 cuncta
599 3610 726 3666 qua
754 3594 824 3650 de
874 3595 1230 3651 monasterio
1277 3594 1498 3650 interea
1545 3593 1758 3648 fecerat
1804 3591 2004 3646 ordine

358 3681 648 3754 exposuit,
677 3681 764 3739 vel
783 3683 942 3756 quali
964 3683 1677 3756 angereturtimore,opus
1704 3682 2002 3752 inceptum

359 3787 475 3827 non
505 3789 678 3844 posse
697 3775 994 3845 perficere,
1028 3775 1291 3828 orbatam
1323 3771 1415 3827 sui
1445 3774 1577 3843 post
1624 3773 1872 3825 mortem
1908 3785 2001 3823 re-

358 3858 677 3932 linquendo
693 3865 1004 3929 catervam,
1021 3878 1197 3934 seque
1202 3862 1330 3932 jam
1361 3863 1526 3915 aetate
1541 3853 1834 3913 maturam
1849 3858 2003 3912 intu-

357 3946 447 4017 lit,
479 3953 537 4004 et
565 3947 812 4005 aliorum
847 3967 1046 4006 curam
1071 3950 1200 4005 ideo
1232 3967 1346 4005 non
1377 3949 1650 4023 gessisse,
1684 3947 1822 4020 quia
1837 3946 2000 4020 prius

356 4034 590 4108 incepta
618 4037 660 4072 ¹⁸
688 4038 950 4094 nondum
980 4038 1231 4111 perfecta
1261 4042 1446 4094 erant.
1481 4036 1581 4092 Cui
1631 4054 1730 4091 rex
1759 4036 1998 4092 caritate

355 4123 456 4180 Dei
469 4129 527 4181 et
535 4125 784 4198 proximi
798 4125 1444 4200 succensus,congratul
1455 4126 1604 4182 ando
1619 4126 1748 4196 ejus
1771 4124 1996 4182 meritis

353 4213 504 4271 scire
533 4231 596 4271 se
627 4215 774 4272 dixit
801 4215 1060 4273 extitisse
1112 4216 1410 4283 victorem,
1458 4220 1514 4272 et
1540 4233 1610 4272 ne
1655 4218 1850 4271 tantos
1881 4213 1993 4270 sibi

351 4303 596 4377 ﬁngeret
624 4310 837 4374 metus,
871 4306 1136 4362 animum
1161 4311 1493 4362 maternum
1511 4305 1682 4361 dictis
1699 4303 1992 4369 leniendo,

349 4409 412 4450 se
435 4395 749 4466 superstite
806 4395 1050 4468 suisque
1107 4395 1356 4468 posteris
1403 4395 1662 4466 jurando
1720 4392 1993 4465 promisit

345 4481 534 4538 eidem
565 4484 826 4540 coenobio
857 4501 1160 4558 nunquam
1181 4485 1383 4541 deesse
1404 4483 1596 4540 omnis
1627 4481 1879 4538 subsidii
1902 4498 1992 4538 so-

342 4569 560 4629 lamen.
593 4572 832 4630 Talibus
862 4573 1160 4630 dominam
1193 4572 1563 4646 permulcens
1594 4571 1984 4642 sermonibus,
2018 4589 2066 4654 υ

339 4663 715 4718 transeuntes
745 4663 1104 4720 inSaxonum
1121 4663 1415 4736 regionem
1447 4663 1520 4718 ad
1551 4661 1818 4718 eamdem
1841 4661 1984 4716 Nor-

340 4748 555 4806 thusen
585 4751 943 4808 devenerunt
971 4752 1285 4818 civitatem,
1319 4756 1377 4807 et
1405 4751 1476 4808 ad
1509 4750 1813 4824 praefatum
1857 4767 1982 4806 mo-

262 4857 278 4870 ί
339 4839 663 4896 nasterium
696 4841 970 4913 quicquid
1003 4845 1190 4897 mater
1215 4841 1298 4897 vel
1349 4841 1506 4896 filius
1556 4857 1656 4896 rex
1703 4840 1985 4896 dederant

103 5845 265 5960 ...κ

339 4927 582 4995 addens,
615 4933 672 4985 et
711 4929 835 5002 ipse
883 4931 1286 5004 possessiones
1333 4936 1494 4986 casta
1522 4947 1700 4985 manu
1749 4929 1984 5006 propria

337 5016 682 5089 subsignata
694 5019 938 5075 ﬁrmiter
957 5021 1014 5075 in
1031 5023 1376 5093 perpetuum
1388 5019 1648 5074 tradidit.
1671 5017 1811 5073 Inde
1836 5015 1981 5072 alias

335 5105 624 5180 populum
656 5109 907 5180 regendo
928 5124 1247 5182 peragrans
1275 5107 1722 5180 urbes,aliquod
1747 5112 1981 5178 tempus

2119 3323 2391 3393 perfusus
2423 3323 2875 3381 deflevitituram
2899 3331 2984 3394 ;et
3015 3327 3064 3384 si
3080 3329 3364 3386 rationem
3394 3331 3581 3390 ullam
3607 3334 3773 3391 dolor

2117 3411 2468 3479 admitteret,
2502 3412 2756 3484 gaudere
2778 3415 2976 3486 potius
2998 3416 3252 3486 deberet,
3285 3437 3424 3476 nam
3456 3421 3561 3478 illa
3577 3423 3770 3494 justo-

2115 3516 2246 3555 rum
2279 3500 2462 3573 gregi,
2481 3505 2546 3556 ut
2563 3519 2892 3574 speramus,
2908 3503 2967 3558 in
3000 3522 3141 3578 pace
3157 3509 3470 3580 conjuncta
3485 3512 3763 3584 quiescit.

2114 3588 2294 3652 Quem
2323 3593 2389 3645 ut
2417 3589 2560 3645 vidit
2588 3590 2904 3660 dolentem,
2939 3593 3260 3667 ingemuit:
3296 3599 3430 3667 Tibi,
3465 3599 3769 3674 inquiens,

2111 3678 2425 3733 commendo
2454 3681 2703 3735 animam
2747 3698 2944 3750 meam,
3005 3685 3317 3742 commendo
3345 3691 3398 3743 et
3444 3687 3769 3748 destitutam

2111 3767 2530 3823 Northusensem
2558 3773 2856 3838 catervam,
2885 3787 2996 3827 non
3041 3773 3219 3829 solum
3245 3792 3279 3830 a
3307 3779 3358 3830 te
3397 3780 3763 3849 procurandi,

2110 3871 2298 3910 verum
2329 3857 2494 3910 etiam
2527 3858 2909 3929 imperatorem
2924 3877 3026 3932 pro
3045 3864 3126 3917 eis
3145 3863 3476 3921 admonendi
3503 3883 3680 3924 causa
3697 3871 3762 3938 ²¹,

2108 3947 2241 4016 quia
2269 3959 2444 4016 neque
2471 3945 2649 4002 adhuc
2678 3963 2839 4018 opere
2856 3952 3098 4022 profecto
3128 3955 3432 4010 maximam
3481 3957 3617 4014 inde
3641 3973 3765 4030 prae

2106 4035 2296 4090 ceteris
2324 4049 2517 4089 curam
2544 4050 2672 4104 gero
2702 4037 2980 4094 cenobiis.
3005 4039 3112 4104 Qui
3135 4041 3334 4098 omnia
3363 4060 3493 4116 quae
3513 4047 3765 4119 petierat

2105 4121 2488 4194 impleturum
2507 4139 2567 4179 se
2600 4125 2888 4197 promisit.
2913 4131 3126 4186 Prater
3152 4129 3274 4186 haec
3300 4131 3488 4190 multa
3521 4135 3647 4194 filio
3663 4136 3762 4193 Ot-

2104 4209 2227 4266 toni
2244 4211 2522 4268 mandata
2550 4211 2710 4268 dedit
2725 4215 3150 4286 portanda,sed
3167 4219 3226 4273 in
3259 4236 3478 4279 vanum
3502 4224 3649 4296 quia
3666 4225 3763 4282 ille

2103 4315 2298 4373 regem
2328 4299 2482 4356 ultra
2509 4317 2625 4357 non
2655 4302 2819 4371 vidit,
2854 4320 2989 4360 nam
3022 4307 3320 4365 modicum
3351 4315 3486 4382 post
3531 4312 3760 4384 vivens,

2103 4391 2350 4444 mortem
2385 4389 2567 4444 subiit
2599 4391 3112 4464 (An.968Mart.2).
3142 4393 3322 4468 Cujus
3337 4397 3560 4456 exitum
3578 4402 3765 4476 digna

2099 4477 2200 4532 illa
2228 4477 2443 4534 Christi
2474 4477 2698 4534 famula
2725 4479 3116 4550 vaticinando,
3135 4485 3304 4557 quasi
3327 4487 3475 4545 bene
3492 4493 3758 4561 conscia,

2099 4583 2234 4622 cum
2265 4567 2472 4636 abiret,
2494 4568 2968 4639 praedixitdicens
2993 4589 3006 4628 :
3024 4576 3189 4630 Estne
3206 4575 3361 4632 nobis
3382 4579 3763 4654 aliquidquod

2105 4655 2384 4712 ll'ilhetmo
2414 4655 2542 4710 dari
2557 4659 2724 4728 possit
2754 4659 3002 4733 episcopo
3023 4661 3050 4716 ‘?
3070 4661 3176 4718 Cui
3207 4681 3342 4720 cum
3375 4671 3761 4741 respondere-

2091 4749 2190 4800 tur
2218 4744 2398 4800 nichil
2428 4761 2578 4812 esse,
2611 4745 2692 4801 ait
2721 4745 2860 4802 illa:
2901 4749 3002 4805 Ubi
3028 4755 3156 4806 sunt
3179 4753 3378 4824 pallia,
3410 4763 3762 4828 ;uwnostrg

2091 4835 2392 4906 sepulturae
2437 4834 2708 4906 jussimus
2764 4837 3099 4896 observanda
3119 4843 3145 4894 .9
3190 4843 3400 4899 Dentur
3445 4845 3588 4917 haec,
3622 4866 3760 4906 nam

2091 4925 2188 4979 ille
2217 4923 2293 4978 ad
2323 4939 2482 4979 suum
2505 4925 2609 4979 iter
2634 4927 2810 4996 magis
2841 4925 2928 4983 his
2947 4943 3080 5000 opus
3125 4930 3304 4988 habet.
3340 4933 3405 4988 In
3450 4937 3615 4993 nobis
3652 4955 3759 4995 au-

2089 5015 2200 5067 tem
2230 5012 2579 5084 imptebitur,
2628 5015 2770 5086 quod
2798 5030 2892 5071 ore
2937 5018 3092 5088 vulgi
3137 5019 3379 5078 dicitur:
3426 5047 3455 5074 «
3484 5026 3758 5085 Parentes

2090 5103 2397 5174 nuptialem
2429 5109 2623 5157 vestem
2657 5105 2948 5162 inveniunt
2973 5110 3026 5163 et
3071 5108 3380 5178 lugubrem.
3417 5134 3448 5163 »
3480 5113 3755 5174 Circum-

1691 5257 1933 5315 νΑΡιΙιΈ
1970 5253 2378 5313 LECTlONES.

325 5373 370 5410 ⁸⁸
399 5376 440 5434 i.
476 5393 534 5434 n.
567 5374 762 5434 desunt
785 5379 846 5433 in
874 5395 923 5434 ο.
953 5378 1047 5437 sed
1071 5377 1394 5452 supplenda.
1473 5377 1516 5414 ιθ
1544 5377 1722 5436 decus
1740 5393 1788 5434 c.
1865 5375 1910 5412 ²⁰
1939 5371 2130 5433 sciens
2159 5389 2208 5429 c.
2283 5371 2324 5406 ’ί
2355 5370 2561 5427 excidit
2589 5375 2651 5429 in
2679 5374 2793 5431 cod.

1910 5507 2140 5566 NOTAE.

392 5619 506 5695 (17)
535 5619 669 5676 Vite
697 5621 926 5680 Ottonis
958 5626 982 5682 Ι
1010 5625 1243 5685 tabulas
1270 5627 1377 5682 293
1407 5643 1534 5702 sqq.
1571 5647 1664 5706 ap.
1689 5625 1963 5687 Bohmer.

2149 5620 2264 5696 (18)
2293 5619 2582 5679 Mathilda
2602 5623 2744 5684 filia.
