3900 6224
166 354 322 420 1325

1444 350 1507 416 S.
1553 352 1981 419 MATHILDIS
2028 352 2343 419 REGINA.

3431 359 3586 422 1826

164 494 395 548 stantes
424 492 625 546 autem
644 486 980 545 nescierunt
999 489 1071 544 ad
1094 487 1233 561 quid
1254 488 1364 545 hoc
1383 489 1623 556 dixerat,
1647 493 1816 562 puta-
1852 492 1903 558 Α
1940 488 2174 546 noriﬁce
2207 488 2421 546 tradita
2450 490 2785 563 sepulturae,
2803 492 2971 563 juxta
2987 491 3320 565 sepulcrum
3360 491 3583 548 domini

161 582 306 637 bant
335 579 497 635 enim
528 595 663 635 eum
694 577 1059 650 Mogonciam
1095 578 1347 634 iturum.
1380 580 1488 635 Sed
1521 578 1699 634 nichil
1728 579 1826 634 bo-

158 685 295 725 rum
309 666 721 741 imperfectum
734 666 1030 739 praeteriit,
1048 684 1173 740 quas
1186 668 1834 740 sanctaprephetaverat

157 756 405 823 femina,
426 772 618 827 neque
632 756 703 812 de
717 756 973 811 transitu
1003 756 1285 829 episcopi,
1306 756 1829 829 nequedevestium

156 845 647 902 oblatione.Nam
678 861 812 900 cum
843 844 1119 901 defuncta
1163 846 1377 901 feretro
1410 846 1810 918 imponeretur

159 936 460 991 venerunt
482 932 682 988 nuncii
706 931 836 987 filiis
859 933 988 1004 ejus
1011 932 1223 1005 regina:
1240 932 1554 1005 Gerburgis
1584 931 1826 1005 pallium

160 1024 421 1079 ferentes
454 1037 598 1077 auro
629 1020 939 1088 intextum,
974 1021 1131 1093 quod
1159 1037 1341 1076 suum
1372 1021 1713 1092 dominique
1735 1021 1828 1076 sui

161 1112 328 1185 regis
385 1110 620 1166 Henrici
655 1108 994 1182 sepulcrum
1034 1115 1234 1181 aptum
1259 1114 1383 1164 erat
1404 1110 1473 1164 ad
1498 1109 1827 1181 cooperien-

163 1202 337 1258 dum.
357 1198 619 1266 Quodam
637 1198 819 1271 igitur
839 1198 933 1252 die
954 1198 1201 1265 sabbati,
1220 1214 1391 1270 quem
1410 1214 1641 1270 semper
1654 1198 1824 1253 bonis

164 1292 473 1346 amaverat
499 1287 794 1358 eperibus,
815 1287 1089 1342 extremis
1120 1285 1689 1359 supervenientibus,
1724 1303 1821 1342 ne-

164 1376 401 1452 ptulam
415 1374 985 1447 suam,imperatoris
999 1374 1449 1441 filiam,ccenobii
1464 1375 1821 1430 abbatissam

167 1466 247 1522 ad
268 1482 332 1522 se
354 1480 588 1531 vocans,
604 1461 926 1519 salutiferis
948 1462 1276 1518 insistendo
1307 1460 1569 1528 monitis,
1592 1461 1748 1533 piam
1767 1466 1825 1517 et

168 1551 488 1619 humilem,
506 1551 853 1625 prudentem
876 1556 932 1607 et
950 1555 1181 1606 cautam
1199 1549 1311 1605 sibi
1334 1549 1649 1605 commisso
1662 1548 1822 1622 gregi

166 1641 439 1698 studiose
454 1640 754 1712 providere
775 1639 999 1707 docuit;
1021 1637 1437 1694 monasterium
1454 1655 1582 1694 raro
1604 1637 1819 1710 egredi,

167 1730 361 1787 sacris
391 1733 647 1785 mentem
674 1727 977 1801 indulgere
997 1727 1326 1799 scripturis,
1360 1732 1416 1782 et
1445 1744 1571 1798 quae
1607 1726 1823 1799 legeret

168 1820 322 1876 alias
348 1820 395 1854 ³³
427 1818 635 1874 docere
675 1816 953 1889 quicquid
988 1832 1122 1871 vero
1154 1815 1298 1870 alias
1332 1816 1623 1872 monendo
1648 1814 1821 1871 insti-

171 1905 603 1979 mularet,ipsa
632 1904 794 1978 prius
826 1903 1103 1961 omnibus
1134 1904 1470 1975 relinquens
1500 1902 1833 1975 exemplum

182 1997 365 2053 bonis
393 1994 646 2068 inpleret
677 1994 971 2067 operibus.
1001 1993 1148 2057 Quin
1174 1991 1348 2047 etiam
1379 1992 1832 2064 computarium,

172 2088 238 2141 in
264 2102 383 2158 quo
410 2087 580 2140 erant
599 2083 840 2139 nomina
852 2098 1159 2155 procerum
1175 2080 1391 2153 scripta
1402 2080 1831 2147 defunctorum,

176 2175 243 2229 in
275 2188 526 2229 manum
556 2171 744 2244 ipsius
803 2172 971 2237 dans,
1001 2170 1259 2225 animam
1292 2168 1376 2223 illi
1408 2168 1838 2223 commendavit

176 2261 442 2319 Heinrici
469 2277 576 2317 nec
602 2277 716 2315 non
735 2264 791 2315 et
814 2275 1005 2323 suam,
1026 2258 1126 2314 sed
1170 2262 1228 2313 et
1274 2256 1537 2311 omnium
1582 2272 1831 2328 quorum

173 2352 310 2425 ipsa
327 2349 677 2407 memoriam
698 2347 990 2404 recolebat
1022 2345 1304 2401 fidelium.
1334 2344 1658 2400 Novissime
1688 2360 1831 2415 quo-

173 2456 293 2512 que
304 2439 567 2511 Rieburg
580 2434 1297 2493 abbatissaNorthusensis
1311 2436 1517 2489 mcssta
1530 2432 1831 2505 processit,

174 2527 392 2601 regine
416 2526 595 2599 pedes
625 2525 771 2581 ﬂens
803 2523 1211 2596 amplectende
1246 2540 1258 2578 :
1295 2522 1396 2577 Cui
1424 2538 1542 2587 nos,
1580 2522 1680 2589 ait,
1712 2538 1833 2592 spes

173 2617 357 2673 nostri
412 2616 665 2671 omnium
711 2621 763 2668 et
815 2613 1080 2677 solamen,
1110 2612 1380 2667 desolatas
1424 2610 1732 2681 relinquis?
1762 2613 1833 2664 At

174 2703 301 2772 illa,
335 2702 525 2760 oculis
554 2701 792 2759 elevatis
823 2705 881 2756 et
911 2700 1187 2755 manibus
1228 2699 1502 2771 expansis
1538 2715 1551 2753 :
1582 2700 1830 2764 Summo,

179 2792 397 2866 inquit,
438 2807 530 2848 vos
573 2789 885 2847 commendo
935 2790 1165 2861 pastori.
1230 2788 1396 2844 Credo
1452 2789 1600 2843 enim
1650 2789 1833 2859 filium

177 2898 364 2938 meum
374 2881 582 2953 prioris
602 2878 747 2934 haud
770 2880 1141 2934 immemorem
1151 2879 1551 2949 promissionis,
1582 2876 1830 2944 dicentis,

179 2987 241 3026 se
266 2971 558 3043 superstite
586 2970 807 3040 suisque
835 2969 1058 3041 posteris
1088 2967 1259 3022 eidem
1279 2983 1564 3037 nunquam
1593 2967 1835 3021 solamen

180 3059 369 3116 deesse
394 3060 673 3121 coenobio;
700 3060 791 3113 sin
821 3066 1026 3126 autem,
1053 3072 1142 3112 vos
1170 3057 1237 3111 ab
1267 3056 1576 3111 hominibus
1606 3056 1829 3124 relictae,

181 3151 317 3220 quia
334 3150 474 3205 Deus
494 3150 555 3203 in
578 3163 635 3203 se
662 3151 942 3218 sperantes
989 3162 1099 3202 non
1136 3144 1351 3214 deserit,
1381 3147 1626 3217 primum
1675 3160 1832 3215 quee-

1941 578 2033 634 sui
2068 579 2293 634 Henrici
2328 579 2668 651 requiescit.

2013 669 2097 723 16.
2134 671 2272 724 Post
2302 669 2473 739 cujus
2503 684 2807 725 excessum
2839 668 3015 742 legati
3064 668 3278 741 scripta
3332 669 3580 726 ferentes

1938 755 1996 809 in
2020 756 2243 811 Italiam
2269 756 3587 830 ingressisunt,ubiﬂliuseiusOttoimperator

1939 860 2061 899 rem
2092 844 2389 917 publicam
2422 846 2788 918 gubernabat
2818 846 2999 915 Latio,
3032 845 3120 901 vir
3157 845 3319 901 omni
3375 845 3585 918 pietate

1938 933 2144 988 merito
2170 933 2665 1005 praedicandus,si
2692 936 2743 990 ei
2766 934 2853 990 vel
2886 935 3159 990 diadema
3179 950 3296 990 non
3326 932 3584 1007 legitime

1936 1022 2037 1076 sed
2060 1021 2451 1078 tumultuante
2464 1022 2649 1078 milite
2664 1023 3007 1096 impositum
3026 1023 3337 1096 repudiare
3350 1021 3586 1095 (28),vel

1935 1109 2116 1165 armis
2128 1111 2419 1166 abstinere
2432 1110 2713 1168 licuisset.
2733 1112 2843 1167 Sed
2858 1128 3139 1185 magnum
3154 1111 3470 1185 imperium
3483 1127 3590 1167 nec

1932 1197 2058 1252 sine
2116 1199 2294 1253 armis
2344 1199 2531 1270 potuit
2578 1200 2780 1255 teneri.
2816 1200 2944 1255 Non
2988 1204 3186 1256 tamen
3243 1198 3415 1255 illum
3446 1215 3589 1271 opes

1934 1286 2116 1357 regni,
2142 1302 2247 1341 nec
2278 1287 2502 1359 imperii
2530 1287 2803 1360 dignitas,
2834 1305 2949 1344 non
2979 1288 3271 1360 diadema,
3302 1303 3420 1344 non
3450 1302 3590 1360 pur-

1930 1390 2097 1446 pura,
2120 1374 2333 1430 Christi
2365 1393 2399 1430 a
2440 1376 2725 1431 famulatu
2804 1375 3078 1433 divellere
3124 1380 3411 1449 poterant.
3444 1375 3592 1433 Huic

1931 1462 2229 1534 palacium
2255 1463 2533 1518 insidenti
2578 1463 2773 1537 legati,
2809 1469 2874 1520 ut
2913 1465 3191 1533 diximus,
3219 1464 3588 1538 introgressi,

1932 1568 2047 1623 quo
2107 1568 2206 1607 rex
2259 1552 2375 1607 alto
2428 1552 2666 1608 sedebat
2691 1553 2858 1622 solio,
2891 1558 2948 1609 et
2985 1570 3180 1610 coram
3237 1555 3375 1610 data
3422 1553 3593 1627 copia

1933 1638 2114 1706 fandi,
2134 1638 2415 1712 epistolas
2429 1640 2746 1711 aperiendo
2762 1645 3008 1697 matrem
3022 1641 3209 1713 ipsius
3223 1642 3416 1698 obisse
3437 1659 3590 1697 nun-

1932 1728 2179 1783 ciarunt.
2207 1730 2331 1792 Qua
2348 1727 2444 1784 ille
2464 1745 2601 1784 voce
2624 1734 2895 1801 percepta
2914 1733 3072 1785 totus
3109 1746 3415 1798 excussus,
3442 1729 3588 1785 facie

1942 1816 2488 1889 pallidus,lacrimis
2525 1817 2748 1873 obortis
2787 1818 3082 1874 uberrime
3114 1818 3291 1885 ﬂevit,
3322 1822 3586 1874 materno

1946 1904 2111 1960 illum
2135 1905 2419 1961 excitante
2441 1922 2659 1961 amore.
2676 1906 2892 1963 Deinde
2913 1907 3113 1962 omnia
3133 1923 3195 1963 se
3226 1905 3588 1980 inpleturum

1945 2010 2071 2066 quae
2084 1994 2333 2064 genitrix
2349 1994 2595 2065 petierat
2615 1994 2967 2051 afﬁrmabat.
2983 1995 3373 2052 Perfecitvero
3389 1994 3590 2051 statim

1943 2086 1999 2138 et
2030 2081 2229 2153 aliqua
2257 2082 2642 2138 Nortbusensi
2673 2083 2936 2139 ccenobio
2962 2083 3177 2139 tradita
3196 2086 3359 2155 parte
3389 2083 3593 2138 matri-

1944 2170 2123 2225 monii
2146 2169 2391 2225 materni
2415 2170 2474 2225 in
2498 2170 2841 2227 occidentali
2874 2171 3128 2243 regione.
3162 2169 3323 2226 Misit
3361 2174 3419 2226 et
3446 2168 3589 2225 illuc

1943 2256 2309 2329 privilegium
2340 2275 2374 2313 a
2403 2259 2665 2314 Romano
2697 2275 2849 2331 papa
2879 2260 3185 2327 datum,ut
3204 2257 3590 2330 ipsadomina

1941 2345 2104 2419 prius
2120 2345 2531 2417 postulaverat.
2552 2348 2662 2403 Sed
2684 2346 2920 2419 aliquod
2942 2347 3003 2402 in
3020 2347 3280 2403 Ausonia
3294 2347 3338 2381 ³³
3354 2350 3588 2419 tempus

1943 2436 2301 2502 morabatur,
2322 2435 2503 2491 donec
2526 2434 2644 2490 filio
2667 2452 2774 2491 suo
2792 2434 3215 2507 Ottonijuniori
3235 2435 3307 2492 de
3321 2434 3589 2508 partibus

1941 2523 2189 2592 Graeciae,
2206 2524 2437 2596 augusti
2462 2524 2533 2579 de
2556 2523 2793 2597 palatio,
2815 2524 3028 2598 regalis
3059 2524 3266 2581 fuisset
3295 2524 3431 2580 data
3458 2540 3591 2581 con-

1933 2614 2040 2685 jux
2074 2613 2349 2685 praeclara
2377 2612 2533 2668 dicta
2562 2612 2798 2668 nomine
2829 2613 3192 2686 Theophanu
3232 2629 3368 2670 cum
3411 2613 3587 2669 innu-

1943 2702 2121 2757 meris
2151 2701 2567 2758 thesaurorum
2612 2702 2828 2758 divitiis
2865 2702 2978 2773 (21)
3000 2702 3124 2773 (An.
3153 2702 3284 2769 972,
3313 2703 3442 2773 Apr.
3474 2701 3586 2774 14).

1942 2792 2154 2846 Etcum
2171 2790 2401 2846 fecisset
2413 2790 2617 2846 ambos
2631 2789 2919 2863 imperiali
2931 2790 3189 2847 decorari
3203 2790 3440 2846 nomine
3452 2789 3588 2861 (22),

1940 2884 2081 2935 tunc
2092 2880 2331 2936 demum
2345 2881 2594 2952 conjuge
2605 2878 2785 2935 simul
2798 2878 3114 2936 comitante
3126 2878 3361 2951 ﬁlioque
3372 2877 3592 2951 pariter

1942 2986 2076 3025 cum
2108 2969 2571 3040 uxore,patriam
2612 2973 2906 3024 Saxonum
2940 2968 3140 3025 revisit
3160 2968 3290 3040 (23).
3323 2965 3593 3024 Paschali

1941 3075 2074 3114 vero
2099 3063 2359 3129 tempore
2384 3058 2457 3113 ad
2490 3058 2697 3113 urbem
2744 3055 3234 3129 Quidilingaburg
3279 3055 3437 3111 venit
3466 3054 3591 3126 (An.

1940 3148 2065 3215 973,
2080 3148 2236 3202 Mart.
2252 3147 2365 3217 23),
2382 3146 2479 3202 ubi
2498 3145 2683 3217 patris
2705 3146 2894 3201 fuerat
2913 3160 2979 3200 ac
3010 3143 3216 3200 matris
3229 3142 3590 3216 sepulcrum,

180 3219 293 3293 rite
326 3252 554 3308 regnum
590 3237 705 3303 Dei,
725 3244 779 3292 et
809 3236 994 3291 omnia
1024 3234 1357 3306 adjicientur
1382 3236 1532 3290 vobis
1553 3234 1702 3306 (Luc.
1727 3237 1825 3300 xxi,
1862 3219 1905 3286 C
1944 3236 2140 3308 ibique
2172 3235 2488 3291 honoriﬁce
2519 3236 2847 3306 susceptus,
2880 3232 3041 3288 omni
3072 3230 3284 3305 populo
3332 3231 3385 3287 ei
3416 3231 3462 3267 ²⁴
3490 3230 3593 3286 ob-

182 3325 298 3397 31).
326 3324 543 3381 Deinde
566 3324 637 3379 ad
669 3323 1121 3379 circumstantes
1151 3339 1429 3379 conversa
1467 3321 1613 3377 dixit
1644 3339 1657 3377 :
1693 3325 1837 3378 Bene

183 3415 355 3486 agite,
386 3414 737 3484 eilieiumque
758 3413 900 3467 mihi
916 3411 1212 3484 svbponite,
1224 3428 1311 3469 me
1328 3428 1547 3467 sursum
1574 3428 1744 3468 versa:
1776 3415 1836 3466 ut

183 3504 420 3575 spiritus
447 3500 633 3558 redeat
657 3500 728 3556 ad
756 3505 952 3568 Deum,
979 3516 1104 3555 caro
1134 3516 1257 3556 vere
1310 3500 1594 3571 redigatur
1617 3503 1677 3555 in
1706 3502 1836 3573 pul-

186 3607 388 3648 verem.
422 3589 525 3646 His
554 3589 753 3661 itaque
781 3589 1058 3645 omnibus
1081 3589 1253 3659 juxta
1280 3589 1541 3645 divinum
1573 3589 1836 3646 ordinem

187 3678 519 3752 dispositis,
536 3678 708 3751 plena
722 3678 946 3734 dierum
970 3682 1029 3733 et
1041 3677 1293 3750 perfecta
1307 3682 1491 3745 aetate,
1507 3677 1838 3750 exemplum

189 3768 330 3824 boni
353 3766 547 3840 eperis
578 3765 826 3838 posteris
856 3765 1212 3837 relinquens,
1237 3765 1467 3823 soboles
1496 3783 1637 3825 suas
1666 3772 1840 3839 atque

191 3874 262 3914 ex
293 3857 381 3913 eis
412 3856 620 3912 videns
652 3859 891 3927 nepotes
921 3871 1109 3927 usque
1135 3854 1194 3910 in
1225 3858 1493 3927 quartam
1524 3855 1845 3928 generatio-

194 3963 330 4002 nem
364 3945 502 4016 (l9),
526 3944 820 4000 Mactildis
852 3943 1054 4017 regina
1087 3949 1198 4000 Deo
1228 3949 1284 4000 et
1315 3943 1540 4017 angelis
1570 3944 1843 4018 spiritum

190 4032 475 4098 reddidit,
491 4032 880 4105 migravitque
901 4031 973 4086 ad
996 4031 1307 4087 Dominum
1329 4033 1364 4085 2
1394 4029 1531 4086 Idus
1564 4031 1762 4088 Marcii
1785 4032 1843 4086 in

190 4121 690 4194 Quidilingaburg
713 4120 944 4175 civitate
975 4120 1098 4191 (An.
1132 4119 1258 4187 968,
1304 4120 1459 4175 Mart.
1505 4122 1613 4192 14),
1648 4120 1848 4193 ibique

188 4213 253 4268 in
271 4208 521 4267 basilica
540 4209 729 4265 sancti
753 4208 1004 4265 Servacii
1024 4208 1283 4280 episcopi
1305 4211 1362 4263 et
1375 4207 1726 4265 confessoris
1747 4208 1846 4265 bo-

1940 3324 2094 3379 viam
2139 3326 2510 3395 congregato,
2545 3320 2979 3377 sacraissimos
3026 3318 3147 3376 illic
3203 3318 3592 3392 permanebat

1943 3412 2086 3468 dies.
2119 3412 2256 3467 Inde
2269 3412 2393 3483 jam
2417 3426 2690 3483 egressus
2715 3407 3077 3464 Mimilevum
3106 3410 3359 3480 aegrotus
3389 3422 3599 3478 perve-

1946 3501 2161 3573 nit(24)
2192 3500 2335 3571 (Mai.
2370 3499 2447 3570 6),
2481 3498 2677 3570 ibique
2707 3496 2800 3552 die
2826 3496 3082 3568 quadam
3126 3493 3447 3551 oratorium
3501 3493 3591 3549 in-

1948 3590 2160 3645 ductus
2182 3592 2237 3644 et
2256 3586 2616 3660 vespertinas
2637 3586 2841 3642 laudes
2862 3584 3130 3653 audiens,
3153 3587 3219 3639 ut
3247 3598 3480 3655 semper
3498 3598 3592 3639 ec-

1950 3677 2155 3734 clesias
2171 3677 2387 3748 Deique
2399 3674 2700 3731 servitium
2714 3672 3016 3745 diligebat,
3034 3670 3257 3746 angelis
3274 3670 3595 3743 suscipien-

1948 3767 2109 3822 tibus
2126 3765 2322 3821 emisit
2342 3763 2613 3837 spiritum
2633 3763 2781 3834 (Μαί.
2794 3761 2870 3834 7).
2885 3761 3212 3835 Igiturpost
3229 3761 3358 3833 ejus
3370 3760 3595 3816 exitum

1952 3857 2083 3911 Otto
2115 3853 2338 3925 junior,
2373 3852 2529 3907 filius
2579 3851 2709 3922 ejus
2767 3848 3313 3916 excellentissimus,
3344 3863 3595 3921 regnum

1955 3944 2297 4000 Latinorum
2356 3941 2616 4014 possedit
2662 3943 2720 3996 et
2762 3943 3079 4009 Saxonum,
3113 3954 3288 4012 quem
3343 3941 3599 4010 paterna

1957 4032 2240 4103 avitasque
2262 4047 2377 4086 non
2408 4030 2691 4102 imparem
2726 4029 3022 4085 credimus
3045 4025 3274 4084 virtutis
3292 4028 3603 4100 praestante

1960 4119 2199 4176 domino
2222 4124 2421 4175 nostro
2450 4120 2589 4174 Jesu
2622 4116 2874 4187 Christo,
2905 4118 3007 4189 qui
3038 4117 3177 4173 vivit
3203 4120 3261 4172 et
3316 4119 3521 4190 regnat
3543 4114 3604 4173 in

1957 4208 2159 4265 omnia
2187 4206 2400 4264 secula.
2435 4208 2641 4262 Amen.

1582 4348 1819 4406 VARUE
1859 4348 2253 4407 LECTIONES

264 4471 311 4507 ¹²
340 4468 492 4526 alios
520 4483 568 4524 c.
646 4466 691 4503 ’³
716 4463 880 4524 Italia
906 4465 1086 4537 glossa
1113 4466 1174 4522 in
1202 4465 1319 4523 eod.
1397 4466 1442 4501 “
1472 4465 1532 4521 in
1560 4482 1605 4522 c.

1763 4577 1995 4639 NOTAE.

268 4699 379 4773 (19)
409 4699 544 4773 Otto
601 4699 721 4773 du}
748 4696 988 4767 Sueviaa,
1022 4694 1179 4755 filius
1235 4697 1503 4767 Liudolﬁ,
1537 4702 1711 4754 natus
1760 4703 1849 4754 est

192 4770 322 4828 954.
350 4770 435 4827 Cf.
470 4770 640 4842 Cout.
672 4770 809 4842 Reg.

271 4842 383 4914 (20)
416 4842 538 4899 Hoc
568 4838 785 4914 falsum
817 4857 946 4897 esse
977 4844 1238 4914 constat;
1261 4838 1423 4914 bella
1451 4858 1577 4914 quas
1612 4857 1852 4914 corona-

194 4911 416 4971 tio‘nem
470 4912 875 4985 sequebantur
929 4913 1000 4967 ad
1060 4911 1212 4968 hanc
1257 4912 1444 4985 ipsam
1469 4911 1624 4968 falso
1659 4911 1856 4967 retulit

200 4989 425 5042 auctor.

293 5057 385 5112 2ll
417 5055 504 5111 Cf.
537 5053 796 5110 Annales
827 5052 1088 5109 Hildesb.
1123 5054 1195 5109 ad
1219 5071 1271 5109 a.
1303 5053 1426 5108 972.

293 5058 356 5112 21
417 5057 504 5111 Cf.
537 5057 796 5110 Annales
827 5057 1088 5109 Hildesb.
1123 5057 1195 5109 ad
1219 5071 1271 5109 a.
1303 5057 1426 5108 972.

274 5057 385 5203 (22)
417 5128 696 5185 Ottonem
728 5125 795 5195 Il,
829 5142 881 5181 a.
912 5126 1041 5196 967,
1071 5125 1480 5198 imperatorem
1513 5128 1856 5181 coronatum

1956 4710 2084 4754 esse
2115 4696 2361 4761 constat,
2395 4687 2834 4763 Theophaniam
2857 4706 2891 4745 a
2922 4704 3072 4763 papa
3092 4687 3319 4763 Joanne
3348 4687 3475 4744 XIII
3492 4687 3605 4763 im-

2003 4766 2240 4824 erialem
2272 4759 2401 4821 acce
2445 4759 2856 4818 isse'coronam
2887 4759 3243 4816 soli—habent
3298 4764 3451 4814 Ann.
3492 4759 3602 4816 Lo-

1962 4785 2196 4895 Eienses
2224 4839 2349 4895 972.
2486 4834 2552 4889 G.
2584 4832 2648 4887 ll.

2006 4856 2196 4896 tenses
2224 4856 2349 4902 wz,
2381 4856 2455 4890 1V1.

2036 4911 2152 4993 (23)
2186 4899 2649 4993 Iungermaniam
2679 4901 2999 4957 redierata.
3033 4901 3157 4969 972,
3190 4899 3252 4955 in
3289 4899 3603 4959 Saxoniam

1965 4982 2123 5037 venit
2154 4998 2207 5037 a.
2239 4980 2366 5035 973.

2039 5054 2152 5126 (24)
2182 5051 2265 5108 Cf.
2297 5043 2636 5106 Widukind.
2667 5042 2762 5112 III,
2783 5043 2873 5098 75.
