3900 6224
291 339 440 403 1331

1592 343 1927 412 ΑΡΡΕΝῙ).
1973 349 2076 411 AD
2122 349 2263 413 SE.
2311 350 2387 412 X.

3540 341 3707 408 1332

288 489 452 530 verso
483 475 553 529 ad
589 472 684 531 fol.
717 475 787 532 83
818 494 886 532 ex
931 477 1042 533 alio
1087 481 1338 551 quodam
1390 480 1536 535 libro
1583 483 1935 553 transcripta
1963 484 2016 549 Α
2115 483 2350 537 Constat
2382 480 2559 552 igitur
2588 480 2892 553 hucusque
2921 478 3139 536 librum
3183 481 3450 535 nostrum
3485 495 3703 533 manu-

290 562 355 618 de
381 566 552 618 sacris
582 565 864 621 ordinibus
893 575 943 623 et
970 568 1034 623 de
1059 571 1284 624 vestibus
1312 571 1752 625 sacerdotalibus.

365 652 536 708 Liber
564 653 658 710 hic
689 654 996 727 liturgicus
1027 660 1340 713 maximam
1375 665 1600 730 partem
1634 676 1746 713 non
1778 661 1938 731 igno-

290 745 388 796 tus
411 742 710 815 est.Vulgo
734 759 867 800 eum
887 745 1475 802 Pseudo-Alcuineum
1503 748 1936 820 nominant.'1‘y-

291 829 381 902 pis
421 831 548 901 jam
579 837 848 888 exaratus
879 839 984 901 est,
1013 835 1147 890 licet
1180 837 1478 901 mendose,
1498 835 1558 890 in
1599 836 1935 893 collectione

290 918 746 992 Hittorpiana,et
767 921 1010 976 alibi.At
1028 924 1238 978 desunt
1261 929 1453 979 tamen
1477 925 1662 979 multa
1683 925 1740 979 in
1764 926 1934 980 editis

292 1023 418 1078 quae
451 1008 886 1080 manuscriptus
933 1016 1129 1065 noster
1173 1012 1389 1066 intacta
1421 1014 1605 1067 offert.
1641 1016 1933 1078 Quantum

293 1095 501 1150 attinet
531 1097 600 1150 ad
646 1101 906 1152 antorem
957 1099 1222 1153 maxima:
1283 1101 1460 1172 hujus
1493 1102 1621 1156 libri
1680 1101 1934 1176 liturgici

288 1184 492 1256 partis,
541 1185 941 1241 demonstrare
991 1205 1161 1258 posse
1210 1190 1352 1243 mihi
1403 1190 1619 1257 videor,
1664 1192 1935 1248 Carolum

289 1287 570 1344 magnum
601 1277 658 1328 et
677 1273 987 1330 Alcuinum
1019 1276 1214 1332 alteris
1237 1279 1391 1333 curis
1422 1281 1937 1353 eumcomposuis-

287 1377 372 1417 se.
401 1361 512 1418 Sed
545 1362 614 1420 de
644 1362 753 1419 hac
786 1381 845 1418 re
876 1363 988 1420 alio
1020 1365 1143 1422 loco
1172 1384 1433 1439 agemus.

2043 570 2326 640 scriptum
2367 586 2494 624 esse
2539 569 2835 641 exemplar
2863 568 3086 624 ordinis
3133 567 3391 640 liturgici
3440 566 3704 623 ecclesiae

2043 659 2337 720 Romamre,
2371 676 2402 713 a
2435 658 2709 712 Mathilde
2741 659 3017 729 quadam,
3052 657 3173 712 ﬁlia
3203 657 3514 728 cujusdam
3555 660 3703 711 Her-

2042 748 2242 802 manni
2275 747 2448 802 Ducis
2475 749 2818 815 Suevorum,
2843 747 3124 802 donatum
3159 745 3279 817 regi
3319 745 3558 800 cuidam
3592 745 3704 799 Mi-

2044 837 2263 907 segoni.

2118 926 2444 980 Redeamus
2501 926 2574 979 ad
2642 925 2948 996 epistolam
3025 923 3447 978 dedicatoriam
3514 921 3704 979 nostri

2043 1014 2409 1084 exemplaris,
2445 1031 2569 1085 quae
2605 1031 2760 1068 nunc
2793 1015 3041 1069 fortasse
3073 1012 3288 1068 melius
3317 1011 3570 1084 intelligi
3603 1028 3709 1083 po-

2043 1103 2196 1157 terit.
2234 1104 2311 1156 En
2346 1119 2472 1156 eam
2507 1102 2694 1174 ipsam
2728 1102 2823 1156 hic
2856 1101 3010 1173 typis
3042 1117 3400 1173 expressam,
3433 1102 3702 1156 verbote-

2045 1208 2177 1256 nus,
2211 1208 2345 1246 cum
2378 1191 2605 1246 mendis
2639 1190 3107 1264 orthographicis
3137 1195 3194 1245 et
3228 1189 3707 1262 interpunctione

2044 1280 2261 1336 intacta
2297 1297 2308 1334 :

888 1627 1021 1681 CAP.
1056 1626 1146 1681 ΙΙΙ.
1173 1658 1238 1667 -
1268 1629 1507 1698 Epistola
1535 1628 1874 1683 dedicatoria
1913 1628 2192 1682 Mathildis
2221 1628 2407 1682 Saeva:
2437 1628 2506 1682 ad
2535 1629 2860 1698 Misegonem
2887 1645 3085 1700 regem.

822 1725 844 1777 1
961 1724 1183 1778 Domno
1216 1725 1290 1778 M.
1327 1726 1401 1796 (1)
1433 1725 1664 1779 virtutis
1694 1743 1837 1779 verae
1870 1724 2074 1779 cultori
2105 1725 2430 1780 verissimo.
2467 1726 2707 1797 regique
2741 1725 3149 1782 invictissimO'

815 1814 850 1866 2
891 1812 1049 1879 M.(i)
1063 1829 1441 1884 suppremum
1459 1814 1514 1868 in
1530 1814 1755 1868 Christo
1769 1814 2146 1885 gaudium.ac
2162 1813 2385 1869 felicem
2400 1814 2752 1886 superhoste
2769 1815 3155 1887 triumphum°

820 1901 853 1953 3
892 1899 1175 1962 Quoniam
1199 1901 1303 1956 tibi
1328 1902 1521 1956 divina
1543 1903 1728 1974 gratia
1750 1903 1975 1973 regium
2001 1919 2212 1958 nomen
2237 1903 2452 1974 pariter
2474 1907 2531 1957 et
2551 1901 2829 1958 honorem
2856 1903 3161 1959 concessit.

818 1989 850 2042 ἧ
893 1993 1130 2060 arteque
1161 1991 1439 2062 regnandi
1473 1992 1541 2045 ad
1576 1991 1630 2045 id
1666 1991 1992 2046 necessaria
2021 1991 2437 2046 honestissime
2468 1991 2703 2046 ditavit!
2741 1990 2893 2046 felici
2924 1992 3160 2064 inceptu

819 2078 854 2130 5
894 2081 957 2130 ut
985 2078 1199 2132 audivi.
1226 2079 1333 2149 ipsi
1360 2079 1643 2134 divinitati
1669 2079 1828 2151 regni
1858 2079 1944 2134 tui
1978 2080 2268 2151 primitias
2300 2080 2504 2134 devoto
2528 2084 2758 2150 pectore
2781 2081 3156 2135 consecrasti'

812 2167 847 2218 6
886 2165 1026 2230 Quis
1055 2167 1209 2221 enim
1242 2169 1733 2238 praedecessorum
1762 2173 1997 2223 tuorum
2019 2172 2214 2223 tantas
2237 2169 2416 2223 erexit
2437 2167 2767 2222 (ecclesias?
2797 2168 2936 2233 Quis
2961 2168 3020 2222 in
3043 2169 3165 2224 lau-

817 2255 850 2305 7
891 2254 1024 2308 dem
1077 2255 1168 2308 dei
1217 2255 1453 2310 totidem
1502 2256 1849 2311 coadunavit
1898 2256 2176 2328 linguas?
2212 2273 2344 2310 cum
2389 2255 2447 2309 in
2498 2257 2730 2328 propria
2776 2261 2832 2311 et
2874 2257 2934 2312 in
2985 2257 3169 2312 latina

815 2342 849 2393 8
893 2347 1071 2397 Deum
1104 2343 1277 2416 digne
1297 2345 1556 2400 venerari
1591 2361 1812 2416 posses,
1839 2344 1896 2399 in
1922 2345 2029 2400 hoc
2060 2344 2164 2399 tibi
2187 2361 2299 2398 non
2329 2344 2490 2399 satis.
2515 2361 2744 2417 grecam
2774 2346 3163 2416 superaddere

816 2431 851 2482 9
891 2431 1168 2487 maluisti
1205 2437 1334 2487 Haec
1363 2438 1418 2488 et
1449 2433 1788 2504 hujusmodi
1823 2433 2016 2488 studia
2045 2438 2100 2488 te
2133 2433 2178 2487 si
2213 2433 2269 2486 in
2305 2434 2480 2488 ﬁnem
2513 2435 2988 2505 perseveraveris.
3023 2435 3158 2489 bea-

782 2520 851 2575 10
891 2520 1186 2576 tissimum
1239 2522 1571 2593 praedicant.
1607 2525 1776 2593 teque
1827 2539 1940 2577 non
1991 2523 2132 2576 adeo
2183 2521 2440 2576 humano
2481 2539 2658 2592 quam
2708 2521 2902 2576 divino
2935 2521 3160 2593 judicio

786 2610 845 2663 11
893 2608 1159 2664 electum.
1195 2611 1265 2664 ad
1310 2611 1627 2682 regendum
1674 2609 1954 2681 populum
2003 2615 2270 2665 sanctum
2304 2610 2403 2664 Dei
2436 2610 2807 2665 veracissime
2847 2614 3157 2666 testantur.

788 2699 852 2751 12
892 2698 989 2768 qui
1021 2698 1078 2752 in
1127 2699 1352 2770 judicio
1407 2699 1704 2770 providus,
1737 2698 1795 2752 in
1829 2699 2085 2753 bonitate
2117 2699 2490 2770 conSpicuus.
2525 2699 2584 2753 in
2617 2699 2889 2754 universa
2921 2716 3154 2754 morum

786 2787 852 2839 13
892 2786 1194 2842 honestate
1225 2787 1536 2858 praeclarus
1569 2787 1819 2842 haberis.
1854 2787 2045 2841 viduis
2075 2791 2141 2841 ut
2184 2787 2287 2841 vir.
2317 2786 2596 2859 orphanis
2640 2791 2706 2841 ut
2748 2792 2930 2859 pater.
2966 2788 3164 2860 egenis

790 2874 853 2926 14
893 2878 949 2928 et
987 2875 1341 2946 pauperibus
1386 2877 1757 2946 incorruptus
1813 2876 2084 2930 defensor
2135 2876 2206 2930 ab
2262 2876 2536 2931 omnibus
2589 2876 3009 2948 comprobaris.
3043 2894 3157 2932 non

791 2963 858 3015 15
895 2964 1314 3020 considerando
1369 2981 1678 3036 personam
1737 2964 2029 3037 pauperis.
2082 2964 2167 3019 vel
2225 2964 2550 3020 venerando
2599 2965 2827 3020 vultum
2884 2967 3158 3036 potentis.

792 3050 858 3104 16
898 3051 997 3105 sed
1076 3051 1224 3107 libra
1289 3053 1534 3123 justitiae
1614 3070 1739 3124 qua:
1817 3057 2221 3124 proponuntur
2293 3057 2501 3108 cuncta
2571 3054 2891 3109 examinas
2948 3054 3161 3110 Christi

788 3140 852 3193 17
892 3140 1088 3211 procul
1123 3141 1298 3196 dubio
1330 3141 1575 3198 militem
1607 3159 1740 3197 cum
1774 3143 1940 3197 beato
1971 3143 2312 3198 Sebastiano
2346 3143 2455 3197 sub
2488 3142 2699 3214 regalis
2727 3143 2971 3199 vestitus
3002 3144 3162 3199 cultu

785 3227 850 3281 18
890 3229 1058 3285 ducis
1088 3231 1516 3285 absconditum.
1568 3232 1683 3286 Deo
1735 3236 1965 3285 tantum
1997 3235 2062 3286 ut
2093 3231 2364 3286 restituas
2419 3230 2646 3286 animas
2678 3230 2966 3286 diabolica
3003 3231 3161 3286 frau-

788 3319 854 3372 19
891 3319 962 3373 de
1009 3319 1298 3391 deceptas.
1347 3321 1444 3391 qui
1502 3320 1788 3375 talentum
1849 3319 1953 3375 tibi
2012 3320 2396 3375 commissum
2456 3323 2747 3391 reportare
2805 3320 3163 3391 centuplica-

781 3408 852 3460 20
891 3410 1014 3462 tum
1047 3407 1710 3478 vehementerxanbelas.
1741 3409 2050 3464 auditurus
2088 3409 2316 3464 beatam
2348 3425 2545 3463 vocem
2579 3425 2695 3480 qua
2738 3409 2970 3463 dicitur'
3004 3411 3160 3481 Euge

787 3498 847 3550 21
887 3513 1046 3552 serve
1078 3497 1226 3552 bone
1279 3502 1335 3552 et
1384 3497 1589 3553 fidelis.
1653 3503 1708 3553 et
1767 3503 1990 3553 czntera'
2025 3496 2286 3552 Paternis
2340 3513 2548 3568 nempe
2605 3496 2888 3568 exemplis
2945 3515 3169 3554 ammo-

784 3587 854 3638 22
886 3584 1043 3640 nitus
1108 3590 1266 3640 totus
1311 3603 1457 3657 pene
1506 3585 1755 3641 versaris
1805 3587 1862 3641 in
1913 3585 2269 3640 coelestibus.
2323 3584 2423 3656 qui
2482 3585 2539 3638 in
2602 3585 2703 3640 illa
2753 3584 2956 3640 mundi
3007 3591 3171 3657 parte

786 3675 856 3728 23
895 3690 1072 3745 quam
1106 3675 1279 3746 regis.
1305 3673 1473 3746 quasi
1506 3675 1745 3746 quidam
1779 3675 1908 3728 fons
1940 3679 1995 3728 et
2026 3673 2184 3746 origo
2225 3679 2437 3729 sanctae
2483 3672 2779 3729 catholicae
2833 3678 2889 3728 et
2936 3678 3170 3746 aposto-

785 3763 856 3816 24
897 3763 1016 3816 liceo
1040 3762 1226 3817 extitit
1247 3761 1563 3817 fidei.Nam
1583 3779 1730 3832 quos
1749 3762 1935 3817 sancti
1977 3761 2381 3833 prmdicatores
2421 3762 2707 3833 corrigere
2747 3779 2863 3817 non
2905 3768 3170 3834 poterant

788 3852 859 3905 25
896 3851 1093 3905 verbo!
1112 3851 1518 3906 illeinsecutus
1531 3856 1619 3906 est
1632 3852 1799 3905 ferro.
1817 3849 2172 3921 compellens
2187 3851 2256 3904 ad
2273 3866 2497 3905 cmuam
2510 3851 2866 3906 dominicam
2890 3852 3167 3907 barbaras

786 3939 857 3992 26
888 3955 953 3992 ac
978 3939 1374 3994 ferocissimas
1403 3940 1684 3994 nationes.
1712 3943 1878 3993 Hunc
1918 3942 2114 3994 autem
2147 3938 2362 3992 librum
2397 3939 2526 3993 ideo
2567 3939 2671 3994 tibi
2712 3940 2916 3994 direxi.
2942 3941 3158 4012 nequid

787 4027 856 4078 27
896 4025 953 4080 in
986 4026 1198 4081 divinis
1229 4027 1437 4083 ofﬁciis
1469 4027 1832 4099 incognitum
1862 4028 1980 4083 fore
2007 4031 2119 4082 tua:
2152 4027 2319 4098 regite
2363 4027 2654 4098 dignitati.
2705 4028 2896 4084 sciens
2946 4032 3002 4084 te
3051 4029 3169 4101 spi-

785 4114 854 4166 28
892 4113 1043 4169 ritali
1075 4116 1453 4187 praerogativa
1482 4117 1818 4188 'preditum.
1853 4115 2054 4188 procul
2103 4115 2282 4170 dubio
2333 4116 2546 4171 habere
2594 4121 2916 4188 acceptum.
2954 4117 3015 4172 In
3047 4134 3162 4189 quo

783 4203 852 4256 29
891 4201 1030 4273 quid
1044 4202 1830 4276 signiﬁcentvarietatesqme
1856 4221 1957 4277 per
1975 4205 2205 4260 diversa
2225 4209 2488 4276 tempora
2509 4205 2568 4260 in
2587 4205 2809 4260 eisdem
2831 4204 3167 4260 recoluntur

783 4292 854 4346 30
891 4291 1118 4346 officiis.
1156 4292 1421 4348 curiosus
1472 4293 1651 4349 lector
1700 4293 1864 4348 facile
1913 4293 2176 4365 reperiet-
2214 4293 2367 4348 Deus
2412 4292 2782 4364 omnipotens
2815 4294 2983 4363 cujus
3033 4310 3169 4349 con-

784 4380 848 4434 31
893 4379 1194 4435 stitutione
1240 4380 1419 4454 regali
1478 4383 1804 4437 diademate
1863 4386 2174 4437 coronatus
2229 4398 2311 4437 es.
2366 4381 2490 4453 ipse
2551 4381 2656 4436 tibi
2715 4381 2980 4453 spacium
3037 4383 3165 4437 vitae

781 4469 852 4523 32
889 4469 1262 4542 palmamque
1313 4469 1562 4527 victoriae
1618 4470 1940 4543 largiendo.
1975 4470 2200 4526 cunctis
2249 4469 2464 4526 efﬁciat
2519 4469 2788 4526 hostibus
2847 4471 3164 4527 fortiorem'

783 4557 854 4613 33
889 4558 974 4614 Ad
1005 4556 1150 4614 velle
1179 4557 1325 4613 vale-

337 4808 470 4864 CAP.
503 4807 597 4864 IV.
622 4840 687 4851 —
717 4810 792 4865 De
820 4811 1132 4882 litterarum
1150 4811 1331 4881 forma
1361 4813 1411 4864 et
1443 4811 1879 4882 interpunctione
1961 4812 2009 4876 B
2111 4809 2576 4864 Minuscularum
2607 4811 2802 4863 autem
2825 4807 3044 4864 formas
3065 4809 3232 4864 offert
3259 4806 3406 4863 liber
3427 4823 3530 4864 eas
3555 4825 3713 4880 quas

1039 4881 1182 4936 Mati.

354 4985 702 5042 Litterarum
736 4987 924 5043 forma
951 4991 1042 5042 est
1071 4986 1446 5042 nitidissima.
1473 4988 1538 5041 In
1560 4987 1926 5058 majusculis,

284 5074 582 5144 quadratas
611 5080 668 5130 et
697 5075 974 5130 rectilinae
1013 5075 1228 5141 latina,
1262 5077 1452 5130 mixtae
1485 5079 1622 5130 sunt
1670 5092 1804 5130 cum
1837 5093 1926 5129 ro-

281 5161 656 5217 tundioribus
687 5162 936 5234 gothicis
957 5195 1023 5202 —
1046 5163 1334 5234 (exempla
1363 5164 1568 5218 talium
1601 5162 1925 5218 litterarum

282 5249 342 5304 in
373 5249 582 5305 tabulae
613 5251 710 5324 ﬁg.
736 5252 788 5305 4.
813 5252 992 5321 dedi.)
1018 5283 1081 5293 —
1103 5253 1258 5322 quod
1285 5252 1508 5306 obtinet
1537 5253 1594 5306 in
1625 5251 1833 5306 litteris
1859 5252 1927 5315 D,

284 5337 362 5405 M,
395 5338 463 5407 N,
496 5339 561 5404 ο,
593 5343 661 5405 Α,
692 5339 753 5407 c,
789 5339 855 5406 U,
890 5341 952 5408 L,
996 5340 1062 5407 ἢ,
1105 5341 1169 5406 E,
1214 5341 1281 5404 H,
1316 5341 1357 5406 Ι,
1400 5341 1463 5394 Τ.
1507 5345 1564 5394 et
1602 5340 1662 5394 P.
1707 5340 1925 5394 Rotun-

288 5426 467 5483 dioris
497 5431 727 5484 tantum
760 5429 957 5483 formae
989 5429 1053 5494 B,
1086 5429 1145 5495 F,
1179 5429 1246 5495 K,
1281 5431 1350 5492 X,
1383 5427 1430 5480 Y
1461 5431 1516 5482 et
1545 5429 1602 5483 Z.

2041 4897 2139 4970 ﬁg.
2172 4898 2227 4962 5,
2259 4895 2598 4952 incidendas
2629 4896 2846 4950 curavi.

2111 4984 2281 5058 Sigla:
2318 5001 2497 5055 quam
2527 4983 2792 5055 plurimae
2844 4987 3187 5052 occurrunt;
3221 4983 3440 5039 formas
3471 4982 3709 5056 aliquot

2038 5091 2237 5129 earum
2262 5073 2318 5126 in
2347 5073 2443 5144 ﬁg.
2466 5074 2501 5126 6
2520 5071 2799 5136 habes,de
2825 5073 3042 5144 quibus
3065 5089 3236 5145 agam
3259 5071 3448 5143 capite
3470 5072 3704 5128 XXXII.

2110 5160 2577 5217 Istalittcrarum
2629 5159 2926 5228 mixtione,
2980 5159 3447 5232 majuscularum
3492 5154 3700 5216 forms:

2037 5249 2495 5320 quadratae,cum
2513 5247 3128 5320 rotundis,praesertim
3147 5249 3464 5304 utebantur
3482 5248 3703 5305 saeculo

2041 5337 2347 5392 undecimo
2375 5340 2506 5407 post
2525 5335 2823 5391 Christum
2855 5341 3090 5406 natum;
3121 5335 3392 5409 quamvis
3424 5335 3703 5410 exempla

2041 5423 2240 5480 saeculi
2264 5423 2640 5495 praecedentis
2660 5427 2718 5478 et
2738 5425 3124 5497 insequentis,
3142 5441 3210 5482 ea
3228 5429 3428 5481 tamen
3451 5425 3700 5483 rariora.

363 5602 436 5670 (-1)
468 5602 543 5656 M.
578 5618 704 5658 esse
735 5619 838 5674 pro
861 5604 1123 5674 Μίδας]οηί
1149 5619 1218 5659 ex
1246 5601 1514 5660 versibus
1543 5603 1742 5676 ﬁgurae
1766 5602 1892 5673 jam
1924 5604 2182 5673 apparet.

189 5897 340 5983 Ἦ.
