3900 6224
149 352 304 418 1341

1416 344 1484 412 S.
1527 335 1958 406 MATHILDIS
2002 332 2320 400 REGINA.

3402 338 3561 405 1349

148 488 222 546 de
247 485 552 544 nobilibus
584 483 927 561 parentibus
956 498 1148 554 orsus,
1173 479 1292 554 qui,
1314 477 1486 553 paulo
1509 482 1639 551 post
1659 475 1802 531 Pra-
1830 471 1887 538 Α
1917 470 2012 561 dio
2043 468 2383 561 orientalem
2416 467 2562 561 adiit
2594 465 2950 537 Porussiam,
2998 468 3094 529 ubi
3119 473 3250 545 post
3294 474 3559 547 repulsas

145 577 349 652 gensis
378 576 693 650 episcopus
706 572 1125 631 acclamatione
1152 570 1356 627 cleriet
1369 566 1569 642 populi
1585 566 1803 622 electus

143 672 233 724 est
267 666 407 739 (47).
439 665 652 721 Verbis
684 661 1125 737 prazdecessoris
1155 662 1479 731 correptus,
1531 655 1805 711 omnibus

145 754 449 813 deliciosis
481 754 632 811 cibis
662 759 720 810 et
763 752 1024 809 vestibus
1071 750 1335 820 abjectis,
1388 750 1563 802 noctu
1618 742 1806 799 cilicio

147 860 388 901 carnem
422 843 727 908 amiciens,
758 845 936 914 caput
958 856 1092 895 vero
1136 838 1327 893 cinere
1376 851 1713 907 aspergens,
1747 832 1806 887 in

150 933 340 991 alium
392 932 695 989 hominem
755 947 822 986 ex
872 929 1058 985 milite
1106 926 1411 983 «delicato
1445 946 1473 974 ››
1522 926 1807 987 mutatus,

154 1021 362 1078 omnia
394 1038 523 1094 quae
554 1021 826 1087 habebat,
861 1020 919 1074 in
950 1034 1185 1090 egenos,
1218 1015 1473 1089 pupillos
1503 1018 1559 1069 et
1604 1012 1811 1067 viduas

156 1111 424 1184 erogavit
453 1112 587 1183 (48).
621 1111 729 1166 Sed
760 1109 819 1164 in
851 1108 1066 1180 populo
1098 1111 1217 1161 tam
1241 1106 1490 1161 barbaro
1523 1103 1671 1157 ritus
1693 1100 1814 1156 Sla-

154 1199 566 1273 vonico-graeci
599 1196 1029 1265 amantissimo,
1062 1194 1142 1250 nil
1172 1194 1366 1250 verbis
1409 1191 1494 1248 nil
1533 1188 1814 1262 exemplis

156 1287 506 1362 proﬁciebat
531 1286 905 1351 Adalbertus,
938 1282 1243 1356 principiis
1272 1280 1602 1337 Occidentis
1627 1278 1815 1333 imbu-

154 1382 296 1445 tus;
328 1374 604 1449 pluribus
633 1390 863 1445 nempe,
900 1376 966 1429 ut
1004 1372 1192 1438 aiunt,
1244 1370 1525 1425 uxoribus
1575 1365 1815 1423 Bohemi

156 1463 484 1524 Christiani
513 1462 943 1527 abutebantur;
968 1460 1216 1533 gentiles
1247 1464 1303 1515 et
1332 1457 1646 1531 sacrilegos
1668 1455 1819 1511 ritus

156 1553 566 1629 practicabant
591 1551 877 1619 ;subditos
896 1550 1183 1624 proprios,
1200 1548 1351 1604 filios
1369 1547 1639 1618 filiasque
1654 1544 1816 1601 Chri-

158 1644 236 1701 sti
271 1643 611 1699 charactere
638 1638 971 1713 insignitos,
992 1637 1212 1694 Judaeis
1244 1638 1302 1693 in
1334 1636 1672 1692 servitutem
1686 1649 1819 1688 ven-

160 1733 415 1800 debant;
441 1731 567 1786 fora
580 1729 789 1785 diebus
806 1726 1125 1784 Dominicis
1144 1722 1817 1799 frequentabant;sepul-

1916 559 2228 632 plurimas,
2249 575 2481 615 sacrum
2497 559 2920 615 Germanorum
2935 560 3131 617 lucum
3146 564 3558 634 profanans,ab

1915 647 2205 703 idolorum
2239 649 2537 704 sacerdote
2560 653 2787 721 septem
2815 649 3155 706 vulneribus
3178 653 3418 709 affectus
3439 658 3565 710 tan-

1917 737 2046 791 dem
2081 736 2236 792 diem
2265 737 2410 791 obiit
2439 754 2782 809 supremum
2814 755 2992 811 prope
3034 741 3359 809 Teukitten,
3405 744 3561 814 quod

1918 824 2071 881 inter
2100 826 2274 881 urbes
2294 826 2690 882 Fischhausen
2704 833 2759 884 et
2778 827 2961 883 Pillau
2994 828 3172 884 situm
3205 834 3313 895 est,
3342 830 3563 888 decimo

1918 914 2201 970 Calendas
2231 915 2408 971 Maias
2440 916 2575 971 anni
2606 916 2731 971 997.
2766 917 2917 972 Socii
2950 918 3102 990 capti
3155 918 3417 990 quidem,
3466 921 3566 976 sed

1922 1002 2152 1057 remissi
2185 1005 2317 1074 (55).
2352 1004 2573 1077 Corpus
2601 1022 2735 1061 vero
2768 1006 2824 1061 S.
2843 1007 3111 1078 Martyris
3141 1006 3470 1065 Bolizlavus
3492 1010 3514 1065 Ι
3536 1027 3570 1065 a

1924 1091 2191 1146 Porussis
2214 1093 2424 1148 emisse
2456 1094 2726 1149 traditur.
2757 1095 2996 1151 Addunt
3032 1096 3309 1153 barbaros
3335 1102 3567 1154 tantum

1923 1180 2146 1251 argenti
2180 1182 2289 1251 (56)
2322 1182 2548 1253 pondus
2579 1182 2931 1255 postulasse,
2955 1185 3159 1256 quanti
3193 1190 3350 1242 esset
3369 1188 3565 1243 Sancti

1923 1285 2155 1340 corpus,
2190 1275 2246 1323 et
2277 1270 2555 1325 miraculo
2588 1272 2813 1344 perleve
2845 1273 2901 1327 id
2930 1273 3229 1330 inventum
3261 1276 3398 1347 (57).
3430 1276 3566 1332 Cor-

1924 1374 2035 1429 pus
2065 1357 2124 1412 in
2156 1357 2454 1415 Poloniam
2484 1360 2703 1433 ingenti
2717 1361 3242 1419 ecclesiasticorum
3266 1369 3324 1419 et
3345 1365 3568 1421 secula-

1924 1446 2149 1501 riorum
2174 1447 2549 1505 multitudine
2579 1449 2859 1521 stipatum
2890 1450 3138 1507 relatum
3170 1458 3279 1522 est,
3304 1458 3482 1527 atque
3508 1455 3569 1527 in

1925 1536 2070 1590 urbe
2099 1537 2421 1592 Gnesnensi
2440 1539 2694 1593 maxima
2714 1556 2929 1612 pompa
2957 1541 3287 1612 depositum
3310 1547 3367 1599 et
3394 1543 3571 1599 hono-

1927 1624 2363 1683 rificentissime
2387 1626 2705 1698 sepultum.
2730 1628 2812 1683 lbi
2846 1645 2979 1683 mox
3003 1630 3417 1686 miraculorum
3441 1648 3571 1705 ope-

1928 1720 2155 1776 ratione
2184 1716 2443 1788 reliquiae
2473 1715 2744 1788 martyris
2776 1718 2930 1789 apud
2959 1734 3162 1773 omnes
3212 1718 3576 1777 Christianos

162 1827 333 1879 turas
363 1821 424 1875 in
455 1818 718 1892 profanis
749 1817 1040 1890 eligebant
1087 1815 1253 1882 locis,
1286 1821 1342 1871 et
1372 1815 1431 1869 in
1480 1817 1818 1908 contemptu
1850 1843 1897 1908 Β
1933 1808 2407 1908 celebratie'sunt
2429 1807 2562 1908 (58).

163 1911 468 1968 habebant
497 1923 732 1965 omnem
751 1906 1167 1962 correctionem
1190 1906 1262 1961 ab
1283 1905 1554 1976 episcopo
1585 1900 1818 1958 adbibi—

159 2004 306 2057 tam.
337 1999 538 2063 Quare
554 1997 769 2052 ductus
782 1995 1121 2051 cathedram
1155 2010 1308 2049 anno
1337 1994 1442 2047 989
1456 1990 1710 2047 deseruit
1732 1988 1820 2044 vir

157 2092 431 2155 sanctus,
467 2090 543 2153 et,
558 2084 1015 2157 Hierosolymam
1032 2083 1347 2139 invisurus.
1374 2082 1616 2137 Romam
1633 2078 1817 2151 petiit.

157 2180 288 2245 Qua
316 2182 520 2232 tamen
551 2175 609 2229 in
633 2173 775 2229 urbe
800 2172 1021 2228 mansit
1050 2188 1184 2226 cum
1204 2172 1379 2227 fratre
1409 2202 1478 2210 —
1508 2169 1566 2223 in
1589 2167 1818 2224 Christo

158 2270 228 2321 ut
266 2264 515 2338 quidam
562 2261 766 2317 volunt
792 2261 924 2333 ’(49)
956 2291 1025 2302 --
1052 2258 1377 2316 Gaudentio
1431 2256 1817 2313 monasticam

157 2357 345 2411 vitam
379 2350 575 2408 colens
604 2351 736 2421 (50).
770 2348 1010 2405 Bohemi
1038 2353 1271 2420 propter
1287 2344 1579 2402 Adalberti
1602 2343 1819 2400 disces-

162 2459 299 2500 sum
332 2441 396 2496 in
427 2438 651 2496 rabiem
681 2437 855 2502 versi,
918 2436 974 2491 in
1008 2437 1268 2509 quinque
1324 2436 1531 2490 fratres
1579 2433 1729 2504 ejus,
1762 2435 1818 2487 et

160 2527 472 2603 germanis
496 2530 554 2582 et
581 2524 782 2581 latinis
813 2524 1089 2592 faventes,
1123 2538 1425 2596 genusque
1456 2526 1511 2577 et
1543 2520 1817 2593 patriam,

160 2617 352 2673 Lubic
384 2614 692 2687 oppidum,
726 2629 788 2669 se
833 2617 1087 2677 vertunt,
1144 2611 1361 2668 incolas
1414 2610 1731 2675 trucidant,
1765 2612 1822 2662 et

162 2705 457 2779 oppidum
486 2706 738 2760 exurunt
766 2702 897 2773 (51).
934 2702 1190 2756 Instante
1238 2699 1580 2772 Moguntino
1630 2696 1822 2752 archi-

164 2794 468 2868 episcopo,
496 2792 668 2863 cujus
690 2791 1096 2862 suffraganeus
1117 2792 1257 2844 tunc
1275 2792 1398 2843 erat
1414 2786 1745 2859 Pragensis,
1766 2790 1822 2840 et

166 2885 448 2939 monente
472 2879 751 2935 Pontiﬁce
772 2877 1048 2943 maximo,
1083 2877 1327 2950 Pragam
1341 2891 1477 2931 cum
1496 2872 1820 2931 Gaudentio

162 2975 224 3027 et
254 2969 390 3025 aliis
417 2967 559 3023 viris
593 2966 706 3040 piis
737 2982 892 3022 anno
970 2966 1040 3020 94
1085 2966 1440 3031 revertitur;
1474 2964 1571 3018 sed
1605 2962 1820 3017 iterum

164 3059 369 3116 sedem
397 3056 680 3129 relinquit
707 3059 764 3111 et
782 3054 1137 3127 Hungariam
1169 3053 1333 3126 petit,
1351 3052 1594 3108 verbum
1621 3051 1719 3106 Dei
1741 3049 1820 3121 (id

161 3150 258 3205 est
284 3143 761 3215 ritumlatinum)
777 3142 858 3197 ibi
874 3147 1272 3215 promoturus.
1293 3143 1457 3196 Anno
1488 3139 1817 3212 insequenti

2000 1898 2131 1953 CAP.
2165 1896 2312 1951 XIII.
2345 1926 2413 1935 ——-
2443 1894 2739 1952 Chrobalia
2769 1912 2803 1950 ιι
2832 1897 3107 1952 Bolizlavo
3134 1899 3158 1953 ι
3186 1898 3441 1953 subacta.

1998 1985 2284 2041 Bolizlavo
2345 1984 2463 2050 Pio,
2525 1984 2913 2041 Bohemorum
2947 1986 3113 2053 duce,
3166 1991 3398 2043 mortuo
3429 2004 3580 2045 anno

1925 2076 2054 2142 990,
2088 2074 2245 2130 ﬁlius
2276 2073 2623 2139 Bolizlavus,
2658 2073 3002 2145 cognomine
3033 2076 3241 2143 Rufus,
3275 2077 3578 2133 consobri-

1930 2182 2045 2220 nus
2102 2165 2213 2233 (59)
2265 2163 2451 2218 nostri
2528 2161 2794 2218 Bolizlavi
2871 2163 3127 2219 Polonici
3188 2165 3238 2219 ei
3299 2166 3577 2223 succedit.

1929 2251 2254 2309 Bolizlavus
2285 2256 2481 2306 noster
2509 2255 2783 2306 maternas
2814 2252 3010 2307 forsan
3077 2253 3135 2307 in
3171 2270 3348 2326 regno
3395 2254 3579 2312 Bohe-

1928 2342 2079 2397 mico
2110 2340 2465 2396 haereditatis
2486 2340 2844 2396 vindicandae
2869 2358 3046 2396 causa
3074 2346 3129 2397 et
3159 2347 3438 2413 capturus
3457 2344 3580 2399 fru-

1928 2436 2087 2487 ctum
2122 2428 2363 2485 seminis
2394 2445 2424 2484 a
2444 2429 2656 2484 Sancto
2681 2429 2992 2485 Adalberto
3015 2429 3091 2485 ibi
3108 2430 3319 2502 sparsi,
3353 2432 3579 2489 invadit

1931 2518 2325 2586 Chrobatiam,
2359 2517 2513 2590 capit
2568 2517 2899 2573 Cracoviam
2957 2520 3213 2591 regionis
3262 2525 3480 2592 caput;
3515 2522 3575 2576 in

1930 2611 2275 2681 potestatem
2307 2624 2475 2661 suam
2499 2606 2707 2678 redigit
2731 2606 2948 2662 Silesize
2983 2608 3299 2664 maximam
3324 2615 3575 2682 partem,

1929 2697 2270 2761 Moraviam,
2302 2696 2552 2768 denique
2582 2694 2958 2766 Slowakiam.
2995 2698 3329 2754 Cracoviam
3355 2716 3564 2756 novam

1929 2784 2094 2857 regni
2119 2785 2317 2840 sedem
2354 2786 2411 2839 in
2469 2784 2659 2840 medio
2694 2783 2900 2840 ﬁnium
2961 2786 3390 2844 constituturus
3443 2805 3579 2845 sua-

1930 2891 2063 2929 rum
2097 2875 2231 2945 (60).

2003 2964 2179 3018 Fama
2208 2961 2559 3018 Polonorum
2586 2962 2867 3036 principis
2910 2980 3045 3019 mox
3090 2967 3273 3021 totam
3320 2966 3585 3039 pervolat

1929 3056 2167 3107 terram.
2199 3053 2339 3123 Ejus
2371 3052 2715 3108 affinitatem
2743 3051 2980 3109 maximi
3016 3058 3155 3109 tunc
3189 3057 3469 3128 temporis
3493 3073 3585 3129 pe-

1938 3145 2071 3196 tunt
2103 3157 2287 3214 reges.
2320 3141 2587 3196 Sororem
2615 3140 2902 3213 Sigridam
2930 3141 2989 3195 in
3020 3143 3463 3200 matrimonium
3485 3145 3589 3201 dat

162 3236 229 3292 in
261 3234 567 3291 Poloniam
627 3247 822 3288 meare
872 3248 936 3287 se
986 3230 1240 3302 accingit
1269 3231 1341 3285 ad
1394 3228 1748 3285 Bolizlavum
1783 3228 1825 3292 I,
1858 3206 1901 3274 Ο
1942 3230 2153 3297 Sueno,
2187 3231 2479 3285 Danorum
2513 3230 2653 3301 regi,
2686 3228 2785 3301 qui
2818 3229 3179 3287 Britanniam
3210 3232 3383 3303 cepit,
3415 3238 3472 3288 et
3493 3234 3583 3289 cui

164 3324 329 3398 apud
357 3322 675 3395 quemjam
707 3320 995 3393 alius,qui
1014 3323 1337 3392 supererat,
1362 3318 1541 3373 frater
1564 3318 1833 3390 degebat;

167 3428 393 3486 magno
425 3411 646 3467 honore
676 3410 918 3466 affectus
946 3409 1081 3481 (52),
1115 3412 1174 3464 et
1203 3407 1488 3463 Cracovize
1533 3405 1829 3479 aliquam-

177 3502 283 3558 diu
316 3504 607 3566 moratus,
638 3498 840 3571 lingua
863 3496 1195 3564 Bohemica,
1219 3513 1398 3567 quam
1430 3494 1654 3563 Incolae,
1681 3496 1832 3566 ejus-

172 3592 314 3648 dem
345 3588 661 3662 originiset
688 3586 1100 3643 Bohemistum
1115 3584 1356 3651 subditi,
1376 3584 1518 3640 satis
1550 3582 1831 3656 intellige-

171 3680 341 3744 bant,
371 3677 619 3733 verbum
635 3676 756 3741 Dei,
791 3676 849 3730 id
879 3673 1279 3746 estliturgiam
1292 3673 1559 3739 latinam,
1583 3673 1831 3729 docebat

167 3766 507 3826 etofficium
528 3764 877 3821 exsolvebat.
894 3763 1115 3820 Dehinc
1133 3762 1529 3820 Gnesneniam
1554 3778 1824 3836 pergens,

170 3857 256 3913 ibi
287 3856 531 3913 fratrem
596 3852 833 3925 reliquit
878 3852 1296 3917 Gaudentium,
1338 3856 1404 3907 ut
1451 3852 1691 3923 quidam
1723 3868 1827 3906 vo-

169 3945 307 4002 lunt
325 3944 442 4017 (53)
466 3961 481 3999 :
505 3942 604 3999 alii
627 3942 784 3998 enim
802 3941 1199 3998 Gaudentium
1217 3939 1448 3995 ﬁdelem
1467 3940 1527 3995 in
1550 3940 1826 3997 omnibus
1842 3998 1849 4001 ,

169 4034 351 4091 rebus
374 4031 602 4088 socium
632 4030 814 4086 fuisse
841 4030 901 4086 S.
932 4028 1228 4086 Adalberti
1260 4028 1502 4084 tradunt
1530 4029 1662 4100 (54).

240 4120 520 4179 Porussis
533 4136 729 4176 veram
753 4120 927 4174 ﬁdem
951 4117 1395 4191 praedicaturus,
1422 4134 1565 4172 nave
1591 4135 1625 4172 a
1646 4117 1826 4173 Boliz-

166 4211 301 4268 lavo
326 4211 582 4266 donatus
613 4212 669 4265 et
696 4208 766 4262 30
795 4206 1081 4263 militibus
1113 4205 1385 4278 stipatus,
1420 4206 1678 4277 primum
1721 4224 1823 4262 ur-

163 4301 304 4357 bem
336 4297 594 4355 Gedanie
623 4296 879 4369 (Danzig)
892 4295 1115 4369 petivit,
1146 4294 1245 4351 ubi
1269 4311 1520 4367 magnus
1543 4312 1825 4352 numerus

165 4389 563 4446 barbarorum
593 4403 760 4443 sacra
787 4384 1160 4458 baptismatis
1190 4384 1351 4439 unda
1380 4384 1454 4439 ab
1481 4400 1548 4439 eo
1597 4382 1823 4441 levatus

1940 3319 2144 3392 genuit
2173 3317 2384 3385 ﬁlium,
2415 3321 2702 3373 Canutum
2734 3317 3033 3389 Magnum,
3084 3323 3398 3389 Danorum,
3440 3322 3583 3377 Nor-

1941 3424 2249 3463 manorum
2279 3411 2337 3462 et
2361 3406 2875 3480 Anglo-Saxonum
2907 3423 3100 3479 regem
3134 3408 3264 3479 (61).

2014 3495 2153 3552 Filia
2184 3495 2471 3563 Bolizlavi,
2533 3496 2704 3567 cujus
2752 3512 2966 3551 nomen
3019 3513 3136 3552 non
3197 3504 3579 3567 memoratur,

1939 3584 2108 3640 nubit
2138 3583 2520 3657 Suatopluko,
2543 3584 2807 3657 privigno
2822 3584 3151 3640 Wladimiri
3184 3587 3400 3660 Magni,
3425 3591 3581 3663 regis

1938 3674 2260 3730 Russorum
2293 3673 2627 3747 nuperrime
2650 3672 2823 3746 primi
2846 3675 3318 3732 Normannorum
3350 3676 3409 3732 in
3435 3678 3578 3734 Rus-

1938 3763 2025 3819 sia
2054 3763 2125 3819 ad
2159 3763 2332 3819 finem
2364 3762 2756 3819 Christianam
2789 3763 2904 3818 ritu
2935 3763 3129 3819 Graeco
3160 3766 3419 3822 conversi
3441 3768 3575 3839 (62).

1937 3872 2064 3927 CAP.
2126 3870 2267 3925 XIV.
2309 3901 2378 3910 -—
2411 3871 2528 3946 Olto
2585 3871 2664 3946 III
2719 3869 3018 3946 Gnesenom
3072 3873 3239 3927 venit.
3299 3873 3577 3946 Archaepi-

2326 3943 2472 4013 scopi
2498 3946 2548 3997 et
2577 3943 2813 4014 episcopi
2840 3942 3188 3998 ordinantur.

2006 4031 2135 4085 Otto
2169 4030 2243 4086 IIl
2277 4032 2597 4103 Imperator
2631 4035 3055 4105 eatempestate
3078 4032 3136 4087 in
3156 4032 3322 4089 Italia
3338 4035 3578 4108 degens,

1936 4119 2183 4175 miratus
2215 4124 2439 4175 tantam
2471 4124 2529 4175 et
2558 4120 2754 4176 Sancti
2789 4120 3083 4176 Adalberti
3114 4126 3169 4177 et
3196 4122 3465 4179 Bolizlavi
3497 4124 3581 4182 fa-

1934 4224 2093 4263 mam
2151 4207 2537 4281 gloriamque,
2614 4208 2933 4280 cupiditate
3008 4209 3215 4283 ﬂagrat
3266 4211 3355 4268 vel
3407 4213 3580 4269 Adal-

1934 4296 2081 4352 berti
2133 4298 2267 4368 (63),
2317 4296 2404 4351 vel
2465 4295 2732 4352 Bolizlavi
2790 4298 2903 4368 (64)
2955 4297 3040 4353 vel
3078 4299 3383 4371 utriusque
3432 4300 3578 4356 invi-

1932 4384 2099 4441 sendi
2130 4386 2261 4456 (65).

165 4483 281 4536 est.
313 4476 559 4544 Deinde,
588 4476 791 4532 eadem
822 4474 1060 4547 quidem
1094 4490 1237 4529 nave
1265 4473 1367 4529 sed
1400 4470 1601 4529 relicto
1624 4474 1821 4545 praesi-
1853 4468 1900 4533 D
2000 4472 2119 4527 Sub
2151 4472 2325 4527 finem
2358 4472 2498 4527 anni
2526 4472 2633 4526 999
2665 4473 2848 4529 Roma
2878 4473 3170 4545 profectus
3219 4475 3333 4547 (66)
3382 4478 3580 4536 media

266 4592 363 4729 ἒξ)
395 4589 862 4718 eis-229.10%?-

462 4680 481 4717 l
528 4704 541 4717 .
672 4704 684 4717 .
832 4703 843 4715 .

266 4661 362 4719 48)
396 4662 541 4718 Ibid.
575 4661 684 4717 col.
720 4662 843 4717 106.

265 4734 359 4803 49)
394 4733 522 4803 Vogt
548 4732 756 4789 Gesch.
783 4733 1123 4788 Preussens.

238 4804 361 4873 (50)
389 4805 621 4873 Dlugosz
648 4804 756 4860 col.
793 4804 915 4858 110.

262 4874 358 4943 51)
390 4874 537 4931 lbid.
569 4874 679 4931 col.
716 4874 838 4930 113.
873 4890 962 4944 sq.

262 4949 362 5012 52)
388 4945 536 5001 Ibid.
568 4944 678 5002 col.
715 4945 839 5000 113.
874 4961 964 5015 sq.

262 5018 359 5086 53)
391 5018 508 5073 Vita
537 5017 594 5073 S.
626 5016 907 5088 Adalberti
926 5014 995 5069 in
1026 5016 1147 5088 Act».
1182 5014 1444 5088 Sanctor.
1588 5016 1724 5086 Apr.
1759 5034 1813 5088 p.

164 5084 296 5146 18'“).
328 5084 399 5129 4
428 5089 665 5158 Dlugosz
695 5086 804 5143 col.
837 5087 962 5158 118.
996 5091 1013 5156 (
1042 5086 1142 5158 qui
1174 5085 1301 5155 jam
1349 5084 1727 5158 Adalbertum
1759 5084 1819 5143 et

162 5156 565 5218 Gaudentium
597 5156 1075 5229 archiepiscopos'
1097 5161 1465 5212 Gnesnenses
1490 5156 1670 5227 facit).

238 5232 356 5287 (54)
391 5230 575 5287 Voatl.
608 5233 647 5285 t.

426 5247 517 5286 σαι
536 5247 575 5285 Ι.

238 5232 356 5304 (54)
391 5232 575 5299 Vogtl.
608 5233 647 5285 t.

236 5302 353 5372 (55)
384 5302 603 5374 qupell.
638 5299 678 5355 I.
712 5316 761 5374 ρ.
790 5300 1004 5374 p.108.
1041 5296 1398 5374 Dlugosz‘eol.
1436 5296 1555 5352 119.
1581 5313 1667 5374 sq.

239 5368 356 5445 (56)
383 5368 617 5444 Dldgosz
642 5371 753 5445 _col.
787 5368 1068 5445 i25._seq.
1104 5369 1329 5445 prgll.
1372 5384 1573 5445 aurum
1614 5368 1812 5445 habet,

159 5439 365 5500 nescio
394 5459 464 5499 ex
489 5439 609 5515 quo
639 5441 766 5498 loco
794 5439 1076 5497 effoderit.
1108 5472 1176 5482 —
1202 5439 1405 5495 Chron.
1456 5439 1619 5495 Saxo.
1653 5441 1725 5497 ad
1757 5458 1811 5497 a.

163 5516 314 5571 996:
354 5536 381 5565 ‹‹
408 5515 558 5569 duce
587 5518 835 5569 emente.
872 5534 899 5563 »

299 5532 314 5570 ἶ
354 5536 381 5565 (ί
408 5529 558 5569 αυοθ
587 5529 835 5569 emente.
872 5534 899 5563 )›

258 5586 353 5656 57)
384 5586 622 5656 Dlugosz.
642 5583 756 5656 col.
780 5585 903 5640 128.
937 5600 1024 5656 sq.

260 5654 355 5712 58)
385 5654 536 5712 Ibid.
569 5654 679 5712 col.
721 5657 841 5711 127.

258 5721 355 5801 59)
384 5726 712 5785 Adelboldu:
766 5744 824 5799 p.
851 5728 976 5785 440.
1012 5724 1113 5800 qui
1150 5746 1188 5797 ,α
1216 5738 1381 5799 nepos
1412 5744 1442 5775 ››
1492 5721 1689 5793 habet,
1722 5741 1809 5793 eo,

1923 5302 2147 5372 prell.
2183 5300 2224 5355 l.

1929 4592 1996 4643 ut
2008 4587 2296 4653 videntur,
2315 4603 2513 4654 sensu,
2534 4603 2648 4658 quo
2663 4591 2929 4643 nostrum
2951 4604 3161 4643 «noveu
3178 4610 3205 4638 ››
3237 4593 3293 4645 et
3321 4610 3349 4640 ‹‹
3366 4592 3522 4648 niéce
3545 4616 3575 4643 »

1928 4658 2214 4731 latinitate
2245 4658 2422 4731 medii
2449 4658 2552 4731 aevi
2566 4664 2815 4731 neposet
2844 4661 3021 4731 neptis
3049 4659 3411 4716 dicebantur.
3426 4662 3573 4720 Nam

1929 4728 2229 4786 Boleslnus
2258 4729 2457 4810 Saevus
2472 4728 2960 4855 (fratricidagfrat
2991 4731 3300 4802 utriusque
3323 4731 3573 4791 Boleslai

1929 4818 2110 4855 avus:
2144 4800 2335 4855 Polom
2373 4817 2473 4855 ner
2505 4805 2751 4855 matrem
2850 4802 3276 4855 ambrowkam.
3327 4802 3568 4855 Bohemi

1928 4818 2110 4868 avus;
2144 4800 2335 4856 Poloni
2372 4817 2473 4871 per
2495 4805 2751 4871 matrem
2799 4800 3276 4869 Dambrowkain,
3327 4802 3571 4862 Bohemi

1928 4889 2032 4946 per
2062 4877 2285 4946 patrem
2317 4870 2648 4946 Beleslaum
2677 4872 2986 4946 Pudicum.

2004 4890 2032 4927 r
2103 4889 2285 4927 atrem
2317 4889 2648 4926 immensum
2677 4889 2986 4927 rudicum.

2000 4889 2111 5015 (68)
2139 4941 2453 5020 ﬁadlubeck
2499 4942 2541 4997 Ι.
2594 4944 2772 5020 p._99.
2826 4974 2901 5020 —_
2925 4944 3121 5020 Chron.
3172 4946 3363 5020 Polon.
3409 4945 3571 5020 (1.771.)

1928 5016 1970 5072 I.
2005 5016 2181 5143 5(150.
2210 5045 2279 5055 —
2306 5016 2527 5070 Cosmus
2554 5029 2609 5085 p.
2641 5014 2731 5069 66.
2765 5046 2833 5053 —
2863 5015 3076 5071 Dobner
3122 5016 3194 5071 ad
3227 5020 3437 5090 Hagec.
3473 5014 3567 5075 1V.

1933 5105 1987 5143 ο,
2137 5129 2148 5140 .

1929 5105 2148 5230 ξ’(ῗόῗῗο
2174 5159 2281 5230 Vel.
2308 5155 2504 5230 (Schol.
2531 5154 2763 5230 AAdami
2820 5157 3010 5211 Brem.
3071 5161 3161 5212 22.
3199 5188 3260 5199 —
3297 5158 3570 5214 Thietmar

1926 5228 1965 5284 l.
2002 5227 2145 5285 VIII.
2178 5228 2488 5284 Dahlmann
2519 5227 2723 5283 Gesch.
2760 5245 2811 5283 v.
2836 5233 3071 5283 Danem.
3107 5229 3148 5285 Ι.
3178 5230 3236 5285 S.
3264 5231 3335 5283 89
3355 5235 3413 5286 et
3450 5232 3565 5284 100.

2016 5302 2147 5372 rpell.
2183 5300 2224 5355 l.
2260 5317 2315 5371 p.
2346 5299 2467 5355 110.

2016 5373 2107 5443 62)
2142 5372 2329 5427 Gallus
2358 5376 2465 5427 etc.
2501 5370 2768 5425 Thietmar
2798 5387 2853 5442 p.
2882 5370 3007 5425 239.
3042 5373 3166 5427 241.
3199 5372 3323 5443 265.

2016 5374 2107 5443 62)
2142 5374 2329 5427 Gallus
2358 5376 2465 5427 etc.
2501 5374 2768 5425 Thietmar
2798 5387 2853 5442 p.
2882 5374 3007 5425 239.
3042 5374 3166 5427 241.
3199 5374 3323 5426 265.

1996 5374 2467 5524 Boggchwal
2496 5442 2964 5524 (Spmmersburg
2993 5459 3107 5497 scr.
3143 5459 3253 5498 rer.
3287 5440 3455 5498 Siles.
3493 5442 3562 5496 II.

1921 5530 1980 5585 p.
2011 5514 2127 5584 25.)
2160 5513 2515 5585 etGermani
2551 5514 2755 5569 fontes.

2015 5586 2083 5638 64

2013 5657 2084 5711 65

2013 5727 2084 5783 66

2138 5583 2342 5658 Ijoloni
2375 5585 2612 5658 quidam
2645 5586 2979 5658 scriptorcs.

2137 5653 2415 5732 Qallusp;
2446 5657 2535 5711 38.
2567 5653 2841 5732 Keglluoek
2891 5658 2932 5714 l.
2968 5675 3024 5732 p.
3057 5658 3147 5730 93,
3200 5658 3431 5730 Dlugosz.
3454 5658 3561 5712 etc.

2139 5727 2361 5800 prell.
2391 5728 2438 5784 Ι.
2470 5743 2528 5799 p.
2570 5729 2689 5784 110.

1993 5584 2011 5799 ἓ

2085 5585 2106 5801 ξ
