3900 6224
180 349 341 414 437³1

1442 351 1507 414 s.
1555 345 2004 444 MATHILDIS
2030 345 2349 419 ausim.

3446 344 3604 423 δεήθ

181 485 304 541 haec
331 484 394 540 in
425 483 690 541 oratione
730 481 1039 541 Dominica
1095 497 1371 557 magnam
1431 485 1843 559 antiquitatem
1873 488 1928 556 Α
1957 486 2221 558 Salomo;
2251 492 2309 544 et
2324 505 2538 562 passus
2557 511 2586 540 ‹‹
2609 489 2735 547 Non
2751 489 3602 566 habemusﬁegemnisiCasa-

181 572 340 630 olere
359 572 692 641 videantur,
715 577 913 630 tamen
937 572 1283 630 facillimum
1299 573 1426 644 erit,
1443 575 1844 632 demonstrare

179 663 425 719 eosdem
458 679 574 719 non
606 679 840 735 semper
867 661 1077 720 iisdem
1106 679 1244 720 usos
1269 678 1397 719 esse
1421 663 1628 720 titulis.

251 751 437 807 Rnssi
469 768 612 808 sane
640 751 834 808 Czaris
867 751 1104 808 nomine
1134 750 1226 807 usi
1259 756 1425 808 sunt:
1461 751 1605 809 falso
1644 756 1844 809 tamen

177 839 333 897 illud
354 859 389 896 a
408 840 633 898 Cassare
657 839 945 914 originem
967 839 1221 910 trahere,
1241 845 1298 897 et
1318 839 1706 898 Wladimirus
1720 842 1846 899 Mo-

179 929 517 987 nomachus
534 931 606 986 ab
627 930 975 1003 imperatore
991 928 1636 1004 Constantinopolitano
1685 947 1846 987 acce-

180 1019 347 1092 pisse
368 1036 505 1076 eum
523 1019 806 1076 honorem
829 1036 864 1076 a
883 1019 1240 1092 quibusdam
1265 1017 1662 1094 dicitur(352).
1689 1019 1847 1077 Wlo-

179 1109 457 1166 domirus
487 1109 736 1184 Magnus
787 1126 1019 1183 quoque
1077 1126 1193 1165 non
1249 1108 1445 1166 Czaris
1505 1126 1718 1166 nomen
1774 1109 1849 1166 ab

179 1197 402 1256 iisdem
419 1198 664 1272 accepit,
689 1202 756 1254 ut
777 1197 1018 1272 quidam
1031 1196 1236 1253 volunt
1279 1199 1450 1271 (353),
1468 1199 1570 1255 sed
1588 1207 1848 1262 Βσαιλέως.

183 1285 493 1344 Johannes
523 1286 601 1342 III
623 1285 1045 1356 Basiliewitch,
1069 1287 1170 1359 qui
1193 1286 1520 1344 libertatem
1537 1287 1853 1344 vindicavit

189 1375 306 1433 sibi
337 1380 396 1432 et
426 1375 657 1444 Russis,
695 1392 757 1430 se
787 1391 1068 1448 magnum
1101 1375 1312 1432 ducem
1335 1375 1660 1432 nominavit
1679 1377 1848 1450 (354).

189 1464 378 1522 Filius
411 1469 611 1521 autem
643 1464 773 1536 ejus
803 1463 1056 1521 Basilius
1096 1463 1294 1521 Czaris
1352 1481 1564 1523 nomen
1623 1481 1856 1538 semper

190 1555 314 1610 fere
341 1553 456 1609 sibi
477 1553 710 1620 indidit,
735 1557 801 1610 ut
820 1553 1068 1609 dubium
1087 1554 1185 1621 sit,
1205 1558 1403 1610 utrum
1428 1554 1543 1610 tale
1564 1554 1705 1626 quid
1717 1554 1846 1626 jam

190 1648 371 1699 antea
399 1643 619 1699 factum
649 1643 746 1710 sit,
779 1659 853 1698 an
883 1660 917 1699 a
946 1641 1188 1699 devictis
1219 1643 1448 1699 Tataris
1479 1647 1533 1698 et
1574 1644 1631 1700 in
1683 1661 1850 1701 suam

192 1731 482 1788 ditionem
512 1730 786 1798 redactis,
811 1732 965 1803 apud
997 1748 1145 1804 quos
1177 1732 1364 1787 Csaris
1396 1749 1608 1788 nomen
1641 1733 1699 1788 in
1741 1750 1852 1788 usu

192 1825 343 1892 erat,
379 1824 752 1893 assumptum
784 1820 864 1877 sit
893 1837 1125 1878 nomen.
1158 1821 1482 1894 Imperator
1510 1819 1854 1877 Maximilia-
1884 1859 1930 1923 Β

196 1927 315 1966 nus
344 1909 419 1966 ob
451 1907 784 1966 simultates
815 1909 967 1966 inter
995 1926 1058 1966 se
1085 1914 1142 1966 et
1181 1909 1450 1977 Polonos,
1509 1913 1574 1965 ut
1632 1910 1854 1967 Russos

193 1996 423 2055 amicos
450 1996 541 2053 vel
572 1997 763 2054 socios
794 1997 1055 2067 haberet,
1099 2015 1210 2053 non
1273 2003 1584 2056 cunctatus
1635 2004 1744 2072 est,
1799 2004 1856 2056 et

195 2086 386 2144 latino
419 2085 649 2143 Cesaris
674 2085 848 2142 titulo
879 2085 1164 2142 Basilium
1194 2085 1523 2155 honoravit,
1552 2105 1766 2156 errore,
1793 2092 1857 2144 ut

197 2177 458 2244 videtur,
498 2191 701 2231 eorum
751 2174 1101 2248 populorum
1153 2175 1615 2245 Slavonicorum,
1663 2177 1856 2234 Czaris

198 2281 419 2322 nomen
451 2268 552 2320 aut
580 2264 917 2335 abjecerant
935 2267 1038 2319 aut
1061 2264 1433 2337 ignorabant,
1457 2270 1510 2320 et
1532 2282 1696 2338 reges
1718 2283 1856 2322 suos

202 2353 360 2421 Krol,
396 2351 532 2410 Kral
561 2351 650 2409 vel
683 2351 841 2408 Krail
872 2356 1013 2408 tunc
1041 2356 1195 2409 certe
1244 2353 1634 2409 nominabant
1686 2355 1855 2426 (355).

201 2443 265 2498 In
288 2456 629 2498 successore
648 2441 915 2512 ejusdem
936 2440 1204 2497 Johanne
1226 2439 1340 2509 IV.,
1357 2441 1702 2515 cognomine
1720 2445 1858 2501 Ter-

204 2529 385 2600 ribili,
411 2527 699 2602 jactantia
714 2529 982 2601 quaedam
1000 2528 1060 2584 in
1080 2530 1269 2585 titulis
1291 2530 1662 2588 assumendis
1686 2549 1862 2606 appa-

204 2624 314 2687 ret,
347 2622 526 2692 atque
558 2619 792 2676 Caesaris
822 2618 1260 2690 imperatorisve
1285 2636 1499 2676 nomen
1529 2625 1587 2676 et
1605 2621 1862 2694 insignia

205 2709 496 2765 affectata.
519 2707 968 2780 Quadruplicem
993 2711 1226 2764 Czarem
1242 2724 1302 2764 se
1321 2708 1469 2764 dixit
1488 2710 1859 2780 (Bassorum,

204 2797 441 2864 Casani,
473 2796 798 2865 Astracuni,
826 2796 1082 2867 Siberiae)
1107 2801 1163 2853 et
1185 2796 1492 2852 dominum
1514 2797 1863 2854 Karthalini-

205 2903 416 2944 eorum
444 2890 504 2942 et
532 2885 970 2942 Crusinicorum
1002 2885 1291 2954 Czarium,
1324 2889 1433 2945 etc.
1481 2887 1650 2958 (356).
1702 2888 1861 2945 Idem

201 2973 454 3047 imagini
485 2991 604 3031 sua:
626 2974 820 3047 pictai,
844 2974 1010 3030 editae
1026 2991 1180 3031 anno
1205 2975 1367 3044 1551,
1388 2991 1592 3032 versus
1608 2992 1858 3048 sequen-

202 3069 293 3122 tes
322 3061 571 3119 inscribi
592 3061 807 3135 jussit:

315 3152 615 3208 Bassorum
645 3153 760 3208 Rea:
786 3156 838 3207 et
866 3153 1128 3208 Dominus
1156 3168 1296 3220 sum,
1316 3153 1448 3225 jure
1470 3156 1690 3226 paterni

318 3241 655 3311 Sanguinis;
684 3241 912 3313 Imperii
939 3241 1126 3297 titulos
1156 3259 1189 3296 a
1218 3245 1435 3298 nemine
1449 3245 1648 3312 quavis

313 3329 584 3387 Mercatus
608 3345 768 3402 prece
798 3329 880 3386 vel
903 3331 1110 3402 pretio:
1144 3347 1244 3388 nec
1273 3331 1489 3400 legibus
1519 3332 1655 3387 ullis

320 3418 583 3477 Subditus
612 3420 860 3486 alterius,
893 3419 983 3476 sed
1016 3419 1226 3475 Christo
1255 3420 1509 3476 credulus
1537 3422 1639 3476 uni

231 3564 238 3570 .
320 3509 701 3566 Emendicatos
729 3510 860 3566 aliis
887 3525 1152 3581 aspernor
1179 3510 1406 3566 honores
1437 3509 1584 3583 (358)

279 3599 351 3655 In
373 3597 588 3654 saeculo
611 3598 878 3671 sequenti
899 3598 1074 3672 legati
1099 3597 1310 3672 Belgiae
1332 3598 1695 3667 Michaelem,
1720 3603 1871 3655 sato-

205 3691 624 3760 rem-augustze
654 3687 866 3744 domus
888 3687 1214 3760 Imperialis
1241 3687 1556 3754 hodiernae,
1602 3689 1870 3760 quadru-

203 3775 424 3849 plicem
452 3781 672 3850 Keyser
699 3776 1162 3850 (Imperatorem)
1190 3777 1452 3834 fecerunt
1483 3778 1652 3850 (357).

277 3863 432 3922 Illud
462 3880 598 3922 vero
629 3883 841 3922 nomen
874 3883 989 3922 non
1023 3867 1348 3923 Russorum
1380 3865 1552 3922 modo
1574 3870 1678 3922 aut
1695 3868 1866 3924 Tata-

201 3971 432 4010 rorum.
471 3972 658 4029 neque
673 3955 847 4011 medii
867 3955 967 4011 aevi
984 3959 1238 4025 tantum,
1257 3955 1358 4012 sed
1377 3954 1861 4027 antiquissimum

199 4045 260 4099 in
300 4044 536 4100 Oriente
568 4061 816 4118 regnum
866 4061 1079 4102 nomen
1095 4043 1860 4101 fuissefaciledemonstrari

199 4132 690 4207 potest.0ccurrit
705 4133 862 4190 enim
886 4133 946 4189 in
967 4131 1303 4190 nominibus
1323 4133 1666 4190 Nebukatne
1698 4134 1860 4200 Czar,

193 4221 694 4295 Nabopala-Czar,
730 4220 1269 4294 Tiglatphile-Czar,
1319 4219 1700 4278 Baltha-Czar
1745 4225 1854 4277 cet.

1956 593 2100 644 rem,
2136 600 2165 627 ››
2197 595 2300 650 per
2330 579 2468 635 Csar
2496 584 2556 636 et
2582 581 2776 637 Kessa-r
2833 580 3179 654 exprimitur
3229 582 3400 656 (360).
3435 582 3605 638 Extat

1954 670 2405 724 monumentum
2418 666 2790 726 Slavonicum
2806 669 2866 726 in
2877 669 3402 744 Kalbensteinberg
3419 686 3598 744 prepe

1953 755 2377 830 Weissenburg
2406 757 2748 832 (Nordgau),
2783 759 2938 832 quod
2962 759 3178 832 publici
3196 761 3352 832 juris
3372 760 3600 818 fecitM.

1953 843 2044 901 Jo.
2074 844 2231 901 Alex.
2266 845 2610 915 Doederlein,
2642 848 2848 904 tabula
2895 849 3163 920 quaedam
3212 849 3369 922 picta
3407 851 3604 907 Sancti

1957 933 2237 990 Pheodori
2260 935 2437 992 Ducis
2459 953 2592 992 cum
2615 936 3100 1010 inscriptionibus
3113 937 3435 996 Slavonicis
3452 937 3606 996 litte-

1957 1021 2038 1077 ris
2069 1023 2292 1096 Cyrilli;
2324 1024 2494 1096 cujus
2515 1025 2801 1098 originem
2832 1026 2958 1098 ipse
2990 1028 3298 1085 Ruseieam
3349 1044 3498 1096 esse,
3552 1033 3612 1085 et

1957 1127 2285 1185 anonymus
2305 1113 2365 1170 in
2385 1114 2630 1187 epistola
2649 1115 2852 1185 latina,
2875 1117 3140 1188 ejusdem
3162 1117 3448 1191 temporis
3477 1134 3608 1175 esse

1958 1199 2198 1271 eonjicit
2227 1217 2360 1257 eum
2394 1201 2717 1277 Menologio
2747 1205 2942 1262 Grzeoo
2972 1205 3054 1277 (id
3077 1211 3168 1263 est
3187 1207 3327 1265 anni
3348 1207 3470 1264 fere
3499 1209 3609 1264 984

1961 1305 2098 1357 non,
2133 1294 2198 1345 ut
2226 1289 2508 1347 Baronius
2536 1291 2816 1359 voluerat,
2849 1294 2991 1350 anni
3048 1297 3174 1364 885)
3231 1296 3401 1368 (364).
3465 1296 3608 1352 Mihi

1959 1393 2116 1446 vero,
2149 1382 2214 1434 ut
2243 1379 2511 1452 Baronio,
2571 1381 2781 1438 saeculo
2838 1401 2956 1440 uno
3010 1384 3314 1457 antiquius
3373 1385 3607 1442 videtur

1961 1466 2377 1541 Menologium.
2412 1469 2556 1526 Nam
2589 1470 2751 1527 nulla
2779 1472 2930 1530 inest
2959 1473 3369 1546 figurajunior
3426 1491 3608 1548 quam

1962 1556 2071 1612 Leo
2101 1556 2492 1630 philosophus
2518 1561 2764 1632 ejusque
2792 1579 2957 1619 uxor.
2987 1565 3147 1620 Idem
3180 1565 3252 1620 de
3281 1563 3481 1622 tabula
3499 1565 3610 1621 hae

1962 1662 2187 1702 censeo.
2224 1646 2435 1704 Milites
2461 1649 2722 1720 quidem,
2773 1652 2996 1723 quibus
3037 1653 3289 1724 stipatus
3337 1653 3612 1727 princeps

1962 1737 2071 1801 est,
2097 1733 2383 1790 simillimi
2408 1742 2547 1791 sunt.
2570 1738 2920 1797 Normannis
2945 1757 3113 1813 ,quos
3136 1740 3438 1797 Mathildis
3452 1741 3615 1799 Flau-

1961 1822 2123 1879 drica
2151 1823 2210 1879 in
2242 1827 2433 1896 tapete
2464 1827 2857 1884 Normannica
2877 1829 3281 1902 Bojocassensi
3307 1830 3612 1903 expressit.

1962 1911 2365 1969 Architectura
2397 1931 2629 1988 quoque
2661 1922 2749 1972 est
2772 1917 3089 1990 Byzantina
3110 1918 3301 1992 (arcus
3321 1918 3477 1976 enim
3500 1936 3616 1976 non

1964 2001 2334 2058 acuminatus
2364 2004 2532 2059 estin
2554 2005 2757 2078 portis)
2777 2013 2831 2062 et
2852 2008 3104 2064 turrium
3126 2011 3279 2065 tecta
3323 2008 3618 2066 Orientem

1965 2089 2123 2146 olent
2153 2091 2311 2162 (nam
2340 2096 2541 2148 ventre
2575 2110 2788 2166 magno
2841 2097 3139 2169 utrimque
3187 2113 3361 2152 arcus
3418 2096 3621 2154 leviter

1965 2178 2887 2255 acuminatusinfraextenditur),
2911 2185 3010 2253 ita,
3027 2190 3090 2240 ut
3105 2184 3618 2257 bucusqueomnia

1968 2267 2176 2324 Russis
2205 2270 2572 2340 conveniant,
2596 2271 2684 2326 vel
2709 2270 3013 2326 Slavonico
3046 2271 3281 2345 populo,
3335 2274 3437 2345 qui
3498 2291 3617 2330 non

1969 2356 2221 2413 multum
2253 2357 2483 2414 abesset
2499 2358 3060 2432 aConstantinopoli.
3086 2363 3157 2416 At
3183 2362 3369 2417 forma
3388 2356 3619 2418 radiata

1968 2463 2190 2502 coronae
2222 2447 2608 2518 imperatoriae
2639 2447 2781 2503 illud
2814 2449 3052 2504 omnino
3066 2453 3237 2505 vetat.
3267 2450 3481 2506 Notum
3505 2456 3616 2519 est,

1971 2535 2167 2592 nullas
2194 2539 2386 2592 extare
2415 2535 2838 2608 Impera-torum
2870 2536 3126 2594 Orientis
3183 2537 3494 2612 imagines,
3554 2539 3617 2596 in

1969 2624 2186 2696 quibus
2214 2639 2427 2680 corona
2456 2625 2683 2681 radiata
2711 2625 2807 2694 sit,
2822 2629 2972 2682 certe
2984 2625 3178 2682 nullas
3191 2627 3618 2700 postsaeculum

1971 2718 2249 2786 quartum
2279 2712 2782 2782 terte-christiana,
2815 2713 2928 2771 nisi
2946 2715 3004 2770 in
3028 2715 3263 2772 feminis
3285 2714 3618 2788 (362).Na'm

1971 2804 2167 2875 imago
2197 2801 2562 2859 Constantini
2588 2802 2727 2859 VI.a
2748 2802 2939 2860 Leone
2985 2820 3137 2876 papa
3179 2805 3372 2862 Romae
3415 2803 3566 2863 facta
3589 2817 3624 2862 a

1974 2909 2034 2948 re
2064 2890 2254 2948 aliena
2284 2897 2392 2948 est.
3616 2916 3618 2918 τ

2047 2981 2110 3036 In
2135 2981 2449 3037 Germania
2476 2985 2673 3038 tamen
2705 2981 2846 3039 talis
2867 2997 3080 3038 corona
3135 2981 3356 3039 occurit
3412 2981 3622 3039 saeculo

1974 3085 2150 3137 nono,
2181 3067 2408 3124 decimo
2437 3073 2494 3126 et
2524 3070 2864 3138 undecimo;
2884 3075 2942 3126 et
2961 3069 3266 3126 simillima
3287 3069 3634 3143 quidemest‘

1974 3174 2190 3214 corona
2219 3157 2462 3230 antiqua
2490 3159 2932 3231 imperatorum.
2966 3156 3362 3232 Norimbergts
3389 3173 3621 3217 conser-

1973 3251 2123 3314 vata,
2152 3263 2280 3319 quae
2310 3246 2497 3302 Caroli
2528 3247 2724 3319 Magni
2755 3264 2882 3303 esse
2925 3245 3158 3313 dicitur,
3217 3249 3318 3305 sed
3375 3247 3624 3304 Conradi

1977 3351 2187 3391 nomen
2222 3336 2420 3392 addito
2448 3335 2507 3390 in
2539 3335 2909 3392 semicirculo
2940 3336 3226 3407 superiori
3268 3335 3622 3408 inscript-um

1975 3425 2086 3480 fert
2115 3424 2284 3496 (363).
2313 3423 2473 3480 Talis
2502 3427 2594 3480 est
2620 3423 2880 3493 omnino,
2912 3427 3149 3495 excepto
3179 3423 3470 3497 superiori
3527 3441 3623 3480 se-

1974 3512 2298 3580 micirculo,
2331 3529 2450 3569 una
2477 3529 2701 3569 coronae
2733 3512 2942 3585 ﬁgura,
2975 3526 3152 3584 quam
3172 3511 3460 3584 expressit
3480 3513 3623 3568 Doe-

1973 3602 2193 3659 derlein
2227 3603 2404 3675 p.80,
2451 3617 2748 3674 quamque
2802 3602 3120 3674 imperator
3175 3599 3430 3657 Licinius
3489 3600 3617 3657 fert‘

1966 3693 2206 3764 jubens,
2236 3690 2416 3764 virgis
2446 3695 2505 3750 et
2525 3691 2784 3747 fustibus
2805 3691 2946 3746 caedi
2962 3689 3366 3758 Theodorum;
3392 3690 3450 3745 in
3467 3695 3620 3751 cete—

1975 3781 2054 3836 ris
2085 3797 2218 3838 vero
2248 3781 2514 3853 ejusdem
2571 3781 2780 3853 ﬁguris
2827 3779 3084 3853 vulgaris
3132 3779 3360 3836 radiata
3407 3791 3621 3838 corona

1974 3886 2220 3944 regnum
2250 3869 2338 3926 vel
2363 3871 2782 3944 imperatorum
2804 3869 3130 3926 Germanias
3149 3871 3614 3941 repraesentatur.

1967 3962 2224 4032 Apparet
2253 3959 2454 4032 igitur,
2487 3959 2652 4015 illam
2683 3957 2946 4015 tabulam
2976 3976 3010 4014 a
3040 3957 3252 4031 populo
3293 3956 3620 4024 Slavonico,

1970 4047 2300 4104 Germaniae
2329 4047 2692 4120 limitropho,
2725 4048 2941 4104 factam
2969 4064 3118 4104 esse.
3152 4045 3316 4111 Quod
3338 4046 3472 4102 siin
3498 4059 3621 4103 me-

1970 4136 2220 4192 moriam
2252 4153 2616 4208 revocamus,
2644 4142 2849 4209 gentes
2879 4135 3216 4194 Slavonicas
3237 4135 3490 4192 Sorabos
3518 4134 3621 4207 qui

1966 4241 2080 4280 non
2116 4224 2331 4281 diversi
2360 4229 2528 4283 erant
2553 4243 2587 4280 a
2604 4225 2822 4296 Serbis,
2842 4229 2951 4282 cet.
2976 4243 3074 4282 eas
3092 4226 3273 4298 ipsas,
3298 4224 3399 4280 ubi
3422 4223 3622 4281 tabula

199 4313 376 4385 (359).
403 4311 668 4367 Occurrit
697 4311 756 4366 in
801 4310 1068 4367 versione
1118 4309 1435 4367 bibliorum
1466 4309 1790 4379 Slavonica,
1823 4327 1857 4366 a
1963 4330 2119 4369 nunc
2132 4307 3265 4387 extat,regionesolimtenuisse(364);vel
3281 4311 3490 4369 saltem
3508 4329 3626 4369 ma-

199 4398 414 4457 multis
443 4398 815 4474 Hieronymo,
851 4400 922 4456 ab
953 4399 1087 4456 aliis
1115 4398 1505 4459 veresimilius
1535 4399 1594 4455 S.
1627 4399 1852 4456 Metho-

1958 4418 2141 4474 gnum
2156 4402 2419 4458 Moravia:
2434 4419 2678 4475 regnum
2693 4420 2808 4459 non
2823 4402 3077 4460 multum
3090 4399 3477 4469 abfuisse,ubi
3492 4417 3624 4456 san-

198 4489 321 4557 dio,
378 4487 683 4546 Slavorum
713 4489 794 4562 (in
839 4487 1097 4546 Moravia
1136 4492 1194 4544 et
1241 4488 1539 4560 Bohemia)
1585 4488 1849 4562 apostolo
1959 4495 2092 4547 ctus
2123 4490 2453 4547 Methodius
2474 4488 3595 4563 archiepiscopusWelehradi(Hradish

193 4577 440 4635 tributa.
474 4577 712 4651 Legitur
732 4577 793 4634 in
824 4578 934 4634 hac
961 4576 1227 4635 versione
1275 4577 1418 4634 Czar
1465 4576 1667 4644 David,
1713 4580 1855 4634 Csar
1883 4598 1930 4666 Β
1963 4579 2193 4645 sedens,
2227 4584 2452 4651 septem
2493 4578 2799 4652 episcopos
2845 4577 3176 4635 Slavonicos
3235 4574 3506 4633 subditos
3555 4574 3617 4633 in

196 4771 372 4830 reges
402 4755 535 4838 ιζναὶ
564 4756 865 4840 dicuntur.
895 4756 1132 4841 βριεᾳῂ
1146 4756 1231 4812 vel
1251 4757 1309 4813 in
1327 4756 1608 4831 Hispania
1623 4758 1857 4816 hodier-

197 4828 296 4884 na‘
309 4828 578 4900 reginam
603 4830 914 4885 nominant
933 4828 1107 4884 Kriili.
1433 4828 1453 4831 “

201 4900 424 4983 η’(352)
454 4899 786 4983 ρεηεαιρρία
814 4918 885 4958 ex
911 4899 1118 4956 Annal.
1153 4899 1328 4956 Russ.
1385 4901 1725 4974 composita,
1783 4919 1856 4977 ap

196 4969 437 5055 011.2139:
469 4969 742 5055 (ἔοιοαίεέ-
813 5042 866 5055 -.
1009 5043 1050 5055 ..
1201 5042 1217 5055 .
1353 5042 1366 5055 .
1709 4969 1765 5055 ζ..

270 5041 430 5168 (353)
460 5041 776 5116 Anonymus
804 5042 1154 5101 Florentinus
1184 5042 1254 5097 de
1290 5042 1410 5098 reb.
1467 5042 1858 5103 Moscoviticis

267 5184 420 5256 (354)
454 5185 593 5254 οιιο,
625 5185 665 5241 1.
698 5184 738 5241 1.
773 5185 944 5256 p.21.

275 5203 420 5256 (nos)
454 5203 593 5254 uua,
625 5203 665 5241 1.
699 5203 738 5241 1.
818 5229 826 5242 .

275 5256 430 5328 (.3551
464 5258 650 5328 Idem,
683 5203 826 5312 1mg.

274 5319 441 5462 (356;
461 5319 648 5385 Adam
681 5329 954 5394 Olearius,
987 5327 1106 5383 Iter
1133 5325 1383 5385 Moscov.
1403 5341 1460 5398 p.
1483 5325 1571 5380 25.

274 5399 403 5462 (357
482 5399 886 5462 Sigismundus,
948 5402 1262 5456 comment.
1324 5413 1434 5453 rer.
1503 5396 1571 5453 M1

272 5395 428 5525 (327)
482 5399 886 5472 Sigismundus,
948 5402 1262 5456 comment.
1324 5395 1434 5453 rer.
1503 5395 1863 5454 Moscovitic-

199 5487 425 5614 Ρῖἒὲὲ)
456 5542 681 5614 Aize-ma
713 5541 869 5599 1.10.
893 5557 960 5614 ρ.
1012 5540 1192 5614 1045.,
1232 5538 1392 5595 Alter
1446 5503 1684 5614 Bussen
1727 5540 1862 5614 Κεν-

259 5609 291 5667 ιί
536 5613 735 5684 Keyser
760 5618 848 5684 tot
875 5609 1390 5684 Casan,rAstrac_an_
1425 5611 1574 5666 ends
1605 5609 1856 5684 Sibrien.

272 5684 424 5761 (356)
453 5683 586 5743 Haec
611 5680 702 5741 est
733 5681 1102 5742 celeberrimi.
1148 5681 1409 5750 Strahiii,
1469 5680 1693 5740 autoris
1742 5681 1864 5740 hist

197 5629 256 5669 se

1965 4764 2310 4841 Russorum,
2327 4749 2728 4841 opinio,quam
2744 4773 2973 4814 mecum
2987 4753 3462 4822 communicavit,
3479 4767 3617 4811 cum

1967 4847 2100 4888 eum
2133 4830 2343 4886 Bonna:
2374 4830 2641 4886 viserem.

2039 4899 2186 5100 (361:;
2217 4901 2360 4965 Otto,
2417 4899 2457 4956 1.
2489 4899 2527 4955 1.
2562 4917 2618 4972 p.
2650 4901 2724 4954 25
2871 4972 2881 4982 '
3196 4968 3208 4980 ο
3540 4966 3552 4978 ,

2062 4973 2155 5028 361
2219 4972 2297 5028 Μ.
2327 4973 2416 5028 Jo.
2450 4971 2940 5027 Alex.Dwderlem.
2981 4968 3322 5035 Slavomsch
3379 4968 3552 5024 Rusm

2043 5041 2106 5100 es
2188 5044 2493 5100 eiligthum
2527 5043 2733 5098 mitten
2765 5042 2824 5097 in
2862 5041 3275 5100 Deutschland.
3308 5040 3547 5097 Nurnbe

2062 4968 2186 5035 36l)
2219 4972 2297 5028 M.
2327 4973 2416 5028 Jo.
2450 4968 2940 5027 Aletiderlein.
2981 4968 3322 5035 Slavonisch
3379 4968 3617 5024 Russiso

1969 5041 2106 5102 cbes
2138 5040 2493 5117 Heiligthum
2527 5043 2733 5098 mitten
2765 5042 2824 5097 in
2862 5041 3275 5100 Deutschland.
3308 5040 3620 5111 Nurnberg

1976 5119 2440 5261 l7(2To‘5621l'Ultimm
2468 5202 2682 5261 90mm
2711 5185 2943 5261 radiate
2969 5185 3033 5261 in,
3057 5184 3200 5261 viris
3220 5187 3311 5261 est
3336 5184 3618 5261 βρτιεμω·

1969 5251 2078 5333 tini
2104 5251 2185 5316 IL,
2209 5277 2302 5333 ap.
2327 5258 2769 5333 Bandurium,v.
2790 5257 2997 5333 Mailiot
3015 5260 3099 5326 (et
3118 5255 3354 5333 Martia)
3375 5251 3620 5333 Becher-

1863 5334 1872 5340 ”
1969 5331 2108 5387 ches
2141 5321 2657 5387 sur‘lescostumes
2685 5321 2789 5385 des
2841 5321 3082 5386 ancions
3127 5321 3395 5400 peuples,
3447 5321 3610 5379 Paris

1969 5400 2947 5476 180,5,49.Avol.1.p1.LV.No.t.
3087 5470 3179 5476 __
3323 5467 3335 5476 _
3428 5464 3466 5476 _,

2043 5473 2380 5546 (363)0-uam
2411 5464 2686 5530 coronam
2719 5489 3060 5546 eXpressam
3087 5470 3270 5546 hab_es
3320 5467 3406 5546 in_
3428 5464 3582 5546 libro
3603 5478 3616 5517 :

1977 5537 2636 5615 WalttdéundKroenungs
2665 5537 2922 5602 Diar‘iu-m
2952 5545 3153 5603 Kaiser
3183 5537 3612 5599 FransI.Frcit.

1966 5613 2130 5670 4746.
2167 5614 2264 5670 fol.

2047 5686 2198 5758 (364)
2229 5685 2669 5760 SprunerAtlas
2702 5703 2798 5765 ne.
2833 5688 2925 5751 42.
