3900 6224
299 328 455 394 4379
1575 326 1918 397 APPEND.
1959 321 2062 393 AD
2108 315 2312 394 sate.”
2345 329 2423 394 x.
3565 295 3734 394 isse

291 464 534 521 ecclesia
566 463 746 520 mixta
772 460 1025 520 habebat
1052 477 1168 519 non
1223 465 1441 520 temere
1497 480 1622 518 eam
1674 463 1936 520 tabulam
1969 466 2022 531 Α
2053 479 2361 520 manorum
2417 463 2585 534 Kom‘g
2632 462 2952 535 quamdam
2992 458 3446 520 similitudinem
3499 463 3728 520 habere

297 557 742 609 monumentum
775 551 1030 609 ecclesia:
1061 551 1377 608 Slavonicaz
1409 552 1661 623 antiqua:
1723 553 1778 606 in
1825 551 1941 608 illis
2053 552 2298 608 videtur.
2333 554 2594 608 Tandem
2631 552 2799 608 Wudz.
2858 553 3017 625 apud
3075 554 3308 610 eosden
3359 554 3504 628 Dux.
3531 552 3728 609 audit.

294 643 632 715 regionibus
689 657 818 698 esse
865 642 1191 697 efficiemus
1246 642 1414 713 (365).
1477 639 1688 696 similis
1747 641 1942 714 imago
2050 641 2449 714 Compositum
2492 641 2831 698 vocabulum
2869 641 3176 699 Woiewoda
3196 642 3354 699 idem
3385 659 3523 699 esse
3561 642 3726 714 quod

297 754 322 780 ιι
350 733 579 802 priscwn
617 731 821 786 matris
853 730 954 786 Dei
1009 733 1238 802 reperta
1297 734 1387 785 est
1440 729 1501 784 in
1562 729 1704 784 urbe
1755 728 1941 786 Oblau
2054 731 2364 796 Belli-Dux,
2389 732 2514 802 jam
2548 747 2729 804 supra
2757 731 3235 788 memoravimus.
3289 731 3361 788 Ut
3409 747 3577 788 nunc
3629 747 3727 787 res

291 824 496 894 (prope
525 819 787 887 Breslau)
818 835 953 875 cum
1020 818 1229 874 litteris
1259 817 1544 892 Cyrillicis
1587 819 1734 890 (866)
1767 819 1942 891 Atqui
2053 825 2211 886 sunt,
2240 818 2382 876 certi
2413 821 2695 892 quiddam
2728 819 2908 877 statui
2959 821 3186 894 nequit.
3229 821 3344 878 Sed
3400 823 3730 893 utcunque

289 909 348 964 in
381 926 448 965 ea
479 907 682 965 tabula
733 907 925 964 Caesar
977 911 1276 980 Augustus
1337 907 1596 964 Licinius
1629 908 1650 963 Ι
1705 924 1942 981 semper
2050 909 2180 978 erit,
2211 908 2358 965 illud
2391 909 2628 984 quidem
2655 913 2818 964 extra
2842 925 3077 966 omnem
3109 908 3544 967 dubitationem
3585 927 3728 966 ver-

293 999 631 1054 nominatur
659 999 806 1054 Csar
858 996 1038 1052 Likin.
1097 996 1261 1052 Adde
1305 995 1552 1070 populos
1605 995 1942 1053 Slavonicos
2051 1001 2234 1068 satur,
2268 995 2420 1070 quod
2453 1014 2658 1054 omnes
2689 997 2776 1053 hae
2793 1014 2962 1053 voces
2979 997 3142 1054 nullo
3167 999 3340 1054 modo
3358 998 3566 1054 Ducem
3583 999 3718 1070 feu-

290 1084 526 1159 Imperii
556 1085 798 1140 orientis
847 1084 1052 1140 urbem
1111 1083 1656 1157 Constantinopolin
1710 1099 1943 1156 semper
2047 1085 2228 1142 dalem
2253 1085 2612 1160 significant,
2638 1087 2687 1141 si
2718 1085 2996 1160 dignitas,
3049 1103 3230 1160 quam
3285 1088 3725 1144 demonstravi-

291 1173 602 1243 Czaragrad
633 1174 782 1245 (367)
811 1187 1016 1229 vocare
1047 1173 1128 1246 (id
1159 1177 1250 1229 est
1297 1173 1502 1228 urbem
1564 1171 1806 1246 regiam,
1849 1171 1938 1228 vel
2049 1193 2206 1243 mus,
2243 1175 2574 1249 principum
2607 1174 2856 1232 Poloniie
2886 1175 2960 1232 iis
2997 1193 3273 1250 expressa
3315 1176 3450 1234 fuit.
3498 1177 3721 1233 Roma-

289 1262 772 1336 imperatoriam).
807 1262 867 1316 In
899 1261 1204 1318 autoribus
1236 1260 1563 1334 Byzantinis
1586 1261 1940 1334 Theophane
2048 1282 2258 1320 norum
2284 1265 2647 1337 temporibus
2679 1264 2835 1320 baud
2868 1264 3044 1321 dubie
3075 1263 3258 1321 latina
3285 1281 3425 1322 voce
3458 1266 3576 1322 Rex
3612 1263 3718 1324 illa

288 1357 346 1409 et
378 1351 704 1426 Nicephoro
733 1349 1126 1424 Bulgarorum
1151 1350 1444 1423 principes
1465 1353 1622 1406 Xeres
1637 1353 1942 1406 nominan-
2047 1353 2304 1425 dignitas
2334 1351 2788 1426 exprimebatur.

289 1448 406 1512 tur,
440 1441 597 1514 quod
628 1440 781 1496 idem
805 1455 935 1496 esse
966 1455 1032 1494 ac
1069 1439 1262 1496 Csarea
1293 1444 1446 1496 recte
1501 1439 1730 1495 monuit
1787 1439 1939 1494 Bua-
2117 1442 2318 1498 Studio
2351 1442 2601 1514 augendi
2631 1441 2851 1514 regiam
2883 1442 3204 1514 potentiam
3235 1443 3476 1513 ductus,
3518 1441 3711 1499 Bolizc

287 1531 802 1602 tius(368).lleges
831 1528 1039 1585 Serviae
1057 1527 1937 1600 seculodecimoquarto'l‘zaris
2046 1530 2233 1600 lavus,
2267 1530 2518 1586 latinum
2569 1529 2808 1586 titulum
2858 1533 2972 1586 Rex
3020 1531 3270 1588 fortasse
3321 1531 3710 1606 aptissimum

288 1619 522 1675 nomine
554 1618 932 1678 fruebantur;
963 1617 1046 1672 sic
1076 1616 1138 1672 in
1164 1616 1393 1689 legibus
1424 1616 1633 1672 Serviat
1664 1617 1935 1673 Dusehan
2039 1619 2344 1692 judicavit,
2379 1620 2594 1692 quippe
2628 1618 2862 1676 Polonis
2899 1619 3254 1692 inauditum,
3305 1637 3421 1694 quo
3473 1639 3712 1680 monar-

289 1710 422 1764 Tzar
451 1723 682 1779 semper
712 1706 926 1779 legitur
945 1707 1114 1776 (369).

2044 1709 2238 1766 cbiam
2273 1709 2471 1764 minus
2503 1708 2716 1782 populo
2734 1708 3046 1764 obnoxiam
3069 1709 3126 1765 in
3153 1708 3378 1766 familia
3392 1709 3709 1769 haeredita-

358 1825 398 1878 E
431 1828 632 1880 contra
661 1821 837 1879 Rnssi
872 1820 1099 1895 plerum
1131 1821 1245 1878 alio
1279 1820 1447 1878 titulo
1480 1822 1539 1877 in
1573 1820 1764 1878 medio
1813 1837 1932 1878 aevo
1964 1835 2012 1900 Β
2043 1797 2190 1900 Eia?“
2223 1799 2492 1900 Γθέάξτῗῐ
2524 1799 2690 1867 (3⁷2)·
2747 1799 2930 1900 quem
2989 1798 3047 1853 in
3095 1799 3285 1900 fm‘fm
3334 1797 3478 1900 _a“a_
3509 1800 3708 1900 Pun"

289 1913 379 1970 usi
405 1918 562 1979 sunt,
597 1927 785 1983 neque
814 1928 882 1966 eo
915 1910 1042 1967 soli.
1067 1911 1394 1967 Russorum
1443 1911 1600 1966 enim
1641 1911 1933 1983 principes

287 2001 552 2074 ipsorum
589 1999 788 2073 lingua
817 2001 976 2057 Knies
1008 1999 1262 2072 (Duces),
1321 1999 1672 2072 superiores,
1745 1999 1937 2056 Weh’ki

288 2093 470 2160 Knies,
503 2090 561 2144 id
591 2106 642 2146 e.
671 2089 870 2162 magni
895 2088 1187 2162 principes
1215 2087 1303 2145 vel
1334 2089 1514 2145 duces
1544 2088 1934 2144 nominaban-

289 2185 422 2246 tur;
457 2177 652 2234 sinon
695 2177 926 2248 majori,
986 2182 1140 2234 certe
1197 2177 1401 2234 eodem
1453 2179 1609 2249 jure,
1661 2194 1776 2250 quo
1832 2177 1935 2232 du-

291 2285 387 2350 ces
435 2267 686 2324 Austrim
737 2265 1084 2331 Archiduces,
1135 2265 1224 2321 vel
1319 2264 1637 2322 Florentini
1722 2264 1936 2335 Magni-

286 2359 476 2413 Duces.

358 2473 520 2529 Knies
549 2472 706 2529 enim
737 2471 891 2528 idem
922 2476 1011 2527 est
1042 2487 1109 2526 ac
1141 2470 1293 2525 Chan
1321 2469 1408 2526 vel
1439 2471 1608 2526 Kanis
1656 2469 1742 2525 vel
1796 2470 1934 2525 Cha-

286 2580 421 2633 gan,
454 2566 511 2618 et
542 2577 736 2635 regem
767 2561 1027 2627 denotat,
1061 2565 1125 2615 ut
1156 2558 1571 2629 Magnus-Char;
1601 2559 1660 2614 in
1707 2559 1936 2614 Crimea

291 2653 445 2708 idem
477 2651 575 2717 sit,
607 2649 762 2722 quod
797 2649 966 2705 Velikz'
992 2651 1156 2704 Kvies
1187 2649 1246 2704 in
1278 2648 1511 2705 Russia.
1545 2649 1699 2705 Khan
1738 2653 1934 2704 autem

286 2739 564 2796 Tartaris.
596 2738 682 2794 vel
715 2739 955 2810 Chagan,
989 2737 1077 2793 vel
1108 2738 1290 2804 Canis,
1322 2737 1410 2792 vel
1435 2739 1677 2794 Caranus
1710 2737 1933 2808 signiﬁ-

289 2832 382 2882 cat
408 2827 737 2892 dominum,
765 2843 983 2898 regem,
1015 2825 1424 2898 imperatorem
1453 2827 1627 2898 (370).
1653 2825 1778 2898 ipsa
1798 2841 1934 2880 voce

290 2917 514 2984 Chagan
543 2913 632 2970 vel
666 2915 849 2970 Cacan
889 2918 946 2969 et
1003 2915 1179 2970 Russi
1235 2918 1293 2970 et
1311 2914 1566 2987 Hungari
1599 2913 1686 2971 usi
1717 2931 1844 2970 esse
1858 2914 1935 2969 fe-

291 3005 606 3074 runtur(37
623 3004 690 3071 l).

359 3110 510 3178 Quid
544 3109 616 3167 de
645 3107 880 3166 Polonis
905 3108 1138 3166 dicam?

2044 1887 2250 1943 fecisse
2279 1886 2636 1943 Bolizlavum
2655 1887 2847 1959 capita
2869 1887 3172 1959 sequentia
3189 1887 3488 1945 docebunt
3509 1891 3520 1902 '

2042 1995 2177 2050 CAP.
2208 1993 2446 2049 XXXVI.
2475 2024 2541 2066 _——
2577 1993 2847 2066 Bolialavi
2875 1995 3032 2066 regia
3071 2009 3292 2066 corona,
3346 1996 3566 2065 lancea,
3623 1999 3707 2056 vel

2113 2063 2656 2140 sceptro._gladiaque
2675 2064 2906 2140 donatus
2935 2065 3002 2120 ab
3059 2064 3247 2126 Ottone
3275 2063 3396 2140 'III,
3431 2089 3460 2117 ››
3491 2063 3706 2126 amicus

2109 2137 2300 2209 populi
2325 2137 2555 2192 Romani
2576 2157 2604 2186 »
2619 2138 2944 2192 nominatur

2113 2242 2252 2300 Jure
2282 2242 2462 2317 igitur
2493 2241 2816 2299 Bolizlavus
2867 2242 2890 2299 Ι
2932 2242 3090 2317 regio
3138 2243 3361 2302 honore
3409 2245 3525 2304 frui
3571 2247 3701 2320 jam

2044 2337 2195 2406 potet
2211 2337 2286 2387 at.
2321 2331 2640 2404 Agnovisse
2671 2335 2900 2387 tantum
2934 2331 3257 2404 Imperator
3276 2333 3408 2390 Otto
3431 2333 3511 2391 III
3538 2336 3699 2392 video

2045 2427 2141 2477 tur
2168 2437 2236 2478 ea
2261 2437 2389 2494 qua:
2422 2421 2704 2494 impedire
2736 2438 2849 2477 non
2883 2424 3129 2494 poterat,
3163 2439 3280 2495 quo
3309 2422 3421 2480 sibi
3446 2425 3550 2496 jus
3603 2443 3699 2499 ap-

2045 2509 2350 2583 probandi,
2369 2514 2470 2565 aut
2496 2509 2575 2564 im
2583 2509 2887 2582 probandi,
2906 2509 3088 2567 immo
3105 2511 3284 2567 dandi
3305 2518 3409 2569 aut
3420 2516 3696 2587 negandi,

2044 2599 2480 2672 quodammodo
2537 2599 2925 2655 conservabat
2983 2599 3076 2655 vel
3117 2601 3374 2658 creabat.
3434 2600 3697 2660 Nihilum

2042 2688 2279 2760 quidem
2307 2687 2564 2761 amplius
2590 2691 2728 2743 tunc
2773 2687 2846 2742 ab
2906 2688 3364 2761 Imperatoribus
3421 2689 3549 2747 ﬁeri
3599 2709 3696 2766 po-

2043 2779 2209 2832 terat.

2113 2864 2244 2920 Otto
2278 2865 2496 2937 itaque,
2531 2881 2564 2920 a
2581 2863 2811 2921 nemine
2834 2869 3093 2937 rogatus,
3119 2882 3189 2922 ex
3215 2865 3403 2937 Italia,
3428 2868 3540 2926 sub
3563 2887 3689 2942 spe-

2043 2953 2128 3009 cie
2158 2970 2370 3026 corpus
2400 2953 2586 3009 sancti
2617 2953 2912 3010 Adalberti
2931 2953 3219 3010 invisendi
3239 2958 3304 3012 ut
3327 2956 3574 3030 quidam
3593 2959 3688 3016 Po-

2041 3041 2158 3097 Ioni
2191 3041 2397 3099 volunt
2426 3043 2593 3114 (373),
2628 3046 2911 3098 remotam
2943 3041 3242 3100 Poloniam
3285 3043 3688 3120 ineultamque

2041 3162 2111 3172 -—
2141 3135 2355 3187 terram
2386 3130 2543 3186 hunc
2589 3130 2872 3204 temporis
2930 3129 3378 3204 Hyperboream
3407 3167 3473 3177 —
3504 3139 3687 3196 media

359 3217 628 3275 Czarine
649 3232 723 3272 an
755 3215 1046 3288 Cbaganis
1077 3233 1150 3272 an
1177 3214 1290 3272 alio
1322 3215 1494 3272 titulo
1551 3216 1774 3288 priscos
1829 3221 1934 3272 Po-
1961 3200 2004 3266 C
2043 3220 2188 3291 petit
2215 3218 2424 3275 hieme.
2460 3200 2780 3292 Exicipitur
2807 3200 2999 3291 quam
3022 3200 3631 3284 honorificentissime
3655 3245 3688 3285 ι

288 3311 456 3366 lonos
491 3322 628 3362 usos
656 3321 788 3362 esse
817 3305 1050 3361 dicam?
1080 3304 1317 3361 Nullum
1351 3310 1620 3378 superest
1650 3305 1828 3378 hujus
1845 3305 1926 3361 rei

287 3403 512 3454 certum
541 3399 1013 3451 monumentum.
1045 3395 1214 3461 Sunt,
1245 3393 1346 3466 qui
1391 3394 1590 3450 dicant
1645 3395 1783 3450 Krol
1839 3393 1927 3450 vel

287 3486 442 3551 Kral,
475 3491 540 3540 ut
569 3483 807 3540 Bobemi
838 3483 895 3537 id
927 3483 1196 3551 efferunt,
1229 3483 1553 3539 derivatum
1584 3499 1712 3540 esse
1743 3501 1779 3540 a
1822 3485 1930 3540 Ka-

286 3575 408 3632 rolo
440 3590 673 3647 magno,
706 3572 828 3632 sed.
855 3571 915 3626 ni
948 3571 1136 3639 fallor,
1169 3588 1330 3629 mera
1357 3571 1741 3646 etymologica
1795 3589 1933 3629 con-

273 3666 526 3736 jectura,
553 3673 656 3734 pro
684 3676 802 3733 qua
821 3660 998 3716 aliam
1027 3659 1502 3718 verisimiliorem
1521 3661 1578 3716 in
1603 3663 1800 3718 radice
1834 3663 1934 3718 Kri

276 3751 497 3825 judicis
528 3756 800 3806 naturam
830 3749 1273 3821 exprimentem,
1307 3749 1739 3822 deprehendere
1789 3750 1933 3806 mihi

285 3841 502 3904 videor,
544 3854 612 3894 eo
665 3837 1133 3893 verisimiliorem
1178 3839 1333 3910 quod
1390 3838 1544 3911 apud
1607 3837 1810 3895 Slavos
1864 3850 1934 3911 τῷ

287 3931 477 3985 Kriwa
509 3941 744 3981 summa
766 3924 1019 3998 pignitas
1040 3930 1200 3981 certa
1214 3926 1594 3982 sacerdotalis
1616 3931 1672 3982 et
1680 3927 1936 3999 judicia-

286 4019 374 4072 ria
401 4014 790 4070 indicabatur.
822 4012 949 4068 Alia
975 4029 1207 4086 quoque
1239 4013 1435 4070 Poloni
1467 4019 1714 4071 utuntur
1779 4033 1934 4086 voce,

285 4105 508 4163 scilicet
534 4095 611 4174 eq.
644 4101 868 4169 Ksiaze,
903 4103 1056 4173 quod
1083 4102 1289 4175 Kjonje
1319 4108 1489 4160 sonat
1521 4108 1580 4160 et
1603 4121 1738 4160 cum
1797 4105 1934 4162 Ger-

356 4227 506 4302 (365)
535 4227 776 4303 Amicus
814 4241 980 4303 meus
1007 4225 1336 4303 _Hloudow,
1381 4227 1445 4287 in
1485 4229 1934 4303 antiquitatibus

283 4296 613 4360 Russorum
643 4296 1054 4355 ecclesiasticis
1085 4298 1337 4356 maxime
1367 4296 1657 4366 versatus:
1678 4301 1736 4357 in
1757 4301 1932 4358 aliam

282 4371 636 4432 sententiam
669 4370 733 4426 it.
758 4368 1016 4426 Plurima
1042 4371 1199 4426 enim
1231 4371 1333 4438 ait,
1367 4387 1716 4429 coronarum
1747 4373 1936 4430 radia-

282 4453 478 4503 tarum
509 4440 776 4515 exempla
787 4458 900 4498 non
917 4442 974 4496 in
997 4443 1174 4515 rebus
1194 4443 1455 4514 profanis
1475 4445 1575 4500 sed
1589 4443 1937 4501 ecclesiasti-

283 4519 366 4574 cis
381 4514 606 4574 oecurri
623 4531 637 4582 ;
655 4513 876 4570 textum
891 4529 1124 4586 quoque
1136 4513 1401 4588 linguam
1420 4515 1728 4574 Russicam
1741 4533 1936 4573 recen-

283 4591 493 4646 tiorem
521 4602 745 4658 sapere.

354 4660 504 4733 (366)
529 4654 910 4733 Maciejowku.
955 4654 1302 4733 essaiuhist.
1365 4656 1424 4712 d.
1485 4656 1705 4731 l'église
1763 4659 1928 4716 chre-

284 4727 487 4788 tie'nne
510 4729 612 4786 des
643 4727 796 4784 deux
825 4727 986 4784 Rites
1015 4743 1070 4800 p.
1094 4727 1218 4782 431.

353 4801 500 4875 (367)
534 4801 896 4875 Ηενζ›ι·ε.«ςείιξῃΔ
917 4799 1232 4875 comment.
1264 4815 1374 4856 rer.
1407 4799 1739 4875 Moscov:_p.
1763 4799 1856 4858 XI.

351 4869 613 4947 (36§)__De
642 4873 798 4947 Bua‘t,
831 4871 978 4926 Hist.
1012 4871 1262 4947 anc._des
1282 4869 1525 4947 peuples
1548 4871 1619 4927 de
1639 4869 1928 4947 l’Europe,

281 4940 578 5017 tomZXIl.
613 4958 670 5014 p.
701 4941 1084 5017 2197__sq.,_qui
1117 4940 1673 5017 citat_'TIiebphanem
1716 4962 1774 5017 p.
1821 4940 1933 5001 289

285 5018 398 5097 (ϐᾶ.
432 5011 631 5097 Βρῐιῐιξ
932 5011 1045 5083 15ξ)
1095 5013 1195 5068 ubi
1264 5011 1480 5097 le_g_itur
1506 5024 1618 5097 τρὺξ
1646 5011 1743 5070 ἁπδ
1771 5027 1932 5090 σειρᾶς

275 5083 609 5161 ἆτιγοιιένους
641 5083 700 5139 ét
753 5083 1091 5154 Niephorum
1155 5101 1214 5156 ρ.
1308 5083 1401 5140 77.
1457 5086 1632 5150 v.14,
1673 5097 1786 5150 τοὺς
1842 5083 1932 5161 μὲν

282 5157 390 5223 ιὲιί
425 5168 589 5230 £1,955
652 5166 746 5222 τὴν
793 5162 867 5212 ἐπ’
907 5161 1083 5218 αὐτοὺς
1139 5164 1468 5227 κεκτημένους
1497 5164 1800 5230 univousiv;
1833 5157 1932 5214 ilbi

283 5241 435 5294 Goar
457 5227 611 5286 male
635 5236 748 5290 τοὺς
768 5233 862 5300 μέν
888 5232 1134 5300 ἐτι-σειρᾶς
1161 5227 1627 5300 «reponendum
1661 5252 1690 5278 »
1709 5236 1931 5285 censet.

375 5302 502 5370 369)
534 5297 916 5370 Maclejowsky
946 5297 986 5352 ι.
1013 5297 1066 5353 e.
1100 5313 1156 5370 p.
1180 5297 1297 5370 566

354 5310 369 5450 ἓ

375 5367 500 5438 370)
530 5367 780 5426 Vincent
807 5367 1148 5425 Beluae-ensis
1179 5367 1221 5424 l.
1276 5371 1366 5425 32.
1400 5386 1450 5426 c.
1497 5371 1598 5438 32;
1629 5371 1934 5438 Pachyme-

354 5388 500 5450 (διο)
540 5388 780 5426 vmcem
807 5388 1148 5425 uewacensu
1180 5388 1221 5424 ι.
1276 5388 1366 5425 σι.
1400 5388 1450 5426 c.
1497 5388 1598 5438 az;
1629 5388 1930 5496 μαστιγωθ-

284 5468 364 5507 res
394 5445 488 5503 Ill.
522 5460 572 5499 e.
603 5443 694 5508 25,
725 5440 796 5496 V.
827 5457 878 5496 c.
911 5446 960 5496 4.
991 5440 1057 5496 Χ.
1091 5455 1140 5494 c.
1285 5471 1356 5515 -τ-
1379 5441 1462 5496 Du
1493 5443 1691 5515 Fresne
1747 5460 1785 5515 g
1809 5459 1930 5500 oss.

289 5519 631 5579 med.graee.
660 5521 918 5586 νηιάγηςε
948 5519 1136 5586 τινές-τὶς.
1177 5511 1234 5567 id
1305 5512 1406 5567 lat.
1487 5530 1542 5568 ν.
1629 5511 1932 5586 Caganus;

286 5586 486 5648 Annal.
519 5583 832 5639 Bertiniani
850 5583 919 5638 ad
953 5599 1006 5646 a,
1038 5583 1163 5637 839.

361 5654 509 5741 (371)
589 5652 808 5726 (ἔναρον.
886 5654 1230 5724 Turonensis,
1303 5653 1466 5713 Paul.
1568 5656 1936 5732 Wamefried;

2038 3307 2324 3364 Bolizlavo
2355 3314 2414 3364 ct
2445 3308 2615 3381 quasi
2647 3312 2883 3382 gratum
2927 3309 3192 3366 animum
3217 3311 3434 3370 Polono
3455 3314 3686 3374 demon-

2038 3401 2352 3464 straturus,
2394 3413 2561 3453 suam
2603 3397 2790 3470 ipsius
2847 3397 3068 3470 regiam
3103 3416 3402 3471 coronam,
3464 3405 3679 3479 regiam

2038 3485 2303 3542 lanceam
2335 3489 2701 3558 sceptrumve
2722 3489 2898 3558 atque
2928 3486 3154 3558 regium
3194 3487 3461 3562 gladium
3484 3493 3698 3568 hospiti

2039 3575 2237 3630 donat.
2272 3574 2468 3630 Simul
2501 3574 2852 3630 Bolizlavum
2885 3597 2912 3626 «
2945 3578 3185 3632 amicum
3215 3575 3488 3637 etsocz'um
3503 3585 3690 3657 populi

2041 3665 2275 3720 Romani
2296 3686 2322 3714 ι)
2357 3662 2632 3736 praedicat
2663 3664 2830 3736 (374).

2111 3755 2297 3819 Quam
2329 3750 2644 3807 formulam
2669 3751 2905 3807 latinam
2926 3753 3429 3828 antiquissimam,
3455 3759 3686 3820 Polonia

2042 3841 2337 3898 historicis
2361 3840 2538 3896 medii
2567 3841 2667 3896 aevi
2701 3858 2770 3897 ex
2801 3841 3199 3900 Romanorum
3230 3844 3480 3905 historia
3537 3850 3686 3907 haud

2045 3928 2212 3985 facile
2242 3934 2465 3996 notam,
2499 3945 2703 4002 sapere
2733 3929 3036 4002 ingenium
3067 3932 3298 3990 Ottonis
3329 3935 3428 4006 III,
3483 3940 3582 4012 qui
3619 3941 3686 3997 ob

2044 4013 2314 4074 inaudita
2343 4034 2601 4090 eousque
2633 4018 2690 4072 in
2723 4017 2934 4076 litteris
2955 4019 3406 4081 humanioribus
3437 4031 3496 4082 et
3526 4028 3580 4084 in
3600 4046 3690 4086 an-

2044 4107 2314 4180 tiquitate
2346 4107 2544 4162 studia
2571 4107 2916 4180 cognomine
2949 4131 2976 4159 «
3010 4109 3300 4168 Mirabilia
3325 4112 3584 4172 Mundi»
3604 4134 3685 4174 ce-

2047 4255 2076 4283 ‹‹
2106 4234 2379 4304 (laganus
2429 4230 2845 4304 Bungarorumi
2893 4232 3046 4295 Rex;
3093 4237 3152 4290 et
3199 4237 3401 4295 Annal.
3458 4242 3682 4300 Franco-

2042 4321 2164 4360 rum
2195 4303 2515 4359 Bertiniani
2543 4303 2614 4358 aid
2645 4320 2699 4358 a.
2749 4303 2887 4358 839:
2923 4327 2951 4353 ‹‹
2999 4305 3154 4362 Misit
3200 4307 3380 4366 etiam
3427 4328 3567 4368 eum
3618 4314 3686 4371 iis

2042 4375 2351 4502 quosdam,
2385 4375 2486 4448 qui
2517 4390 2601 4440 se,
2631 4373 2690 4456 id
2725 4380 2833 4442 est,
2866 4380 3098 4446 gentem
3128 4395 3297 4436 suam
3331 4381 3472 4438 Rho:
3502 4386 3681 4442 vocari

2087 4447 2318 4502 Icebant
2345 4462 2496 4502 auos
2525 4447 2638 4501 Rea:
2659 4443 2916 4502 illorum.
2951 4447 3242 4502 Chanaan:
3272 4453 3580 4502 vocabulo-
3618 4457 3681 4502 nd

2087 4443 2504 4524 icebantg'quos
2525 4447 2638 4524 Rea:
2659 4443 2916 4524 illorum,
2951 4447 3580 4524 Chaganuavocabulo,
3618 4457 3683 4513 ad

2045 4535 2109 4574 se
2135 4515 2430 4587 amicitiis,
2459 4517 2613 4574 sicut
2630 4515 3186 4586 asserebant,causa
3204 4522 3518 4582 direxerat.
3553 4515 3584 4578 ὦ
3605 4527 3678 4584 Cf.

1965 4575 2017 4638 D
2045 4595 2228 4656 Roger
2257 4590 2327 4645 de
2356 4575 2753 4645 destructione
2784 4575 3196 4656 Hungarorum
3212 4575 3316 4650 33;

2106 4653 2254 4742 (372)
2287 4660 2722 4742 Hunesensum
2745 4653 3002 4742 praebere
3024 4663 3256 4742 videtur
3283 4665 3680 4742 Boliglayil-Ipi-

2038 4729 2290 4810 tqpnium
2317 4749 2390 4805 ap
2420 4729 2765 4803 Christophf
2788 4731 3120 4792 Harthnoch.
3157 4735 3228 4792 de
3257 4753 3376 4810 rep.
3421 4729 3676 4798 Polon'on

2039 4804 2256 4930 ll.“§'l§l’l
2289 4872 2620 4946 possedisti,
2651 4870 3064 4946 velut_athleta
3092 4876 3331 4935 Christi.

2109 4969 2137 4996 ‹‹
2173 4943 2416 5024 [tegi—mm
2445 4943 2768 5024 Slavqrum,
2793 4944 3120 5024 Gothorum
3153 4967 3265 5024 seu
3287 4951 3674 5024 Polonorum.,

2111 5041 2138 5095 ᾳ
2166 5014 2362 5095 gesar
2390 5014 2790 5095 praecellensa
2810 5026 2866 5095 te
2894 5020 3126 5095 Ducalg'a
3155 5021 3380 5095 pellens
3415 5047 3445 5074 »
3474 5029 3581 5081 cet.

2110 5089 2258 5158 (375)
2298 5093 2366 5144 V.
2390 5087 2525 5214 cap.
2547 5087 2692 5143 XIV.
2725 5087 2890 5160 No.1,
2918 5093 2955 5146 2
2981 5096 3039 5148 et
3065 5092 3120 5147 3.

2111 5159 2417 5216 Kadlubeck
2442 5162 2456 5230 (
2491 5201 2503 5214 .
2533 5176 2588 5231 ρ.
2607 5159 2726 5231 95).

2113 5202 2818 5313 ίίπὸἇυᾶξῖνὺἐξίρτΜναῗίὶηο
2847 5232 3158 5292 Adalberto
3188 5235 3441 5293 votivam
3473 5236 3674 5294 exhibi-

2041 5306 2210 5358 turus
2233 5306 2633 5359 reverentiam.
2666 5327 2693 5352 η

2113 5375 2260 5502 3374)
2295 5373 2478 5430 Gallus
2511 5389 2565 5446 p.
2596 5373 2657 5429 41
2693 5408 2763 5417 -
2786 5377 2892 5459 ιί2ξ
2916 5377 3146 5504 Bagoas
3160 5375 3372 5434 001.13!
3397 5379 3668 5438 :Miechov.

2041 5443 2082 5500 l.
2145 5445 2186 5501 I.
2221 5462 2271 5501 c.
2307 5446 2358 5500 4.
2391 5448 2419 5514 §
2447 5446 2551 5512 27;
2587 5445 2807 5504 Cramer
2835 5448 2976 5504 hist.
3049 5447 3204 5504 olon.
3230 5448 3280 5504 ΙΙ
3309 5466 3360 5505 c.
3418 5451 3481 5514 4;
3543 5449 3672 5508 Gua-

2068 5486 2419 5600 2517,57:
2434 5486 3396 5600 ςῖιίάέιὶξξίξᾷεῖῇὲῇἷρῖὀυιῖἓέίέ)Ϊὶ).
3418 5486 3498 5577 ii.
3516 5486 3666 5600 {3‘71

2081 5588 2296 5661 'pitaph.
2331 5589 2460 5660 ejus
2491 5605 2617 5662 cap.
2650 5588 2855 5648 XXXV.
2887 5588 2994 5648 No'.
3026 5591 3114 5648 24.

2111 5659 2196 5724 Cf.
2227 5673 2354 5736 cap.
2387 5659 2531 5718 XIV.
2559 5676 2618 5719 η.
2653 5662 2723 5722 l2
2753 5667 2812 5722 et
2839 5663 2928 5721 13.
