3900 6224
148 344 327 438 ’1381
1427 350 1491 412 s.
1536 342 1968 413 MATHILDIS
2014 339 2333 411 REGINA.
3418 320 3581 412 las:

157 482 531 552 lebrabatur,
556 483 685 555 jam
701 482 856 540 recte
881 472 1007 555 ipse
1028 478 1344 555 Rmpellius
1365 483 1509 539 vidit
1531 485 1696 555 (375).
1721 486 1818 541 At-
1850 485 1907 552 Α
1937 505 1965 533 ‹‹
1998 482 2288 539 Genitoris
2318 479 2538 554 regula,
2569 494 2801 555 semper
2828 478 2939 539 sibi
2972 482 3296 557 propositos
3334 485 3576 542 auderet

158 578 368 629 tamen
401 571 549 628 illud
580 575 814 628 tantum
844 571 913 628 de
930 571 1157 645 integra
1179 571 1459 629 formula:
1490 595 1517 623 «
1542 576 1753 629 amicus
1777 578 1827 629 et
1942 595 1968 626 ιι
1998 572 2056 627 in
2079 571 2502 643 subjectionem
2526 569 2810 644 paulatim
2828 572 3150 642 detrahere,
3178 572 3583 648 vilissimoque

153 663 348 718 socius
395 661 587 734 populi
628 662 859 718 Romani
902 685 925 710 ι
986 660 1454 733 intelligendum.
1515 662 1660 719 Nam
1719 679 1829 718 vox
1938 683 1967 711 «
2000 660 2243 733 pecunie
2266 660 3582 735 transeuntisinescatosamo(hamo)inservi-

159 773 192 801 ‹‹
229 749 464 807 amicus
495 754 555 806 et
582 751 778 807 socius
812 773 841 800 »ι
874 750 1151 806 Ottonum
1188 767 1422 822 quoque
1466 751 1830 824 temporibus

154 838 429 912 politica,
462 843 530 894 ut
556 838 639 894 ita
672 838 885 907 dicam,
922 837 1348 911 significatione
1379 837 1711 896 adhibitum
1742 844 1831 895 est

157 928 237 984 de
266 928 344 984 iis
366 926 622 1001 populis,
640 927 741 1000 qui
763 943 834 983 ne
855 926 1100 982 minimo
1117 927 1354 999 quidem
1372 927 1669 984 servitutis
1684 928 1830 1000 jugo

159 1016 410 1073 obnoxii
442 1016 691 1089 imperio
720 1016 826 1089 (vel
857 1019 1211 1072 Francorum
1245 1017 1442 1089 regno)
1474 1022 1659 1073 erant.
1684 1016 1778 1073 Sic
1800 1034 1833 1071 a

160 1100 544 1162 Widukindo
592 1104 769 1177 primi
822 1105 1104 1173 Saxones,
1154 1106 1511 1161 Francorum
1562 1106 1735 1161 amici
1778 1110 1835 1162 et

168 1194 326 1252 socii
358 1198 563 1251 contra
591 1193 924 1267 Thuringos
958 1194 1336 1250 nominantur
1358 1194 1524 1267 (376).
1560 1194 1837 1266 Sequitur

162 1288 227 1341 et
253 1301 330 1341 ex
359 1283 472 1340 bac
492 1299 554 1339 re
575 1283 795 1356 regiam
818 1282 1094 1339 Bolizlavi
1116 1282 1461 1355 dignitatem
1484 1283 1555 1339 ab
1579 1284 1832 1356 Impera-

165 1377 304 1429 tore
331 1373 568 1443 (Ottone
588 1372 688 1444 Ill)
711 1387 839 1428 esse
860 1372 1266 1444 approbatam.
1285 1370 1659 1429 Thietmarus
1686 1373 1700 1427 i
1709 1389 1832 1445 pse,

165 1461 451 1535 quamvis
467 1461 616 1518 iram
633 1461 726 1516 vix
744 1460 802 1516 in
821 1464 1049 1533 pectore
1066 1460 1308 1531 claudit,
1333 1460 1380 1515 si
1400 1477 1534 1516 eum
1558 1461 1835 1517 attentius

163 1550 412 1624 legeris,
437 1548 545 1605 tibi
574 1549 820 1622 prodere
839 1548 1139 1605 videbitur
1159 1548 1376 1605 invitus
1396 1549 1577 1621 huius
1598 1550 1678 1605 rei
1695 1550 1838 1606 veri-

167 1643 382 1695 tatem.
413 1638 706 1710 Nonagies
740 1638 857 1693 fere
887 1638 957 1694 de
989 1637 1274 1694 Bolizlavo
1306 1639 1327 1693 Ι
1357 1638 1717 1695 mentionem
1751 1639 1833 1695 fa-

164 1728 285 1795 cit;
318 1732 379 1784 et
408 1727 670 1800 sexagies
700 1726 940 1799 quidem
968 1727 1157 1783 sexies
1188 1743 1325 1783 eum
1358 1727 1703 1799 simpliciter
1728 1729 1833 1784 Bo-

1939 772 1967 799 ‹‹
2001 751 2129 806 tutis
2154 750 2535 823 libertatisque
2564 750 2979 807 detrimentum
3015 768 3240 824 capere.
3274 776 3302 803 ››

2012 837 2252 894 Gladius
2266 839 2339 894 ab
2352 839 2561 894 Ottone
2584 839 2858 908 donatus,
2882 857 3057 913 quem
3076 839 3273 897 Poloni
3291 864 3319 893 «
3336 843 3583 899 διειπετ-

1941 928 2032 983 beo
2060 950 2087 978 »
2122 926 2529 995 nominabant,
2563 944 2793 1001 semper
2824 932 3107 1001 tanquam
3140 947 3230 987 res
3262 935 3464 987 sancta
3492 948 3587 988 as-

1941 1020 2203 1071 servatus
2223 1020 2330 1073 est.
2356 1015 2587 1071 Litteris
2609 1016 2910 1090 inscriptis
2932 1035 3100 1075 suam
3122 1018 3409 1093 originem
3431 1021 3589 1077 Otto-

1942 1102 2205 1159 niensem
2240 1105 2465 1161 tradere
2495 1111 2550 1162 et
2581 1105 2861 1162 szeculum
2907 1107 3286 1165 undecimum
3330 1109 3590 1167 redolere

1943 1197 2185 1247 narrant
2215 1194 2382 1263 (378).
2418 1194 2830 1267 Imperatorem
2864 1213 3097 1269 semper
3116 1199 3334 1255 ensifer
3354 1204 3591 1258 secutus

1944 1284 2052 1348 est;
2088 1283 2152 1335 ut
2183 1281 2408 1353 pictura
2426 1282 3391 1361 docetantiqualibriManuscripti
3413 1289 3589 1347 Dom-

1944 1368 2194 1437 nizonis,
2209 1387 2336 1441 qua:
2350 1371 2620 1428 Ottonem
2640 1371 2796 1428 sistit
2808 1374 3086 1448 Magnum
3103 1393 3346 1450 corpora
3358 1378 3592 1436 Sancto-

1944 1474 2074 1513 rum
2108 1459 2503 1534 quorundam,
2554 1462 2745 1517 Attoni
2797 1463 3117 1521 Marchioni
3164 1465 3432 1523 Thuscie
3482 1469 3590 1525 do-

1944 1550 2180 1603 nantem
2214 1548 2381 1619 (379).

1944 1652 2079 1708 CAP.
2112 1654 2375 1738 XXXanl:
2401 1687 2468 1695 —
2492 1656 2701 1712 Corona
2734 1659 2797 1738 in
2819 1660 3042 1738 pictura
3068 1665 3256 1738 nostra
3293 1672 3375 1720 est
3418 1666 3591 1738 ipsius

2014 1738 2224 1780 coronae
2285 1727 2562 1806 Ottonum
2584 1727 2903 1806 exemplar:
2923 1730 3151 1806 Corona
3207 1727 3591 1806 Langobardo-

162 1815 449 1873 lizlavum
483 1799 644 1873 nullo
687 1816 943 1889 epitheto
990 1815 1256 1889 apposito
1301 1816 1594 1872 nominat:
1645 1816 1836 1873 decies

2017 1812 2141 1851 rum
2169 1812 2309 1851 nova
2338 1799 2519 1868 forma
2542 1800 2597 1853 in
2629 1801 2833 1868 sigillis
2868 1800 3141 1859 Ottonum.

164 1906 391 1968 decem
410 1910 469 1961 et
498 1903 737 1977 quidem
770 1905 961 1961 bis‘ad
997 1922 1048 1960 a.
1084 1906 1224 1961 1018
1274 1906 1435 1962 Pertz
1482 1906 1549 1959 ν.
1604 1923 1660 1979 p.
1708 1908 1833 1979 861.

162 1994 277 2050 lin.
310 1997 347 2049 2
379 1998 435 2050 et
459 1996 515 2062 9,
549 1993 641 2051 bis
671 1992 1046 2067 simpliciter,
1082 1994 1396 2050 Miseconis
1426 1978 1636 2059 filium,
1658 1978 1837 2067 seme!

166 2083 482 2150 Polenum,
512 2086 601 2140 ter
629 2083 941 2139 Seniorem
978 2081 1338 2155 (Seigneur):
1374 2086 1431 2138 at
1463 2098 1582 2137 rem
1598 2053 1837 2139 miraml

164 2171 359 2229 semel
391 2172 486 2244 (ad
520 2188 572 2228 a.
622 2172 762 2227 1004
810 2172 971 2241 eum)
1019 2174 1190 2226 vocat
1237 2170 1426 2226 ducem
1472 2170 1843 2227 adulterinum

167 2261 368 2332 (Pertz
396 2277 454 2333 p.
482 2260 607 2316 808.
642 2260 748 2315 lin.
781 2259 871 2331 l3)
903 2258 995 2315 bis
1027 2259 1119 2329 (ad
1150 2276 1203 2315 a.
1259 2260 1423 2331 1004)
1466 2259 1693 2316 leonem
1745 2277 1843 2316 ru-

166 2349 457 2423 gientem,
492 2347 673 2405 semel
705 2370 734 2398 ‹‹
759 2352 1179 2421 arrogantem»
1208 2348 1437 2421 (p.807.
1462 2348 1499 2403 l.
1524 2350 1634 2419 35).
1660 2351 1837 2407 semel

168 2439 453 2495 inﬂatum
486 2438 775 2511 sdperbiaa
794 2437 1283 2511 magnanimitate
1312 2438 1395 2510 (p.
1419 2439 1635 2507 808.4),
1659 2436 1838 2495 semel

169 2529 271 2600 (ad
299 2545 352 2585 a.
384 2527 546 2599 lOt2)
570 2527 891 2600 superbum
913 2525 1411 2599 triumphatorem
1438 2528 1518 2600 (p.
1540 2527 1839 2599 5291.32):

170 2615 364 2673 semel
392 2616 487 2689 (ad
519 2631 572 2672 a.
606 2616 771 2684 1003)
800 2614 1150 2671 Polonorum
1195 2620 1478 2671 rectorem
1514 2618 1591 2688 (p.
1624 2616 1750 2695 799.
1800 2616 1838 2672 l'

170 2708 251 2778 4).
284 2705 420 2761 Jam
457 2705 530 2761 ad
562 2722 612 2761 a.
650 2706 791 2759 1002
820 2721 954 2760 eum
987 2704 1136 2777 patri
1160 2704 1480 2777 (Miseconi)
1503 2705 1672 2779 longe
1695 2706 1839 2762 infe-

170 2797 396 2851 riorem
427 2810 557 2851 esse
589 2792 750 2862 dicit,
784 2794 1001 2866 quibus
1027 2793 1204 2850 rebus
1234 2793 1314 2849 nil
1345 2793 1505 2850 aliud
1548 2795 1840 2851 indicatur

172 2900 364 2957 quam
395 2898 532 2939 eum
565 2883 1026 2955 Imperatoribus
1059 2883 1257 2939 minus
1286 2883 1598 2939 obnoxium
1632 2884 1833 2940 fuisse.

165 2972 257 3028 Ad
290 2988 345 3028 a.
386 2971 523 3028 1046
552 2970 931 3027 Thietmarus
965 2972 1235 3027 Cesarem
1268 2972 1471 3044 carpit,
1501 2973 1679 3045 quod,
1700 2972 1837 3029 licet

167 3059 536 3117 Bolizlavum
550 3059 620 3115 ad
632 3061 948 3115 servitutem
967 3076 1121 3115 suam
1141 3076 1279 3132 pace
1290 3064 1518 3117 tantum
1534 3077 1829 3128 concessa,

164 3153 518 3222 promptum
538 3151 595 3203 et
611 3147 842 3204 fidelem
862 3148 1076 3204 habere
1097 3149 1405 3221 potuisset,
1431 3148 1487 3204 id
1511 3153 1705 3218 tamen
1730 3165 1830 3205 ne-

2021 1901 2386 1958 Examinanti
2420 1904 2561 1959 mihi
2600 1905 2800 1963 sedulo
2831 1907 3081 1965 formam
3112 1911 3592 1972 vestimentorum

1950 1989 2184 2061 pictura:
2212 1988 2347 2047 libri
2383 1994 2586 2061 nostri,
2622 1998 2693 2065 (v.
2722 1995 2817 2069 tig.
2850 1998 2922 2068 1.)
2956 2015 3188 2069 corona,
3221 2018 3340 2073 qua
3377 2003 3594 2078 Misego

1950 2078 2065 2134 Rex
2079 2084 2317 2136 ornatus
2330 2081 2490 2147 est,si
2501 2082 2812 2155 ngularum
2828 2088 3123 2157 quandam
3146 2090 3595 2150 similitudinem

1948 2166 2162 2223 habere
2208 2168 2335 2224 visa
2380 2175 2439 2225 et
2485 2187 2617 2226 cum
2670 2173 2871 2227 formis
2921 2192 3291 2248 coronarum,
3347 2196 3475 2253 qua:
3532 2181 3598 2239 in

1950 2255 2161 2328 sigillis
2192 2256 2471 2314 Ottonum
2502 2266 2834 2316 occurrunt.

2022 2349 2385 2403 Precaveant
2415 2352 2632 2416 autem,
2666 2366 2901 2406 necesse
2931 2356 3041 2420 est,
3091 2352 3151 2421 ii,
3200 2355 3297 2428 qui
3349 2356 3457 2414 has
3501 2374 3595 2416 res

1949 2433 2369 2507 sphragisticas
2401 2436 2773 2510 investigent,
2807 2456 2878 2496 ne
2899 2440 3252 2513 quibusdam
3276 2444 3502 2518 ﬁguris,
3530 2453 3597 2504 ut

1952 2521 2010 2576 in
2038 2522 2210 2579 editis
2237 2523 2658 2597 diplomatibus
2705 2527 3073 2598 exhibentur,
3124 2530 3367 2589 nimiam
3418 2536 3594 2592 ﬁdem

1951 2610 2287 2668 adhibeant.
2319 2613 2464 2669 Nam
2496 2631 2612 2670 non
2644 2616 2815 2671 modo
2848 2617 3071 2685 artifex,
3100 2618 3211 2676 illis
3230 2624 3595 2695 temporibus

1951 2701 2329 2757 rudissimam
2363 2702 2610 2758 formam
2642 2704 2882 2777 imagini
2914 2705 2971 2761 in
3006 2706 3125 2780 pila
3152 2707 3239 2765 vel
3279 2710 3596 2786 sphragide

1949 2789 2127 2858 dedit,
2160 2791 2260 2847 sed
2292 2790 2486 2865 sigilla
2515 2808 2655 2848 cerae
2677 2793 2964 2865 impressa
2978 2795 3322 2871 plerumque
3341 2800 3598 2872 pessime

1947 2884 2285 2935 conservata
2316 2885 2475 2947 sunt,
2510 2898 2697 2955 neque
2728 2881 2873 2938 satis
2896 2890 3095 2942 exacte
3116 2889 3452 2960 recognosci
3470 2906 3599 2962 pos-

1944 2973 2104 3035 sunt,
2135 2968 2247 3024 nisi
2265 2986 2299 3024 a
2314 2969 2478 3037 viris,
2499 2969 2557 3025 in
2576 2970 2670 3027 his
2689 2972 2866 3029 rebus
2883 2972 3135 3030 maxime
3150 2976 3355 3033 versis.
3379 2977 3599 3034 Dehinc

1944 3056 2161 3113 nostris
2192 3056 2543 3131 plerumque
2574 3061 2939 3132 temporibus
2974 3062 3037 3131 ii,
3069 3064 3171 3136 qui
3217 3064 3357 3122 talia
3401 3066 3596 3141 sigilla

1943 3144 2040 3200 aeri
2074 3145 2362 3214 incidunt,
2394 3164 2462 3203 ex
2494 3165 2621 3216 suo,
2659 3153 2722 3204 ut
2752 3151 2838 3216 fit,
2886 3151 3128 3208 arbitrio
3180 3154 3426 3223 addunt,
3468 3174 3598 3229 qua:

167 3236 422 3311 glexerit
451 3237 531 3310 (p.
562 3238 688 3293 845.
722 3236 825 3291 lin.
860 3238 969 3308 37).
1004 3237 1087 3292 Ad
1120 3254 1173 3292 a.
1200 3237 1339 3293 1018
1358 3238 1731 3295 Thietmarus
1749 3239 1832 3295 ait
1859 3226 1902 3291 C
1943 3240 2287 3307 nuncupant
2316 3241 2681 3305 ornamenta,
2712 3238 2799 3293 vel
2826 3238 2940 3295 alia
2970 3247 3277 3312 spernunt.

168 3326 541 3383 Bolizlavum
572 3326 776 3383 eodem
806 3325 933 3381 loco
956 3325 1235 3382 habuisse
1258 3327 1674 3399 Imperatorem
1701 3329 1846 3386 Ger-
2026 3325 2159 3388 Qum
2193 3324 2461 3380 feruntur
2486 3326 2723 3382 Conradi
2748 3327 2925 3399 primi
2953 3330 3108 3402 regis
3138 3331 3350 3403 sigilla,
3373 3337 3477 3389 aut
3504 3351 3597 3391 ra-

169 3415 480 3471 manicum
503 3431 568 3471 ac
589 3414 714 3487 Imp
732 3419 1019 3471 eratorem
1037 3414 1745 3489 Constantinopolitanum
1765 3422 1844 3491 (p.
1953 3413 2173 3469 diatam
2205 3413 2533 3486 simplicem
2564 3413 2873 3488 duplamve
2905 3417 3092 3474 tribus
3121 3421 3398 3478 crucibus
3424 3439 3595 3479 orna-

172 3505 285 3560 871
321 3502 427 3559 lin.
460 3504 572 3575 11).
608 3490 825 3559 Passus
856 3519 993 3559 vero
1015 3502 1339 3560 Thietmari
1363 3506 1463 3577 qui
1491 3507 1563 3561 ad
1588 3490 1846 3563 nostram
1952 3506 2070 3557 tam
2106 3502 2272 3574 (380),
2306 3507 2409 3558 aut
2440 3502 2710 3560 diadema
2741 3504 2821 3575 (id
2852 3510 2940 3562 est
2959 3507 3265 3581 circulum)
3286 3510 3479 3568 tribus
3498 3512 3600 3568 tri-

174 3609 309 3649 rem
339 3592 595 3648 maxime
617 3593 804 3649 facere
826 3593 1075 3659 videtur,
1094 3596 1184 3649 est
1204 3593 1263 3649 in
1288 3593 1421 3649 libri
1446 3593 1636 3666 quinti
1660 3596 1846 3668 capite
1956 3591 2106 3647 foliis
2154 3593 2303 3664 (quae
2352 3591 2475 3647 lilia
2519 3593 2847 3666 nominant)
2896 3595 3042 3668 (38l)
3091 3598 3366 3670 praebent.
3416 3599 3598 3673 Cujus

180 3686 351 3739 sexto
384 3682 534 3753 (377)
564 3682 665 3738 ubi
696 3685 953 3737 mutatas
985 3698 1114 3738 esse
1136 3681 1288 3739 vices
1313 3700 1348 3739 a
1369 3682 1655 3739 Bolizlavo
1681 3684 1843 3756 dicit,

169 3772 281 3843 sic,
305 3776 374 3827 ut
396 3789 500 3843 pro
525 3772 805 3828 servitute
829 3771 1179 3827 Polonorum
1204 3771 1487 3845 principis
1508 3774 1844 3846 ergaimpe-

178 3861 345 3916 rium
376 3858 467 3917 vel
500 3860 690 3917 Duces
720 3865 778 3916 et
802 3860 1172 3917 marchiones
1192 3860 1479 3930 Saxonica,
1505 3862 1846 3918 servitutem

174 3950 393 4006 horum
406 3966 545 4022 erga
558 3948 914 4005 Bolizlavum
933 3953 1129 4005 natam
1155 3966 1282 4007 esse
1306 3949 1585 4023 deploret.
1603 3974 1631 4000 ‹‹
1656 3951 1795 4019 Hoc,
1812 3975 1839 4002 υ

174 4040 281 4103 ait,
315 4061 343 4089 «
380 4037 911 4093 animadvertentes
934 4035 1140 4105 nostri,
1166 4036 1360 4094 verbis
1379 4038 1675 4094 credidere
1696 4039 1841 4112 pha-

176 4148 204 4177 ‹‹
236 4125 465 4193 leratis,
494 4128 552 4181 et
582 4125 890 4181 inhoneste
921 4125 1091 4198 quasi
1124 4127 1193 4182 ad
1229 4126 1559 4195 dominum,
1597 4128 1667 4184 ad
1697 4144 1840 4184 eun-

176 4238 206 4264 ‹‹
244 4213 384 4269 dem
414 4213 682 4286 profecti,
716 4213 999 4270 honorem
1030 4214 1301 4270 innatum
1336 4214 1764 4287 supplicatione
1785 4221 1842 4273 et

178 4327 207 4352 «
243 4302 472 4374 injuste
502 4303 779 4359 servitute
810 4304 1140 4359 mutabant.
1174 4304 1360 4368 Quam
1382 4304 1582 4375 inique
1603 4320 1839 4377 compa-

177 4415 206 4442 ‹‹
240 4391 415 4448 randi
447 4395 588 4448 sunt
619 4396 1021 4471 antecessores
1039 4391 1225 4447 nostri
1252 4395 1308 4446 et
1336 4392 1836 4464 contemporalesl

177 4504 206 4531 ‹‹
240 4479 487 4537 Vivente
517 4480 751 4553 egregio
782 4481 1020 4538 Hodone
1053 4478 1433 4552 (Marchione)
1458 4485 1622 4552 pater
1642 4481 1837 4550 istius,

179 4593 208 4622 ‹‹
241 4569 462 4626 Miseco
492 4570 757 4635 domum,
790 4586 907 4642 qua
927 4587 1062 4626 eum
1085 4586 1213 4626 esse
1234 4569 1474 4637 sciebat,
1498 4569 1836 4627 crusinatus
1871 4594 1918 4659 Β

179 4682 208 4710 ‹‹
246 4657 487 4714 crusina
514 4662 605 4714 est
632 4658 812 4715 vestis
843 4657 1150 4715 Slavorum
1182 4657 1445 4731 pellicoa)
1475 4658 1715 4727 intrare,
1751 4659 1842 4716 vel

178 4770 205 4797 ‹‹
242 4763 312 4803 eo
343 4750 688 4820 assurgente
729 4764 1033 4822 nunquam
1053 4746 1414 4821 presumpsit
1460 4747 1679 4804 sedere.
1703 4749 1844 4805 Deus

177 4858 207 4887 ‹‹
247 4835 538 4907 indulgeat
558 4835 903 4908 imperatori,
930 4836 1084 4908 quod
1111 4835 1485 4892 tributarium
1504 4834 1722 4893 faciens
1741 4838 1846 4893 do-

181 4945 211 4974 «
244 4923 503 4995 minum,
531 4925 605 4981 ad
638 4923 749 4993 hoc
799 4942 1064 4997 unquam
1110 4926 1343 4981 elevavit
1389 4930 1474 4996 ut,
1524 4924 1707 4982 oblita
1751 4926 1843 4981 sui

253 5103 410 5176 (375)
440 5104 645 5176 prell
675 5102 714 5159 l.
742 5104 781 5159 1.
812 5121 869 5176 p.
907 5106 1031 5160 111.
1158 5128 1163 5131 Α

253 5175 405 5249 (376)
444 5175 735 5247 Wiilnking
766 5175 878 5232 Res
908 5181 1055 5249 gest.
1090 5176 1300 5231 Saxon.
1333 5176 1375 5231 Ι.
1409 5190 1534 5249 cap.
1568 5175 1625 5243 9,
1671 5177 1739 5232 10
1790 5178 1847 5233 et

182 5246 242 5303 il
263 5246 491 5319 (Parta:
526 5250 596 5319 ν.
628 5246 870 5319 13-418)

251 5314 405 5392 (377)
437 5314 714 5374 Thietniar
750 5314 861 5373 libi
886 5315 956 5371 ν.
1004 5334 1053 5373 c.
1105 5318 1141 5372 6
1184 5318 1348 5374 Pertz
1394 5318 1462 5375 v.
1514 5335 1573 5392 p.
1627 5314 1749 5376 193.
1801 5320 1841 5376 1.

177 5388 406 5602 272.3%)
437 5459 810 5516 Naruscewicz
850 5458 989 5515 hist.
1021 5459 1229 5515 barod.
1260 5458 1452 5532 polsk.
1484 5460 1577 5517 IV.
1610 5477 1666 5534 p.
1719 5463 1842 5518 138.

277 5532 407 5602 379)
440 5532 688 5602 Origines
741 5531 1071 5602 Guelphicaa.
1116 5530 1180 5586 T.
1233 5529 1271 5584 1.
1314 5530 1459 5588 Tab.
1511 5532 1606 5588 Ill.
1659 5533 1731 5588 ad
1783 5550 1841 5602 p.

184 5529 407 5657 4
440 5532 688 5602 Origines
741 5531 1071 5603 Guelphicaa.
1116 5530 1180 5586 T.
1233 5529 1280 5584 1:
1314 5530 1459 5588 Tab.
1511 5529 1630 5588 ΙΙῐῖ
1659 5533 1731 5588 ad
1783 5550 1841 5606 p.

275 5671 405 5744 380)
437 5671 557 5744 Sig.
592 5673 728 5728 anni
758 5672 885 5739 9l6,
919 5672 978 5728 in
1011 5671 1368 5729 Monumentis
1395 5673 1574 5731 Boicis
1602 5672 1716 5743 vol,
1745 5674 1841 5733 XI.

275 5674 405 5744 380)
437 5674 557 5744 Sig.
592 5674 728 5728 anni
758 5674 885 5739 9l6,
919 5674 978 5728 in

253 5674 409 5821 (381)
441 5744 561 5821 Sig.
594 5760 687 5820 ap.
721 5744 991 5803 Shannat.

1954 3679 2122 3735 liliati
2153 3678 2501 3737 diadematis
2532 3681 2830 3756 exemplar
2846 3684 3066 3756 optime
3087 3690 3494 3745 conservatum
3512 3690 3596 3746 of-

1955 3770 2064 3825 fert
2086 3769 2274 3844 figura
2291 3769 2445 3843 picta
2459 3769 2632 3843 Regis
2649 3771 2959 3842 cujusdam
2974 3772 3292 3846 Anglorum
3317 3775 3378 3832 in
3400 3777 3599 3834 codice

1954 3858 2351 3931 Manuscripto
2381 3859 2662 3916 Saxonico
2693 3859 2981 3927 Psalterii,
3013 3868 3242 3919 exarato
3274 3864 3333 3920 in
3381 3865 3595 3923 saeculo

1952 3948 2287 4017 undecimo,
2319 3952 2377 4004 et
2406 3948 2685 4022 inscripto
2712 3949 2977 4006 Tiberius
3005 3956 3063 4006 C.
3094 3952 3166 4007 Vl
3192 3954 3361 4025 (382).

2022 4038 2282 4092 Henricus
2312 4037 2431 4092 Rex
2464 4036 2522 4091 in
2556 4032 2766 4110 sigillis
2798 4054 3071 4096 coronam
3111 4040 3224 4097 fert
3265 4045 3369 4098 aut
3419 4042 3598 4099 simili

1952 4125 2123 4181 modo
2145 4125 2390 4182 liliatam
2414 4127 2584 4199 (383),
2605 4131 2705 4183 aut
2725 4127 3009 4185 radiatam
3033 4130 3202 4203 (384),
3227 4135 3329 4188 aut
3348 4131 3600 4207 denique

1950 4212 2220 4269 diadema
2236 4214 2483 4286 simplex
2504 4232 2637 4271 cum
2661 4232 2829 4272 cruce
2849 4216 2911 4272 in
2934 4218 3125 4274 medio
3146 4219 3334 4291 capite
3353 4219 3594 4290 elevata,

1951 4320 2079 4375 quae
2109 4304 2404 4375 quomodo
2435 4321 2661 4360 annexa
2693 4305 2789 4374 sit,
2824 4305 3086 4379 dignosci
3118 4307 3317 4379 nequit
3339 4309 3507 4381 (385).

2021 4392 2082 4447 In
2104 4392 2313 4447 Ottonis
2329 4392 2523 4465 Magni
2544 4393 2759 4465 sigillis
2781 4394 3197 4468 distinguenda
3208 4400 3346 4452 sunt
3366 4396 3595 4454 Ottonis

1950 4481 2266 4536 Germania
2297 4480 2443 4548 regis
2473 4482 2629 4550 (ante
2660 4498 2694 4536 a
2721 4483 2873 4554 962.)
2898 4483 3154 4556 asigillis
3175 4484 3600 4560 Ottonisimpe-

1950 4568 2190 4635 ratoris;
2223 4567 2323 4621 illa
2355 4574 2457 4623 aut
2482 4569 2754 4626 diadema
2782 4571 3001 4629 habent
3030 4574 3176 4646 (386)
3202 4578 3306 4630 aut
3320 4589 3598 4631 coronam

1953 4656 2173 4711 illatam
2196 4656 2343 4727 (387)
2368 4656 2427 4711 in
2452 4661 2699 4730 utroque
2721 4660 2995 4717 vexillum
3018 4661 3245 4735 regium
3268 4663 3474 4720 dextra
3495 4664 3602 4720 fer-

1954 4749 2069 4800 tur.
2102 4746 2455 4816 Imperatoris
2484 4763 2619 4802 vero
2647 4747 2876 4806 Ottonis
2892 4749 3088 4822 sigilla
3110 4768 3318 4808 novam
3340 4753 3602 4824 praebent

1955 4834 2202 4889 formam
2235 4832 2403 4905 (388).
2434 4834 2507 4904 (v.
2544 4833 2639 4906 tig.
2672 4835 2728 4891 9.
2759 4837 2881 4892 tab.
2916 4842 3098 4894 nostr.
3132 4839 3344 4895 Dextra
3362 4840 3600 4897 innixus

1953 4927 2042 4978 est
2070 4922 2394 4993 Imperator
2423 4926 2649 4994 sceptro
2669 4924 2924 4992 cuidam,
2950 4926 2997 4980 si
3022 4941 3138 4981 non
3160 4927 3404 5000 antiquo
3427 4929 3597 5002 (389),

2025 5102 2170 5182 (ἓβὲ)
2204 5100 2374 5182 ἓίωέε
2397 5098 2821 5182 Ηοιῖάαᾼιξεθιο
2854 5103 3168 5182 (ἐγωὶξιῌ-
3202 5103 3300 5177 δε.
3346 5105 3488 5182 XIX-

2026 5169 2388 5299 (383ὲξναι1ι,
2416 5170 2543 5226 cod.
2576 5169 2821 5244 diplom.
2852 5169 3434 5247 Qhedlinburgénsis,
3476 5177 3597 5251 Sig.

2033 5261 2092 5299 ni
2234 5286 2246 5298 .

1955 5245 2092 5301 anni
2124 5245 2246 5299 953.

2048 5317 2173 5388 384)
2205 5314 2333 5388 Golz.
2364 5312 2764 5388 Kaise‘rsiegel.

2050 5384 2175 5459 385)
2202 5387 2322 5459 Sig.
2346 5402 2450 5459 ap.
2475 5384 2747 5459 Silanum.

2050 5390 2155 5444 385
2202 5390 2322 5459 Sig.
2358 5402 2450 5458 ap.
2475 5390 2747 5442 Shannat.

2048 5390 2176 5565 ἓξὲξ
2204 5458 2393 5565 53'.le:
2428 5456 2709 5565 ’,ξέέοέἱξλ
2728 5459 2939 5565 “.2333:

2026 5527 2406 5612 (387)‘Z-y‘lles,
2450 5527 2709 5612 derepsio
2759 5528 3004 5587 abbatis:
3053 5527 3251 5585 Sancti
3293 5529 3599 5589 Maximini

1955 5599 2115 5674 p.15
2144 5599 2199 5657 et
2232 5599 2317 5674 1⁷8.
2346 5599 2455 5674 sig.
2489 5618 2541 5657 a.
2574 5599 2699 5674 953.

2052 5618 2115 5657 Io
2144 5618 2199 5657 et
2232 5618 2317 5658 ιδ.
2346 5619 2392 5658 si
2442 5643 2455 5657 .
2489 5618 2541 5657 a.
2574 5618 2699 5658 vos.

2047 5676 2175 5756 388)
2395 5618 2620 5756 Euelplt.
2646 5673 2779 5749 (sig.
2811 5691 2861 5729 a.
2882 5672 3016 5756 970)
3046 5675 3191 5756 tom_.
3323 5690 3385 5756 ι)ἰ
3412 5677 3470 5731 7.

2048 5744 2175 5823 389)
2210 5744 2463 5805 Militum
2483 5744 2684 5807 leviter
2712 5744 3072 5808 armatorum
3094 5744 3205 5806 sub
3225 5744 3344 5808 tim?
3360 5744 3602 5827 Imperii

2026 5320 2042 5527 ἓ
