  <div class='ocr_page' id='page_1' title='image "/cluster/home/n/w/nwhite01/storage/ocr_20150623/151/uva.x000829795/741.png"; bbox 0 0 3900 6224; ppageno 0'>
   <div class='ocr_carea' id='block_1_1' title="bbox 301 285 454 348">
    <p class='ocr_par' dir='ltr' id='par_1_1' title="bbox 301 285 454 348">
     <span class='ocr_line' id='line_1_1' title="bbox 301 285 454 348; baseline 0.007 -3"><span class='ocrx_word' id='word_1_1' title='bbox 301 287 325 345; x_wconf 80' lang='grc'>1</span> <span class='ocrx_word' id='word_1_2' title='bbox 339 285 454 348; x_wconf 80' lang='grc'>383</span> 
     </span>
    </p>
   </div>
   <div class='ocr_carea' id='block_1_2' title="bbox 1581 281 2428 350">
    <p class='ocr_par' dir='ltr' id='par_1_2' title="bbox 1581 281 2428 350">
     <span class='ocr_line' id='line_1_2' title="bbox 1581 281 2428 350; baseline 0.002 -5"><span class='ocrx_word' id='word_1_3' title='bbox 1581 281 1917 345; x_wconf 83' lang='lat' dir='ltr'>APPEND.</span> <span class='ocrx_word' id='word_1_4' title='bbox 1962 281 2066 345; x_wconf 86' lang='lat' dir='ltr'><strong>AD</strong></span> <span class='ocrx_word' id='word_1_5' title='bbox 2112 281 2302 350; x_wconf 66' lang='lat' dir='ltr'>SEC.</span> <span class='ocrx_word' id='word_1_6' title='bbox 2346 281 2428 347; x_wconf 85' lang='lat' dir='ltr'>X.</span> 
     </span>
    </p>
   </div>
   <div class='ocr_carea' id='block_1_3' title="bbox 3554 283 3728 348">
    <p class='ocr_par' dir='ltr' id='par_1_3' title="bbox 3554 283 3728 348">
     <span class='ocr_line' id='line_1_3' title="bbox 3554 283 3728 348; baseline 0.017 -3"><span class='ocrx_word' id='word_1_7' title='bbox 3554 283 3728 348; x_wconf 57' lang='lat'>138!</span> 
     </span>
    </p>
   </div>
   <div class='ocr_carea' id='block_1_4' title="bbox 296 413 3725 496">
    <p class='ocr_par' dir='ltr' id='par_1_4' title="bbox 296 413 3725 496">
     <span class='ocr_line' id='line_1_4' title="bbox 296 413 3725 496; baseline 0.001 -22"><span class='ocrx_word' id='word_1_8' title='bbox 296 417 658 491; x_wconf 80' lang='lat' dir='ltr'>Carolingico</span> <span class='ocrx_word' id='word_1_9' title='bbox 687 420 903 483; x_wconf 88' lang='lat' dir='ltr'>tamen,</span> <span class='ocrx_word' id='word_1_10' title='bbox 931 417 1086 489; x_wconf 92' lang='lat' dir='ltr'>quod</span> <span class='ocrx_word' id='word_1_11' title='bbox 1114 416 1344 473; x_wconf 80' lang='lat' dir='ltr'>hastam</span> <span class='ocrx_word' id='word_1_12' title='bbox 1368 413 1455 474; x_wconf 88' lang='lat' dir='ltr'>vel</span> <span class='ocrx_word' id='word_1_13' title='bbox 1473 417 1736 473; x_wconf 87' lang='lat' dir='ltr'>lanceam</span> <span class='ocrx_word' id='word_1_14' title='bbox 1762 417 1946 487; x_wconf 89' lang='lat' dir='ltr'>nomi_-</span> <span class='ocrx_word' id='word_1_15' title='bbox 1975 417 2030 485; x_wconf 78' lang='grc' dir='ltr'><strong>Α</strong></span> <span class='ocrx_word' id='word_1_16' title='bbox 2060 415 2316 474; x_wconf 89' lang='lat' dir='ltr'>habitus.</span> <span class='ocrx_word' id='word_1_17' title='bbox 2353 417 2430 474; x_wconf 88' lang='lat' dir='ltr'>De</span> <span class='ocrx_word' id='word_1_18' title='bbox 2461 434 2576 490; x_wconf 90' lang='lat' dir='ltr'>quo</span> <span class='ocrx_word' id='word_1_19' title='bbox 2605 417 2931 475; x_wconf 82' lang='lat' dir='ltr'>Widukind</span> <span class='ocrx_word' id='word_1_20' title='bbox 2959 419 3018 492; x_wconf 84' lang='lat' dir='ltr'>(l.</span> <span class='ocrx_word' id='word_1_21' title='bbox 3048 418 3122 491; x_wconf 88' lang='lat' dir='ltr'>Ii,</span> <span class='ocrx_word' id='word_1_22' title='bbox 3143 419 3264 490; x_wconf 84' lang='lat'>36):</span> <span class='ocrx_word' id='word_1_23' title='bbox 3290 443 3316 496; x_wconf 64' lang='grc' dir='ltr'>ις</span> <span class='ocrx_word' id='word_1_24' title='bbox 3339 415 3592 478; x_wconf 74' lang='lat' dir='ltr'>Habitus</span> <span class='ocrx_word' id='word_1_25' title='bbox 3614 435 3725 494; x_wconf 88' lang='lat' dir='ltr'>pa—</span> 
     </span>
    </p>
   </div>
   <div class='ocr_carea' id='block_1_5' title="bbox 297 505 1946 580">
    <p class='ocr_par' dir='ltr' id='par_1_5' title="bbox 297 505 1946 580">
     <span class='ocr_line' id='line_1_5' title="bbox 297 505 1946 580; baseline 0 -17"><span class='ocrx_word' id='word_1_26' title='bbox 297 510 441 563; x_wconf 90' lang='lat' dir='ltr'>nant</span> <span class='ocrx_word' id='word_1_27' title='bbox 458 507 630 579; x_wconf 88' lang='lat'>(390),</span> <span class='ocrx_word' id='word_1_28' title='bbox 649 507 819 577; x_wconf 86' lang='lat' dir='ltr'>cujus</span> <span class='ocrx_word' id='word_1_29' title='bbox 837 506 1104 580; x_wconf 79' lang='lat' dir='ltr'>superior</span> <span class='ocrx_word' id='word_1_30' title='bbox 1120 511 1256 578; x_wconf 88' lang='lat' dir='ltr'>p‘ars</span> <span class='ocrx_word' id='word_1_31' title='bbox 1274 506 1522 580; x_wconf 84' lang='lat' dir='ltr'>implex</span> <span class='ocrx_word' id='word_1_32' title='bbox 1541 505 1814 578; x_wconf 89' lang='lat' dir='ltr'>globulus</span> <span class='ocrx_word' id='word_1_33' title='bbox 1837 510 1946 574; x_wconf 89' lang='lat' dir='ltr'>est,</span> 
     </span>
    </p>
   </div>
   <div class='ocr_carea' id='block_1_6' title="bbox 297 595 1947 669">
    <p class='ocr_par' dir='ltr' id='par_1_6' title="bbox 297 595 1947 669">
     <span class='ocr_line' id='line_1_6' title="bbox 297 595 1947 669; baseline -0.001 -17"><span class='ocrx_word' id='word_1_34' title='bbox 297 602 354 653; x_wconf 91' lang='lat' dir='ltr'>et</span> <span class='ocrx_word' id='word_1_35' title='bbox 375 596 529 669; x_wconf 90' lang='lat' dir='ltr'>quod</span> <span class='ocrx_word' id='word_1_36' title='bbox 545 596 764 652; x_wconf 82' lang='lat' dir='ltr'>sensim</span> <span class='ocrx_word' id='word_1_37' title='bbox 783 596 1040 668; x_wconf 90' lang='lat' dir='ltr'>sensimq</span> <span class='ocrx_word' id='word_1_38' title='bbox 1053 611 1120 651; x_wconf 86' lang='lat' dir='ltr'>ue</span> <span class='ocrx_word' id='word_1_39' title='bbox 1136 595 1586 652; x_wconf 90' lang='lat' dir='ltr'>diminuendoin</span> <span class='ocrx_word' id='word_1_40' title='bbox 1611 612 1947 651; x_wconf 84' lang='lat' dir='ltr'>mucronem</span> 
     </span>
    </p>
   </div>
   <div class='ocr_carea' id='block_1_7' title="bbox 298 684 1947 758">
    <p class='ocr_par' dir='ltr' id='par_1_7' title="bbox 298 684 1947 758">
     <span class='ocr_line' id='line_1_7' title="bbox 298 684 1947 758; baseline 0 -18"><span class='ocrx_word' id='word_1_41' title='bbox 298 685 454 740; x_wconf 90' lang='lat' dir='ltr'>infra</span> <span class='ocrx_word' id='word_1_42' title='bbox 485 685 632 740; x_wconf 86' lang='lat' dir='ltr'>ﬁnit.</span> <span class='ocrx_word' id='word_1_43' title='bbox 667 685 832 740; x_wconf 79' lang='lat' dir='ltr'>Laeva</span> <span class='ocrx_word' id='word_1_44' title='bbox 858 701 1138 758; x_wconf 91' lang='lat' dir='ltr'>magnum</span> <span class='ocrx_word' id='word_1_45' title='bbox 1173 684 1414 757; x_wconf 86' lang='lat' dir='ltr'>globum</span> <span class='ocrx_word' id='word_1_46' title='bbox 1459 701 1630 740; x_wconf 86' lang='lat' dir='ltr'>cruce</span> <span class='ocrx_word' id='word_1_47' title='bbox 1674 689 1947 740; x_wconf 85' lang='lat' dir='ltr'>ornatum</span> 
     </span>
    </p>
   </div>
   <div class='ocr_carea' id='block_1_8' title="bbox 299 771 1948 848">
    <p class='ocr_par' dir='ltr' id='par_1_8' title="bbox 299 771 1948 848">
     <span class='ocr_line' id='line_1_8' title="bbox 299 771 1948 848; baseline 0 -19"><span class='ocrx_word' id='word_1_48' title='bbox 299 775 429 843; x_wconf 84' lang='lat' dir='ltr'>fert,</span> <span class='ocrx_word' id='word_1_49' title='bbox 464 774 714 848; x_wconf 87' lang='lat' dir='ltr'>ﬁguram</span> <span class='ocrx_word' id='word_1_50' title='bbox 763 773 924 830; x_wconf 87' lang='lat' dir='ltr'>orbis</span> <span class='ocrx_word' id='word_1_51' title='bbox 972 777 1140 829; x_wconf 77' lang='lat' dir='ltr'>terras</span> <span class='ocrx_word' id='word_1_52' title='bbox 1189 772 1515 829; x_wconf 79' lang='lat' dir='ltr'>christiani.</span> <span class='ocrx_word' id='word_1_53' title='bbox 1566 771 1790 828; x_wconf 89' lang='lat' dir='ltr'>Corona</span> <span class='ocrx_word' id='word_1_54' title='bbox 1831 773 1948 829; x_wconf 89' lang='lat' dir='ltr'>fere</span> 
     </span>
    </p>
   </div>
   <div class='ocr_carea' id='block_1_9' title="bbox 292 861 1948 935">
    <p class='ocr_par' dir='ltr' id='par_1_9' title="bbox 292 861 1948 935">
     <span class='ocr_line' id='line_1_9' title="bbox 292 861 1948 935; baseline -0.001 -16"><span class='ocrx_word' id='word_1_55' title='bbox 292 863 478 919; x_wconf 78' lang='lat' dir='ltr'>cassis</span> <span class='ocrx_word' id='word_1_56' title='bbox 507 861 954 935; x_wconf 65' lang='lat' dir='ltr'>hemispherica</span> <span class='ocrx_word' id='word_1_57' title='bbox 977 879 1105 918; x_wconf 89' lang='lat' dir='ltr'>esse</span> <span class='ocrx_word' id='word_1_58' title='bbox 1126 861 1375 928; x_wconf 88' lang='lat' dir='ltr'>videtur,</span> <span class='ocrx_word' id='word_1_59' title='bbox 1402 865 1458 918; x_wconf 91' lang='lat' dir='ltr'>et</span> <span class='ocrx_word' id='word_1_60' title='bbox 1483 861 1669 918; x_wconf 89' lang='lat' dir='ltr'>tribus</span> <span class='ocrx_word' id='word_1_61' title='bbox 1693 861 1948 934; x_wconf 86' lang='lat' dir='ltr'>glebulis</span> 
     </span>
    </p>
   </div>
   <div class='ocr_carea' id='block_1_10' title="bbox 293 949 1946 1024">
    <p class='ocr_par' dir='ltr' id='par_1_10' title="bbox 293 949 1946 1024">
     <span class='ocr_line' id='line_1_10' title="bbox 293 949 1946 1024; baseline -0.001 -16"><span class='ocrx_word' id='word_1_62' title='bbox 293 951 490 1024; x_wconf 81' lang='lat' dir='ltr'>paullo</span> <span class='ocrx_word' id='word_1_63' title='bbox 503 951 740 1008; x_wconf 80' lang='lat' dir='ltr'>elevatis</span> <span class='ocrx_word' id='word_1_64' title='bbox 754 955 960 1006; x_wconf 90' lang='lat' dir='ltr'>ornata</span> <span class='ocrx_word' id='word_1_65' title='bbox 977 955 1082 1008; x_wconf 92' lang='lat' dir='ltr'>est.</span> <span class='ocrx_word' id='word_1_66' title='bbox 1103 949 1337 1007; x_wconf 87' lang='lat' dir='ltr'>Globuli</span> <span class='ocrx_word' id='word_1_67' title='bbox 1362 949 1444 1006; x_wconf 91' lang='lat' dir='ltr'>illi</span> <span class='ocrx_word' id='word_1_68' title='bbox 1467 950 1526 1006; x_wconf 91' lang='lat' dir='ltr'>in</span> <span class='ocrx_word' id='word_1_69' title='bbox 1550 967 1781 1018; x_wconf 82' lang='lat' dir='ltr'>corona,</span> <span class='ocrx_word' id='word_1_70' title='bbox 1806 951 1946 1023; x_wconf 91' lang='lat' dir='ltr'>quid</span> 
     </span>
    </p>
   </div>
   <div class='ocr_carea' id='block_1_11' title="bbox 294 1039 1946 1114">
    <p class='ocr_par' dir='ltr' id='par_1_11' title="bbox 294 1039 1946 1114">
     <span class='ocr_line' id='line_1_11' title="bbox 294 1039 1946 1114; baseline -0.001 -17"><span class='ocrx_word' id='word_1_71' title='bbox 294 1040 640 1112; x_wconf 88' lang='lat' dir='ltr'>signiﬁcent,</span> <span class='ocrx_word' id='word_1_72' title='bbox 659 1040 879 1112; x_wconf 82' lang='lat' dir='ltr'>optime</span> <span class='ocrx_word' id='word_1_73' title='bbox 905 1039 1268 1096; x_wconf 78' lang='lat' dir='ltr'>demonstrat</span> <span class='ocrx_word' id='word_1_74' title='bbox 1289 1040 1479 1114; x_wconf 87' lang='lat' dir='ltr'>ﬁgura</span> <span class='ocrx_word' id='word_1_75' title='bbox 1501 1041 1656 1113; x_wconf 88' lang='lat' dir='ltr'>picta</span> <span class='ocrx_word' id='word_1_76' title='bbox 1673 1039 1729 1096; x_wconf 92' lang='lat' dir='ltr'>in</span> <span class='ocrx_word' id='word_1_77' title='bbox 1749 1041 1946 1096; x_wconf 90' lang='lat' dir='ltr'>codice</span> 
     </span>
    </p>
   </div>
   <div class='ocr_carea' id='block_1_12' title="bbox 291 1128 1946 1202">
    <p class='ocr_par' dir='ltr' id='par_1_12' title="bbox 291 1128 1946 1202">
     <span class='ocr_line' id='line_1_12' title="bbox 291 1128 1946 1202; baseline 0 -17"><span class='ocrx_word' id='word_1_78' title='bbox 291 1129 666 1186; x_wconf 89' lang='lat' dir='ltr'>Domnizonis</span> <span class='ocrx_word' id='word_1_79' title='bbox 697 1130 768 1200; x_wconf 85' lang='grc' dir='ltr'>(ν.</span> <span class='ocrx_word' id='word_1_80' title='bbox 794 1129 965 1202; x_wconf 86' lang='lat' dir='ltr'>ﬁg.7.</span> <span class='ocrx_word' id='word_1_81' title='bbox 991 1128 1108 1184; x_wconf 90' lang='lat' dir='ltr'>tab.</span> <span class='ocrx_word' id='word_1_82' title='bbox 1135 1129 1367 1201; x_wconf 89' lang='lat' dir='ltr'>nostr.),</span> <span class='ocrx_word' id='word_1_83' title='bbox 1403 1130 1462 1185; x_wconf 91' lang='lat' dir='ltr'>in</span> <span class='ocrx_word' id='word_1_84' title='bbox 1493 1145 1612 1202; x_wconf 92' lang='lat' dir='ltr'>qua</span> <span class='ocrx_word' id='word_1_85' title='bbox 1643 1129 1772 1185; x_wconf 86' lang='lat' dir='ltr'>Otto</span> <span class='ocrx_word' id='word_1_86' title='bbox 1826 1129 1946 1186; x_wconf 87' lang='lat' dir='ltr'>Ma-</span> 
     </span>
    </p>
   </div>
   <div class='ocr_carea' id='block_1_13' title="bbox 292 1217 1942 1290">
    <p class='ocr_par' dir='ltr' id='par_1_13' title="bbox 292 1217 1942 1290">
     <span class='ocr_line' id='line_1_13' title="bbox 292 1217 1942 1290; baseline 0 -16"><span class='ocrx_word' id='word_1_87' title='bbox 292 1235 445 1290; x_wconf 89' lang='lat' dir='ltr'>gnus</span> <span class='ocrx_word' id='word_1_88' title='bbox 470 1217 579 1274; x_wconf 84' lang='lat' dir='ltr'>fert</span> <span class='ocrx_word' id='word_1_89' title='bbox 595 1235 868 1273; x_wconf 87' lang='lat' dir='ltr'>coronam</span> <span class='ocrx_word' id='word_1_90' title='bbox 885 1217 1072 1274; x_wconf 89' lang='lat' dir='ltr'>tribus</span> <span class='ocrx_word' id='word_1_91' title='bbox 1086 1217 1266 1274; x_wconf 87' lang='lat' dir='ltr'>clavis</span> <span class='ocrx_word' id='word_1_92' title='bbox 1283 1217 1644 1290; x_wconf 80' lang='lat' dir='ltr'>longioribus</span> <span class='ocrx_word' id='word_1_93' title='bbox 1656 1223 1942 1284; x_wconf 90' lang='lat' dir='ltr'>ornatam,</span> 
     </span>
    </p>
   </div>
   <div class='ocr_carea' id='block_1_14' title="bbox 293 1305 1947 1380">
    <p class='ocr_par' dir='ltr' id='par_1_14' title="bbox 293 1305 1947 1380">
     <span class='ocr_line' id='line_1_14' title="bbox 293 1305 1947 1380; baseline 0.001 -18"><span class='ocrx_word' id='word_1_94' title='bbox 293 1324 546 1379; x_wconf 92' lang='lat' dir='ltr'>quorum</span> <span class='ocrx_word' id='word_1_95' title='bbox 579 1307 772 1380; x_wconf 87' lang='lat' dir='ltr'>capita</span> <span class='ocrx_word' id='word_1_96' title='bbox 804 1305 888 1361; x_wconf 90' lang='lat' dir='ltr'>illi</span> <span class='ocrx_word' id='word_1_97' title='bbox 917 1305 1142 1380; x_wconf 88' lang='lat' dir='ltr'>globuli</span> <span class='ocrx_word' id='word_1_98' title='bbox 1175 1312 1314 1364; x_wconf 84' lang='lat' dir='ltr'>sunt</span> <span class='ocrx_word' id='word_1_99' title='bbox 1335 1307 1501 1378; x_wconf 92' lang='grc'>(391).</span> <span class='ocrx_word' id='word_1_100' title='bbox 1527 1307 1752 1364; x_wconf 88' lang='lat' dir='ltr'>Corona</span> <span class='ocrx_word' id='word_1_101' title='bbox 1771 1324 1947 1364; x_wconf 89' lang='lat' dir='ltr'>aurea</span> 
     </span>
    </p>
   </div>
   <div class='ocr_carea' id='block_1_15' title="bbox 290 1394 1947 1469">
    <p class='ocr_par' dir='ltr' id='par_1_15' title="bbox 290 1394 1947 1469">
     <span class='ocr_line' id='line_1_15' title="bbox 290 1394 1947 1469; baseline 0.001 -18"><span class='ocrx_word' id='word_1_102' title='bbox 290 1394 834 1468; x_wconf 88' lang='lat' dir='ltr'>Longobardorum,</span> <span class='ocrx_word' id='word_1_103' title='bbox 866 1411 1045 1468; x_wconf 89' lang='lat' dir='ltr'>quam</span> <span class='ocrx_word' id='word_1_104' title='bbox 1078 1397 1324 1452; x_wconf 87' lang='lat' dir='ltr'>ferream</span> <span class='ocrx_word' id='word_1_105' title='bbox 1351 1396 1572 1463; x_wconf 86' lang='lat' dir='ltr'>dicunt,</span> <span class='ocrx_word' id='word_1_106' title='bbox 1598 1399 1654 1452; x_wconf 90' lang='lat' dir='ltr'>et</span> <span class='ocrx_word' id='word_1_107' title='bbox 1678 1413 1804 1469; x_wconf 61' lang='lat' dir='ltr'>quas</span> <span class='ocrx_word' id='word_1_108' title='bbox 1832 1396 1947 1452; x_wconf 85' lang='lat' dir='ltr'>Mo-</span> 
     </span>
    </p>
   </div>
   <div class='ocr_carea' id='block_1_16' title="bbox 290 1483 1945 1558">
    <p class='ocr_par' dir='ltr' id='par_1_16' title="bbox 290 1483 1945 1558">
     <span class='ocr_line' id='line_1_16' title="bbox 290 1483 1945 1558; baseline 0.001 -20"><span class='ocrx_word' id='word_1_109' title='bbox 290 1484 476 1540; x_wconf 70' lang='lat' dir='ltr'>dmtia:</span> <span class='ocrx_word' id='word_1_110' title='bbox 509 1489 887 1542; x_wconf 82' lang='lat' dir='ltr'>conservatur</span> <span class='ocrx_word' id='word_1_111' title='bbox 916 1485 989 1554; x_wconf 93' lang='lat' dir='ltr'>(v.</span> <span class='ocrx_word' id='word_1_112' title='bbox 1025 1483 1121 1558; x_wconf 91' lang='lat' dir='ltr'>ﬁg.</span> <span class='ocrx_word' id='word_1_113' title='bbox 1162 1485 1213 1540; x_wconf 92' lang='lat'>8.</span> <span class='ocrx_word' id='word_1_114' title='bbox 1269 1489 1419 1541; x_wconf 90' lang='lat' dir='ltr'>nost.</span> <span class='ocrx_word' id='word_1_115' title='bbox 1468 1486 1634 1554; x_wconf 89' lang='lat' dir='ltr'>tab.),</span> <span class='ocrx_word' id='word_1_116' title='bbox 1681 1485 1945 1542; x_wconf 90' lang='lat' dir='ltr'>interiori</span> 
     </span>
    </p>
   </div>
   <div class='ocr_carea' id='block_1_17' title="bbox 289 1573 1942 1646">
    <p class='ocr_par' dir='ltr' id='par_1_17' title="bbox 289 1573 1942 1646">
     <span class='ocr_line' id='line_1_17' title="bbox 289 1573 1942 1646; baseline 0.001 -17"><span class='ocrx_word' id='word_1_117' title='bbox 289 1577 456 1645; x_wconf 89' lang='lat' dir='ltr'>parte</span> <span class='ocrx_word' id='word_1_118' title='bbox 488 1573 674 1630; x_wconf 82' lang='lat' dir='ltr'>ferrea</span> <span class='ocrx_word' id='word_1_119' title='bbox 705 1591 772 1629; x_wconf 88' lang='lat' dir='ltr'>ex</span> <span class='ocrx_word' id='word_1_120' title='bbox 804 1573 1024 1630; x_wconf 86' lang='lat' dir='ltr'>lamina</span> <span class='ocrx_word' id='word_1_121' title='bbox 1053 1573 1199 1629; x_wconf 91' lang='lat' dir='ltr'>clavi</span> <span class='ocrx_word' id='word_1_122' title='bbox 1224 1573 1524 1631; x_wconf 87' lang='lat' dir='ltr'>Passionis</span> <span class='ocrx_word' id='word_1_123' title='bbox 1546 1573 1726 1630; x_wconf 89' lang='lat' dir='ltr'>simili</span> <span class='ocrx_word' id='word_1_124' title='bbox 1749 1574 1942 1646; x_wconf 93' lang='lat' dir='ltr'>modo,</span> 
     </span>
    </p>
   </div>
   <div class='ocr_carea' id='block_1_18' title="bbox 289 1659 1941 1733">
    <p class='ocr_par' dir='ltr' id='par_1_18' title="bbox 289 1659 1941 1733">
     <span class='ocr_line' id='line_1_18' title="bbox 289 1659 1941 1733; baseline -0.001 -17"><span class='ocrx_word' id='word_1_125' title='bbox 289 1660 445 1732; x_wconf 90' lang='lat' dir='ltr'>quod</span> <span class='ocrx_word' id='word_1_126' title='bbox 477 1660 679 1717; x_wconf 84' lang='lat' dir='ltr'>lancea</span> <span class='ocrx_word' id='word_1_127' title='bbox 705 1659 1077 1732; x_wconf 87' lang='lat' dir='ltr'>Burgundica</span> <span class='ocrx_word' id='word_1_128' title='bbox 1098 1660 1360 1716; x_wconf 82' lang='lat' dir='ltr'>confecta</span> <span class='ocrx_word' id='word_1_129' title='bbox 1383 1677 1511 1716; x_wconf 90' lang='lat' dir='ltr'>esse</span> <span class='ocrx_word' id='word_1_130' title='bbox 1538 1660 1754 1715; x_wconf 90' lang='lat' dir='ltr'>dicitur</span> <span class='ocrx_word' id='word_1_131' title='bbox 1775 1659 1941 1733; x_wconf 89' lang='lat'>(392).</span> 
     </span>
    </p>
   </div>
   <div class='ocr_carea' id='block_1_19' title="bbox 289 1747 1942 1820">
    <p class='ocr_par' dir='ltr' id='par_1_19' title="bbox 289 1747 1942 1820">
     <span class='ocr_line' id='line_1_19' title="bbox 289 1747 1942 1820; baseline 0.001 -18"><span class='ocrx_word' id='word_1_132' title='bbox 289 1748 479 1810; x_wconf 85' lang='lat' dir='ltr'>Quum</span> <span class='ocrx_word' id='word_1_133' title='bbox 514 1753 708 1802; x_wconf 87' lang='lat' dir='ltr'>autem</span> <span class='ocrx_word' id='word_1_134' title='bbox 740 1747 934 1802; x_wconf 86' lang='lat' dir='ltr'>tribus</span> <span class='ocrx_word' id='word_1_135' title='bbox 964 1747 1143 1803; x_wconf 85' lang='lat' dir='ltr'>clavis</span> <span class='ocrx_word' id='word_1_136' title='bbox 1176 1747 1509 1820; x_wconf 84' lang='lat' dir='ltr'>redemptor</span> <span class='ocrx_word' id='word_1_137' title='bbox 1542 1752 1740 1804; x_wconf 83' lang='lat' dir='ltr'>noster</span> <span class='ocrx_word' id='word_1_138' title='bbox 1785 1748 1942 1804; x_wconf 90' lang='lat' dir='ltr'>cruci</span> 
     </span>
    </p>
   </div>
   <div class='ocr_carea' id='block_1_20' title="bbox 290 1835 1940 1910">
    <p class='ocr_par' dir='ltr' id='par_1_20' title="bbox 290 1835 1940 1910">
     <span class='ocr_line' id='line_1_20' title="bbox 290 1835 1940 1910; baseline 0.001 -20"><span class='ocrx_word' id='word_1_139' title='bbox 290 1835 498 1892; x_wconf 87' lang='lat' dir='ltr'>afﬁxus</span> <span class='ocrx_word' id='word_1_140' title='bbox 523 1835 620 1903; x_wconf 89' lang='lat' dir='ltr'>sit,</span> <span class='ocrx_word' id='word_1_141' title='bbox 644 1835 766 1891; x_wconf 72' lang='lat' dir='ltr'>haec</span> <span class='ocrx_word' id='word_1_142' title='bbox 788 1836 987 1892; x_wconf 88' lang='lat' dir='ltr'>omnia</span> <span class='ocrx_word' id='word_1_143' title='bbox 1006 1837 1258 1892; x_wconf 87' lang='lat' dir='ltr'>exterius</span> <span class='ocrx_word' id='word_1_144' title='bbox 1279 1836 1688 1910; x_wconf 86' lang='lat' dir='ltr'>signiﬁcanda,</span> <span class='ocrx_word' id='word_1_145' title='bbox 1710 1842 1775 1893; x_wconf 94' lang='lat' dir='ltr'>ut</span> <span class='ocrx_word' id='word_1_146' title='bbox 1797 1837 1940 1892; x_wconf 84' lang='lat' dir='ltr'>mihi</span> 
     </span>
    </p>
   </div>
   <div class='ocr_carea' id='block_1_21' title="bbox 290 1923 1939 1996">
    <p class='ocr_par' dir='ltr' id='par_1_21' title="bbox 290 1923 1939 1996">
     <span class='ocr_line' id='line_1_21' title="bbox 290 1923 1939 1996; baseline 0.002 -17"><span class='ocrx_word' id='word_1_147' title='bbox 290 1938 640 1996; x_wconf 86' lang='lat' dir='ltr'>persuasum</span> <span class='ocrx_word' id='word_1_148' title='bbox 668 1923 876 1993; x_wconf 87' lang='lat' dir='ltr'>habeo,</span> <span class='ocrx_word' id='word_1_149' title='bbox 911 1929 1266 1982; x_wconf 87' lang='lat' dir='ltr'>censuerunt</span> <span class='ocrx_word' id='word_1_150' title='bbox 1312 1925 1572 1994; x_wconf 90' lang='lat' dir='ltr'>Ottones,</span> <span class='ocrx_word' id='word_1_151' title='bbox 1627 1931 1682 1982; x_wconf 91' lang='lat' dir='ltr'>et</span> <span class='ocrx_word' id='word_1_152' title='bbox 1731 1943 1939 1983; x_wconf 89' lang='lat' dir='ltr'>novam</span> 
     </span>
    </p>
   </div>
   <div class='ocr_carea' id='block_1_22' title="bbox 287 2013 1758 2085">
    <p class='ocr_par' dir='ltr' id='par_1_22' title="bbox 287 2013 1758 2085">
     <span class='ocr_line' id='line_1_22' title="bbox 287 2013 1758 2085; baseline 0.002 -18"><span class='ocrx_word' id='word_1_153' title='bbox 287 2027 634 2069; x_wconf 89' lang='lat' dir='ltr'>caronarum</span> <span class='ocrx_word' id='word_1_154' title='bbox 668 2013 918 2068; x_wconf 88' lang='lat' dir='ltr'>formam</span> <span class='ocrx_word' id='word_1_155' title='bbox 947 2014 1153 2069; x_wconf 87' lang='lat' dir='ltr'>conﬁci</span> <span class='ocrx_word' id='word_1_156' title='bbox 1178 2014 1437 2085; x_wconf 88' lang='lat' dir='ltr'>jussisse</span> <span class='ocrx_word' id='word_1_157' title='bbox 1467 2015 1758 2070; x_wconf 88' lang='lat' dir='ltr'>videntur.</span> 
     </span>
    </p>
   </div>
   <div class='ocr_carea' id='block_1_23' title="bbox 357 2101 1938 2175">
    <p class='ocr_par' dir='ltr' id='par_1_23' title="bbox 357 2101 1938 2175">
     <span class='ocr_line' id='line_1_23' title="bbox 357 2101 1938 2175; baseline 0.003 -19"><span class='ocrx_word' id='word_1_158' title='bbox 357 2101 459 2156; x_wconf 87' lang='lat' dir='ltr'>Est</span> <span class='ocrx_word' id='word_1_159' title='bbox 491 2102 549 2157; x_wconf 90' lang='lat' dir='ltr'>in</span> <span class='ocrx_word' id='word_1_160' title='bbox 585 2101 796 2158; x_wconf 75' lang='lat' dir='ltr'>Ottam’s</span> <span class='ocrx_word' id='word_1_161' title='bbox 829 2104 880 2158; x_wconf 88' lang='grc' dir='ltr'>ΙΙ</span> <span class='ocrx_word' id='word_1_162' title='bbox 906 2101 1117 2175; x_wconf 88' lang='lat' dir='ltr'>sigillis</span> <span class='ocrx_word' id='word_1_163' title='bbox 1147 2104 1415 2175; x_wconf 70' lang='lat' dir='ltr'>quaedam</span> <span class='ocrx_word' id='word_1_164' title='bbox 1463 2103 1791 2170; x_wconf 87' lang='lat' dir='ltr'>diversitas,</span> <span class='ocrx_word' id='word_1_165' title='bbox 1838 2105 1938 2160; x_wconf 91' lang='lat' dir='ltr'>sed</span> 
     </span>
    </p>
   </div>
   <div class='ocr_carea' id='block_1_24' title="bbox 288 2189 1939 2265">
    <p class='ocr_par' dir='ltr' id='par_1_24' title="bbox 288 2189 1939 2265">
     <span class='ocr_line' id='line_1_24' title="bbox 288 2189 1939 2265; baseline 0.002 -21"><span class='ocrx_word' id='word_1_166' title='bbox 288 2206 401 2245; x_wconf 91' lang='lat' dir='ltr'>non</span> <span class='ocrx_word' id='word_1_167' title='bbox 436 2189 577 2246; x_wconf 85' lang='lat' dir='ltr'>satis</span> <span class='ocrx_word' id='word_1_168' title='bbox 633 2195 883 2257; x_wconf 88' lang='lat' dir='ltr'>constat,</span> <span class='ocrx_word' id='word_1_169' title='bbox 935 2196 1224 2264; x_wconf 89' lang='lat' dir='ltr'>quantum</span> <span class='ocrx_word' id='word_1_170' title='bbox 1269 2191 1551 2247; x_wconf 91' lang='lat' dir='ltr'>debeatur</span> <span class='ocrx_word' id='word_1_171' title='bbox 1599 2193 1939 2265; x_wconf 70' lang='lat' dir='ltr'>ignorantia:</span> 
     </span>
    </p>
   </div>
   <div class='ocr_carea' id='block_1_25' title="bbox 287 2278 1938 2354">
    <p class='ocr_par' dir='ltr' id='par_1_25' title="bbox 287 2278 1938 2354">
     <span class='ocr_line' id='line_1_25' title="bbox 287 2278 1938 2354; baseline 0.002 -20"><span class='ocrx_word' id='word_1_172' title='bbox 287 2295 510 2348; x_wconf 89' lang='lat' dir='ltr'>eorum,</span> <span class='ocrx_word' id='word_1_173' title='bbox 544 2279 665 2350; x_wconf 92' lang='lat' dir='ltr'>qui,</span> <span class='ocrx_word' id='word_1_174' title='bbox 699 2280 796 2334; x_wconf 71' lang='lat' dir='ltr'>aeri</span> <span class='ocrx_word' id='word_1_175' title='bbox 832 2281 1050 2352; x_wconf 88' lang='lat' dir='ltr'>ﬁguras</span> <span class='ocrx_word' id='word_1_176' title='bbox 1083 2281 1425 2336; x_wconf 87' lang='lat' dir='ltr'>inciserunt.</span> <span class='ocrx_word' id='word_1_177' title='bbox 1461 2278 1728 2354; x_wconf 90' lang='lat' dir='ltr'>Sigillum</span> <span class='ocrx_word' id='word_1_178' title='bbox 1753 2282 1938 2354; x_wconf 90' lang='lat' dir='ltr'>quod-</span> 
     </span>
    </p>
   </div>
   <div class='ocr_carea' id='block_1_26' title="bbox 286 2367 1935 2443">
    <p class='ocr_par' dir='ltr' id='par_1_26' title="bbox 286 2367 1935 2443">
     <span class='ocr_line' id='line_1_26' title="bbox 286 2367 1935 2443; baseline 0.003 -22"><span class='ocrx_word' id='word_1_179' title='bbox 286 2367 422 2422; x_wconf 89' lang='lat' dir='ltr'>dam</span> <span class='ocrx_word' id='word_1_180' title='bbox 455 2368 608 2440; x_wconf 87' lang='lat' dir='ltr'>apud</span> <span class='ocrx_word' id='word_1_181' title='bbox 642 2367 953 2440; x_wconf 84' lang='lat' dir='ltr'>Zyllesium</span> <span class='ocrx_word' id='word_1_182' title='bbox 970 2368 1329 2441; x_wconf 90' lang='lat' dir='ltr'>singularem</span> <span class='ocrx_word' id='word_1_183' title='bbox 1345 2367 1562 2442; x_wconf 91' lang='lat' dir='ltr'>pileum</span> <span class='ocrx_word' id='word_1_184' title='bbox 1583 2370 1746 2426; x_wconf 82' lang='lat' dir='ltr'>oﬁ‘ert</span> <span class='ocrx_word' id='word_1_185' title='bbox 1767 2371 1935 2443; x_wconf 89' lang='lat'>(393).</span> 
     </span>
    </p>
   </div>
   <div class='ocr_carea' id='block_1_27' title="bbox 288 2455 1938 2530">
    <p class='ocr_par' dir='ltr' id='par_1_27' title="bbox 288 2455 1938 2530">
     <span class='ocr_line' id='line_1_27' title="bbox 288 2455 1938 2530; baseline 0.002 -20"><span class='ocrx_word' id='word_1_186' title='bbox 288 2456 348 2511; x_wconf 88' lang='lat' dir='ltr'>Id</span> <span class='ocrx_word' id='word_1_187' title='bbox 381 2456 534 2528; x_wconf 92' lang='lat' dir='ltr'>quod</span> <span class='ocrx_word' id='word_1_188' title='bbox 550 2455 886 2512; x_wconf 88' lang='lat' dir='ltr'>Shannatus</span> <span class='ocrx_word' id='word_1_189' title='bbox 900 2456 1102 2524; x_wconf 83' lang='lat' dir='ltr'>edidit,</span> <span class='ocrx_word' id='word_1_190' title='bbox 1119 2457 1339 2530; x_wconf 90' lang='lat' dir='ltr'>pileum</span> <span class='ocrx_word' id='word_1_191' title='bbox 1359 2455 1596 2530; x_wconf 90' lang='lat' dir='ltr'>quidem</span> <span class='ocrx_word' id='word_1_192' title='bbox 1620 2458 1719 2514; x_wconf 91' lang='lat' dir='ltr'>sed</span> <span class='ocrx_word' id='word_1_193' title='bbox 1741 2458 1938 2514; x_wconf 76' lang='lat' dir='ltr'>formae</span> 
     </span>
    </p>
   </div>
   <div class='ocr_carea' id='block_1_28' title="bbox 287 2543 1940 2619">
    <p class='ocr_par' dir='ltr' id='par_1_28' title="bbox 287 2543 1940 2619">
     <span class='ocr_line' id='line_1_28' title="bbox 287 2543 1940 2619; baseline 0.003 -21"><span class='ocrx_word' id='word_1_194' title='bbox 287 2543 592 2616; x_wconf 89' lang='lat' dir='ltr'>paululum</span> <span class='ocrx_word' id='word_1_195' title='bbox 625 2543 864 2602; x_wconf 64' lang='lat' dir='ltr'>diversa:</span> <span class='ocrx_word' id='word_1_196' title='bbox 895 2546 1135 2617; x_wconf 70' lang='lat' dir='ltr'>praebet,</span> <span class='ocrx_word' id='word_1_197' title='bbox 1156 2550 1276 2603; x_wconf 91' lang='lat' dir='ltr'>tres</span> <span class='ocrx_word' id='word_1_198' title='bbox 1297 2545 1520 2619; x_wconf 91' lang='lat' dir='ltr'>globuli</span> <span class='ocrx_word' id='word_1_199' title='bbox 1542 2564 1676 2603; x_wconf 93' lang='lat' dir='ltr'>vero</span> <span class='ocrx_word' id='word_1_200' title='bbox 1703 2546 1798 2602; x_wconf 89' lang='lat' dir='ltr'>hic</span> <span class='ocrx_word' id='word_1_201' title='bbox 1820 2563 1940 2603; x_wconf 88' lang='lat' dir='ltr'>me-</span> 
     </span>
    </p>
   </div>
   <div class='ocr_carea' id='block_1_29' title="bbox 287 2631 1940 2706">
    <p class='ocr_par' dir='ltr' id='par_1_29' title="bbox 287 2631 1940 2706">
     <span class='ocr_line' id='line_1_29' title="bbox 287 2631 1940 2706; baseline 0.004 -19"><span class='ocrx_word' id='word_1_202' title='bbox 287 2631 402 2689; x_wconf 88' lang='lat' dir='ltr'>lius</span> <span class='ocrx_word' id='word_1_203' title='bbox 433 2632 862 2706; x_wconf 82' lang='lat' dir='ltr'>dignoscantur</span> <span class='ocrx_word' id='word_1_204' title='bbox 892 2634 1058 2706; x_wconf 88' lang='grc'>(394).</span> <span class='ocrx_word' id='word_1_205' title='bbox 1093 2635 1367 2706; x_wconf 85' lang='lat' dir='ltr'>Ejusdem</span> <span class='ocrx_word' id='word_1_206' title='bbox 1409 2637 1547 2692; x_wconf 90' lang='lat' dir='ltr'>anni</span> <span class='ocrx_word' id='word_1_207' title='bbox 1590 2641 1648 2692; x_wconf 89' lang='lat' dir='ltr'>et</span> <span class='ocrx_word' id='word_1_208' title='bbox 1689 2637 1940 2693; x_wconf 88' lang='lat' dir='ltr'>eundem</span> 
     </span>
    </p>
   </div>
   <div class='ocr_carea' id='block_1_30' title="bbox 286 2720 1938 2805">
    <p class='ocr_par' dir='ltr' id='par_1_30' title="bbox 286 2720 1938 2805">
     <span class='ocr_line' id='line_1_30' title="bbox 286 2720 1938 2805; baseline 0.004 -31"><span class='ocrx_word' id='word_1_209' title='bbox 286 2725 488 2793; x_wconf 73' lang='lat' dir='ltr'>typum</span> <span class='ocrx_word' id='word_1_210' title='bbox 525 2720 735 2777; x_wconf 88' lang='lat' dir='ltr'>melius</span> <span class='ocrx_word' id='word_1_211' title='bbox 766 2727 822 2778; x_wconf 89' lang='lat' dir='ltr'>et</span> <span class='ocrx_word' id='word_1_212' title='bbox 851 2721 1456 2805; x_wconf 58' lang='lat' dir='ltr'>ﬁdeliuseXpressum</span> <span class='ocrx_word' id='word_1_213' title='bbox 1489 2723 1758 2780; x_wconf 88' lang='lat' dir='ltr'>videmus</span> <span class='ocrx_word' id='word_1_214' title='bbox 1781 2724 1938 2797; x_wconf 90' lang='lat' dir='ltr'>apud</span> 
     </span>
    </p>
   </div>
   <div class='ocr_carea' id='block_1_31' title="bbox 284 2809 1938 2884">
    <p class='ocr_par' dir='ltr' id='par_1_31' title="bbox 284 2809 1938 2884">
     <span class='ocr_line' id='line_1_31' title="bbox 284 2809 1938 2884; baseline 0.004 -20"><span class='ocrx_word' id='word_1_215' title='bbox 284 2809 592 2866; x_wconf 85' lang='lat' dir='ltr'>Eratbium</span> <span class='ocrx_word' id='word_1_216' title='bbox 625 2811 772 2882; x_wconf 83' lang='lat'>(395)</span> <span class='ocrx_word' id='word_1_217' title='bbox 807 2812 882 2883; x_wconf 91' lang='lat' dir='ltr'>(v.</span> <span class='ocrx_word' id='word_1_218' title='bbox 919 2810 1013 2882; x_wconf 89' lang='lat' dir='ltr'>ﬁg.</span> <span class='ocrx_word' id='word_1_219' title='bbox 1049 2812 1135 2879; x_wconf 87' lang='grc'>10,</span> <span class='ocrx_word' id='word_1_220' title='bbox 1169 2811 1285 2866; x_wconf 88' lang='lat' dir='ltr'>tab.</span> <span class='ocrx_word' id='word_1_221' title='bbox 1324 2813 1524 2884; x_wconf 89' lang='lat' dir='ltr'>nost.),</span> <span class='ocrx_word' id='word_1_222' title='bbox 1559 2814 1658 2868; x_wconf 91' lang='lat' dir='ltr'>ubi</span> <span class='ocrx_word' id='word_1_223' title='bbox 1700 2814 1938 2870; x_wconf 87' lang='lat' dir='ltr'>tandem</span> 
     </span>
    </p>
   </div>
   <div class='ocr_carea' id='block_1_32' title="bbox 286 2895 1937 2973">
    <p class='ocr_par' dir='ltr' id='par_1_32' title="bbox 286 2895 1937 2973">
     <span class='ocr_line' id='line_1_32' title="bbox 286 2895 1937 2973; baseline 0.004 -21"><span class='ocrx_word' id='word_1_224' title='bbox 286 2895 498 2954; x_wconf 87' lang='lat' dir='ltr'>clarior</span> <span class='ocrx_word' id='word_1_225' title='bbox 527 2895 763 2953; x_wconf 91' lang='lat' dir='ltr'>illorum</span> <span class='ocrx_word' id='word_1_226' title='bbox 797 2897 1170 2972; x_wconf 89' lang='lat' dir='ltr'>globulorum</span> <span class='ocrx_word' id='word_1_227' title='bbox 1205 2900 1394 2973; x_wconf 90' lang='lat' dir='ltr'>ﬁgura</span> <span class='ocrx_word' id='word_1_228' title='bbox 1423 2905 1634 2968; x_wconf 87' lang='lat' dir='ltr'>exstat,</span> <span class='ocrx_word' id='word_1_229' title='bbox 1658 2906 1722 2957; x_wconf 93' lang='lat' dir='ltr'>ut</span> <span class='ocrx_word' id='word_1_230' title='bbox 1744 2902 1801 2958; x_wconf 91' lang='lat' dir='ltr'>in</span> <span class='ocrx_word' id='word_1_231' title='bbox 1824 2902 1937 2958; x_wconf 83' lang='lat' dir='ltr'>alio</span> 
     </span>
    </p>
   </div>
   <div class='ocr_carea' id='block_1_33' title="bbox 285 2985 1936 3064">
    <p class='ocr_par' dir='ltr' id='par_1_33' title="bbox 285 2985 1936 3064">
     <span class='ocr_line' id='line_1_33' title="bbox 285 2985 1936 3064; baseline 0.004 -24"><span class='ocrx_word' id='word_1_232' title='bbox 285 2990 422 3058; x_wconf 76' lang='lat' dir='ltr'>typo</span> <span class='ocrx_word' id='word_1_233' title='bbox 455 2985 761 3058; x_wconf 88' lang='lat' dir='ltr'>Originum</span> <span class='ocrx_word' id='word_1_234' title='bbox 793 2986 1245 3060; x_wconf 87' lang='lat' dir='ltr'>Guelphicarum</span> <span class='ocrx_word' id='word_1_235' title='bbox 1295 2991 1473 3062; x_wconf 89' lang='lat' dir='ltr'>atque</span> <span class='ocrx_word' id='word_1_236' title='bbox 1518 2990 1735 3046; x_wconf 87' lang='lat' dir='ltr'>Erathii</span> <span class='ocrx_word' id='word_1_237' title='bbox 1786 2992 1936 3064; x_wconf 87' lang='lat'>(396)</span> 
     </span>
    </p>
   </div>
   <div class='ocr_carea' id='block_1_34' title="bbox 287 3075 1932 3151">
    <p class='ocr_par' dir='ltr' id='par_1_34' title="bbox 287 3075 1932 3151">
     <span class='ocr_line' id='line_1_34' title="bbox 287 3075 1932 3151; baseline 0.004 -22"><span class='ocrx_word' id='word_1_238' title='bbox 287 3075 359 3146; x_wconf 72' lang='lat' dir='ltr'>(&#39;v.</span> <span class='ocrx_word' id='word_1_239' title='bbox 395 3075 492 3148; x_wconf 89' lang='lat' dir='ltr'>ﬁg.</span> <span class='ocrx_word' id='word_1_240' title='bbox 525 3077 632 3146; x_wconf 89' lang='grc'>11).</span> <span class='ocrx_word' id='word_1_241' title='bbox 669 3076 792 3140; x_wconf 87' lang='lat' dir='ltr'>Qua</span> <span class='ocrx_word' id='word_1_242' title='bbox 825 3075 896 3131; x_wconf 92' lang='lat' dir='ltr'>de</span> <span class='ocrx_word' id='word_1_243' title='bbox 928 3093 1106 3133; x_wconf 89' lang='lat' dir='ltr'>causa</span> <span class='ocrx_word' id='word_1_244' title='bbox 1137 3077 1385 3149; x_wconf 83' lang='lat' dir='ltr'>figuram</span> <span class='ocrx_word' id='word_1_245' title='bbox 1428 3077 1655 3151; x_wconf 76' lang='lat' dir='ltr'>Zyllesii</span> <span class='ocrx_word' id='word_1_246' title='bbox 1701 3084 1756 3136; x_wconf 91' lang='lat' dir='ltr'>et</span> <span class='ocrx_word' id='word_1_247' title='bbox 1801 3080 1932 3136; x_wconf 86' lang='lat' dir='ltr'>Hei-</span> 
     </span>
    </p>
   </div>
   <div class='ocr_carea' id='block_1_35' title="bbox 2057 505 3729 582">
    <p class='ocr_par' dir='ltr' id='par_1_35' title="bbox 2057 505 3729 582">
     <span class='ocr_line' id='line_1_35' title="bbox 2057 505 3729 582; baseline 0.002 -21"><span class='ocrx_word' id='word_1_248' title='bbox 2057 506 2231 574; x_wconf 87' lang='lat' dir='ltr'>trius,</span> <span class='ocrx_word' id='word_1_249' title='bbox 2262 510 2319 562; x_wconf 90' lang='lat' dir='ltr'>et</span> <span class='ocrx_word' id='word_1_250' title='bbox 2341 507 2439 580; x_wconf 89' lang='lat' dir='ltr'>qui</span> <span class='ocrx_word' id='word_1_251' title='bbox 2464 525 2769 580; x_wconf 84' lang='lat' dir='ltr'>nunquam</span> <span class='ocrx_word' id='word_1_252' title='bbox 2793 508 2871 564; x_wconf 90' lang='lat' dir='ltr'>sit</span> <span class='ocrx_word' id='word_1_253' title='bbox 2895 508 3198 582; x_wconf 86' lang='lat' dir='ltr'>peregrino</span> <span class='ocrx_word' id='word_1_254' title='bbox 3219 525 3388 566; x_wconf 87' lang='lat' dir='ltr'>usus.</span> <span class='ocrx_word' id='word_1_255' title='bbox 3410 505 3570 565; x_wconf 76' lang='lat' dir='ltr'>»&#39;Hic</span> <span class='ocrx_word' id='word_1_256' title='bbox 3597 509 3729 566; x_wconf 77' lang='lat' dir='ltr'>suf—</span> 
     </span>
    </p>
   </div>
   <div class='ocr_carea' id='block_1_36' title="bbox 2059 595 3728 670">
    <p class='ocr_par' dir='ltr' id='par_1_36' title="bbox 2059 595 3728 670">
     <span class='ocr_line' id='line_1_36' title="bbox 2059 595 3728 670; baseline 0.003 -20"><span class='ocrx_word' id='word_1_257' title='bbox 2059 595 2182 651; x_wconf 83' lang='lat' dir='ltr'>ﬁcit</span> <span class='ocrx_word' id='word_1_258' title='bbox 2209 600 2586 667; x_wconf 85' lang='lat' dir='ltr'>monstrasse,</span> <span class='ocrx_word' id='word_1_259' title='bbox 2619 613 2894 670; x_wconf 88' lang='lat' dir='ltr'>magnam</span> <span class='ocrx_word' id='word_1_260' title='bbox 2939 597 3338 655; x_wconf 86' lang='lat' dir='ltr'>diversitatem</span> <span class='ocrx_word' id='word_1_261' title='bbox 3388 599 3450 653; x_wconf 84' lang='lat' dir='ltr'>in</span> <span class='ocrx_word' id='word_1_262' title='bbox 3503 598 3728 670; x_wconf 83' lang='lat' dir='ltr'>capitis</span> 
     </span>
    </p>
   </div>
   <div class='ocr_carea' id='block_1_37' title="bbox 2058 684 3725 760">
    <p class='ocr_par' dir='ltr' id='par_1_37' title="bbox 2058 684 3725 760">
     <span class='ocr_line' id='line_1_37' title="bbox 2058 684 3725 760; baseline 0.004 -22"><span class='ocrx_word' id='word_1_263' title='bbox 2058 685 2417 757; x_wconf 86' lang='lat' dir='ltr'>tegumentis</span> <span class='ocrx_word' id='word_1_264' title='bbox 2449 684 2536 741; x_wconf 86' lang='lat' dir='ltr'>vel</span> <span class='ocrx_word' id='word_1_265' title='bbox 2568 693 2819 754; x_wconf 82' lang='lat' dir='ltr'>coronis,</span> <span class='ocrx_word' id='word_1_266' title='bbox 2852 686 3215 743; x_wconf 84' lang='lat' dir='ltr'>intercedere</span> <span class='ocrx_word' id='word_1_267' title='bbox 3242 691 3382 746; x_wconf 84' lang='lat' dir='ltr'>tunc</span> <span class='ocrx_word' id='word_1_268' title='bbox 3404 687 3725 760; x_wconf 80' lang='lat' dir='ltr'>temporis,</span> 
     </span>
    </p>
   </div>
   <div class='ocr_carea' id='block_1_38' title="bbox 2058 773 3729 847">
    <p class='ocr_par' dir='ltr' id='par_1_38' title="bbox 2058 773 3729 847">
     <span class='ocr_line' id='line_1_38' title="bbox 2058 773 3729 847; baseline 0.002 -19"><span class='ocrx_word' id='word_1_269' title='bbox 2058 773 2176 828; x_wconf 90' lang='lat' dir='ltr'>fere</span> <span class='ocrx_word' id='word_1_270' title='bbox 2206 773 2410 829; x_wconf 90' lang='lat' dir='ltr'>eodem</span> <span class='ocrx_word' id='word_1_271' title='bbox 2445 774 2639 844; x_wconf 93' lang='lat' dir='ltr'>modo,</span> <span class='ocrx_word' id='word_1_272' title='bbox 2664 791 2780 847; x_wconf 89' lang='lat' dir='ltr'>quo</span> <span class='ocrx_word' id='word_1_273' title='bbox 2807 792 2963 832; x_wconf 91' lang='lat' dir='ltr'>nunc</span> <span class='ocrx_word' id='word_1_274' title='bbox 2991 775 3477 834; x_wconf 84' lang='lat' dir='ltr'>vestimentorum</span> <span class='ocrx_word' id='word_1_275' title='bbox 3523 776 3729 834; x_wconf 80' lang='lat' dir='ltr'>forma</span> 
     </span>
    </p>
   </div>
   <div class='ocr_carea' id='block_1_39' title="bbox 2058 861 2680 920">
    <p class='ocr_par' dir='ltr' id='par_1_39' title="bbox 2058 861 2680 920">
     <span class='ocr_line' id='line_1_39' title="bbox 2058 861 2680 920; baseline 0.006 -4"><span class='ocrx_word' id='word_1_276' title='bbox 2058 866 2320 918; x_wconf 85' lang='lat' dir='ltr'>mutatur</span> <span class='ocrx_word' id='word_1_277' title='bbox 2346 861 2406 918; x_wconf 88' lang='lat' dir='ltr'>in</span> <span class='ocrx_word' id='word_1_278' title='bbox 2437 879 2680 920; x_wconf 87' lang='lat' dir='ltr'>annum.</span> 
     </span>
    </p>
   </div>
   <div class='ocr_carea' id='block_1_40' title="bbox 2129 951 3720 1026">
    <p class='ocr_par' dir='ltr' id='par_1_40' title="bbox 2129 951 3720 1026">
     <span class='ocr_line' id='line_1_40' title="bbox 2129 951 3720 1026; baseline 0.005 -22"><span class='ocrx_word' id='word_1_279' title='bbox 2129 952 2192 1006; x_wconf 85' lang='lat' dir='ltr'>In</span> <span class='ocrx_word' id='word_1_280' title='bbox 2230 951 2436 1008; x_wconf 78' lang='lat' dir='ltr'>Ottonis</span> <span class='ocrx_word' id='word_1_281' title='bbox 2464 953 2539 1008; x_wconf 87' lang='lat' dir='ltr'>III</span> <span class='ocrx_word' id='word_1_282' title='bbox 2568 952 2780 1026; x_wconf 86' lang='lat' dir='ltr'>sigillis</span> <span class='ocrx_word' id='word_1_283' title='bbox 2826 953 3096 1011; x_wconf 87' lang='lat' dir='ltr'>videmus</span> <span class='ocrx_word' id='word_1_284' title='bbox 3149 970 3358 1012; x_wconf 76' lang='lat' dir='ltr'>novam</span> <span class='ocrx_word' id='word_1_285' title='bbox 3407 969 3720 1023; x_wconf 89' lang='lat' dir='ltr'>coronam,</span> 
     </span>
    </p>
   </div>
   <div class='ocr_carea' id='block_1_41' title="bbox 2055 1037 3721 1117">
    <p class='ocr_par' dir='ltr' id='par_1_41' title="bbox 2055 1037 3721 1117">
     <span class='ocr_line' id='line_1_41' title="bbox 2055 1037 3721 1117; baseline 0.004 -24"><span class='ocrx_word' id='word_1_286' title='bbox 2055 1037 2196 1094; x_wconf 88' lang='lat' dir='ltr'>liliis</span> <span class='ocrx_word' id='word_1_287' title='bbox 2226 1040 2418 1096; x_wconf 88' lang='lat' dir='ltr'>tribus</span> <span class='ocrx_word' id='word_1_288' title='bbox 2447 1045 2711 1096; x_wconf 89' lang='lat' dir='ltr'>ornatam</span> <span class='ocrx_word' id='word_1_289' title='bbox 2747 1041 2917 1114; x_wconf 87' lang='lat'>(399),</span> <span class='ocrx_word' id='word_1_290' title='bbox 2969 1045 3072 1099; x_wconf 86' lang='lat' dir='ltr'>aut</span> <span class='ocrx_word' id='word_1_291' title='bbox 3118 1043 3295 1100; x_wconf 86' lang='lat' dir='ltr'>etiam</span> <span class='ocrx_word' id='word_1_292' title='bbox 3343 1043 3721 1117; x_wconf 84' lang='lat' dir='ltr'>hemisphri-</span> 
     </span>
    </p>
   </div>
   <div class='ocr_carea' id='block_1_42' title="bbox 2056 1127 3718 1205">
    <p class='ocr_par' dir='ltr' id='par_1_42' title="bbox 2056 1127 3718 1205">
     <span class='ocr_line' id='line_1_42' title="bbox 2056 1127 3718 1205; baseline 0.004 -22"><span class='ocrx_word' id='word_1_293' title='bbox 2056 1144 2190 1184; x_wconf 90' lang='lat' dir='ltr'>cum</span> <span class='ocrx_word' id='word_1_294' title='bbox 2225 1127 2444 1200; x_wconf 86' lang='lat' dir='ltr'>pileum</span> <span class='ocrx_word' id='word_1_295' title='bbox 2475 1130 2665 1186; x_wconf 89' lang='lat' dir='ltr'>tribus</span> <span class='ocrx_word' id='word_1_296' title='bbox 2694 1129 2836 1187; x_wconf 88' lang='lat' dir='ltr'>liliis</span> <span class='ocrx_word' id='word_1_297' title='bbox 2871 1136 3186 1200; x_wconf 80' lang='lat' dir='ltr'>ornatum;</span> <span class='ocrx_word' id='word_1_298' title='bbox 3218 1137 3430 1205; x_wconf 73' lang='lat' dir='ltr'>quarta</span> <span class='ocrx_word' id='word_1_299' title='bbox 3466 1148 3608 1190; x_wconf 88' lang='lat' dir='ltr'>vero</span> <span class='ocrx_word' id='word_1_300' title='bbox 3653 1133 3718 1190; x_wconf 78' lang='lat' dir='ltr'>in</span> 
     </span>
    </p>
   </div>
   <div class='ocr_carea' id='block_1_43' title="bbox 2057 1217 3716 1294">
    <p class='ocr_par' dir='ltr' id='par_1_43' title="bbox 2057 1217 3716 1294">
     <span class='ocr_line' id='line_1_43' title="bbox 2057 1217 3716 1294; baseline 0.004 -22"><span class='ocrx_word' id='word_1_301' title='bbox 2057 1217 2396 1273; x_wconf 84' lang='lat' dir='ltr'>summitate</span> <span class='ocrx_word' id='word_1_302' title='bbox 2426 1218 2687 1274; x_wconf 90' lang='lat' dir='ltr'>cernitur</span> <span class='ocrx_word' id='word_1_303' title='bbox 2709 1221 2880 1290; x_wconf 84' lang='grc'>(400).</span> <span class='ocrx_word' id='word_1_304' title='bbox 2913 1224 2978 1276; x_wconf 83' lang='lat' dir='ltr'>In</span> <span class='ocrx_word' id='word_1_305' title='bbox 3012 1221 3183 1278; x_wconf 88' lang='lat' dir='ltr'>unico</span> <span class='ocrx_word' id='word_1_306' title='bbox 3214 1221 3478 1294; x_wconf 84' lang='lat' dir='ltr'>exemplo</span> <span class='ocrx_word' id='word_1_307' title='bbox 3502 1225 3582 1294; x_wconf 92' lang='lat' dir='ltr'>(v.</span> <span class='ocrx_word' id='word_1_308' title='bbox 3608 1222 3716 1294; x_wconf 81' lang='lat' dir='ltr'>ﬁg.</span> 
     </span>
    </p>
   </div>
   <div class='ocr_carea' id='block_1_44' title="bbox 2056 1305 3710 1384">
    <p class='ocr_par' dir='ltr' id='par_1_44' title="bbox 2056 1305 3710 1384">
     <span class='ocr_line' id='line_1_44' title="bbox 2056 1305 3710 1384; baseline 0.004 -23"><span class='ocrx_word' id='word_1_309' title='bbox 2056 1305 2146 1377; x_wconf 77' lang='grc'>44)</span> <span class='ocrx_word' id='word_1_310' title='bbox 2179 1307 2317 1362; x_wconf 89' lang='lat' dir='ltr'>anni</span> <span class='ocrx_word' id='word_1_311' title='bbox 2349 1306 2455 1361; x_wconf 91' lang='lat'>996</span> <span class='ocrx_word' id='word_1_312' title='bbox 2483 1323 2699 1364; x_wconf 88' lang='lat' dir='ltr'>corona</span> <span class='ocrx_word' id='word_1_313' title='bbox 2728 1307 2830 1364; x_wconf 89' lang='lat' dir='ltr'>illa</span> <span class='ocrx_word' id='word_1_314' title='bbox 2857 1325 2994 1365; x_wconf 92' lang='lat' dir='ltr'>cum</span> <span class='ocrx_word' id='word_1_315' title='bbox 3018 1308 3217 1367; x_wconf 86' lang='lat' dir='ltr'>tribus</span> <span class='ocrx_word' id='word_1_316' title='bbox 3228 1309 3487 1384; x_wconf 84' lang='lat' dir='ltr'>globulis</span> <span class='ocrx_word' id='word_1_317' title='bbox 3508 1326 3710 1368; x_wconf 59' lang='lat' dir='ltr'>occurs</span> 
     </span>
    </p>
   </div>
   <div class='ocr_carea' id='block_1_45' title="bbox 2057 1394 2331 1465">
    <p class='ocr_par' dir='ltr' id='par_1_45' title="bbox 2057 1394 2331 1465">
     <span class='ocr_line' id='line_1_45' title="bbox 2057 1394 2331 1465; baseline 0.004 -17"><span class='ocrx_word' id='word_1_318' title='bbox 2057 1394 2134 1449; x_wconf 90' lang='lat' dir='ltr'>rit</span> <span class='ocrx_word' id='word_1_319' title='bbox 2165 1395 2331 1465; x_wconf 66' lang='lat'>(401).</span> 
     </span>
    </p>
   </div>
   <div class='ocr_carea' id='block_1_46' title="bbox 2126 1470 3719 1560">
    <p class='ocr_par' dir='ltr' id='par_1_46' title="bbox 2126 1470 3719 1560">
     <span class='ocr_line' id='line_1_46' title="bbox 2126 1470 3719 1560; baseline 0.005 -22"><span class='ocrx_word' id='word_1_320' title='bbox 2126 1483 2387 1540; x_wconf 89' lang='lat' dir='ltr'>Tandem</span> <span class='ocrx_word' id='word_1_321' title='bbox 2437 1487 2659 1542; x_wconf 75' lang='lat' dir='ltr'>Henrici</span> <span class='ocrx_word' id='word_1_322' title='bbox 2705 1488 2760 1542; x_wconf 79' lang='grc' dir='ltr'><em>ιι</em></span> <span class='ocrx_word' id='word_1_323' title='bbox 2803 1470 2981 1559; x_wconf 58' lang='lat'>(102);</span> <span class='ocrx_word' id='word_1_324' title='bbox 3027 1488 3274 1545; x_wconf 77' lang='lat' dir='ltr'>Conradi</span> <span class='ocrx_word' id='word_1_325' title='bbox 3322 1493 3388 1545; x_wconf 57' lang='grc' dir='ltr'>ιιι</span> <span class='ocrx_word' id='word_1_326' title='bbox 3426 1489 3603 1560; x_wconf 72' lang='grc'>(403).</span> <span class='ocrx_word' id='word_1_327' title='bbox 3655 1492 3719 1546; x_wconf 84' lang='lat' dir='ltr'>et</span> 
     </span>
    </p>
   </div>
   <div class='ocr_carea' id='block_1_47' title="bbox 2055 1573 3716 1650">
    <p class='ocr_par' dir='ltr' id='par_1_47' title="bbox 2055 1573 3716 1650">
     <span class='ocr_line' id='line_1_47' title="bbox 2055 1573 3716 1650; baseline 0.004 -22"><span class='ocrx_word' id='word_1_328' title='bbox 2055 1573 2279 1628; x_wconf 78' lang='lat' dir='ltr'>Henrici</span> <span class='ocrx_word' id='word_1_329' title='bbox 2305 1575 2387 1629; x_wconf 85' lang='lat' dir='ltr'><strong><em>III</em></strong></span> <span class='ocrx_word' id='word_1_330' title='bbox 2413 1574 2556 1645; x_wconf 84' lang='grc'>(404)</span> <span class='ocrx_word' id='word_1_331' title='bbox 2583 1579 2815 1630; x_wconf 84' lang='lat' dir='ltr'>exstant</span> <span class='ocrx_word' id='word_1_332' title='bbox 2840 1574 3126 1632; x_wconf 87' lang='lat' dir='ltr'>nonnulla</span> <span class='ocrx_word' id='word_1_333' title='bbox 3154 1576 3370 1650; x_wconf 87' lang='lat' dir='ltr'>sigilla,</span> <span class='ocrx_word' id='word_1_334' title='bbox 3403 1576 3461 1635; x_wconf 82' lang='lat' dir='ltr'>in</span> <span class='ocrx_word' id='word_1_335' title='bbox 3487 1577 3716 1650; x_wconf 74' lang='lat' dir='ltr'>quibus</span> 
     </span>
    </p>
   </div>
   <div class='ocr_carea' id='block_1_48' title="bbox 2053 1660 3714 1737">
    <p class='ocr_par' dir='ltr' id='par_1_48' title="bbox 2053 1660 3714 1737">
     <span class='ocr_line' id='line_1_48' title="bbox 2053 1660 3714 1737; baseline 0.005 -22"><span class='ocrx_word' id='word_1_336' title='bbox 2053 1660 2136 1715; x_wconf 92' lang='lat' dir='ltr'>illi</span> <span class='ocrx_word' id='word_1_337' title='bbox 2170 1660 2395 1733; x_wconf 91' lang='lat' dir='ltr'>globuli</span> <span class='ocrx_word' id='word_1_338' title='bbox 2425 1663 2654 1718; x_wconf 91' lang='lat' dir='ltr'>coronis</span> <span class='ocrx_word' id='word_1_339' title='bbox 2685 1663 2841 1719; x_wconf 89' lang='lat' dir='ltr'>afﬁxi</span> <span class='ocrx_word' id='word_1_340' title='bbox 2872 1669 3209 1737; x_wconf 83' lang='lat' dir='ltr'>appareant.</span> <span class='ocrx_word' id='word_1_341' title='bbox 3244 1665 3450 1722; x_wconf 85' lang='lat' dir='ltr'>Postea</span> <span class='ocrx_word' id='word_1_342' title='bbox 3473 1665 3714 1722; x_wconf 83' lang='lat' dir='ltr'>nullum</span> 
     </span>
    </p>
   </div>
   <div class='ocr_carea' id='block_1_49' title="bbox 2053 1749 3717 1827">
    <p class='ocr_par' dir='ltr' id='par_1_49' title="bbox 2053 1749 3717 1827">
     <span class='ocr_line' id='line_1_49' title="bbox 2053 1749 3717 1827; baseline 0.005 -23"><span class='ocrx_word' id='word_1_343' title='bbox 2053 1750 2112 1804; x_wconf 92' lang='lat' dir='ltr'>in</span> <span class='ocrx_word' id='word_1_344' title='bbox 2143 1749 2372 1806; x_wconf 90' lang='lat' dir='ltr'>coronis</span> <span class='ocrx_word' id='word_1_345' title='bbox 2396 1755 2819 1822; x_wconf 88' lang='lat' dir='ltr'>lmperatorum</span> <span class='ocrx_word' id='word_1_346' title='bbox 2842 1752 3210 1824; x_wconf 62' lang='lat' dir='ltr'>(Germanias)</span> <span class='ocrx_word' id='word_1_347' title='bbox 3235 1755 3422 1826; x_wconf 87' lang='lat' dir='ltr'>reperi</span> <span class='ocrx_word' id='word_1_348' title='bbox 3442 1753 3717 1827; x_wconf 77' lang='lat' dir='ltr'>globulo-</span> 
     </span>
    </p>
   </div>
   <div class='ocr_carea' id='block_1_50' title="bbox 2052 1839 3714 1918">
    <p class='ocr_par' dir='ltr' id='par_1_50' title="bbox 2052 1839 3714 1918">
     <span class='ocr_line' id='line_1_50' title="bbox 2052 1839 3714 1918; baseline 0.005 -25"><span class='ocrx_word' id='word_1_349' title='bbox 2052 1855 2182 1894; x_wconf 89' lang='lat' dir='ltr'>rum</span> <span class='ocrx_word' id='word_1_350' title='bbox 2196 1839 2548 1913; x_wconf 86' lang='lat' dir='ltr'>exemplum.</span> <span class='ocrx_word' id='word_1_351' title='bbox 2567 1841 2764 1913; x_wconf 85' lang='lat' dir='ltr'>Neque</span> <span class='ocrx_word' id='word_1_352' title='bbox 2776 1840 2835 1897; x_wconf 89' lang='lat' dir='ltr'>in</span> <span class='ocrx_word' id='word_1_353' title='bbox 2856 1841 3069 1914; x_wconf 86' lang='lat' dir='ltr'>sigillis</span> <span class='ocrx_word' id='word_1_354' title='bbox 3088 1842 3338 1900; x_wconf 84' lang='lat' dir='ltr'>aliorum</span> <span class='ocrx_word' id='word_1_355' title='bbox 3352 1843 3714 1918; x_wconf 76' lang='lat' dir='ltr'>populorum</span> 
     </span>
    </p>
   </div>
   <div class='ocr_carea' id='block_1_51' title="bbox 2049 1927 3714 2005">
    <p class='ocr_par' dir='ltr' id='par_1_51' title="bbox 2049 1927 3714 2005">
     <span class='ocr_line' id='line_1_51' title="bbox 2049 1927 3714 2005; baseline 0.004 -22"><span class='ocrx_word' id='word_1_356' title='bbox 2049 1927 2238 1984; x_wconf 91' lang='lat' dir='ltr'>ullum</span> <span class='ocrx_word' id='word_1_357' title='bbox 2270 1928 2483 1984; x_wconf 80' lang='lat' dir='ltr'>offendi</span> <span class='ocrx_word' id='word_1_358' title='bbox 2516 1929 2812 2002; x_wconf 82' lang='lat' dir='ltr'>exemplar</span> <span class='ocrx_word' id='word_1_359' title='bbox 2841 1947 3065 1987; x_wconf 68' lang='lat' dir='ltr'>coronis</span> <span class='ocrx_word' id='word_1_360' title='bbox 3093 1931 3284 1989; x_wconf 84' lang='lat' dir='ltr'>tribus</span> <span class='ocrx_word' id='word_1_361' title='bbox 3312 1930 3431 1990; x_wconf 87' lang='lat' dir='ltr'>illis</span> <span class='ocrx_word' id='word_1_362' title='bbox 3450 1933 3714 2005; x_wconf 68' lang='lat' dir='ltr'>globuli!</span> 
     </span>
    </p>
   </div>
   <div class='ocr_carea' id='block_1_52' title="bbox 2050 2022 2290 2073">
    <p class='ocr_par' dir='ltr' id='par_1_52' title="bbox 2050 2022 2290 2073">
     <span class='ocr_line' id='line_1_52' title="bbox 2050 2022 2290 2073; baseline 0 -1"><span class='ocrx_word' id='word_1_363' title='bbox 2050 2022 2290 2073; x_wconf 68' lang='lat' dir='ltr'>ornatae.</span> 
     </span>
    </p>
   </div>
   <div class='ocr_carea' id='block_1_53' title="bbox 2121 2105 3714 2179">
    <p class='ocr_par' dir='ltr' id='par_1_53' title="bbox 2121 2105 3714 2179">
     <span class='ocr_line' id='line_1_53' title="bbox 2121 2105 3714 2179; baseline 0.003 -19"><span class='ocrx_word' id='word_1_364' title='bbox 2121 2105 2264 2161; x_wconf 86' lang='lat' dir='ltr'>Hinc</span> <span class='ocrx_word' id='word_1_365' title='bbox 2297 2107 2590 2162; x_wconf 87' lang='lat' dir='ltr'>afﬁrmare</span> <span class='ocrx_word' id='word_1_366' title='bbox 2620 2123 2791 2179; x_wconf 90' lang='lat' dir='ltr'>posse</span> <span class='ocrx_word' id='word_1_367' title='bbox 2825 2108 2970 2163; x_wconf 87' lang='lat' dir='ltr'>mihi</span> <span class='ocrx_word' id='word_1_368' title='bbox 2998 2107 3218 2178; x_wconf 86' lang='lat' dir='ltr'>videor,</span> <span class='ocrx_word' id='word_1_369' title='bbox 3250 2125 3380 2165; x_wconf 89' lang='lat' dir='ltr'>eam</span> <span class='ocrx_word' id='word_1_370' title='bbox 3403 2123 3714 2176; x_wconf 79' lang='lat' dir='ltr'>coronam-,-</span> 
     </span>
    </p>
   </div>
   <div class='ocr_carea' id='block_1_54' title="bbox 2048 2194 3713 2271">
    <p class='ocr_par' dir='ltr' id='par_1_54' title="bbox 2048 2194 3713 2271">
     <span class='ocr_line' id='line_1_54' title="bbox 2048 2194 3713 2271; baseline 0.005 -23"><span class='ocrx_word' id='word_1_371' title='bbox 2048 2210 2227 2264; x_wconf 90' lang='lat' dir='ltr'>quam</span> <span class='ocrx_word' id='word_1_372' title='bbox 2259 2194 2477 2268; x_wconf 89' lang='lat' dir='ltr'>Misego</span> <span class='ocrx_word' id='word_1_373' title='bbox 2509 2195 2559 2251; x_wconf 88' lang='grc'>11</span> <span class='ocrx_word' id='word_1_374' title='bbox 2591 2197 2649 2251; x_wconf 90' lang='lat' dir='ltr'>in</span> <span class='ocrx_word' id='word_1_375' title='bbox 2682 2201 2882 2253; x_wconf 88' lang='lat' dir='ltr'>nostra</span> <span class='ocrx_word' id='word_1_376' title='bbox 2913 2197 3070 2269; x_wconf 86' lang='lat' dir='ltr'>picta</span> <span class='ocrx_word' id='word_1_377' title='bbox 3099 2202 3295 2271; x_wconf 84' lang='lat' dir='ltr'>gestat</span> <span class='ocrx_word' id='word_1_378' title='bbox 3317 2197 3527 2270; x_wconf 81' lang='lat' dir='ltr'>ﬁgura,</span> <span class='ocrx_word' id='word_1_379' title='bbox 3575 2211 3713 2256; x_wconf 79' lang='lat' dir='ltr'>esse</span> 
     </span>
    </p>
   </div>
   <div class='ocr_carea' id='block_1_55' title="bbox 2047 2281 3711 2359">
    <p class='ocr_par' dir='ltr' id='par_1_55' title="bbox 2047 2281 3711 2359">
     <span class='ocr_line' id='line_1_55' title="bbox 2047 2281 3711 2359; baseline 0.004 -22"><span class='ocrx_word' id='word_1_380' title='bbox 2047 2282 2234 2354; x_wconf 88' lang='lat' dir='ltr'>ipsam</span> <span class='ocrx_word' id='word_1_381' title='bbox 2269 2281 2451 2351; x_wconf 88' lang='lat' dir='ltr'>illam,</span> <span class='ocrx_word' id='word_1_382' title='bbox 2487 2300 2603 2356; x_wconf 89' lang='lat' dir='ltr'>qua</span> <span class='ocrx_word' id='word_1_383' title='bbox 2625 2285 2755 2340; x_wconf 92' lang='lat' dir='ltr'>Otto</span> <span class='ocrx_word' id='word_1_384' title='bbox 2781 2285 2854 2341; x_wconf 84' lang='grc'>111</span> <span class='ocrx_word' id='word_1_385' title='bbox 2876 2285 3256 2354; x_wconf 83' lang='lat' dir='ltr'>Bolizlavum,</span> <span class='ocrx_word' id='word_1_386' title='bbox 3281 2290 3509 2359; x_wconf 87' lang='lat' dir='ltr'>patrem</span> <span class='ocrx_word' id='word_1_387' title='bbox 3530 2286 3711 2345; x_wconf 74' lang='lat' dir='ltr'>Mise-</span> 
     </span>
    </p>
   </div>
   <div class='ocr_carea' id='block_1_56' title="bbox 2047 2370 3710 2448">
    <p class='ocr_par' dir='ltr' id='par_1_56' title="bbox 2047 2370 3710 2448">
     <span class='ocr_line' id='line_1_56' title="bbox 2047 2370 3710 2448; baseline 0.004 -22"><span class='ocrx_word' id='word_1_388' title='bbox 2047 2370 2236 2444; x_wconf 90' lang='lat' dir='ltr'>gonis,</span> <span class='ocrx_word' id='word_1_389' title='bbox 2258 2371 2644 2429; x_wconf 88' lang='lat' dir='ltr'>honoraverit.</span> <span class='ocrx_word' id='word_1_390' title='bbox 2666 2373 2892 2429; x_wconf 79' lang='lat' dir='ltr'>Addam</span> <span class='ocrx_word' id='word_1_391' title='bbox 2914 2373 2973 2430; x_wconf 90' lang='lat' dir='ltr'>in</span> <span class='ocrx_word' id='word_1_392' title='bbox 2996 2379 3198 2431; x_wconf 89' lang='lat' dir='ltr'>nostro</span> <span class='ocrx_word' id='word_1_393' title='bbox 3211 2375 3428 2443; x_wconf 86' lang='lat' dir='ltr'>codice,</span> <span class='ocrx_word' id='word_1_394' title='bbox 3447 2376 3710 2448; x_wconf 72' lang='lat' dir='ltr'>ﬁguram</span> 
     </span>
    </p>
   </div>
   <div class='ocr_carea' id='block_1_57' title="bbox 2053 2459 3707 2533">
    <p class='ocr_par' dir='ltr' id='par_1_57' title="bbox 2053 2459 3707 2533">
     <span class='ocr_line' id='line_1_57' title="bbox 2053 2459 3707 2533; baseline 0.003 -17"><span class='ocrx_word' id='word_1_395' title='bbox 2053 2459 2274 2533; x_wconf 89' lang='lat' dir='ltr'>optime</span> <span class='ocrx_word' id='word_1_396' title='bbox 2300 2466 2701 2517; x_wconf 85' lang='lat' dir='ltr'>conservatam</span> <span class='ocrx_word' id='word_1_397' title='bbox 2717 2479 2866 2530; x_wconf 89' lang='lat' dir='ltr'>esse,</span> <span class='ocrx_word' id='word_1_398' title='bbox 2886 2467 2952 2518; x_wconf 90' lang='lat' dir='ltr'>ut</span> <span class='ocrx_word' id='word_1_399' title='bbox 2969 2463 3473 2520; x_wconf 86' lang='lat' dir='ltr'>accuratissimam</span> <span class='ocrx_word' id='word_1_400' title='bbox 3495 2480 3707 2520; x_wconf 85' lang='lat' dir='ltr'>earum</span> 
     </span>
    </p>
   </div>
   <div class='ocr_carea' id='block_1_58' title="bbox 2050 2549 3708 2624">
    <p class='ocr_par' dir='ltr' id='par_1_58' title="bbox 2050 2549 3708 2624">
     <span class='ocr_line' id='line_1_58' title="bbox 2050 2549 3708 2624; baseline 0.004 -21"><span class='ocrx_word' id='word_1_401' title='bbox 2050 2565 2398 2605; x_wconf 88' lang='lat' dir='ltr'>coronarum</span> <span class='ocrx_word' id='word_1_402' title='bbox 2414 2549 2559 2605; x_wconf 89' lang='lat' dir='ltr'>form</span> <span class='ocrx_word' id='word_1_403' title='bbox 2567 2566 2662 2605; x_wconf 91' lang='lat' dir='ltr'>am</span> <span class='ocrx_word' id='word_1_404' title='bbox 2676 2549 2819 2622; x_wconf 90' lang='lat' dir='ltr'>buju</span> <span class='ocrx_word' id='word_1_405' title='bbox 2829 2568 2856 2606; x_wconf 93' lang='lat' dir='ltr'>s</span> <span class='ocrx_word' id='word_1_406' title='bbox 2874 2551 2954 2607; x_wconf 90' lang='lat' dir='ltr'>rei</span> <span class='ocrx_word' id='word_1_407' title='bbox 2979 2551 3229 2608; x_wconf 85' lang='lat' dir='ltr'>curiosis</span> <span class='ocrx_word' id='word_1_408' title='bbox 3242 2552 3516 2624; x_wconf 72' lang='lat' dir='ltr'>praebeat.</span> <span class='ocrx_word' id='word_1_409' title='bbox 3533 2552 3708 2609; x_wconf 78' lang='lat' dir='ltr'>Vide-</span> 
     </span>
    </p>
   </div>
   <div class='ocr_carea' id='block_1_59' title="bbox 2049 2637 3705 2714">
    <p class='ocr_par' dir='ltr' id='par_1_59' title="bbox 2049 2637 3705 2714">
     <span class='ocr_line' id='line_1_59' title="bbox 2049 2637 3705 2714; baseline 0.003 -21"><span class='ocrx_word' id='word_1_410' title='bbox 2049 2655 2183 2694; x_wconf 87' lang='lat' dir='ltr'>mus</span> <span class='ocrx_word' id='word_1_411' title='bbox 2214 2637 2366 2694; x_wconf 90' lang='lat' dir='ltr'>enim</span> <span class='ocrx_word' id='word_1_412' title='bbox 2403 2654 2518 2694; x_wconf 90' lang='lat' dir='ltr'>non</span> <span class='ocrx_word' id='word_1_413' title='bbox 2549 2639 2720 2694; x_wconf 91' lang='lat' dir='ltr'>modo</span> <span class='ocrx_word' id='word_1_414' title='bbox 2749 2642 2868 2695; x_wconf 89' lang='lat' dir='ltr'>tres</span> <span class='ocrx_word' id='word_1_415' title='bbox 2897 2638 3167 2711; x_wconf 88' lang='lat' dir='ltr'>globulos</span> <span class='ocrx_word' id='word_1_416' title='bbox 3196 2656 3406 2697; x_wconf 88' lang='lat' dir='ltr'>aureos</span> <span class='ocrx_word' id='word_1_417' title='bbox 3429 2639 3489 2696; x_wconf 91' lang='lat' dir='ltr'>in</span> <span class='ocrx_word' id='word_1_418' title='bbox 3523 2656 3705 2714; x_wconf 50' lang='lat' dir='ltr'>supeé</span> 
     </span>
    </p>
   </div>
   <div class='ocr_carea' id='block_1_60' title="bbox 2048 2726 3706 2803">
    <p class='ocr_par' dir='ltr' id='par_1_60' title="bbox 2048 2726 3706 2803">
     <span class='ocr_line' id='line_1_60' title="bbox 2048 2726 3706 2803; baseline 0.003 -22"><span class='ocrx_word' id='word_1_419' title='bbox 2048 2726 2185 2782; x_wconf 90' lang='lat' dir='ltr'>riori</span> <span class='ocrx_word' id='word_1_420' title='bbox 2211 2742 2436 2782; x_wconf 58' lang='lat' dir='ltr'>corona</span> <span class='ocrx_word' id='word_1_421' title='bbox 2468 2731 2632 2799; x_wconf 90' lang='lat' dir='ltr'>parte</span> <span class='ocrx_word' id='word_1_422' title='bbox 2662 2727 3018 2796; x_wconf 88' lang='lat' dir='ltr'>eminentes;</span> <span class='ocrx_word' id='word_1_423' title='bbox 3054 2728 3156 2785; x_wconf 87' lang='lat' dir='ltr'>sed</span> <span class='ocrx_word' id='word_1_424' title='bbox 3186 2733 3306 2786; x_wconf 87' lang='lat' dir='ltr'>tres</span> <span class='ocrx_word' id='word_1_425' title='bbox 3337 2728 3438 2785; x_wconf 88' lang='lat' dir='ltr'>alii</span> <span class='ocrx_word' id='word_1_426' title='bbox 3477 2728 3706 2803; x_wconf 80' lang='lat' dir='ltr'>globuli</span> 
     </span>
    </p>
   </div>
   <div class='ocr_carea' id='block_1_61' title="bbox 2047 2814 3704 2885">
    <p class='ocr_par' dir='ltr' id='par_1_61' title="bbox 2047 2814 3704 2885">
     <span class='ocr_line' id='line_1_61' title="bbox 2047 2814 3704 2885; baseline 0.004 -15"><span class='ocrx_word' id='word_1_427' title='bbox 2047 2814 2292 2871; x_wconf 68' lang='lat' dir='ltr'>caeruleo</span> <span class='ocrx_word' id='word_1_428' title='bbox 2314 2814 2524 2883; x_wconf 90' lang='lat' dir='ltr'>colore,</span> <span class='ocrx_word' id='word_1_429' title='bbox 2551 2816 2725 2871; x_wconf 88' lang='lat' dir='ltr'>fronti</span> <span class='ocrx_word' id='word_1_430' title='bbox 2743 2815 2967 2872; x_wconf 88' lang='lat' dir='ltr'>laterali</span> <span class='ocrx_word' id='word_1_431' title='bbox 2990 2833 3215 2874; x_wconf 62' lang='lat' dir='ltr'>corona;</span> <span class='ocrx_word' id='word_1_432' title='bbox 3237 2817 3422 2885; x_wconf 82' lang='lat' dir='ltr'>inﬁxi,</span> <span class='ocrx_word' id='word_1_433' title='bbox 3445 2818 3704 2876; x_wconf 85' lang='lat' dir='ltr'>colorem</span> 
     </span>
    </p>
   </div>
   <div class='ocr_carea' id='block_1_62' title="bbox 2047 2904 3704 2980">
    <p class='ocr_par' dir='ltr' id='par_1_62' title="bbox 2047 2904 3704 2980">
     <span class='ocr_line' id='line_1_62' title="bbox 2047 2904 3704 2980; baseline 0.002 -20"><span class='ocrx_word' id='word_1_434' title='bbox 2047 2904 2183 2960; x_wconf 89' lang='lat' dir='ltr'>ferri</span> <span class='ocrx_word' id='word_1_435' title='bbox 2211 2908 2411 2960; x_wconf 90' lang='lat' dir='ltr'>notare</span> <span class='ocrx_word' id='word_1_436' title='bbox 2440 2904 2742 2974; x_wconf 88' lang='lat' dir='ltr'>videntur;</span> <span class='ocrx_word' id='word_1_437' title='bbox 2775 2922 2902 2977; x_wconf 63' lang='lat' dir='ltr'>quae</span> <span class='ocrx_word' id='word_1_438' title='bbox 2935 2923 3027 2962; x_wconf 91' lang='lat' dir='ltr'>res</span> <span class='ocrx_word' id='word_1_439' title='bbox 3056 2906 3117 2962; x_wconf 91' lang='lat' dir='ltr'>in</span> <span class='ocrx_word' id='word_1_440' title='bbox 3148 2905 3357 2980; x_wconf 87' lang='lat' dir='ltr'>sigillis</span> <span class='ocrx_word' id='word_1_441' title='bbox 3405 2907 3560 2964; x_wconf 87' lang='lat' dir='ltr'>male</span> <span class='ocrx_word' id='word_1_442' title='bbox 3605 2921 3704 2964; x_wconf 81' lang='lat' dir='ltr'>ex-</span> 
     </span>
    </p>
   </div>
   <div class='ocr_carea' id='block_1_63' title="bbox 2046 2992 3702 3068">
    <p class='ocr_par' dir='ltr' id='par_1_63' title="bbox 2046 2992 3702 3068">
     <span class='ocr_line' id='line_1_63' title="bbox 2046 2992 3702 3068; baseline 0.002 -18"><span class='ocrx_word' id='word_1_443' title='bbox 2046 3009 2270 3066; x_wconf 89' lang='lat' dir='ltr'>pressa,</span> <span class='ocrx_word' id='word_1_444' title='bbox 2291 2998 2391 3048; x_wconf 85' lang='lat' dir='ltr'>aut</span> <span class='ocrx_word' id='word_1_445' title='bbox 2405 2992 2569 3050; x_wconf 84' lang='lat' dir='ltr'>facile</span> <span class='ocrx_word' id='word_1_446' title='bbox 2581 2994 2939 3067; x_wconf 90' lang='lat' dir='ltr'>perlongum</span> <span class='ocrx_word' id='word_1_447' title='bbox 2959 2995 3240 3068; x_wconf 87' lang='lat' dir='ltr'>temporis</span> <span class='ocrx_word' id='word_1_448' title='bbox 3261 2995 3523 3068; x_wconf 82' lang='lat' dir='ltr'>spatium</span> <span class='ocrx_word' id='word_1_449' title='bbox 3540 2997 3702 3065; x_wconf 83' lang='lat' dir='ltr'>trita,</span> 
     </span>
    </p>
   </div>
   <div class='ocr_carea' id='block_1_64' title="bbox 2044 3081 3701 3158">
    <p class='ocr_par' dir='ltr' id='par_1_64' title="bbox 2044 3081 3701 3158">
     <span class='ocr_line' id='line_1_64' title="bbox 2044 3081 3701 3158; baseline 0.004 -22"><span class='ocrx_word' id='word_1_450' title='bbox 2044 3083 2106 3137; x_wconf 93' lang='lat' dir='ltr'>in</span> <span class='ocrx_word' id='word_1_451' title='bbox 2137 3081 2231 3149; x_wconf 88' lang='lat' dir='ltr'>iis,</span> <span class='ocrx_word' id='word_1_452' title='bbox 2264 3097 2392 3154; x_wconf 71' lang='lat' dir='ltr'>quae</span> <span class='ocrx_word' id='word_1_453' title='bbox 2415 3086 2735 3154; x_wconf 89' lang='lat' dir='ltr'>supersunt</span> <span class='ocrx_word' id='word_1_454' title='bbox 2755 3083 3209 3155; x_wconf 86' lang='lat' dir='ltr'>exemplaribus,</span> <span class='ocrx_word' id='word_1_455' title='bbox 3232 3100 3579 3142; x_wconf 85' lang='lat' dir='ltr'>evanescere</span> <span class='ocrx_word' id='word_1_456' title='bbox 3598 3103 3701 3158; x_wconf 79' lang='lat' dir='ltr'>po-</span> 
     </span>
    </p>
   </div>
   <div class='ocr_carea' id='block_1_65' title="bbox 285 3154 3701 3239">
    <p class='ocr_par' dir='ltr' id='par_1_65' title="bbox 285 3154 3701 3239">
     <span class='ocr_line' id='line_1_65' title="bbox 285 3154 3701 3239; baseline 0.004 -21"><span class='ocrx_word' id='word_1_457' title='bbox 285 3162 465 3218; x_wconf 91' lang='lat' dir='ltr'>neccii</span> <span class='ocrx_word' id='word_1_458' title='bbox 518 3162 670 3218; x_wconf 90' lang='lat' dir='ltr'>male</span> <span class='ocrx_word' id='word_1_459' title='bbox 720 3180 1056 3236; x_wconf 89' lang='lat' dir='ltr'>expressam</span> <span class='ocrx_word' id='word_1_460' title='bbox 1108 3165 1465 3222; x_wconf 87' lang='lat' dir='ltr'>arbitramur</span> <span class='ocrx_word' id='word_1_461' title='bbox 1525 3167 1690 3239; x_wconf 88' lang='lat'>(397).</span> <span class='ocrx_word' id='word_1_462' title='bbox 1748 3168 1932 3232; x_wconf 85' lang='lat' dir='ltr'>Quam</span> <span class='ocrx_word' id='word_1_463' title='bbox 1963 3154 2006 3220; x_wconf 85' lang='lat' dir='ltr'><strong>C</strong></span> <span class='ocrx_word' id='word_1_464' title='bbox 2047 3176 2216 3227; x_wconf 88' lang='lat' dir='ltr'>terat.</span> <span class='ocrx_word' id='word_1_465' title='bbox 2249 3170 2334 3227; x_wconf 83' lang='lat' dir='ltr'>Ad</span> <span class='ocrx_word' id='word_1_466' title='bbox 2368 3176 2629 3227; x_wconf 89' lang='lat' dir='ltr'>nostram</span> <span class='ocrx_word' id='word_1_467' title='bbox 2663 3188 2785 3227; x_wconf 90' lang='lat' dir='ltr'>rem</span> <span class='ocrx_word' id='word_1_468' title='bbox 2818 3154 3004 3228; x_wconf 81' lang='lat' dir='ltr'>facere</span> <span class='ocrx_word' id='word_1_469' title='bbox 3033 3171 3444 3229; x_wconf 87' lang='lat' dir='ltr'>videturlocus</span> <span class='ocrx_word' id='word_1_470' title='bbox 3463 3154 3701 3230; x_wconf 75' lang='lat' dir='ltr'>Martini</span> 
     </span>
    </p>
   </div>
   <div class='ocr_carea' id='block_1_66' title="bbox 287 3252 1934 3329">
    <p class='ocr_par' dir='ltr' id='par_1_66' title="bbox 287 3252 1934 3329">
     <span class='ocr_line' id='line_1_66' title="bbox 287 3252 1934 3329; baseline 0.004 -22"><span class='ocrx_word' id='word_1_471' title='bbox 287 3252 538 3308; x_wconf 79' lang='lat' dir='ltr'>Gcetzius</span> <span class='ocrx_word' id='word_1_472' title='bbox 570 3253 855 3309; x_wconf 90' lang='lat' dir='ltr'>radiatam</span> <span class='ocrx_word' id='word_1_473' title='bbox 906 3253 1090 3320; x_wconf 78' lang='lat' dir='ltr'>affert,</span> <span class='ocrx_word' id='word_1_474' title='bbox 1149 3271 1218 3311; x_wconf 91' lang='lat' dir='ltr'>ea</span> <span class='ocrx_word' id='word_1_475' title='bbox 1265 3260 1355 3311; x_wconf 89' lang='lat' dir='ltr'>est</span> <span class='ocrx_word' id='word_1_476' title='bbox 1402 3255 1646 3313; x_wconf 84' lang='lat' dir='ltr'>fortasse</span> <span class='ocrx_word' id='word_1_477' title='bbox 1691 3258 1934 3329; x_wconf 88' lang='lat' dir='ltr'>antiqua</span> 
     </span>
    </p>
   </div>
   <div class='ocr_carea' id='block_1_67' title="bbox 283 3341 1933 3418">
    <p class='ocr_par' dir='ltr' id='par_1_67' title="bbox 283 3341 1933 3418">
     <span class='ocr_line' id='line_1_67' title="bbox 283 3341 1933 3418; baseline 0.004 -24"><span class='ocrx_word' id='word_1_478' title='bbox 283 3341 603 3396; x_wconf 66' lang='lat' dir='ltr'>Germania:</span> <span class='ocrx_word' id='word_1_479' title='bbox 635 3357 858 3414; x_wconf 91' lang='lat' dir='ltr'>regum.</span> <span class='ocrx_word' id='word_1_480' title='bbox 893 3341 974 3397; x_wconf 89' lang='lat' dir='ltr'>Ne</span> <span class='ocrx_word' id='word_1_481' title='bbox 996 3342 1138 3414; x_wconf 93' lang='lat' dir='ltr'>quid</span> <span class='ocrx_word' id='word_1_482' title='bbox 1161 3346 1598 3415; x_wconf 69' lang='lat' dir='ltr'>praetereamus,</span> <span class='ocrx_word' id='word_1_483' title='bbox 1628 3346 1783 3418; x_wconf 94' lang='lat' dir='ltr'>apud</span> <span class='ocrx_word' id='word_1_484' title='bbox 1807 3345 1933 3400; x_wconf 88' lang='lat' dir='ltr'>Mu-</span> 
     </span>
    </p>
   </div>
   <div class='ocr_carea' id='block_1_68' title="bbox 2043 3258 3698 3336">
    <p class='ocr_par' dir='ltr' id='par_1_68' title="bbox 2043 3258 3698 3336">
     <span class='ocr_line' id='line_1_68' title="bbox 2043 3258 3698 3336; baseline 0.002 -20"><span class='ocrx_word' id='word_1_485' title='bbox 2043 3258 2214 3324; x_wconf 89' lang='lat' dir='ltr'>Galli,</span> <span class='ocrx_word' id='word_1_486' title='bbox 2247 3259 2306 3315; x_wconf 88' lang='lat' dir='ltr'>in</span> <span class='ocrx_word' id='word_1_487' title='bbox 2336 3275 2450 3331; x_wconf 92' lang='lat' dir='ltr'>quo</span> <span class='ocrx_word' id='word_1_488' title='bbox 2479 3260 2715 3316; x_wconf 87' lang='lat' dir='ltr'>traditio</span> <span class='ocrx_word' id='word_1_489' title='bbox 2739 3260 2983 3332; x_wconf 86' lang='lat' dir='ltr'>antiqua</span> <span class='ocrx_word' id='word_1_490' title='bbox 2999 3261 3069 3316; x_wconf 92' lang='lat' dir='ltr'>de</span> <span class='ocrx_word' id='word_1_491' title='bbox 3090 3261 3250 3317; x_wconf 90' lang='lat' dir='ltr'>clavo</span> <span class='ocrx_word' id='word_1_492' title='bbox 3268 3267 3494 3331; x_wconf 76' lang='lat' dir='ltr'>sancto,</span> <span class='ocrx_word' id='word_1_493' title='bbox 3519 3277 3698 3336; x_wconf 84' lang='lat' dir='ltr'>quem</span> 
     </span>
    </p>
   </div>
   <div class='ocr_carea' id='block_1_69' title="bbox 2043 3347 3698 3414">
    <p class='ocr_par' dir='ltr' id='par_1_69' title="bbox 2043 3347 3698 3414">
     <span class='ocr_line' id='line_1_69' title="bbox 2043 3347 3698 3414; baseline 0.001 -10"><span class='ocrx_word' id='word_1_494' title='bbox 2043 3348 2177 3404; x_wconf 92' lang='lat' dir='ltr'>Otto</span> <span class='ocrx_word' id='word_1_495' title='bbox 2207 3351 2288 3402; x_wconf 90' lang='lat' dir='ltr'><strong>III</strong></span> <span class='ocrx_word' id='word_1_496' title='bbox 2319 3347 2603 3404; x_wconf 90' lang='lat' dir='ltr'>Bolizlavo</span> <span class='ocrx_word' id='word_1_497' title='bbox 2628 3348 2910 3414; x_wconf 86' lang='lat' dir='ltr'>dedisset,</span> <span class='ocrx_word' id='word_1_498' title='bbox 2945 3349 3098 3406; x_wconf 90' lang='lat' dir='ltr'>male</span> <span class='ocrx_word' id='word_1_499' title='bbox 3125 3348 3421 3406; x_wconf 85' lang='lat' dir='ltr'>intellecta</span> <span class='ocrx_word' id='word_1_500' title='bbox 3461 3367 3698 3408; x_wconf 86' lang='lat' dir='ltr'>conser-</span> 
     </span>
    </p>
   </div>
   <div class='ocr_carea' id='block_1_70' title="bbox 284 3429 3701 3509">
    <p class='ocr_par' dir='ltr' id='par_1_70' title="bbox 284 3429 3701 3509">
     <span class='ocr_line' id='line_1_70' title="bbox 284 3429 3701 3509; baseline 0.004 -25"><span class='ocrx_word' id='word_1_501' title='bbox 284 3430 565 3486; x_wconf 89' lang='lat' dir='ltr'>ratorium</span> <span class='ocrx_word' id='word_1_502' title='bbox 585 3429 845 3503; x_wconf 90' lang='lat' dir='ltr'>sigillum</span> <span class='ocrx_word' id='word_1_503' title='bbox 865 3431 1358 3489; x_wconf 76' lang='lat' dir='ltr'>occurritOttonis</span> <span class='ocrx_word' id='word_1_504' title='bbox 1372 3433 1444 3502; x_wconf 88' lang='lat' dir='ltr'>II,</span> <span class='ocrx_word' id='word_1_505' title='bbox 1464 3433 1561 3490; x_wconf 91' lang='lat' dir='ltr'>ubi</span> <span class='ocrx_word' id='word_1_506' title='bbox 1583 3433 1934 3507; x_wconf 89' lang='lat' dir='ltr'>caputnullo</span> <span class='ocrx_word' id='word_1_507' title='bbox 2042 3440 2212 3493; x_wconf 85' lang='lat' dir='ltr'>vatur</span> <span class='ocrx_word' id='word_1_508' title='bbox 2241 3437 2408 3508; x_wconf 84' lang='grc'>(405).</span> <span class='ocrx_word' id='word_1_509' title='bbox 2441 3435 2623 3508; x_wconf 84' lang='lat' dir='ltr'>Reges</span> <span class='ocrx_word' id='word_1_510' title='bbox 2659 3435 2858 3492; x_wconf 87' lang='lat' dir='ltr'>Poloni</span> <span class='ocrx_word' id='word_1_511' title='bbox 2887 3435 3070 3509; x_wconf 92' lang='lat' dir='ltr'>igitur</span> <span class='ocrx_word' id='word_1_512' title='bbox 3097 3438 3300 3494; x_wconf 89' lang='lat' dir='ltr'>eodem</span> <span class='ocrx_word' id='word_1_513' title='bbox 3352 3438 3486 3503; x_wconf 84' lang='lat' dir='ltr'>fere</span> <span class='ocrx_word' id='word_1_514' title='bbox 3522 3440 3701 3496; x_wconf 87' lang='lat' dir='ltr'>modo</span> 
     </span>
    </p>
   </div>
   <div class='ocr_carea' id='block_1_71' title="bbox 286 3517 1239 3591">
    <p class='ocr_par' dir='ltr' id='par_1_71' title="bbox 286 3517 1239 3591">
     <span class='ocr_line' id='line_1_71' title="bbox 286 3517 1239 3591; baseline 0.005 -19"><span class='ocrx_word' id='word_1_515' title='bbox 286 3517 614 3575; x_wconf 85' lang='lat' dir='ltr'>diademate</span> <span class='ocrx_word' id='word_1_516' title='bbox 644 3523 919 3574; x_wconf 89' lang='lat' dir='ltr'>ornatum</span> <span class='ocrx_word' id='word_1_517' title='bbox 951 3525 1040 3576; x_wconf 90' lang='lat' dir='ltr'>est</span> <span class='ocrx_word' id='word_1_518' title='bbox 1072 3520 1239 3591; x_wconf 90' lang='lat'>(398).</span> 
     </span>
    </p>
   </div>
   <div class='ocr_carea' id='block_1_72' title="bbox 356 3607 1939 3681">
    <p class='ocr_par' dir='ltr' id='par_1_72' title="bbox 356 3607 1939 3681">
     <span class='ocr_line' id='line_1_72' title="bbox 356 3607 1939 3681; baseline 0.004 -19"><span class='ocrx_word' id='word_1_519' title='bbox 356 3607 611 3671; x_wconf 88' lang='lat' dir='ltr'>Quorum</span> <span class='ocrx_word' id='word_1_520' title='bbox 647 3607 953 3681; x_wconf 84' lang='lat' dir='ltr'>utriusque</span> <span class='ocrx_word' id='word_1_521' title='bbox 985 3607 1263 3664; x_wconf 89' lang='lat' dir='ltr'>Ottonum</span> <span class='ocrx_word' id='word_1_522' title='bbox 1295 3613 1523 3666; x_wconf 86' lang='lat' dir='ltr'>exstant</span> <span class='ocrx_word' id='word_1_523' title='bbox 1560 3609 1939 3669; x_wconf 91' lang='lat' dir='ltr'>celeberrima</span> 
     </span>
    </p>
   </div>
   <div class='ocr_carea' id='block_1_73' title="bbox 289 3695 1938 3771">
    <p class='ocr_par' dir='ltr' id='par_1_73' title="bbox 289 3695 1938 3771">
     <span class='ocr_line' id='line_1_73' title="bbox 289 3695 1938 3771; baseline 0.004 -21"><span class='ocrx_word' id='word_1_524' title='bbox 289 3695 548 3751; x_wconf 90' lang='lat' dir='ltr'>nondum</span> <span class='ocrx_word' id='word_1_525' title='bbox 581 3696 738 3752; x_wconf 90' lang='lat' dir='ltr'>edita</span> <span class='ocrx_word' id='word_1_526' title='bbox 762 3697 931 3767; x_wconf 88' lang='lat' dir='ltr'>signa</span> <span class='ocrx_word' id='word_1_527' title='bbox 949 3697 1235 3753; x_wconf 89' lang='lat' dir='ltr'>statuaria</span> <span class='ocrx_word' id='word_1_528' title='bbox 1251 3714 1280 3753; x_wconf 92' lang='lat' dir='ltr'>e</span> <span class='ocrx_word' id='word_1_529' title='bbox 1300 3696 1492 3771; x_wconf 91' lang='lat' dir='ltr'>lapide</span> <span class='ocrx_word' id='word_1_530' title='bbox 1507 3698 1742 3771; x_wconf 86' lang='lat' dir='ltr'>sculpta</span> <span class='ocrx_word' id='word_1_531' title='bbox 1762 3699 1820 3754; x_wconf 90' lang='lat' dir='ltr'>in</span> <span class='ocrx_word' id='word_1_532' title='bbox 1844 3717 1938 3756; x_wconf 84' lang='lat' dir='ltr'>ec-</span> 
     </span>
    </p>
   </div>
   <div class='ocr_carea' id='block_1_74' title="bbox 288 3784 1940 3861">
    <p class='ocr_par' dir='ltr' id='par_1_74' title="bbox 288 3784 1940 3861">
     <span class='ocr_line' id='line_1_74' title="bbox 288 3784 1940 3861; baseline 0.004 -21"><span class='ocrx_word' id='word_1_533' title='bbox 288 3784 476 3841; x_wconf 67' lang='lat' dir='ltr'>clesiae</span> <span class='ocrx_word' id='word_1_534' title='bbox 509 3784 860 3840; x_wconf 87' lang='lat' dir='ltr'>cathedralis</span> <span class='ocrx_word' id='word_1_535' title='bbox 893 3784 1355 3859; x_wconf 72' lang='lat' dir='ltr'>Magdeburgicaa</span> <span class='ocrx_word' id='word_1_536' title='bbox 1379 3786 1552 3842; x_wconf 88' lang='lat' dir='ltr'>choro</span> <span class='ocrx_word' id='word_1_537' title='bbox 1577 3788 1650 3859; x_wconf 82' lang='grc' dir='ltr'>(ν.</span> <span class='ocrx_word' id='word_1_538' title='bbox 1677 3789 1772 3861; x_wconf 91' lang='lat' dir='ltr'>ﬁg.</span> <span class='ocrx_word' id='word_1_539' title='bbox 1792 3789 1862 3845; x_wconf 78' lang='grc'>12</span> <span class='ocrx_word' id='word_1_540' title='bbox 1880 3795 1940 3846; x_wconf 88' lang='lat' dir='ltr'>et</span> 
     </span>
    </p>
   </div>
   <div class='ocr_carea' id='block_1_75' title="bbox 292 3873 1940 3949">
    <p class='ocr_par' dir='ltr' id='par_1_75' title="bbox 292 3873 1940 3949">
     <span class='ocr_line' id='line_1_75' title="bbox 292 3873 1940 3949; baseline 0.003 -22"><span class='ocrx_word' id='word_1_541' title='bbox 292 3874 402 3945; x_wconf 86' lang='grc'>13),</span> <span class='ocrx_word' id='word_1_542' title='bbox 420 3873 607 3929; x_wconf 88' lang='lat' dir='ltr'>Patris</span> <span class='ocrx_word' id='word_1_543' title='bbox 625 3873 1008 3945; x_wconf 84' lang='lat' dir='ltr'>Imperatoria</span> <span class='ocrx_word' id='word_1_544' title='bbox 1028 3873 1306 3947; x_wconf 89' lang='lat' dir='ltr'>insignia,</span> <span class='ocrx_word' id='word_1_545' title='bbox 1331 3873 1434 3930; x_wconf 86' lang='lat' dir='ltr'>ﬁlii</span> <span class='ocrx_word' id='word_1_546' title='bbox 1459 3875 1637 3949; x_wconf 83' lang='lat' dir='ltr'>regis,</span> <span class='ocrx_word' id='word_1_547' title='bbox 1662 3894 1776 3933; x_wconf 92' lang='lat' dir='ltr'>non</span> <span class='ocrx_word' id='word_1_548' title='bbox 1794 3879 1940 3934; x_wconf 91' lang='lat' dir='ltr'>anti-</span> 
     </span>
    </p>
   </div>
   <div class='ocr_carea' id='block_1_76' title="bbox 288 3962 1940 4040">
    <p class='ocr_par' dir='ltr' id='par_1_76' title="bbox 288 3962 1940 4040">
     <span class='ocr_line' id='line_1_76' title="bbox 288 3962 1940 4040; baseline 0.004 -24"><span class='ocrx_word' id='word_1_549' title='bbox 288 3962 572 4034; x_wconf 86' lang='lat' dir='ltr'>quitatem</span> <span class='ocrx_word' id='word_1_550' title='bbox 606 3962 776 4018; x_wconf 93' lang='lat' dir='ltr'>modo</span> <span class='ocrx_word' id='word_1_551' title='bbox 809 3963 1113 4035; x_wconf 89' lang='lat' dir='ltr'>signorum</span> <span class='ocrx_word' id='word_1_552' title='bbox 1145 3963 1573 4031; x_wconf 86' lang='lat' dir='ltr'>demonstrant,</span> <span class='ocrx_word' id='word_1_553' title='bbox 1621 3965 1721 4022; x_wconf 90' lang='lat' dir='ltr'>sed</span> <span class='ocrx_word' id='word_1_554' title='bbox 1779 3972 1940 4040; x_wconf 88' lang='lat' dir='ltr'>patre</span> 
     </span>
    </p>
   </div>
   <div class='ocr_carea' id='block_1_77' title="bbox 288 4050 1941 4125">
    <p class='ocr_par' dir='ltr' id='par_1_77' title="bbox 288 4050 1941 4125">
     <span class='ocr_line' id='line_1_77' title="bbox 288 4050 1941 4125; baseline 0.005 -21"><span class='ocrx_word' id='word_1_555' title='bbox 288 4051 516 4106; x_wconf 89' lang='lat' dir='ltr'>vivente</span> <span class='ocrx_word' id='word_1_556' title='bbox 545 4051 746 4105; x_wconf 91' lang='lat' dir='ltr'>eadem</span> <span class='ocrx_word' id='word_1_557' title='bbox 778 4051 931 4107; x_wconf 86' lang='lat' dir='ltr'>facta</span> <span class='ocrx_word' id='word_1_558' title='bbox 957 4067 1105 4106; x_wconf 90' lang='lat' dir='ltr'>esse.</span> <span class='ocrx_word' id='word_1_559' title='bbox 1140 4050 1468 4125; x_wconf 90' lang='lat' dir='ltr'>Singularis</span> <span class='ocrx_word' id='word_1_560' title='bbox 1499 4071 1713 4110; x_wconf 89' lang='lat' dir='ltr'>corona</span> <span class='ocrx_word' id='word_1_561' title='bbox 1755 4057 1941 4113; x_wconf 87' lang='lat' dir='ltr'>cassi-</span> 
     </span>
    </p>
   </div>
   <div class='ocr_carea' id='block_1_78' title="bbox 289 4137 1940 4215">
    <p class='ocr_par' dir='ltr' id='par_1_78' title="bbox 289 4137 1940 4215">
     <span class='ocr_line' id='line_1_78' title="bbox 289 4137 1940 4215; baseline 0.005 -21"><span class='ocrx_word' id='word_1_562' title='bbox 289 4137 423 4194; x_wconf 89' lang='lat' dir='ltr'>dem</span> <span class='ocrx_word' id='word_1_563' title='bbox 455 4137 858 4194; x_wconf 86' lang='lat' dir='ltr'>acuminatum</span> <span class='ocrx_word' id='word_1_564' title='bbox 885 4139 1229 4196; x_wconf 91' lang='lat' dir='ltr'>circumdat.</span> <span class='ocrx_word' id='word_1_565' title='bbox 1253 4140 1332 4197; x_wconf 88' lang='lat' dir='ltr'>De</span> <span class='ocrx_word' id='word_1_566' title='bbox 1351 4141 1497 4215; x_wconf 90' lang='lat' dir='ltr'>ipsis</span> <span class='ocrx_word' id='word_1_567' title='bbox 1519 4141 1631 4200; x_wconf 90' lang='lat' dir='ltr'>alio</span> <span class='ocrx_word' id='word_1_568' title='bbox 1651 4142 1777 4201; x_wconf 93' lang='lat' dir='ltr'>loco</span> <span class='ocrx_word' id='word_1_569' title='bbox 1798 4145 1940 4202; x_wconf 90' lang='lat' dir='ltr'>ube-</span> 
     </span>
    </p>
   </div>
   <div class='ocr_carea' id='block_1_79' title="bbox 290 4227 1944 4300">
    <p class='ocr_par' dir='ltr' id='par_1_79' title="bbox 290 4227 1944 4300">
     <span class='ocr_line' id='line_1_79' title="bbox 290 4227 1944 4300; baseline 0.005 -17"><span class='ocrx_word' id='word_1_570' title='bbox 290 4228 414 4283; x_wconf 90' lang='lat' dir='ltr'>rius</span> <span class='ocrx_word' id='word_1_571' title='bbox 445 4242 637 4300; x_wconf 91' lang='lat' dir='ltr'>agam.</span> <span class='ocrx_word' id='word_1_572' title='bbox 672 4227 940 4284; x_wconf 88' lang='lat' dir='ltr'>Militaris</span> <span class='ocrx_word' id='word_1_573' title='bbox 972 4229 1129 4284; x_wconf 91' lang='lat' dir='ltr'>enim</span> <span class='ocrx_word' id='word_1_574' title='bbox 1160 4233 1217 4286; x_wconf 87' lang='lat' dir='ltr'>et</span> <span class='ocrx_word' id='word_1_575' title='bbox 1245 4229 1630 4290; x_wconf 89' lang='lat' dir='ltr'>Germanicus</span> <span class='ocrx_word' id='word_1_576' title='bbox 1670 4233 1808 4291; x_wconf 90' lang='lat' dir='ltr'>talis</span> <span class='ocrx_word' id='word_1_577' title='bbox 1853 4238 1944 4292; x_wconf 89' lang='lat' dir='ltr'>est</span> 
     </span>
    </p>
   </div>
   <div class='ocr_carea' id='block_1_80' title="bbox 292 4387 1940 4466">
    <p class='ocr_par' dir='ltr' id='par_1_80' title="bbox 292 4387 1940 4466">
     <span class='ocr_line' id='line_1_80' title="bbox 292 4387 1940 4466; baseline 0.004 -22"><span class='ocrx_word' id='word_1_578' title='bbox 292 4387 563 4466; x_wconf 58' lang='lat' dir='ltr'>gummi</span> <span class='ocrx_word' id='word_1_579' title='bbox 589 4391 644 4460; x_wconf 89' lang='lat' dir='ltr'>(e</span> <span class='ocrx_word' id='word_1_580' title='bbox 697 4389 985 4466; x_wconf 57' lang='lat' dir='ltr'>Boissardo</span> <span class='ocrx_word' id='word_1_581' title='bbox 1033 4393 1089 4466; x_wconf 87' lang='lat' dir='ltr'>et</span> <span class='ocrx_word' id='word_1_582' title='bbox 1145 4391 1542 4466; x_wconf 69' lang='lat' dir='ltr'>Montfaacone)</span> <span class='ocrx_word' id='word_1_583' title='bbox 1591 4393 1664 4449; x_wconf 76' lang='lat' dir='ltr'>in”</span> <span class='ocrx_word' id='word_1_584' title='bbox 1712 4395 1940 4463; x_wconf 77' lang='grc' dir='ltr'>Μαιίἱοι,</span> 
     </span>
    </p>
   </div>
   <div class='ocr_carea' id='block_1_81' title="bbox 290 4459 1938 4588">
    <p class='ocr_par' dir='ltr' id='par_1_81' title="bbox 290 4459 1938 4588">
     <span class='ocr_line' id='line_1_81' title="bbox 290 4459 1938 4588; baseline 0.003 -72"><span class='ocrx_word' id='word_1_585' title='bbox 290 4459 654 4588; x_wconf 46' lang='grc' dir='ltr'>ξεῖὴὲωὶιθε</span> <span class='ocrx_word' id='word_1_586' title='bbox 685 4475 789 4516; x_wconf 81' lang='lat' dir='ltr'>sur</span> <span class='ocrx_word' id='word_1_587' title='bbox 816 4461 900 4518; x_wconf 87' lang='lat' dir='ltr'>les</span> <span class='ocrx_word' id='word_1_588' title='bbox 930 4465 1247 4520; x_wconf 86' lang='lat' dir='ltr'>costumes.</span> <span class='ocrx_word' id='word_1_589' title='bbox 1280 4459 1405 4520; x_wconf 88' lang='lat' dir='ltr'>Vol.</span> <span class='ocrx_word' id='word_1_590' title='bbox 1441 4469 1484 4520; x_wconf 93' lang='grc' dir='ltr'>Ι.</span> <span class='ocrx_word' id='word_1_591' title='bbox 1524 4459 1648 4522; x_wconf 61' lang='grc'>181).</span> <span class='ocrx_word' id='word_1_592' title='bbox 1703 4459 1938 4523; x_wconf 78' lang='lat' dir='ltr'><strong>LXXIX.</strong></span> 
     </span>
     <span class='ocr_line' id='line_1_82' title="bbox 353 4550 494 4588; baseline -0.014 0"><span class='ocrx_word' id='word_1_593' title='bbox 353 4550 384 4588; x_wconf 91' lang='lat' dir='ltr'>e</span> <span class='ocrx_word' id='word_1_594' title='bbox 485 4576 494 4586; x_wconf 93' lang='lat'>.</span> 
     </span>
    </p>
   </div>
   <div class='ocr_carea' id='block_1_82' title="bbox 289 4535 494 4588">
    <p class='ocr_par' dir='ltr' id='par_1_82' title="bbox 289 4535 494 4588">
     <span class='ocr_line' id='line_1_83' title="bbox 289 4535 494 4588; baseline -0.005 -1"><span class='ocrx_word' id='word_1_595' title='bbox 289 4535 413 4588; x_wconf 89' lang='lat' dir='ltr'>7et</span> <span class='ocrx_word' id='word_1_596' title='bbox 441 4535 494 4588; x_wconf 89' lang='lat'>8.</span> 
     </span>
    </p>
   </div>
   <div class='ocr_carea' id='block_1_83' title="bbox 385 4602 1948 4680">
    <p class='ocr_par' dir='ltr' id='par_1_83' title="bbox 385 4602 1948 4680">
     <span class='ocr_line' id='line_1_84' title="bbox 385 4602 1948 4680; baseline 0.005 -23"><span class='ocrx_word' id='word_1_597' title='bbox 385 4603 512 4680; x_wconf 67' lang='lat'>390)</span> <span class='ocrx_word' id='word_1_598' title='bbox 535 4602 749 4680; x_wconf 77' lang='lat' dir='ltr'>Figura</span> <span class='ocrx_word' id='word_1_599' title='bbox 769 4602 1054 4680; x_wconf 75' lang='lat' dir='ltr'>Carolin.</span> <span class='ocrx_word' id='word_1_600' title='bbox 1079 4604 1282 4680; x_wconf 67' lang='lat' dir='ltr'>(Qalvi)</span> <span class='ocrx_word' id='word_1_601' title='bbox 1307 4605 1461 4679; x_wconf 90' lang='lat' dir='ltr'>regis</span> <span class='ocrx_word' id='word_1_602' title='bbox 1483 4604 1543 4662; x_wconf 91' lang='lat' dir='ltr'>in</span> <span class='ocrx_word' id='word_1_603' title='bbox 1570 4606 1772 4664; x_wconf 86' lang='lat' dir='ltr'>tabula</span> <span class='ocrx_word' id='word_1_604' title='bbox 1793 4607 1948 4680; x_wconf 81' lang='lat' dir='ltr'>picta</span> 
     </span>
    </p>
   </div>
   <div class='ocr_carea' id='block_1_84' title="bbox 291 4673 1948 4758">
    <p class='ocr_par' dir='ltr' id='par_1_84' title="bbox 291 4673 1948 4758">
     <span class='ocr_line' id='line_1_85' title="bbox 291 4673 1948 4758; baseline 0.004 -28"><span class='ocrx_word' id='word_1_605' title='bbox 291 4673 502 4758; x_wconf 52' lang='lat' dir='ltr'>l3ibliai&#39;</span> <span class='ocrx_word' id='word_1_606' title='bbox 523 4673 914 4758; x_wconf 70' lang='lat' dir='ltr'>codicis_regii</span> <span class='ocrx_word' id='word_1_607' title='bbox 949 4676 1064 4758; x_wconf 88' lang='lat' dir='ltr'>(ap.</span> <span class='ocrx_word' id='word_1_608' title='bbox 1088 4673 1851 4758; x_wconf 48' lang='lat' dir='ltr'>Most/agtcenLMonuments</span> <span class='ocrx_word' id='word_1_609' title='bbox 1872 4681 1948 4737; x_wconf 89' lang='lat' dir='ltr'>de</span> 
     </span>
    </p>
   </div>
   <div class='ocr_carea' id='block_1_85' title="bbox 294 4745 1946 4816">
    <p class='ocr_par' dir='ltr' id='par_1_85' title="bbox 294 4745 1946 4816">
     <span class='ocr_line' id='line_1_86' title="bbox 294 4745 1946 4816; baseline 0.005 -15"><span class='ocrx_word' id='word_1_610' title='bbox 294 4745 351 4802; x_wconf 86' lang='lat' dir='ltr'>la</span> <span class='ocrx_word' id='word_1_611' title='bbox 378 4746 716 4803; x_wconf 88' lang='lat' dir='ltr'>monarchie</span> <span class='ocrx_word' id='word_1_612' title='bbox 746 4745 1052 4816; x_wconf 66' lang='lat' dir='ltr'>frafrqaisé,</span> <span class='ocrx_word' id='word_1_613' title='bbox 1085 4751 1142 4802; x_wconf 93' lang='lat' dir='ltr'>et</span> <span class='ocrx_word' id='word_1_614' title='bbox 1170 4745 1397 4814; x_wconf 74' lang='lat' dir='ltr'>Malliot,</span> <span class='ocrx_word' id='word_1_615' title='bbox 1434 4749 1796 4807; x_wconf 86' lang='lat' dir='ltr'>Recherches</span> <span class='ocrx_word' id='word_1_616' title='bbox 1841 4769 1946 4808; x_wconf 88' lang='lat' dir='ltr'>sur</span> 
     </span>
    </p>
   </div>
   <div class='ocr_carea' id='block_1_86' title="bbox 293 4817 1942 4891">
    <p class='ocr_par' dir='ltr' id='par_1_86' title="bbox 293 4817 1942 4891">
     <span class='ocr_line' id='line_1_87' title="bbox 293 4817 1942 4891; baseline 0.004 -19"><span class='ocrx_word' id='word_1_617' title='bbox 293 4817 378 4891; x_wconf 83' lang='lat' dir='ltr'>les</span> <span class='ocrx_word' id='word_1_618' title='bbox 409 4823 726 4885; x_wconf 86' lang='lat' dir='ltr'>costumes,</span> <span class='ocrx_word' id='word_1_619' title='bbox 757 4823 890 4889; x_wconf 89' lang='lat' dir='ltr'>etc.,</span> <span class='ocrx_word' id='word_1_620' title='bbox 921 4818 1035 4891; x_wconf 78' lang='lat' dir='ltr'>vol.</span> <span class='ocrx_word' id='word_1_621' title='bbox 1069 4821 1169 4873; x_wconf 85' lang='grc'>111.</span> <span class='ocrx_word' id='word_1_622' title='bbox 1201 4820 1322 4875; x_wconf 83' lang='lat' dir='ltr'>tab.</span> <span class='ocrx_word' id='word_1_623' title='bbox 1355 4819 1552 4891; x_wconf 86' lang='lat' dir='ltr'>XIV.);</span> <span class='ocrx_word' id='word_1_624' title='bbox 1589 4822 1792 4878; x_wconf 88' lang='lat' dir='ltr'>eadem</span> <span class='ocrx_word' id='word_1_625' title='bbox 1836 4824 1942 4879; x_wconf 84' lang='lat' dir='ltr'>Lo-</span> 
     </span>
    </p>
   </div>
   <div class='ocr_carea' id='block_1_87' title="bbox 295 4889 1096 4962">
    <p class='ocr_par' dir='ltr' id='par_1_87' title="bbox 295 4889 1096 4962">
     <span class='ocr_line' id='line_1_88' title="bbox 295 4889 1096 4962; baseline 0 -17"><span class='ocrx_word' id='word_1_626' title='bbox 295 4890 516 4962; x_wconf 13' lang='lat' dir='ltr'>thariirl</span> <span class='ocrx_word' id='word_1_627' title='bbox 545 4891 915 4962; x_wconf 55' lang='lat' dir='ltr'>Imperatoris,</span> <span class='ocrx_word' id='word_1_628' title='bbox 955 4889 1096 4945; x_wconf 87' lang='lat' dir='ltr'>ibid.</span> 
     </span>
    </p>
   </div>
   <div class='ocr_carea' id='block_1_88' title="bbox 365 4959 1940 5036">
    <p class='ocr_par' dir='ltr' id='par_1_88' title="bbox 365 4959 1940 5036">
     <span class='ocr_line' id='line_1_89' title="bbox 365 4959 1940 5036; baseline 0.003 -20"><span class='ocrx_word' id='word_1_629' title='bbox 365 4961 512 5036; x_wconf 84' lang='grc'>(391)</span> <span class='ocrx_word' id='word_1_630' title='bbox 570 4959 760 5036; x_wconf 75' lang='lat' dir='ltr'>Codex</span> <span class='ocrx_word' id='word_1_631' title='bbox 814 4961 1158 5036; x_wconf 51' lang='lat' dir='ltr'>Vaticanus</span> <span class='ocrx_word' id='word_1_632' title='bbox 1188 4961 1563 5019; x_wconf 89' lang='lat' dir='ltr'>Domnizonis</span> <span class='ocrx_word' id='word_1_633' title='bbox 1627 4964 1686 5019; x_wconf 90' lang='lat' dir='ltr'>in</span> <span class='ocrx_word' id='word_1_634' title='bbox 1756 4963 1940 5036; x_wconf 79' lang='lat' dir='ltr'>Origg.</span> 
     </span>
    </p>
   </div>
   <div class='ocr_carea' id='block_1_89' title="bbox 296 5030 1183 5117">
    <p class='ocr_par' dir='ltr' id='par_1_89' title="bbox 296 5030 1183 5117">
     <span class='ocr_line' id='line_1_90' title="bbox 296 5030 1183 5117; baseline 0.002 -31"><span class='ocrx_word' id='word_1_635' title='bbox 296 5030 833 5117; x_wconf 33' lang='lat' dir='ltr'>Guel‘p‘b.‘tab.‘lllo.</span> <span class='ocrx_word' id='word_1_636' title='bbox 863 5034 936 5117; x_wconf 69' lang='lat' dir='ltr'>ad</span> <span class='ocrx_word' id='word_1_637' title='bbox 967 5033 1183 5117; x_wconf 36' lang='lat' dir='ltr'>p.495.</span> 
     </span>
    </p>
   </div>
   <div class='ocr_carea' id='block_1_90' title="bbox 366 5102 1942 5178">
    <p class='ocr_par' dir='ltr' id='par_1_90' title="bbox 366 5102 1942 5178">
     <span class='ocr_line' id='line_1_91' title="bbox 366 5102 1942 5178; baseline 0.004 -21"><span class='ocrx_word' id='word_1_638' title='bbox 366 5102 514 5178; x_wconf 57' lang='lat'>(39?)</span> <span class='ocrx_word' id='word_1_639' title='bbox 545 5102 831 5178; x_wconf 43' lang='lat' dir='ltr'>iuratori,</span> <span class='ocrx_word' id='word_1_640' title='bbox 861 5102 1071 5177; x_wconf 83' lang='lat' dir='ltr'>Script.</span> <span class='ocrx_word' id='word_1_641' title='bbox 1106 5105 1232 5178; x_wconf 77' lang='lat' dir='ltr'>Rer.</span> <span class='ocrx_word' id='word_1_642' title='bbox 1267 5103 1518 5178; x_wconf 89' lang='lat' dir='ltr'>Italicar.</span> <span class='ocrx_word' id='word_1_643' title='bbox 1561 5103 1600 5160; x_wconf 92' lang='lat' dir='ltr'>l.</span> <span class='ocrx_word' id='word_1_644' title='bbox 1624 5120 1684 5178; x_wconf 17' lang='grc' dir='ltr'>ίι.</span> <span class='ocrx_word' id='word_1_645' title='bbox 1726 5123 1782 5178; x_wconf 89' lang='lat' dir='ltr'>p.</span> <span class='ocrx_word' id='word_1_646' title='bbox 1818 5107 1942 5178; x_wconf 80' lang='grc'>460.</span> 
     </span>
    </p>
   </div>
   <div class='ocr_carea' id='block_1_91' title="bbox 295 5174 1945 5301">
    <p class='ocr_par' dir='ltr' id='par_1_91' title="bbox 295 5174 1945 5301">
     <span class='ocr_line' id='line_1_92' title="bbox 365 5174 1945 5251; baseline 0.004 -22"><span class='ocrx_word' id='word_1_647' title='bbox 365 5174 516 5247; x_wconf 85' lang='lat'>(393)</span> <span class='ocrx_word' id='word_1_648' title='bbox 543 5175 742 5247; x_wconf 77' lang='lat' dir='ltr'>Zylles,</span> <span class='ocrx_word' id='word_1_649' title='bbox 789 5174 828 5230; x_wconf 91' lang='lat' dir='ltr'>l.</span> <span class='ocrx_word' id='word_1_650' title='bbox 876 5191 926 5232; x_wconf 92' lang='lat' dir='ltr'>c.</span> <span class='ocrx_word' id='word_1_651' title='bbox 983 5174 1041 5248; x_wconf 72' lang='grc' dir='ltr'>β.</span> <span class='ocrx_word' id='word_1_652' title='bbox 1087 5177 1178 5231; x_wconf 84' lang='lat'>25.</span> <span class='ocrx_word' id='word_1_653' title='bbox 1231 5177 1558 5232; x_wconf 79' lang='lat' dir='ltr'>Heineccius</span> <span class='ocrx_word' id='word_1_654' title='bbox 1605 5177 1677 5233; x_wconf 89' lang='lat' dir='ltr'>de</span> <span class='ocrx_word' id='word_1_655' title='bbox 1726 5174 1945 5251; x_wconf 74' lang='lat' dir='ltr'>sigillis</span> 
     </span>
     <span class='ocr_line' id='line_1_93' title="bbox 295 5244 841 5301; baseline 0.009 -5"><span class='ocrx_word' id='word_1_656' title='bbox 295 5244 362 5301; x_wconf 88' lang='lat' dir='ltr'>V.</span> <span class='ocrx_word' id='word_1_657' title='bbox 394 5248 450 5300; x_wconf 89' lang='lat'>6.</span> <span class='ocrx_word' id='word_1_658' title='bbox 483 5245 591 5301; x_wconf 65' lang='lat' dir='ltr'>sig.</span> <span class='ocrx_word' id='word_1_659' title='bbox 629 5263 680 5301; x_wconf 93' lang='lat' dir='ltr'>a.</span> <span class='ocrx_word' id='word_1_660' title='bbox 713 5246 841 5301; x_wconf 85' lang='grc'>974.</span> 
     </span>
    </p>
   </div>
   <div class='ocr_carea' id='block_1_92' title="bbox 349 5262 841 5302">
    <p class='ocr_par' dir='ltr' id='par_1_92' title="bbox 349 5262 841 5302">
     <span class='ocr_line' id='line_1_94' title="bbox 349 5262 841 5302; baseline 0.002 -1"><span class='ocrx_word' id='word_1_661' title='bbox 349 5287 362 5301; x_wconf 84' lang='grc'>.</span> <span class='ocrx_word' id='word_1_662' title='bbox 394 5262 450 5300; x_wconf 80' lang='grc' dir='ltr'>Ο.</span> <span class='ocrx_word' id='word_1_663' title='bbox 483 5262 591 5302; x_wconf 67' lang='grc'>812.</span> <span class='ocrx_word' id='word_1_664' title='bbox 629 5263 680 5302; x_wconf 74' lang='lat'>8..</span> <span class='ocrx_word' id='word_1_665' title='bbox 713 5262 841 5302; x_wconf 70' lang='grc' dir='ltr'>νιιι.</span> 
     </span>
    </p>
   </div>
   <div class='ocr_carea' id='block_1_93' title="bbox 298 5316 1940 5444">
    <p class='ocr_par' dir='ltr' id='par_1_93' title="bbox 298 5316 1940 5444">
     <span class='ocr_line' id='line_1_95' title="bbox 298 5316 1940 5444; baseline 0.002 -72"><span class='ocrx_word' id='word_1_666' title='bbox 298 5318 514 5444; x_wconf 50' lang='grc' dir='ltr'>Νωῇ)</span> <span class='ocrx_word' id='word_1_667' title='bbox 545 5316 810 5387; x_wconf 79' lang='lat' dir='ltr'>Shannat,</span> <span class='ocrx_word' id='word_1_668' title='bbox 843 5317 885 5372; x_wconf 95' lang='grc'>1.</span> <span class='ocrx_word' id='word_1_669' title='bbox 929 5333 1009 5385; x_wconf 92' lang='lat' dir='ltr'>c.;</span> <span class='ocrx_word' id='word_1_670' title='bbox 1059 5317 1270 5388; x_wconf 74' lang='lat' dir='ltr'>Struve,</span> <span class='ocrx_word' id='word_1_671' title='bbox 1328 5316 1499 5391; x_wconf 84' lang='lat' dir='ltr'>Corp.</span> <span class='ocrx_word' id='word_1_672' title='bbox 1554 5318 1695 5376; x_wconf 88' lang='lat' dir='ltr'>hist.</span> <span class='ocrx_word' id='word_1_673' title='bbox 1758 5333 1940 5391; x_wconf 88' lang='lat' dir='ltr'>germ.</span> 
     </span>
     <span class='ocr_line' id='line_1_96' title="bbox 349 5405 524 5444; baseline 0.006 -1"><span class='ocrx_word' id='word_1_674' title='bbox 349 5405 400 5444; x_wconf 92' lang='grc' dir='ltr'>ο.</span> <span class='ocrx_word' id='word_1_675' title='bbox 511 5430 524 5444; x_wconf 94' lang='grc'>.</span> 
     </span>
    </p>
   </div>
   <div class='ocr_carea' id='block_1_94' title="bbox 349 5405 524 5444">
    <p class='ocr_par' dir='ltr' id='par_1_94' title="bbox 349 5405 524 5444">
     <span class='ocr_line' id='line_1_97' title="bbox 349 5405 524 5444; baseline 0.006 -1"><span class='ocrx_word' id='word_1_676' title='bbox 349 5405 400 5444; x_wconf 91' lang='grc'>0.</span> <span class='ocrx_word' id='word_1_677' title='bbox 437 5405 524 5444; x_wconf 72' lang='grc'>14.</span> 
     </span>
    </p>
   </div>
   <div class='ocr_carea' id='block_1_95' title="bbox 497 5462 519 5749">
    <p class='ocr_par' dir='ltr' id='par_1_95' title="bbox 497 5462 519 5749">
     <span class='ocr_line' id='line_1_98' title="bbox 497 5462 519 5749; baseline 0 -36"><span class='ocrx_word' id='word_1_678' title='bbox 497 5462 519 5749; x_wconf 62' lang='grc' dir='ltr'>ἓ</span> 
     </span>
    </p>
   </div>
   <div class='ocr_carea' id='block_1_96' title="bbox 391 5458 1283 5534">
    <p class='ocr_par' dir='ltr' id='par_1_96' title="bbox 391 5458 1283 5534">
     <span class='ocr_line' id='line_1_99' title="bbox 391 5458 1283 5534; baseline 0 0"><span class='ocrx_word' id='word_1_679' title='bbox 391 5460 514 5534; x_wconf 68' lang='lat'>395)</span> <span class='ocrx_word' id='word_1_680' title='bbox 545 5459 736 5534; x_wconf 60' lang='lat' dir='ltr'>mih.</span> <span class='ocrx_word' id='word_1_681' title='bbox 769 5458 808 5534; x_wconf 55' lang='grc' dir='ltr'>ις</span> <span class='ocrx_word' id='word_1_682' title='bbox 841 5475 905 5534; x_wconf 70' lang='grc' dir='ltr'>οι,</span> <span class='ocrx_word' id='word_1_683' title='bbox 925 5460 1124 5534; x_wconf 57' lang='grc' dir='ltr'>εἰεω-</span> <span class='ocrx_word' id='word_1_684' title='bbox 1158 5461 1283 5534; x_wconf 70' lang='lat'>974.-</span> 
     </span>
    </p>
   </div>
   <div class='ocr_carea' id='block_1_97' title="bbox 391 5530 1679 5604">
    <p class='ocr_par' dir='ltr' id='par_1_97' title="bbox 391 5530 1679 5604">
     <span class='ocr_line' id='line_1_100' title="bbox 391 5530 1679 5604; baseline 0.001 -19"><span class='ocrx_word' id='word_1_685' title='bbox 548 5531 734 5604; x_wconf 59' lang='lat' dir='ltr'>Qrigg.</span> <span class='ocrx_word' id='word_1_686' title='bbox 767 5530 1023 5604; x_wconf 46' lang='lat' dir='ltr'>Guelph&#39;.</span> <span class='ocrx_word' id='word_1_687' title='bbox 1044 5531 1111 5587; x_wconf 88' lang='lat' dir='ltr'>V.</span> <span class='ocrx_word' id='word_1_688' title='bbox 1146 5532 1301 5604; x_wconf 61' lang='grc' dir='ltr'>μβ.</span> <span class='ocrx_word' id='word_1_689' title='bbox 1326 5531 1436 5604; x_wconf 86' lang='lat' dir='ltr'>sig.</span> <span class='ocrx_word' id='word_1_690' title='bbox 1466 5547 1518 5604; x_wconf 83' lang='lat' dir='ltr'>a.</span> <span class='ocrx_word' id='word_1_691' title='bbox 1550 5530 1679 5586; x_wconf 84' lang='lat'>963.</span> 
     </span>
    </p>
   </div>
   <div class='ocr_carea' id='block_1_98' title="bbox 393 5599 1941 5676">
    <p class='ocr_par' dir='ltr' id='par_1_98' title="bbox 393 5599 1941 5676">
     <span class='ocr_line' id='line_1_101' title="bbox 393 5599 1941 5676; baseline 0.005 -23"><span class='ocrx_word' id='word_1_692' title='bbox 393 5599 516 5676; x_wconf 54' lang='lat'>997)</span> <span class='ocrx_word' id='word_1_693' title='bbox 548 5599 730 5676; x_wconf 59' lang='lat' dir='ltr'>_Z_illeis,</span> <span class='ocrx_word' id='word_1_694' title='bbox 768 5618 822 5676; x_wconf 92' lang='lat' dir='ltr'>p.</span> <span class='ocrx_word' id='word_1_695' title='bbox 854 5599 945 5676; x_wconf 62' lang='lat' dir='ltr'>gf.</span> <span class='ocrx_word' id='word_1_696' title='bbox 979 5599 1174 5676; x_wconf 35' lang='lat' dir='ltr'>sigta.</span> <span class='ocrx_word' id='word_1_697' title='bbox 1207 5602 1340 5658; x_wconf 82' lang='lat'>963:</span> <span class='ocrx_word' id='word_1_698' title='bbox 1373 5599 1711 5673; x_wconf 74' lang='lat' dir='ltr'>Heineccius,</span> <span class='ocrx_word' id='word_1_699' title='bbox 1770 5608 1836 5662; x_wconf 87' lang='lat' dir='ltr'>V.</span> <span class='ocrx_word' id='word_1_700' title='bbox 1888 5605 1941 5661; x_wconf 93' lang='lat'>3.</span> 
     </span>
    </p>
   </div>
   <div class='ocr_carea' id='block_1_99' title="bbox 335 5668 1166 5780">
    <p class='ocr_par' dir='ltr' id='par_1_99' title="bbox 335 5668 1166 5780">
     <span class='ocr_line' id='line_1_102' title="bbox 335 5668 1166 5780; baseline 0.006 -52"><span class='ocrx_word' id='word_1_701' title='bbox 335 5723 338 5728; x_wconf 92' lang='lat'>.</span> <span class='ocrx_word' id='word_1_702' title='bbox 371 5668 519 5749; x_wconf 70' lang='lat'>(398)</span> <span class='ocrx_word' id='word_1_703' title='bbox 543 5668 825 5780; x_wconf 51' lang='grc' dir='ltr'>Πιέναιονῖὲ,</span> <span class='ocrx_word' id='word_1_704' title='bbox 859 5672 924 5732; x_wconf 90' lang='lat' dir='ltr'>V.</span> <span class='ocrx_word' id='word_1_705' title='bbox 956 5668 1166 5750; x_wconf 54' lang='lat' dir='ltr'>p.935.</span> 
     </span>
    </p>
   </div>
   <div class='ocr_carea' id='block_1_100' title="bbox 2046 3524 3714 3600">
    <p class='ocr_par' dir='ltr' id='par_1_100' title="bbox 2046 3524 3714 3600">
     <span class='ocr_line' id='line_1_103' title="bbox 2046 3524 3714 3600; baseline 0.002 -19"><span class='ocrx_word' id='word_1_706' title='bbox 2046 3541 2395 3582; x_wconf 90' lang='lat' dir='ltr'>coronarum</span> <span class='ocrx_word' id='word_1_707' title='bbox 2429 3524 2676 3581; x_wconf 85' lang='lat' dir='ltr'>formam</span> <span class='ocrx_word' id='word_1_708' title='bbox 2710 3543 2743 3580; x_wconf 90' lang='lat' dir='ltr'>a</span> <span class='ocrx_word' id='word_1_709' title='bbox 2786 3525 3022 3598; x_wconf 89' lang='lat' dir='ltr'>regibus</span> <span class='ocrx_word' id='word_1_710' title='bbox 3069 3525 3180 3598; x_wconf 90' lang='lat' dir='ltr'>(vel</span> <span class='ocrx_word' id='word_1_711' title='bbox 3222 3526 3714 3600; x_wconf 80' lang='lat' dir='ltr'>imperatoribus)</span> 
     </span>
    </p>
   </div>
   <div class='ocr_carea' id='block_1_101' title="bbox 2045 3613 3702 3690">
    <p class='ocr_par' dir='ltr' id='par_1_101' title="bbox 2045 3613 3702 3690">
     <span class='ocr_line' id='line_1_104' title="bbox 2045 3613 3702 3690; baseline 0.002 -20"><span class='ocrx_word' id='word_1_712' title='bbox 2045 3613 2368 3670; x_wconf 67' lang='lat' dir='ltr'>Germaniae</span> <span class='ocrx_word' id='word_1_713' title='bbox 2400 3614 2651 3669; x_wconf 90' lang='lat' dir='ltr'>mutuati</span> <span class='ocrx_word' id='word_1_714' title='bbox 2683 3618 2841 3684; x_wconf 90' lang='lat' dir='ltr'>sunt,</span> <span class='ocrx_word' id='word_1_715' title='bbox 2878 3631 2994 3686; x_wconf 90' lang='lat' dir='ltr'>quo</span> <span class='ocrx_word' id='word_1_716' title='bbox 3023 3615 3348 3672; x_wconf 85' lang='lat' dir='ltr'>Russorum</span> <span class='ocrx_word' id='word_1_717' title='bbox 3371 3632 3540 3690; x_wconf 84' lang='lat' dir='ltr'>reges</span> <span class='ocrx_word' id='word_1_718' title='bbox 3583 3618 3702 3674; x_wconf 79' lang='lat' dir='ltr'>for-</span> 
     </span>
    </p>
   </div>
   <div class='ocr_carea' id='block_1_102' title="bbox 2047 3701 3702 3777">
    <p class='ocr_par' dir='ltr' id='par_1_102' title="bbox 2047 3701 3702 3777">
     <span class='ocr_line' id='line_1_105' title="bbox 2047 3701 3702 3777; baseline 0.002 -19"><span class='ocrx_word' id='word_1_719' title='bbox 2047 3719 2205 3758; x_wconf 90' lang='lat' dir='ltr'>mam</span> <span class='ocrx_word' id='word_1_720' title='bbox 2231 3719 2454 3758; x_wconf 82' lang='lat' dir='ltr'>coronae</span> <span class='ocrx_word' id='word_1_721' title='bbox 2479 3706 2898 3774; x_wconf 89' lang='lat' dir='ltr'>lmperatorum</span> <span class='ocrx_word' id='word_1_722' title='bbox 2916 3702 3189 3759; x_wconf 90' lang='lat' dir='ltr'>Orientis.</span> <span class='ocrx_word' id='word_1_723' title='bbox 3215 3701 3522 3777; x_wconf 75' lang='lat' dir='ltr'>Byzantini</span> <span class='ocrx_word' id='word_1_724' title='bbox 3541 3705 3702 3762; x_wconf 87' lang='lat' dir='ltr'>enim</span> 
     </span>
    </p>
   </div>
   <div class='ocr_carea' id='block_1_103' title="bbox 2047 3790 3702 3865">
    <p class='ocr_par' dir='ltr' id='par_1_103' title="bbox 2047 3790 3702 3865">
     <span class='ocr_line' id='line_1_106' title="bbox 2047 3790 3702 3865; baseline 0.003 -19"><span class='ocrx_word' id='word_1_725' title='bbox 2047 3790 2493 3862; x_wconf 67' lang='lat' dir='ltr'>hemisphaarica</span> <span class='ocrx_word' id='word_1_726' title='bbox 2521 3790 2839 3847; x_wconf 89' lang='lat' dir='ltr'>unionibus</span> <span class='ocrx_word' id='word_1_727' title='bbox 2865 3791 3082 3865; x_wconf 88' lang='lat' dir='ltr'>repleta</span> <span class='ocrx_word' id='word_1_728' title='bbox 3103 3793 3228 3848; x_wconf 90' lang='lat' dir='ltr'>etin</span> <span class='ocrx_word' id='word_1_729' title='bbox 3243 3793 3518 3850; x_wconf 89' lang='lat' dir='ltr'>acumine</span> <span class='ocrx_word' id='word_1_730' title='bbox 3532 3811 3702 3851; x_wconf 86' lang='lat' dir='ltr'>cruce</span> 
     </span>
    </p>
   </div>
   <div class='ocr_carea' id='block_1_104' title="bbox 2048 3880 3703 3953">
    <p class='ocr_par' dir='ltr' id='par_1_104' title="bbox 2048 3880 3703 3953">
     <span class='ocr_line' id='line_1_107' title="bbox 2048 3880 3703 3953; baseline 0.002 -18"><span class='ocrx_word' id='word_1_731' title='bbox 2048 3884 2254 3935; x_wconf 92' lang='lat' dir='ltr'>ornata</span> <span class='ocrx_word' id='word_1_732' title='bbox 2284 3880 2600 3934; x_wconf 89' lang='lat' dir='ltr'>utebantur</span> <span class='ocrx_word' id='word_1_733' title='bbox 2629 3895 2864 3950; x_wconf 91' lang='lat' dir='ltr'>corona,</span> <span class='ocrx_word' id='word_1_734' title='bbox 2897 3897 2967 3936; x_wconf 88' lang='lat' dir='ltr'>ex</span> <span class='ocrx_word' id='word_1_735' title='bbox 3009 3897 3129 3953; x_wconf 89' lang='lat' dir='ltr'>qua</span> <span class='ocrx_word' id='word_1_736' title='bbox 3173 3881 3310 3938; x_wconf 87' lang='lat' dir='ltr'>hinc</span> <span class='ocrx_word' id='word_1_737' title='bbox 3360 3881 3527 3939; x_wconf 90' lang='lat' dir='ltr'>illinc</span> <span class='ocrx_word' id='word_1_738' title='bbox 3571 3883 3703 3940; x_wconf 69' lang='lat' dir='ltr'>vita</span> 
     </span>
    </p>
   </div>
   <div class='ocr_carea' id='block_1_105' title="bbox 2050 3963 3700 4041">
    <p class='ocr_par' dir='ltr' id='par_1_105' title="bbox 2050 3963 3700 4041">
     <span class='ocr_line' id='line_1_108' title="bbox 2050 3963 3700 4041; baseline 0.002 -17"><span class='ocrx_word' id='word_1_739' title='bbox 2050 3967 2382 4040; x_wconf 86' lang='lat' dir='ltr'>pendebant</span> <span class='ocrx_word' id='word_1_740' title='bbox 2411 3967 2730 4024; x_wconf 91' lang='lat' dir='ltr'>unionibus</span> <span class='ocrx_word' id='word_1_741' title='bbox 2777 3968 2866 4024; x_wconf 83' lang='lat' dir='ltr'>vel</span> <span class='ocrx_word' id='word_1_742' title='bbox 2913 3963 3164 4041; x_wconf 86' lang='lat' dir='ltr'>gemmis</span> <span class='ocrx_word' id='word_1_743' title='bbox 3209 3970 3484 4029; x_wconf 87' lang='lat' dir='ltr'>similiter</span> <span class='ocrx_word' id='word_1_744' title='bbox 3531 3989 3700 4038; x_wconf 86' lang='lat' dir='ltr'>orna-</span> 
     </span>
    </p>
   </div>
   <div class='ocr_carea' id='block_1_106' title="bbox 2049 4056 3705 4130">
    <p class='ocr_par' dir='ltr' id='par_1_106' title="bbox 2049 4056 3705 4130">
     <span class='ocr_line' id='line_1_109' title="bbox 2049 4056 3705 4130; baseline 0.002 -18"><span class='ocrx_word' id='word_1_745' title='bbox 2049 4062 2118 4112; x_wconf 63' lang='lat' dir='ltr'>tas</span> <span class='ocrx_word' id='word_1_746' title='bbox 2151 4056 2318 4127; x_wconf 87' lang='grc'>(406).</span> <span class='ocrx_word' id='word_1_747' title='bbox 2355 4056 2678 4113; x_wconf 86' lang='lat' dir='ltr'>Russorum</span> <span class='ocrx_word' id='word_1_748' title='bbox 2710 4057 2909 4130; x_wconf 91' lang='lat' dir='ltr'>magni</span> <span class='ocrx_word' id='word_1_749' title='bbox 2935 4059 3119 4114; x_wconf 90' lang='lat' dir='ltr'>Duces</span> <span class='ocrx_word' id='word_1_750' title='bbox 3141 4059 3277 4115; x_wconf 88' lang='lat' dir='ltr'>inde</span> <span class='ocrx_word' id='word_1_751' title='bbox 3297 4059 3705 4116; x_wconf 83' lang='lat' dir='ltr'>anadimiro</span> 
     </span>
    </p>
   </div>
   <div class='ocr_carea' id='block_1_107' title="bbox 2050 4144 3707 4220">
    <p class='ocr_par' dir='ltr' id='par_1_107' title="bbox 2050 4144 3707 4220">
     <span class='ocr_line' id='line_1_110' title="bbox 2050 4144 3707 4220; baseline 0.004 -19"><span class='ocrx_word' id='word_1_752' title='bbox 2050 4160 2265 4218; x_wconf 92' lang='lat' dir='ltr'>magno</span> <span class='ocrx_word' id='word_1_753' title='bbox 2293 4144 2540 4202; x_wconf 89' lang='lat' dir='ltr'>eandem</span> <span class='ocrx_word' id='word_1_754' title='bbox 2565 4144 2878 4216; x_wconf 88' lang='lat' dir='ltr'>gestabant</span> <span class='ocrx_word' id='word_1_755' title='bbox 2907 4146 2981 4217; x_wconf 93' lang='lat' dir='ltr'>(v.</span> <span class='ocrx_word' id='word_1_756' title='bbox 3016 4147 3116 4220; x_wconf 87' lang='lat' dir='ltr'>ﬁg.</span> <span class='ocrx_word' id='word_1_757' title='bbox 3159 4147 3269 4219; x_wconf 88' lang='grc'>15),</span> <span class='ocrx_word' id='word_1_758' title='bbox 3319 4148 3454 4205; x_wconf 90' lang='lat' dir='ltr'>vitis</span> <span class='ocrx_word' id='word_1_759' title='bbox 3503 4153 3707 4206; x_wconf 82' lang='lat' dir='ltr'>tamen</span> 
     </span>
    </p>
   </div>
   <div class='ocr_carea' id='block_1_108' title="bbox 2051 4232 2699 4307">
    <p class='ocr_par' dir='ltr' id='par_1_108' title="bbox 2051 4232 2699 4307">
     <span class='ocr_line' id='line_1_111' title="bbox 2051 4232 2699 4307; baseline -0.003 -16"><span class='ocrx_word' id='word_1_760' title='bbox 2051 4237 2254 4307; x_wconf 90' lang='lat' dir='ltr'>postea</span> <span class='ocrx_word' id='word_1_761' title='bbox 2284 4232 2499 4289; x_wconf 91' lang='lat' dir='ltr'>amotis</span> <span class='ocrx_word' id='word_1_762' title='bbox 2531 4235 2699 4305; x_wconf 83' lang='grc'>(407).</span> 
     </span>
    </p>
   </div>
   <div class='ocr_carea' id='block_1_109' title="bbox 2123 4384 3703 4468">
    <p class='ocr_par' dir='ltr' id='par_1_109' title="bbox 2123 4384 3703 4468">
     <span class='ocr_line' id='line_1_112' title="bbox 2123 4384 3703 4468; baseline 0.005 -21"><span class='ocrx_word' id='word_1_763' title='bbox 2123 4393 2270 4465; x_wconf 80' lang='lat'>(399)</span> <span class='ocrx_word' id='word_1_764' title='bbox 2295 4392 2462 4468; x_wconf 61' lang='lat' dir='ltr'>grati;</span> <span class='ocrx_word' id='word_1_765' title='bbox 2494 4391 2606 4464; x_wconf 89' lang='lat' dir='ltr'>sig.</span> <span class='ocrx_word' id='word_1_766' title='bbox 2640 4393 2830 4468; x_wconf 56' lang='lat' dir='ltr'>a935,</span> <span class='ocrx_word' id='word_1_767' title='bbox 2862 4392 3111 4468; x_wconf 65' lang='lat' dir='ltr'>Sitanna:</span> <span class='ocrx_word' id='word_1_768' title='bbox 3138 4395 3251 4464; x_wconf 89' lang='lat' dir='ltr'>ib.;</span> <span class='ocrx_word' id='word_1_769' title='bbox 3285 4413 3380 4468; x_wconf 85' lang='lat' dir='ltr'>ap.</span> <span class='ocrx_word' id='word_1_770' title='bbox 3404 4384 3703 4468; x_wconf 62' lang='grc' dir='ltr'>εταυιίκνη</span> 
     </span>
    </p>
   </div>
   <div class='ocr_carea' id='block_1_110' title="bbox 2053 4463 3729 4538">
    <p class='ocr_par' dir='ltr' id='par_1_110' title="bbox 2053 4463 3729 4538">
     <span class='ocr_line' id='line_1_113' title="bbox 2053 4463 3729 4538; baseline 0.002 -17"><span class='ocrx_word' id='word_1_771' title='bbox 2053 4463 2241 4538; x_wconf 85' lang='lat' dir='ltr'>exstat</span> <span class='ocrx_word' id='word_1_772' title='bbox 2255 4463 2412 4538; x_wconf 80' lang='lat' dir='ltr'>alius</span> <span class='ocrx_word' id='word_1_773' title='bbox 2441 4463 2890 4538; x_wconf 69' lang='lat' dir='ltr'>typusplumbo</span> <span class='ocrx_word' id='word_1_774' title='bbox 2912 4463 3248 4538; x_wconf 71' lang='lat' dir='ltr'>impressus</span> <span class='ocrx_word' id='word_1_775' title='bbox 3279 4463 3416 4524; x_wconf 78' lang='lat' dir='ltr'>anni</span> <span class='ocrx_word' id='word_1_776' title='bbox 3444 4465 3575 4524; x_wconf 85' lang='lat'>999.</span> <span class='ocrx_word' id='word_1_777' title='bbox 3641 4470 3643 4472; x_wconf 74' lang='grc'><em>’</em></span> <span class='ocrx_word' id='word_1_778' title='bbox 3727 4489 3729 4491; x_wconf 91' lang='grc'><strong>·</strong></span> 
     </span>
    </p>
   </div>
   <div class='ocr_carea' id='block_1_111' title="bbox 1970 4525 3720 4610">
    <p class='ocr_par' dir='ltr' id='par_1_111' title="bbox 1970 4525 3720 4610">
     <span class='ocr_line' id='line_1_114' title="bbox 1970 4525 3720 4610; baseline 0.003 -21"><span class='ocrx_word' id='word_1_779' title='bbox 1970 4525 2018 4589; x_wconf 91' lang='lat' dir='ltr'><strong>D</strong></span> <span class='ocrx_word' id='word_1_780' title='bbox 2058 4537 2268 4610; x_wconf 67' lang='lat'>__(400)</span> <span class='ocrx_word' id='word_1_781' title='bbox 2307 4535 2424 4608; x_wconf 85' lang='lat' dir='ltr'>Sig.</span> <span class='ocrx_word' id='word_1_782' title='bbox 2467 4525 2529 4591; x_wconf 45' lang='lat' dir='ltr'>&#39;a‘.</span> <span class='ocrx_word' id='word_1_783' title='bbox 2577 4525 2704 4591; x_wconf 81' lang='grc'>990.</span> <span class='ocrx_word' id='word_1_784' title='bbox 2753 4553 2848 4609; x_wconf 91' lang='lat' dir='ltr'>ap.</span> <span class='ocrx_word' id='word_1_785' title='bbox 2898 4525 3079 4609; x_wconf 79' lang='lat' dir='ltr'>Zylles</span> <span class='ocrx_word' id='word_1_786' title='bbox 3128 4555 3182 4610; x_wconf 94' lang='lat' dir='ltr'>p.</span> <span class='ocrx_word' id='word_1_787' title='bbox 3233 4539 3304 4595; x_wconf 81' lang='lat'>28</span> <span class='ocrx_word' id='word_1_788' title='bbox 3353 4539 3720 4596; x_wconf 76' lang='lat' dir='ltr'>Hez&#39;ncccium&quot;</span> 
     </span>
    </p>
   </div>
   <div class='ocr_carea' id='block_1_112' title="bbox 2149 4678 2796 4734">
    <p class='ocr_par' dir='ltr' id='par_1_112' title="bbox 2149 4678 2796 4734">
     <span class='ocr_line' id='line_1_115' title="bbox 2149 4678 2796 4734; baseline -0.005 0"><span class='ocrx_word' id='word_1_789' title='bbox 2149 4678 2272 4734; x_wconf 80' lang='grc'>4011</span> <span class='ocrx_word' id='word_1_790' title='bbox 2302 4679 2616 4734; x_wconf 75' lang='lat' dir='ltr'>Heineccius</span> <span class='ocrx_word' id='word_1_791' title='bbox 2644 4678 2710 4732; x_wconf 88' lang='lat' dir='ltr'>V.</span> <span class='ocrx_word' id='word_1_792' title='bbox 2741 4679 2796 4732; x_wconf 91' lang='lat'>7.</span> 
     </span>
    </p>
   </div>
   <div class='ocr_carea' id='block_1_113' title="bbox 2124 4679 3694 4825">
    <p class='ocr_par' dir='ltr' id='par_1_113' title="bbox 2124 4679 3694 4825">
     <span class='ocr_line' id='line_1_116' title="bbox 2149 4679 2796 4734; baseline -0.005 0"><span class='ocrx_word' id='word_1_793' title='bbox 2149 4679 2240 4734; x_wconf 81' lang='grc'>401</span> <span class='ocrx_word' id='word_1_794' title='bbox 2302 4679 2616 4734; x_wconf 75' lang='lat' dir='ltr'>Heineccius</span> <span class='ocrx_word' id='word_1_795' title='bbox 2644 4679 2710 4732; x_wconf 91' lang='lat' dir='ltr'>V.</span> <span class='ocrx_word' id='word_1_796' title='bbox 2741 4679 2796 4732; x_wconf 91' lang='lat'>7.</span> 
     </span>
     <span class='ocr_line' id='line_1_117' title="bbox 2124 4679 3694 4825; baseline 0.001 -20"><span class='ocrx_word' id='word_1_797' title='bbox 2124 4679 2272 4822; x_wconf 49' lang='lat'>(4023</span> <span class='ocrx_word' id='word_1_798' title='bbox 2299 4747 2490 4821; x_wconf 85' lang='lat' dir='ltr'>Erath,</span> <span class='ocrx_word' id='word_1_799' title='bbox 2523 4749 2632 4822; x_wconf 86' lang='lat' dir='ltr'>sig.</span> <span class='ocrx_word' id='word_1_800' title='bbox 2667 4766 2699 4805; x_wconf 91' lang='lat' dir='ltr'>a</span> <span class='ocrx_word' id='word_1_801' title='bbox 2732 4749 2870 4805; x_wconf 83' lang='grc'>1005</span> <span class='ocrx_word' id='word_1_802' title='bbox 2901 4771 2930 4801; x_wconf 85' lang='grc'>‹‹</span> <span class='ocrx_word' id='word_1_803' title='bbox 2962 4750 3104 4823; x_wconf 81' lang='lat' dir='ltr'>Rex,</span> <span class='ocrx_word' id='word_1_804' title='bbox 3137 4773 3166 4801; x_wconf 90' lang='grc'><strong>››</strong></span> <span class='ocrx_word' id='word_1_805' title='bbox 3199 4751 3279 4807; x_wconf 92' lang='lat' dir='ltr'>id.</span> <span class='ocrx_word' id='word_1_806' title='bbox 3312 4751 3422 4825; x_wconf 91' lang='lat' dir='ltr'>sig.</span> <span class='ocrx_word' id='word_1_807' title='bbox 3458 4769 3515 4809; x_wconf 91' lang='lat' dir='ltr'>a.</span> <span class='ocrx_word' id='word_1_808' title='bbox 3571 4752 3694 4808; x_wconf 79' lang='lat' dir='ltr'>lO‘Zi</span> 
     </span>
    </p>
   </div>
   <div class='ocr_carea' id='block_1_114' title="bbox 2055 4825 2524 4893">
    <p class='ocr_par' dir='ltr' id='par_1_114' title="bbox 2055 4825 2524 4893">
     <span class='ocr_line' id='line_1_118' title="bbox 2055 4825 2524 4893; baseline 0.006 -21"><span class='ocrx_word' id='word_1_809' title='bbox 2055 4842 2083 4872; x_wconf 85' lang='grc'>‹‹</span> <span class='ocrx_word' id='word_1_810' title='bbox 2121 4825 2459 4893; x_wconf 87' lang='lat' dir='ltr'>Imperator.</span> <span class='ocrx_word' id='word_1_811' title='bbox 2496 4841 2524 4869; x_wconf 73' lang='grc' dir='ltr'>υ</span> 
     </span>
    </p>
   </div>
   <div class='ocr_carea' id='block_1_115' title="bbox 2123 4889 3531 4974">
    <p class='ocr_par' dir='ltr' id='par_1_115' title="bbox 2123 4889 3531 4974">
     <span class='ocr_line' id='line_1_119' title="bbox 2123 4889 3531 4974; baseline 0.001 -28"><span class='ocrx_word' id='word_1_812' title='bbox 2304 4892 2484 4974; x_wconf 48' lang='lat' dir='ltr'>giliis:</span> <span class='ocrx_word' id='word_1_813' title='bbox 2509 4891 2618 4974; x_wconf 80' lang='lat' dir='ltr'>sig.</span> <span class='ocrx_word' id='word_1_814' title='bbox 2655 4907 2706 4947; x_wconf 85' lang='lat' dir='ltr'>a.</span> <span class='ocrx_word' id='word_1_815' title='bbox 2742 4889 2900 4974; x_wconf 67' lang='lat'>1926.</span> <span class='ocrx_word' id='word_1_816' title='bbox 2933 4893 3107 4949; x_wconf 70' lang='lat' dir='ltr'>Erat]:</span> <span class='ocrx_word' id='word_1_817' title='bbox 3137 4893 3247 4974; x_wconf 74' lang='lat' dir='ltr'>sig.</span> <span class='ocrx_word' id='word_1_818' title='bbox 3268 4910 3334 4974; x_wconf 81' lang='lat' dir='ltr'>_a.</span> <span class='ocrx_word' id='word_1_819' title='bbox 3370 4894 3531 4950; x_wconf 80' lang='grc'>1036.</span> 
     </span>
    </p>
   </div>
   <div class='ocr_carea' id='block_1_116' title="bbox 2124 4906 3698 5049">
    <p class='ocr_par' dir='ltr' id='par_1_116' title="bbox 2124 4906 3698 5049">
     <span class='ocr_line' id='line_1_120' title="bbox 2124 4906 3531 4974; baseline 0.001 -27"><span class='ocrx_word' id='word_1_820' title='bbox 2124 4906 2254 4962; x_wconf 70' lang='lat'>(40:5</span> <span class='ocrx_word' id='word_1_821' title='bbox 2304 4906 2350 4947; x_wconf 81' lang='grc' dir='ltr'>ι·</span> <span class='ocrx_word' id='word_1_822' title='bbox 2384 4906 2484 4947; x_wconf 71' lang='lat' dir='ltr'>uss</span> <span class='ocrx_word' id='word_1_823' title='bbox 2509 4907 2557 4946; x_wconf 75' lang='grc' dir='ltr'>ει</span> <span class='ocrx_word' id='word_1_824' title='bbox 2607 4933 2618 4946; x_wconf 93' lang='grc'>.</span> <span class='ocrx_word' id='word_1_825' title='bbox 2655 4907 2706 4947; x_wconf 84' lang='lat' dir='ltr'>a.</span> <span class='ocrx_word' id='word_1_826' title='bbox 2742 4906 2900 4948; x_wconf 67' lang='lat' dir='ltr'>ww.</span> <span class='ocrx_word' id='word_1_827' title='bbox 2933 4906 3107 4949; x_wconf 61' lang='lat' dir='ltr'>lyram</span> <span class='ocrx_word' id='word_1_828' title='bbox 3137 4907 3247 4974; x_wconf 76' lang='lat' dir='ltr'>sig.</span> <span class='ocrx_word' id='word_1_829' title='bbox 3281 4910 3334 4949; x_wconf 89' lang='lat' dir='ltr'>a.</span> <span class='ocrx_word' id='word_1_830' title='bbox 3370 4906 3531 4950; x_wconf 70' lang='lat' dir='ltr'>ww.</span> 
     </span>
     <span class='ocr_line' id='line_1_121' title="bbox 2124 4906 3698 5049; baseline 0.001 -31"><span class='ocrx_word' id='word_1_831' title='bbox 2124 4906 2274 5049; x_wconf 55' lang='grc'>(404)</span> <span class='ocrx_word' id='word_1_832' title='bbox 2303 4906 2614 5049; x_wconf 53' lang='grc' dir='ltr'>ξὲαηηαςῗ.</span> <span class='ocrx_word' id='word_1_833' title='bbox 2647 4979 2730 5049; x_wconf 50' lang='lat'>(1.;</span> <span class='ocrx_word' id='word_1_834' title='bbox 2759 4962 2950 5049; x_wconf 43' lang='lat' dir='ltr'>Str-ave</span> <span class='ocrx_word' id='word_1_835' title='bbox 2976 4980 3135 5038; x_wconf 92' lang='lat' dir='ltr'>corp.</span> <span class='ocrx_word' id='word_1_836' title='bbox 3164 4964 3305 5021; x_wconf 75' lang='lat' dir='ltr'>hist.</span> <span class='ocrx_word' id='word_1_837' title='bbox 3351 4966 3698 5049; x_wconf 56' lang='lat' dir='ltr'>germani“;</span> 
     </span>
    </p>
   </div>
   <div class='ocr_carea' id='block_1_117' title="bbox 2053 5033 3698 5110">
    <p class='ocr_par' dir='ltr' id='par_1_117' title="bbox 2053 5033 3698 5110">
     <span class='ocr_line' id='line_1_122' title="bbox 2053 5033 3698 5110; baseline 0.001 -20"><span class='ocrx_word' id='word_1_838' title='bbox 2053 5033 2158 5110; x_wconf 43' lang='lat' dir='ltr'>{to}</span> <span class='ocrx_word' id='word_1_839' title='bbox 2193 5033 2288 5110; x_wconf 78' lang='lat'>18_;</span> <span class='ocrx_word' id='word_1_840' title='bbox 2320 5033 2500 5110; x_wconf 63' lang='lat' dir='ltr'>pfqder</span> <span class='ocrx_word' id='word_1_841' title='bbox 2530 5033 2623 5110; x_wconf 87' lang='lat' dir='ltr'>1_V.</span> <span class='ocrx_word' id='word_1_842' title='bbox 2657 5034 2761 5110; x_wconf 62' lang='lat' dir='ltr'>No.</span> <span class='ocrx_word' id='word_1_843' title='bbox 2797 5035 2882 5091; x_wconf 91' lang='grc'>13.</span> <span class='ocrx_word' id='word_1_844' title='bbox 2916 5034 2974 5092; x_wconf 91' lang='lat' dir='ltr'>in</span> <span class='ocrx_word' id='word_1_845' title='bbox 3009 5033 3254 5092; x_wconf 73' lang='lat' dir='ltr'>nummo</span> <span class='ocrx_word' id='word_1_846' title='bbox 3276 5033 3698 5110; x_wconf 52' lang='lat' dir='ltr'>arabispiscopi</span> 
     </span>
    </p>
   </div>
   <div class='ocr_carea' id='block_1_118' title="bbox 2055 5104 2749 5178">
    <p class='ocr_par' dir='ltr' id='par_1_118' title="bbox 2055 5104 2749 5178">
     <span class='ocr_line' id='line_1_123' title="bbox 2055 5104 2749 5178; baseline -0.004 -15"><span class='ocrx_word' id='word_1_847' title='bbox 2055 5105 2349 5178; x_wconf 17' lang='lat' dir='ltr'>Pelegrinii</span> <span class='ocrx_word' id='word_1_848' title='bbox 2367 5104 2749 5178; x_wconf 82' lang='lat' dir='ltr'>Coloniensis.</span> 
     </span>
    </p>
   </div>
   <div class='ocr_carea' id='block_1_119' title="bbox 2125 5175 2899 5252">
    <p class='ocr_par' dir='ltr' id='par_1_119' title="bbox 2125 5175 2899 5252">
     <span class='ocr_line' id='line_1_124' title="bbox 2125 5175 2899 5252; baseline 0 -20"><span class='ocrx_word' id='word_1_849' title='bbox 2125 5175 2272 5252; x_wconf 54' lang='lat'>(496)</span> <span class='ocrx_word' id='word_1_850' title='bbox 2300 5177 2466 5252; x_wconf 62' lang='lat' dir='ltr'>Mart.</span> <span class='ocrx_word' id='word_1_851' title='bbox 2505 5176 2689 5232; x_wconf 76' lang='lat' dir='ltr'>Gallus</span> <span class='ocrx_word' id='word_1_852' title='bbox 2718 5192 2776 5248; x_wconf 95' lang='lat' dir='ltr'>p.</span> <span class='ocrx_word' id='word_1_853' title='bbox 2809 5175 2899 5252; x_wconf 75' lang='lat' dir='ltr'>6i.</span> 
     </span>
    </p>
   </div>
   <div class='ocr_carea' id='block_1_120' title="bbox 2125 5245 3696 5322">
    <p class='ocr_par' dir='ltr' id='par_1_120' title="bbox 2125 5245 3696 5322">
     <span class='ocr_line' id='line_1_125' title="bbox 2125 5245 3696 5322; baseline 0 -18"><span class='ocrx_word' id='word_1_854' title='bbox 2125 5245 2274 5322; x_wconf 68' lang='lat'>(406)</span> <span class='ocrx_word' id='word_1_855' title='bbox 2299 5249 2536 5322; x_wconf 85' lang='lat' dir='ltr'>Numm.</span> <span class='ocrx_word' id='word_1_856' title='bbox 2558 5245 2780 5322; x_wconf 61' lang='lat' dir='ltr'>aureus</span> <span class='ocrx_word' id='word_1_857' title='bbox 2807 5247 2864 5304; x_wconf 92' lang='lat' dir='ltr'>in</span> <span class='ocrx_word' id='word_1_858' title='bbox 2887 5245 3312 5322; x_wconf 80' lang='lat' dir='ltr'>Gazepbylacio</span> <span class='ocrx_word' id='word_1_859' title='bbox 3330 5248 3486 5322; x_wconf 80' lang='lat' dir='ltr'>regis</span> <span class='ocrx_word' id='word_1_860' title='bbox 3507 5247 3696 5322; x_wconf 63' lang='lat' dir='ltr'>Gallia</span> 
     </span>
    </p>
   </div>
   <div class='ocr_carea' id='block_1_121' title="bbox 2053 5317 3694 5392">
    <p class='ocr_par' dir='ltr' id='par_1_121' title="bbox 2053 5317 3694 5392">
     <span class='ocr_line' id='line_1_126' title="bbox 2053 5317 3694 5392; baseline 0.001 -15"><span class='ocrx_word' id='word_1_861' title='bbox 2053 5317 2364 5392; x_wconf 74' lang='lat' dir='ltr'>Nicephori</span> <span class='ocrx_word' id='word_1_862' title='bbox 2395 5323 2448 5374; x_wconf 89' lang='grc'>11</span> <span class='ocrx_word' id='word_1_863' title='bbox 2478 5323 2535 5392; x_wconf 88' lang='lat' dir='ltr'>et</span> <span class='ocrx_word' id='word_1_864' title='bbox 2557 5317 2753 5392; x_wconf 75' lang='lat' dir='ltr'>Basilii</span> <span class='ocrx_word' id='word_1_865' title='bbox 2777 5336 2871 5392; x_wconf 86' lang='lat' dir='ltr'>ap.</span> <span class='ocrx_word' id='word_1_866' title='bbox 2895 5317 3061 5392; x_wconf 69' lang='lat' dir='ltr'>Khell</span> <span class='ocrx_word' id='word_1_867' title='bbox 3077 5317 3270 5392; x_wconf 82' lang='lat' dir='ltr'>suppl.</span> <span class='ocrx_word' id='word_1_868' title='bbox 3295 5317 3505 5392; x_wconf 58' lang='lat' dir='ltr'>p.305.</span> <span class='ocrx_word' id='word_1_869' title='bbox 3527 5321 3694 5378; x_wconf 83' lang='lat' dir='ltr'>Num.</span> 
     </span>
    </p>
   </div>
   <div class='ocr_carea' id='block_1_122' title="bbox 2054 5390 3697 5464">
    <p class='ocr_par' dir='ltr' id='par_1_122' title="bbox 2054 5390 3697 5464">
     <span class='ocr_line' id='line_1_127' title="bbox 2054 5390 3697 5464; baseline 0.001 -17"><span class='ocrx_word' id='word_1_870' title='bbox 2054 5409 2179 5448; x_wconf 89' lang='lat' dir='ltr'>aur.</span> <span class='ocrx_word' id='word_1_871' title='bbox 2195 5390 2582 5464; x_wconf 63' lang='lat' dir='ltr'>Constantini</span> <span class='ocrx_word' id='word_1_872' title='bbox 2611 5390 2686 5444; x_wconf 89' lang='lat' dir='ltr'>VI</span> <span class='ocrx_word' id='word_1_873' title='bbox 2718 5395 2774 5446; x_wconf 92' lang='lat' dir='ltr'>et</span> <span class='ocrx_word' id='word_1_874' title='bbox 2805 5390 3373 5464; x_wconf 23' lang='lat' dir='ltr'>Romaniiec‘ape—ni</span> <span class='ocrx_word' id='word_1_875' title='bbox 3418 5409 3516 5464; x_wconf 70' lang='lat' dir='ltr'>ap.</span> <span class='ocrx_word' id='word_1_876' title='bbox 3532 5463 3536 5464; x_wconf 13' lang='grc' dir='ltr'>ί</span> <span class='ocrx_word' id='word_1_877' title='bbox 3560 5395 3697 5464; x_wconf 69' lang='lat' dir='ltr'>Ban-</span> 
     </span>
    </p>
   </div>
   <div class='ocr_carea' id='block_1_123' title="bbox 2051 5460 3698 5533">
    <p class='ocr_par' dir='ltr' id='par_1_123' title="bbox 2051 5460 3698 5533">
     <span class='ocr_line' id='line_1_128' title="bbox 2051 5460 3698 5533; baseline 0.001 -15"><span class='ocrx_word' id='word_1_878' title='bbox 2051 5464 2296 5529; x_wconf 81' lang='lat' dir='ltr'>durz’um,</span> <span class='ocrx_word' id='word_1_879' title='bbox 2347 5462 2489 5533; x_wconf 90' lang='lat' dir='ltr'>imp.</span> <span class='ocrx_word' id='word_1_880' title='bbox 2536 5461 2630 5533; x_wconf 88' lang='lat' dir='ltr'>0r.</span> <span class='ocrx_word' id='word_1_881' title='bbox 2688 5465 2759 5516; x_wconf 87' lang='lat' dir='ltr'>II.</span> <span class='ocrx_word' id='word_1_882' title='bbox 2808 5463 2945 5530; x_wconf 87' lang='lat'>783;</span> <span class='ocrx_word' id='word_1_883' title='bbox 2996 5460 3083 5517; x_wconf 90' lang='lat' dir='ltr'>vel</span> <span class='ocrx_word' id='word_1_884' title='bbox 3130 5460 3415 5519; x_wconf 56' lang='lat' dir='ltr'>sexcenta;</span> <span class='ocrx_word' id='word_1_885' title='bbox 3455 5460 3592 5520; x_wconf 62' lang='lat' dir='ltr'>alia;</span> <span class='ocrx_word' id='word_1_886' title='bbox 3639 5463 3698 5520; x_wconf 89' lang='lat' dir='ltr'>in</span> 
     </span>
    </p>
   </div>
   <div class='ocr_carea' id='block_1_124' title="bbox 2055 5532 3706 5598">
    <p class='ocr_par' dir='ltr' id='par_1_124' title="bbox 2055 5532 3706 5598">
     <span class='ocr_line' id='line_1_129' title="bbox 2055 5532 3706 5598; baseline -0.001 -8"><span class='ocrx_word' id='word_1_887' title='bbox 2055 5534 2316 5590; x_wconf 82' lang='lat' dir='ltr'>nummis</span> <span class='ocrx_word' id='word_1_888' title='bbox 2345 5537 2402 5587; x_wconf 89' lang='lat' dir='ltr'>et</span> <span class='ocrx_word' id='word_1_889' title='bbox 2431 5532 2732 5588; x_wconf 81' lang='lat' dir='ltr'>codicibus</span> <span class='ocrx_word' id='word_1_890' title='bbox 2762 5537 3094 5589; x_wconf 88' lang='lat' dir='ltr'>occurrunt.</span> <span class='ocrx_word' id='word_1_891' title='bbox 3699 5595 3706 5598; x_wconf 48' lang='grc'><em>,</em></span> 
     </span>
    </p>
   </div>
   <div class='ocr_carea' id='block_1_125' title="bbox 2125 5603 3692 5677">
    <p class='ocr_par' dir='ltr' id='par_1_125' title="bbox 2125 5603 3692 5677">
     <span class='ocr_line' id='line_1_130' title="bbox 2125 5603 3692 5677; baseline 0.003 -19"><span class='ocrx_word' id='word_1_892' title='bbox 2125 5606 2272 5677; x_wconf 84' lang='grc'>(407)</span> <span class='ocrx_word' id='word_1_893' title='bbox 2304 5604 2540 5677; x_wconf 80' lang='lat' dir='ltr'>Numm.</span> <span class='ocrx_word' id='word_1_894' title='bbox 2572 5608 2797 5677; x_wconf 88' lang='lat' dir='ltr'>argent.</span> <span class='ocrx_word' id='word_1_895' title='bbox 2823 5603 3166 5677; x_wconf 82' lang='lat' dir='ltr'>Bladimirii</span> <span class='ocrx_word' id='word_1_896' title='bbox 3197 5604 3336 5663; x_wconf 87' lang='lat' dir='ltr'>edit.</span> <span class='ocrx_word' id='word_1_897' title='bbox 3385 5606 3446 5662; x_wconf 90' lang='lat' dir='ltr'>in</span> <span class='ocrx_word' id='word_1_898' title='bbox 3495 5603 3692 5662; x_wconf 64' lang='lat' dir='ltr'>Annal.</span> 
     </span>
    </p>
   </div>
   <div class='ocr_carea' id='block_1_126' title="bbox 2054 5674 3025 5753">
    <p class='ocr_par' dir='ltr' id='par_1_126' title="bbox 2054 5674 3025 5753">
     <span class='ocr_line' id='line_1_131' title="bbox 2054 5674 3025 5753; baseline 0 -17"><span class='ocrx_word' id='word_1_899' title='bbox 2054 5674 2350 5736; x_wconf 76' lang='lat' dir='ltr'>soeiatatis</span> <span class='ocrx_word' id='word_1_900' title='bbox 2379 5678 2626 5735; x_wconf 83' lang='lat' dir='ltr'>Moscov.</span> <span class='ocrx_word' id='word_1_901' title='bbox 2647 5674 2764 5733; x_wconf 46' lang='lat' dir='ltr'>‘IlI.</span> <span class='ocrx_word' id='word_1_902' title='bbox 2793 5674 2848 5735; x_wconf 85' lang='lat'>2.</span> <span class='ocrx_word' id='word_1_903' title='bbox 2883 5693 2944 5753; x_wconf 72' lang='grc' dir='ltr'>ιι.</span> <span class='ocrx_word' id='word_1_904' title='bbox 2969 5679 3025 5737; x_wconf 88' lang='lat'>2.</span> 
     </span>
    </p>
   </div>
  </div>
