3900 6224
134 358 302 444 1385

1396 387 1461 447 S.
1508 383 1942 451 MATHILDIS
1989 386 2281 449 REGINA
2297 430 2312 447 .

3406 388 3561 472 1386

131 515 271 588 (ζμ).
305 514 680 604 XXXAVIIIr—
707 516 941 604 d’ovanin
973 534 1151 586 regem
1177 520 1359 604 nnctio
1376 535 1475 590 per
1494 519 1790 604 arci-impie:
1818 517 1876 589 Α
1977 519 2162 576 Simili
2192 520 2386 584 modo,
2421 519 2564 574 dum
2595 523 2760 592 pater
2802 520 3047 589 vivebat,
3083 521 3303 596 Misego
3344 516 3558 576 bisvel

206 603 404 661 copam
435 585 794 661 Gnesnensem
837 589 986 657 facta
1019 585 1129 645 esse
1150 585 1390 656 videtur,
1411 585 1702 661 apostolico
1735 591 1790 645 id

204 660 474 729 probante
494 675 516 720 ,'
546 659 658 728 ﬁlii
684 675 799 714 una.
820 662 1188 728 ;ettributum
1209 661 1402 716 Sancto
1426 659 1577 716 Petro
1593 661 1800 716 datum.

206 782 612 840 Nihilominus
630 783 956 841 Bolizlavus
977 785 1040 852 l.,
1067 791 1380 858 antequam
1406 803 1436 842 e
1457 785 1574 841 vita
1592 787 1793 842 deces-

129 871 213 928 sit
243 889 399 928 anno
431 873 591 939 1025,
618 877 932 930 coronatus
955 877 1081 942 est;
1107 879 1162 930 et
1184 875 1497 946 suprajam
1519 874 1794 943 vidimus,

126 961 190 1016 id
225 979 301 1018 ne
332 979 368 1017 ιι
397 960 682 1034 Rmpellio
714 961 948 1034 quidem
981 963 1178 1036 negari
1211 964 1378 1034 (408).
1429 965 1520 1026 At,
1543 963 1796 1036 inquies,

128 1050 318 1123 sijam
333 1049 459 1123 ipse
482 1051 638 1122 regia
651 1056 775 1106 erat
793 1051 1072 1123 dignitate
1092 1069 1105 1106 :
1133 1053 1178 1107 si
1202 1051 1352 1107 ultro
1368 1052 1439 1107 ab
1479 1052 1684 1108 Ottone
1706 1069 1797 1108 co-

123 1155 275 1194 rona
305 1139 470 1209 regia
498 1136 692 1212 gladio
723 1143 779 1194 et
809 1144 1037 1210 sceptro
1091 1140 1412 1213 insignitus
1471 1144 1595 1195 erat
1635 1159 1647 1196 :
1705 1158 1794 1197 se-

126 1227 328 1284 cunda
357 1226 446 1282 vel
477 1227 649 1282 tertia
680 1229 1052 1285 coronatione
1097 1246 1212 1284 non
1269 1229 1496 1302 egebat.
1529 1259 1598 1269 —-
1628 1229 1794 1285 Nunc

129 1314 359 1388 aliquid
377 1314 569 1372 dicere
585 1315 818 1371 videris.
843 1318 1115 1373 Attamen
1139 1317 1486 1382 cavendum,
1507 1334 1578 1373 ne
1601 1318 1793 1389 specie

129 1404 393 1477 quadam
425 1403 768 1459 illudamur.
802 1403 930 1459 Non
961 1422 1096 1461 rara
1122 1410 1268 1461 sunt
1300 1405 1690 1462 coronationis
1715 1422 1802 1461 re-

127 1492 326 1566 petita:
355 1491 658 1564 exempla;
692 1509 822 1565 quas
852 1496 1012 1548 tanto
1045 1494 1276 1567 saepius
1305 1497 1640 1560 cocurrunt,
1678 1511 1794 1567 quo

130 1580 331 1654 magis
361 1597 429 1635 ea
459 1580 741 1654 dignitas,
776 1598 846 1636 ne
877 1581 965 1636 vel
995 1581 1132 1637 hinc
1159 1581 1245 1638 vel
1278 1582 1437 1638 illinc
1468 1583 1526 1637 in
1589 1582 1796 1638 discri-

130 1686 267 1725 men
297 1674 558 1734 vocetur,
590 1670 914 1725 verendum
945 1675 1053 1726 est.
1088 1671 1181 1726 Sic
1212 1671 1279 1725 Pi
1286 1671 1482 1743 pinus,
1508 1677 1670 1742 pater
1690 1671 1794 1727 Ca-

127 1757 237 1814 roli
270 1757 490 1831 Magni,
523 1758 583 1812 in
610 1761 825 1831 Campo
857 1759 1064 1815 Martio
1097 1779 1130 1815 a
1178 1760 1413 1815 Francis
1443 1759 1683 1828 electus,
1740 1765 1798 1816 et

124 1848 338 1920 clupeo
366 1846 625 1903 elevatus
647 1847 829 1920 (409),
861 1853 1017 1903 certe
1040 1849 1168 1920 jam
1225 1849 1342 1904 Rex
1373 1853 1496 1906 erat
1547 1849 1793 1905 Franco-

127 1937 262 2009 rum
292 1954 304 2003 ;
344 1939 606 1991 attamen
636 1952 705 1992 ea
734 1936 1013 1993 electione
1043 1942 1353 1993 contentus
1384 1955 1497 1994 non
1529 1941 1668 1994 erat.
1712 1937 1794 1994 Ne

122 2024 420 2081 zachariae
451 2024 712 2097 quidem,
743 2025 964 2082 summi
997 2026 1297 2081 Pontiﬁcis
1320 2025 1665 2098 perlitteras
1690 2044 1790 2100 ap-

135 2114 411 2186 probatio
441 2113 553 2169 sibi
587 2113 917 2170 sufﬁciebat
945 2116 1092 2186 (410)
1121 2133 1132 2183 ;
1159 2133 1191 2170 a
1224 2116 1438 2171 Sancto
1498 2115 1791 2171 Bonifacio

126 2202 546 2260 Suessionibus
591 2221 737 2258 novo
782 2203 894 2259 ritu
941 2209 1362 2260 rexcoronatus
1383 2209 1556 2276 atque
1578 2209 1791 2260 unctus

128 2291 450 2364 est.Neque
470 2290 613 2347 illud
637 2291 745 2347 sibi
766 2291 911 2349 satis
929 2293 1120 2348 visum
1139 2293 1422 2362 est.Nam,
1447 2309 1629 2368 quum
1660 2294 1788 2350 Ste-

129 2379 1091 2454 phanusII.,Papa,inFrancorum
1110 2381 1567 2454 regnoPipinum
1582 2383 1787 2438 invise-

127 2474 240 2538 ret,
272 2469 443 2525 tertio
469 2468 593 2524 loco
621 2468 745 2542 ipse
787 2468 1030 2542 Pipinus
1062 2471 1148 2542 (ut
1192 2470 1420 2525 videtur
1449 2470 1787 2543 imperator)

128 2575 249 2613 una
280 2575 416 2614 cum
447 2573 625 2614 uxore
657 2556 870 2614 Bertha
896 2576 909 2614 :
938 2562 994 2614 et
1041 2558 1142 2613 lilii
1189 2575 1356 2632 reges
1409 2561 1673 2615 coronati
1727 2564 1785 2615 et

128 2648 296 2722 uncti
328 2650 470 2702 sunt
501 2646 673 2719 (411).

192 2734 387 2794 Filius
413 2751 546 2791 vero
567 2735 808 2792 Carolus
841 2735 1087 2808 Magnus
1117 2735 1357 2808 insuper
1419 2736 1505 2791 vel
1537 2741 1788 2808 quatuor

127 2823 354 2881 vicibus
385 2829 695 2880 coronatus
725 2829 814 2880 est
845 2826 1012 2896 (412).

201 2914 440 2969 Duabus
462 2913 642 2987 igitur
660 2913 1032 2987 potissimum
1056 2915 1231 2970 rebus
1254 2914 1488 2981 ductus,
1514 2898 1803 2972 hancite-l

131 3019 296 3058 rasse
327 3002 760 3058 coronationem
788 3003 1015 3058 videtur
1047 3003 1368 3060 Bolizlavus
1394 3022 1406 3072 ;
1449 3003 1650 3070 altera,
1697 3009 1781 3071 ut,

125 3095 446 3162 antequam
465 3095 811 3159 moreretur,
828 3092 1535 3164 praecaveretdefectiones
1551 3111 1564 3160 ;
1583 3092 1782 3163 altera,

129 3183 217 3249 ut,
251 3179 372 3234 ritu
391 3197 536 3235 novo
561 3181 882 3252 potentiam
910 3185 967 3236 et
988 3181 1292 3248 honorem,
1317 3181 1486 3254 regia:
1508 3182 1779 3254 dignitati

1907 612 1993 664 ter
2015 608 2267 664 comitiis
2298 608 2660 664 Germanicis
2684 609 2901 666 invitus
2914 609 3258 681 plerumque
3275 609 3482 678 adfuit,
3502 612 3561 666 et

1907 697 2242 771 homagium
2277 697 2575 770 quoddam
2606 697 2816 754 iterare
2848 703 3085 754 coactus
3111 698 3222 754 fuit
3252 698 3424 770 (414).
3473 697 3558 754 Ob

1906 786 1962 840 id
1995 787 2188 860 ipsum
2251 787 2449 842 unctio
2499 785 2938 860 Archiepiscopi
2995 787 3370 862 Polonorum,
3421 801 3557 842 cum

1906 875 2121 930 summi
2136 874 2430 930 Pontificis
2445 875 2864 947 approbatione
2877 878 2935 932 et
2947 873 3562 934 assistentibusomni-

1903 961 2014 1018 bus
2044 964 2308 1019 omnium
2341 963 2691 1035 populorum
2717 970 2980 1021 recenter
3010 965 3391 1021 subactorum
3433 980 3557 1019 ma-

1902 1051 2178 1120 gnatibus
2213 1051 2474 1108 facienda
2499 1053 2858 1110 erat.Nostra
2891 1053 3142 1126 epistola
3199 1051 3557 1116 dedicatoria

1903 1139 2232 1212 significare
2261 1139 2898 1214 videtur,Misegonem,
2924 1143 3051 1212 jam
3075 1146 3241 1216 patre
3260 1142 3453 1198 adhuc
3471 1141 3556 1198 in-

1902 1231 1988 1283 ter
2015 1227 2173 1283 vivos
2191 1229 2453 1301 degente,
2475 1245 2671 1302 regem
2697 1231 2913 1286 factum
2955 1231 3140 1286 fuisse
3158 1229 3400 1287 nomine
3417 1233 3551 1286 tan-

1904 1321 2051 1384 tum,
2087 1333 2200 1372 non
2234 1317 2598 1374 omine.Nam
2626 1318 2778 1374 linea
2800 1319 2972 1375 tertia
3000 1319 3290 1394 legimus;
3326 1343 3355 1370 «
3405 1319 3555 1386 Quo-

1905 1405 2062 1461 niam
2091 1405 2196 1460 tibi
2228 1405 2426 1460 divina
2456 1407 2644 1479 gratia
2683 1409 2910 1481 regium
2966 1425 3165 1466 nomen
3221 1408 3439 1483 pariter
3494 1412 3554 1478 et

1904 1495 2165 1550 honorem
2197 1495 2504 1550 concessit.
2543 1518 2571 1545 ››

1974 1583 2188 1638 Notum
2223 1587 2333 1649 est,
2366 1583 2753 1656 Stephanum,
2786 1585 3092 1659 Hungarize
3136 1587 3487 1660 principem,
3517 1604 3554 1648 ορ

1902 1675 2144 1728 Summo
2170 1671 2451 1728 Pontifice
2480 1689 2753 1728 coronam
2776 1676 3087 1747 accepisse.
3119 1673 3353 1730 Nullam
3374 1675 3554 1748 igitur

1906 1778 2144 1816 causam
2179 1759 2426 1834 reperio,
2449 1778 2553 1816 cur
2577 1761 2758 1832 talem
2787 1780 3064 1819 coronam
3105 1764 3176 1820 ab
3225 1765 3553 1837 Apostolico

1904 1849 2212 1905 Benedicto
2239 1849 2390 1905 VIII.
2427 1855 2529 1906 aut
2559 1850 2784 1908 Joanne
2815 1851 2927 1907 XX.
2954 1857 3224 1925 negatam
3244 1852 3362 1924 regi
3387 1851 3556 1908 Polo-

1903 1956 2112 1994 norum
2138 1955 2266 1995 esse
2289 1939 2540 1995 dixerim
2573 1958 2587 2008 ;
2618 1940 2788 1998 modo
2837 1958 2966 1996 eam
3018 1941 3324 2014 rogaverit.
3380 1941 3555 1999 Occa-

1901 2027 2126 2083 sionem
2157 2027 2436 2095 oblatam,
2461 2045 2710 2102 regnum
2727 2029 2979 2086 Polonize
2999 2031 3339 2086 immediate
3369 2029 3560 2104 cathe-

1899 2115 2015 2170 drae
2027 2117 2223 2173 Sancti
2250 2117 2396 2173 Petri
2419 2117 2738 2191 obligandi,
2754 2135 2870 2173 non
2887 2119 3555 2196 repudiassetSummus

1902 2204 2182 2261 Pontifex.

1969 2296 2150 2350 Vetus
2165 2295 2432 2366 quaedam
2452 2296 2606 2368 apud
2629 2294 2878 2351 Polonos
2901 2299 2990 2354 est
3010 2296 3333 2364 traditio,id
3348 2296 3548 2370 ipsum

1898 2381 2115 2437 factum
2144 2399 2272 2438 esse
2321 2384 2488 2455 (115).
2543 2384 2703 2440 Adde
2751 2401 2880 2440 eam
2939 2384 3123 2440 fuisse
3179 2385 3546 2442 occasionem

1897 2469 2397 2542 siniplicissiman,
2432 2472 2719 2528 tributum
2753 2473 2950 2528 Sancti
3001 2473 3151 2528 Petri
3189 2473 3248 2530 in
3308 2473 3556 2530 Polonia.

1896 2558 2241 2614 instituendi
2268 2578 2280 2615 :
2305 2577 2435 2632 quis
2465 2577 2578 2627 res,
2611 2577 2798 2632 neque
2829 2565 3020 2630 antea,
3075 2578 3264 2635 neque
3321 2567 3544 2634 postea,

1895 2647 2047 2701 facta
2067 2664 2196 2704 esse
2210 2653 2403 2720 potest
2423 2667 2437 2716 ;
2462 2667 2577 2704 non
2602 2653 2792 2716 antea,
2825 2655 3062 2723 propter
3078 2649 3546 2708 Christianorum

1894 2735 2272 2792 solitudinem
2300 2742 2356 2793 et
2386 2739 2820 2794 conversionem
2842 2743 3131 2796 recentem
3157 2739 3227 2795 ad
3251 2739 3430 2796 ritum
3457 2739 3541 2817 la-

1894 2825 2108 2889 tinum,
2142 2831 2244 2881 aut
2275 2827 2348 2881 ad
2380 2826 2715 2894 Christum;
2749 2845 2863 2884 non
2885 2833 3088 2900 postea
3117 2828 3272 2902 quod
3301 2827 3548 2886 historia

1889 2913 2158 2970 Casimiri
2191 2932 2259 2970 ex
2293 2915 2648 2972 monasterio
2682 2915 3057 2972 Cluniacensi
3087 2917 3543 2990 remissi,impo-

1892 3001 2106 3074 sitique
2133 3020 2260 3059 eam
2286 3004 2358 3060 ob
2393 3021 2515 3060 rem
2568 3006 2777 3061 tributi
2829 3023 2862 3061 a
2913 3005 3182 3078 plurimis
3229 3005 3552 3068 falsissima

1891 3095 2131 3162 putatur
2160 3091 2328 3164 (410).
2361 3093 2558 3166 Neque
2579 3095 2755 3150 etiam
2787 3095 3041 3150 dubitari
3074 3099 3282 3168 potest,
3317 3096 3458 3168 quin
3483 3095 3549 3152 il-

1889 3179 1988 3234 lud
2019 3180 2328 3248 tributum,
2358 3199 2391 3236 a
2417 3187 2579 3254 patre
2612 3187 2946 3255 antequam
2979 3181 3550 3253 moriretur,Polonis

127 3268 1558 3342 insitas,augendo,ﬁliossuosfortioresredderet
1580 3277 1779 3328 contra
1811 3255 1854 3323 C
1891 3267 2254 3340 impositum,
2318 3270 2376 3324 in
2437 3269 2798 3340 hominibus,
2838 3288 3115 3344 magnam
3161 3276 3388 3343 partem
3447 3289 3546 3328 ore

127 3358 535 3430 imperatores,
567 3362 624 3414 et
652 3362 874 3424 contra,
898 3375 1076 3431 quam
1100 3359 1425 3426 nominant,
1449 3359 1778 3416 Szlacbtam

128 3445 208 3516 (id
241 3450 331 3501 est
362 3445 596 3514 milites,
657 3444 742 3500 vel
803 3445 975 3515 cives,
1037 3447 1126 3502 vel
1183 3447 1429 3518 nobiles)
1486 3447 1777 3505 libertatis

129 3534 623 3591 amantissimam.

200 3623 530 3704 Bolizlavus
543 3624 666 3681 suis
686 3623 1022 3698 ipsiissimis
1042 3624 1226 3681 oculis
1247 3625 1339 3681 bis
1354 3625 1782 3698 viderat,quam

125 3716 431 3777 abusivam
462 3714 952 3787 significationem
982 3719 1038 3769 et
1066 3714 1392 3787 Imperator
1421 3719 1478 3770 et
1508 3715 1780 3772 Germani

130 3808 452 3879 adjicerent
482 3820 599 3858 sua:
632 3802 953 3875 praesentiae
981 3801 1039 3857 in
1100 3807 1386 3858 conventu
1447 3803 1782 3876 principum

130 3893 455 3953 Germania
482 3910 495 3961 ;
528 3908 833 3964 nunquam
857 3891 973 3947 fere
1000 3891 1154 3960 fecit,
1176 3908 1302 3964 qua:
1325 3893 1396 3948 ab
1429 3893 1784 3966 Imperatore

136 3985 250 4058 ipsi
281 3988 567 4053 tanquam
595 3979 766 4040 militi
794 3980 1220 4053 imperarentur
1244 3985 1337 4049 ;.et
1351 3980 1454 4036 tali
1477 3983 1785 4039 conventui

123 4073 385 4144 adfuisse
411 4070 664 4143 pudebat
698 4086 896 4143 regem
928 4070 1109 4142 (413).

197 4211 496 4285 Ejusdem
511 4210 871 4285 Wladimirii
889 4210 1188 4285 vexillum,
1215 4217 1624 4272 conservatum
1645 4218 1786 4270 Gru-

127 4283 452 4366 sini'prope
481 4283 939 4356 Novogorodam,
974 4283 1030 4338 in
1098 4299 1217 4354 quo
1233 4285 1363 4353 ejus
1386 4286 1578 4346 imae
1606 4286 1781 4358 picta,

128 4358 288 4412 edita
317 4355 460 4410 ibid.
496 4356 561 4409 II.
596 4371 652 4412 ι).
687 4355 816 4412 107.
849 4360 996 4411 teste
1027 4354 1219 4410 Strahl
1255 4301 1461 4411 Gesch.
1505 4302 1706 4412 gues].
1739 4358 1779 4412 Ι.

128 4361 288 4413 edita
317 4361 460 4410 ibid.
497 4361 561 4409 II.
596 4371 652 4427 p.
687 4361 816 4421 107,
849 4361 996 4411 teste
1027 4361 1219 4410 Strahl
1255 4361 1461 4411 Gesch.
1513 4361 1706 4412 Russl.
1739 4361 1779 4412 Ι.

128 4447 184 4501 p.
211 4427 326 4501 363
351 4426 371 4501 _(
404 4425 550 4501 Nam
571 4426 630 4501 in
664 4425 979 4501 exemplari
1026 4424 1414 4501 Berolinensis
1440 4427 1778 4501 bibiothecze

128 4495 306 4572 regis
333 4497 538 4579 deest).
557 4497 730 4579 Idem
763 4495 1065 4579 Stralilius‘
1083 4513 1328 4579 magnos
1350 4499 1528 4579 duces
1553 4498 1669 4579 has.
1687 4515 1781 4554 co-

126 4568 307 4652 ronas
330 4573 440 4652 ant
599 4568 1070 4652 plleg§'(m)‘.covn)
1104 4568 1249 4652 nein
1280 4569 1771 4652 ecclesiaquidem

125 4644 196 4699 de
241 4640 475 4696 osuisse
506 4640 523 4711 (
554 4644 700 4695 teste
729 4640 857 4695 Wo:

201 4659 357 4783 (408)
389 4711 526 4783 Cap.
559 4711 671 4766 XX.
703 4711 779 4765 Νο
804 4715 857 4766 2.

195 4781 369 4855 (409)
401 4781 598 4839 Annal.
683 4784 1001 4838 Bertiniani
1050 4783 1122 4855 ad
1178 4799 1230 4837 a.
1290 4785 1398 4838 750
1458 4805 1484 4832 ‹‹
1544 4781 1784 4855 Pipinus

134 4853 645 4911 sebundummorem
669 4855 1008 4909 Francorum
1037 4853 1257 4909 electus
1282 4859 1372 4909 est
1400 4855 1472 4910 ad
1510 4853 1766 4923 regem.»

199 4927 355 4998 (410)
390 4925 590 4980 Annal.
623 4925 877 4994 Fuldem,
913 4925 1122 4993 Annal,
1156 4927 1458 4981 Loiseliani
1483 4931 1539 4981 et
1568 4922 1787 4982 Lauris-

130 4998 443 5053 hamemes.

204 5069 354 5148 (411)
381 5072 518 5148 gap.
553 5065 791 5148 XXXIV.
825 5067 1018 5148 N°_19.

227 5077 354 5135 411)
553 5077 791 5122 XXXIV.
825 5077 899 5122 Νο
931 5077 1018 5123 19.

203 5077 355 5211 (412)
387 5138 649 5194 Primum
683 5141 844 5211 patre
873 5139 1119 5206 vivente,
1179 5155 1334 5196 anno
1393 5140 1518 5207 755,
1571 5156 1605 5194 a
1661 5139 1786 5196 Ste-

136 5211 355 5284 Ρὶιειορ-
372 5227 524 5282 papa
548 5227 560 5278 ;

206 5287 270 5336 9°
300 5279 724 5352 Mdrtuopa-tre
755 5280 975 5337 electu
1007 5285 1094 5336 est
1132 5281 1484 5336 Francorum
1519 5298 1680 5336 more
1734 5285 1791 5336 et

133 5357 729 5434 coronatus.“4nctor.
763 5355 960 5408 incert.
993 5352 1377 5434 Chronicinap.
1408 5353 1490 5434 Dii
1519 5352 1788 5434 aneane].

135 5423 378 5506 p.350}
412 5445 441 5473 «
473 5424 717 5495 Pipinus
745 5441 845 5506 rex
876 5425 1143 5506 moritur,
1173 5427 1230 5479 et
1259 5422 1416 5479 ﬁlius
1443 5424 1682 5479 Carolus
1735 5429 1793 5480 et

139 5494 664 5560 Z<.Caro,lomannus
715 5495 1014 5568 eliguntur
1040 5495 1100 5549 in
1149 5510 1398 5567 regno.»

210 5567 414 5622 Annal.
449 5567 796 5622 Laurisham.
830 5567 901 5621 ad
935 5583 987 5622 a.
1017 5566 1154 5620 708:
1190 5588 1218 5615 ‹‹
1254 5564 1494 5620 Carolus
1525 5569 1584 5622 et
1612 5566 1790 5622 Caro-

145 5658 177 5689 «
205 5637 525 5721 tenuimus
553 5652 850 5694 consensu.
870 5637 1134 5694 omnium
1195 5637 1548 5692 Francorum
1608 5638 1794 5710 Reges

145 5731 175 5763 “
213 5714 568 5860 aggerens
590 5778 692 5836 vit.
721 5779 908 5837 Caroli
941 5778 1141 5854 magni
1162 5795 1212 5837 ο.
1243 5778 1304 5836 3;
1339 5799 1369 5830 ››
1402 5776 1795 5851 Franci,t'aoto

474 5907 740 5978 Pauor.
783 5905 930 5974 GLI.

554 4627 1270 4713 testeWosskresnchron.
1306 4656 1345 4698 I.
1390 4642 1520 4713 205)
1549 4627 1766 4696 monet.
1801 4627 1848 4692 Ι)

1895 3356 2250 3422 Christianis,
2282 3359 2451 3414 corde
2470 3358 2812 3431 gentilibus,
2837 3363 2939 3414 aut
2975 3358 3545 3430 Greaco-Slavonicis,

1889 3445 2086 3500 odium
2119 3462 2248 3500 eam
2269 3445 2328 3500 in
2361 3446 2700 3518 religionem
2734 3446 2970 3502 auxerit
3009 3448 3375 3519 (417).Quum
3407 3463 3543 3520 ergo

1891 3533 2012 3588 haec
2041 3532 2272 3590 traditio
2303 3535 2449 3590 miro
2481 3540 2764 3609 congruat
2792 3536 2964 3592 modo
3015 3552 3148 3592 cum
3181 3535 3542 3609 Chronogra-

1889 3623 2138 3694 phorum
2158 3640 2568 3696 germanorum
2588 3624 2963 3696 notitia,mihi
2983 3624 3217 3698 quidem
3245 3643 3278 3681 a
3297 3625 3541 3681 veritate

1891 3716 2113 3769 remota
2142 3729 2270 3769 esse
2301 3731 2412 3769 non
2443 3713 2688 3770 videtur.

1962 3802 2143 3867 Adde,
2203 3819 2405 3860 omnes
2484 3803 2928 3860 incertitudines
2977 3804 3132 3876 apud
3192 3803 3567 3876 posteriores

1891 3890 2205 3962 scriptores
2237 3892 2403 3948 facile
2428 3891 2590 3948 nasci
2622 3893 2909 3965 potuisse,
2942 3909 3130 3964 quum
3160 3892 3427 3949 viderent
3456 3896 3543 3949 tot

1891 3979 2041 4034 tradi
2061 3981 2486 4050 coronationes,
2511 3998 2689 4037 unam
2711 3985 2909 4038 autem
2929 3982 3337 4038 tantummodo
3349 3999 3545 4046 veram

1893 4083 2022 4122 esse
2045 4085 2217 4140 posse
2249 4074 2571 4126 censerent.
2607 4069 3010 4133 Coronationis
3063 4071 3136 4127 ab
3195 4071 3550 4144 Imperatore

1893 4231 1920 4258 ‹‹
1954 4207 2296 4285 solemniter
2343 4211 2602 4284 generali
2631 4217 2922 4285 conventu
2952 4230 2964 4280 ;
2999 4211 3328 4270 ambossib
3359 4212 3550 4285 ireges

1893 4302 1921 4328 «
1957 4281 2448 4350 constituuntfea
2473 4283 2827 4352 conditione,
2864 4287 2971 4339 etc.
3002 4305 3030 4334 »

1959 4363 2016 4415 3°
2051 4363 2248 4437 F_ratre
2280 4363 2707 4420 Carolomanno
2732 4363 3236 4437 regnoqabdicente
3257 4362 3346 4418 vel
3389 4379 3548 4437 mor-

1893 4435 2014 4498 tuo,
2046 4432 2266 4488 electus
2316 4451 2549 4506 quoque
2605 4440 2694 4491 est
2739 4432 2836 4490 rei
2868 4434 3023 4490 illius
3043 4432 3547 4506 regni,coronatus

1891 4506 1948 4557 et
1977 4509 2209 4571 unctus,
2242 4505 2632 4562 tumultuario
2664 4511 2956 4574 tamen,ut
2976 4505 3220 4573 videtur,
3243 4505 3436 4560 modo.

1957 4584 2513 4658 Annal._Melens_.iad
2550 4603 2602 4658 a.
2640 4587 2738 4642 771
2775 4603 2788 4641 :
2827 4609 2854 4637 «
2886 4587 2952 4642 Et
2981 4585 3279 4658 primates,
3315 4584 3548 4658 quifue-

1881 4663 1910 4693 ι(
1943 4659 2078 4708 runt
2112 4678 2138 4703 ››
2165 4654 2349 4710 Caroli
2382 4656 2602 4725 Manni,
2633 4680 2659 4706 ‹‹
2694 4654 3287 4714 unxerunt—domuum
3311 4654 3546 4712 Carlum

1894 4747 1922 4774 «
1955 4742 2133 4797 super
2157 4743 2218 4781 se
2251 4726 2310 4780 in
2345 4726 2586 4800 Regem.
2615 4750 2642 4776 n

1967 4806 2021 4884 4ο
2054 4805 2171 4861 Rex
2192 4805 2301 4876 (vel
2332 4805 2655 4878 Imperator
2681 4807 2729 4878 ‘?)
2762 4809 3281 4884 Longobardorum
3314 4810 3544 4864 creatus

1896 4881 2008 4932 est.

1963 4947 2022 5002 5°
2049 4947 2368 5022 Imperator
2401 4947 2799 5004 Romanorum
2832 4966 2865 5004 a
2897 4950 3142 5022 Summp
3173 4950 3459 5007 Pontiﬁce
3493 4952 3553 5020 et

1896 5018 2117 5088 Populo
2145 5018 2433 5073 Romano.

1967 5099 2113 5172 (413)
2149 5098 2209 5172 Υ.
2234 5098 2603 5172 (ξᾳρηξζνηᾶ
2635 5100 2671 5154 5
2696 5117 2709 5167 ;
2734 5101 2871 5172 Cap.
2905 5100 3048 5158 XVI.
3109 5101 3200 5156 N°.
3257 5103 3325 5158 14
3355 5105 3410 5157 et
3441 5098 3550 5168 46;

1897 5173 1954 5225 et
1984 5170 2118 5241 Cap.
2155 5169 2349 5224 XVIII.
2385 5169 2487 5224 N0.
2522 5170 2578 5224 1.

1967 5250 2113 5322 (lita)
2146 5249 2210 5303 V.
2235 5249 2372 5321 Cap.
2407 5249 2544 5304 XVI.
2579 5249 2662 5305 No
2696 5253 2782 5305 12.
2818 5249 2953 5322 Cap.
2978 5249 3174 5305 XVIII.
3211 5251 3304 5307 N°.
3341 5253 3393 5309 1.

1971 5330 2116 5402 (415)
2162 5331 2336 5402 Ρρῖτγῄἱ⁸
2385 5330 2645 5384 Damiani
2713 5330 2831 5385 vita
2853 5331 2910 5384 S.
2991 5331 3311 5387 Romualdi
3369 5336 3396 5401 §
3459 5333 3548 5388 48.

1899 5399 2485 5473 διναυόοοτρὼίεὶον.
2519 5402 2830 5473 german.l
2883 5403 3007 5456 267.
3043 5404 3258 5457 Annot.
3317 5399 3408 5459 12.
3503 5403 3505 5405 ’

1975 5482 2121 5553 (416)
2149 5482 2383 5553 Roepell,
2443 5482 2726 5538 Mabillon.
2761 5481 3156 5548 Naruscewicz,
3187 5495 3243 5546 v,
3279 5498 3479 5554 supra.

1973 5563 2053 5634 (41
2065 5565 2120 5636 7)
2155 5587 2182 5613 ‹‹
2220 5562 2572 5636 Richenzam
2595 5565 2828 5636 avaram
2853 5574 3150 5636 novasque
3167 5561 3426 5636 rationes
3457 5577 3551 5636 eo:

1905 5633 2158 5719 agendis
2189 5634 2907 5719 pecuniienexquirentem.
2939 5655 2964 5688 ii
3002 5634 3232 5692 Cramer
3263 5633 3358 5691 Ill.
3392 5651 3449 5708 p.
3482 5633 3554 5691 37

1908 5706 2174 5766 Micchov.
2190 5706 2279 5764 ‘II.
2313 5722 2362 5763 c.
2398 5707 2487 5768 13.

3163 5903 3247 5996 11
