3900 6224
332 392 487 458 1387

1610 395 1950 462 ΑΡΡΕΝΙ).
1993 395 2045 460 Α
2145 390 2333 464 ΞΕΟ.
2376 394 2454 463 Χ.

3584 391 3754 464 1388

332 529 496 586 facta:
525 536 974 589 monumentum
1005 533 1428 591 conservabant
1453 533 1715 608 gladium
1749 533 1972 603 Poloni,
2005 533 2054 600 Α
2092 536 2227 588 tunc
2255 549 2460 606 graeca,
2492 548 2728 590 necesse
2759 536 2870 590 est.
2904 529 3049 590 Hinc
3069 526 3218 590 eain
3237 531 3450 590 Ottone
3471 531 3569 590 III.
3590 533 3754 606 ejus-

335 635 402 676 ac
421 618 550 678 ideo
579 637 708 678 eam
739 622 1116 696 potissimum
1135 640 1332 680 veram
1362 641 1491 680 esse
1521 622 1978 680 arbitrabantur.

334 707 562 766 Corona
589 727 724 768 vero
753 729 870 770 uno
883 712 1135 770 alterove
1156 714 1328 770 modo
1344 713 1564 786 perisse
1581 715 1826 786 poterat.

337 825 757 900 CA?._XXXI.X.
796 859 865 870 —
906 829 1102 900 Misego
1153 829 1247 898 IL,
1305 829 1459 898 regia
1513 827 1782 899 dignitate
1836 828 1983 900 inter

405 897 638 971 Polonos
667 903 806 966 erat,
835 897 1051 956 invitia
1073 897 1379 956 Germanus
1429 897 1805 971 scriptoribus.
1867 899 1982 971 Lit-

407 970 540 1044 teris
567 971 653 1026 vel
693 974 910 1044 graecis
968 971 1291 1042 imbutus,ut
1343 969 1551 1027 omnis
1579 969 1982 1042 Theophanom's

405 1040 1042 1114 Imperam'éz'sprosavia
1068 1047 1170 1098 etc.

405 1153 608 1212 Utrum
637 1172 707 1213 ea
735 1157 1029 1214 coronatio
1059 1159 1336 1214 continuo
1365 1162 1498 1232 post
1515 1157 1974 1230 patris,mortem

332 1242 540 1302 iterata
569 1245 741 1314 sit,ut
771 1245 1123 1304 Polonorum
1155 1247 1473 1320 scriptores
1499 1247 1853 1316 habent,nec
1885 1263 1978 1313 ne,

329 1349 448 1389 non
478 1337 726 1390 constat.
762 1335 909 1392 Fieri
933 1337 990 1391 id
1022 1340 1264 1410 poterat.
1299 1336 1464 1392 Certe
1493 1341 1598 1392 aut
1617 1335 1798 1392 semel
1821 1340 1978 1403 ante,

330 1419 421 1478 vel
451 1426 588 1495 post
615 1427 884 1493 mortem,
913 1429 1015 1482 aut
1043 1425 1133 1481 bis
1164 1443 1199 1482 a
1227 1425 1504 1482 Pontiﬁce
1540 1425 1980 1496 archiepiscopo

332 1510 659 1570 Gnesnensi
689 1517 999 1571 coronatus
1048 1517 1106 1572 et
1144 1517 1486 1587 magnatum
1548 1529 1684 1570 voce
1743 1513 1980 1586 agnitus

331 1599 423 1657 vel
465 1600 684 1659 electus
731 1607 843 1660 est.
905 1604 1115 1661 Nostra
1157 1603 1314 1659 enim
1359 1602 1618 1676 praefatio
1651 1619 1768 1659 non
1805 1602 1980 1658 modo

327 1687 485 1746 linea
509 1691 736 1748 decima
765 1715 794 1743 «
823 1693 1042 1766 Teque,
1079 1715 1107 1743 »
1140 1693 1242 1758 ait,
1275 1715 1304 1742 «
1363 1709 1479 1748 non
1537 1692 1680 1748 adeo
1738 1693 1981 1747 humano

333 1794 512 1850 quam
541 1781 732 1838 divino
754 1782 982 1853 judicio
1014 1783 1240 1837 electum
1267 1801 1280 1850 ;
1319 1803 1348 1831 ››
1376 1782 1476 1838 sed
1496 1781 1674 1838 etiam
1691 1780 1845 1837 linea
1877 1780 1980 1835 tri-

335 1871 564 1946 gesima
592 1895 605 1928 :
639 1891 668 1922 «
700 1875 854 1928 Deus
907 1871 1298 1944 omnipotens,
1330 1872 1482 1942 cujus
1497 1871 1878 1926 constitutione
1902 1885 1983 1925 re-
2011 1903 2059 1968 B

332 1965 450 2033 ραιί
477 1961 785 2018 diademate
801 1967 1086 2016 coronatus
1117 1976 1171 2016 es
1204 1982 1226 2011 ι
1261 1960 1430 2030 (418).
1462 1959 1606 2014 Hinc
1633 1959 1776 2014 Rixa
1807 1957 1983 2013 vidua

333 2051 394 2109 in
409 2051 684 2108 omnibus
695 2047 1376 2122 diplomatibustdtegina
1387 2047 1684 2120 quondam
1699 2046 1977 2102 Polonia»

331 2143 728 2212 nuncupatur.
753 2137 898 2194 Vide
926 2135 1127 2210 igitur,
1151 2153 1270 2209 qua
1291 2137 1404 2192 ﬁde
1430 2136 1490 2192 in
1517 2136 1609 2194 his
1629 2137 1804 2192 rebus
1817 2135 1979 2209 digni

331 2229 455 2285 sint
480 2227 738 2284 historias
750 2226 1084 2298 scriptores,
1104 2225 1204 2298 qui
1218 2225 1600 2282 nihilominus
1621 2225 1978 2298 Misegonem

331 2317 681 2386 secundum,
713 2317 914 2372 Ducem
943 2315 1352 2371 tantummodo
1383 2318 1612 2371 vocant.

401 2406 620 2463 Eadem
635 2407 837 2462 nostra
855 2404 1116 2476 praefatio
1134 2401 1332 2470 aliam,
1349 2419 1596 2474 eamque
1618 2402 1978 2476 incognitam

329 2495 637 2568 hucusque
683 2509 807 2550 rem
855 2510 962 2548 nos
1018 2493 1204 2550 docet.
1256 2491 1651 2548 Eruditionem
1683 2492 1978 2565 quandam

329 2587 457 2641 tum
490 2583 551 2639 in
581 2583 858 2640 omnibus
887 2580 1104 2638 scholis
1131 2580 1594 2653 incepisse,satis
1627 2585 1833 2637 notum
1867 2585 1976 2637 est.

329 2672 572 2730 Carolus
589 2673 838 2746 Magnus
859 2670 1098 2742 quidem
1115 2670 1384 2726 studium
1405 2669 1618 2742 lingua:
1640 2685 1838 2742 grzecze
1859 2686 1980 2724 mo-

326 2761 603 2819 nasteriis
625 2757 939 2833 imposuit;
964 2759 1065 2814 sed
1087 2763 1220 2831 post
1237 2761 1485 2814 mortem
1512 2759 1642 2828 ejus
1666 2758 1790 2814 haec
1807 2759 1978 2814 disci-

329 2849 492 2923 plina
519 2847 784 2922 neglecta
811 2851 920 2916 est,
949 2847 999 2903 si
1052 2845 1660 2904 Monte-Cassinenses
1718 2847 1776 2902 in
1812 2845 1980 2902 Italia

328 2937 568 3010 excipis,
602 2935 700 2992 ubi
723 2939 868 2992 teste
887 2935 1208 3007 biographo
1225 2936 1283 2991 S.
1301 2935 1622 3003 Adalberti,
1647 2936 1977 2992 sacerdotes

328 3025 509 3082 Graeci
540 3024 904 3081 habitabant.
935 3023 1059 3079 Non
1091 3039 1223 3080 rara
1248 3023 1516 3096 exempla
1535 3025 1714 3081 studii
1745 3025 1976 3099 lingua-

327 3132 463 3171 rum
493 3116 678 3172 erant.
710 3113 806 3170 Sic
827 3113 1022 3170 Bruno
1048 3129 1201 3186 papa
1227 3112 1417 3170 tribus
1436 3113 1525 3169 vel
1559 3118 1814 3186 quatuor
1863 3114 1977 3170 lin-

325 3203 460 3278 guis
489 3203 785 3269 utebatur,
821 3201 1160 3271 Teutonica,
1195 3201 1648 3270 Latina,Gallica
1665 3207 1740 3272 et,
1785 3207 1852 3259 ut
1896 3204 1977 3260 vi-

325 3293 516 3362 detur,
550 3290 796 3349 Italiana
825 3289 1306 3364 (419).Mathildis
1333 3307 1469 3348 vero
1501 3309 1606 3348 nos
1637 3292 1826 3361 docet,
1857 3309 1975 3350 non

327 3383 504 3440 modo
532 3380 798 3456 linguam
828 3379 1074 3437 latinam
1101 3379 1160 3436 in
1185 3379 1497 3437 Germania
1508 3385 1564 3437 et
1586 3380 1824 3438 Polonia
1839 3399 1972 3456 pro-

325 3477 600 3546 pagatum
620 3471 936 3539 fuisse,sed
966 3470 1144 3527 etiam
1173 3469 1235 3525 in
1280 3467 1482 3542 lingua
1536 3486 1745 3543 graeca,
1775 3470 1974 3544 plures

315 3562 449 3634 jam
461 3561 620 3618 haud
643 3559 911 3618 indoctos
923 3559 1184 3617 extitisse
1197 3557 1496 3630 homines;
1518 3558 1700 3616 immo
1720 3560 1973 3617 Polonia:

326 3665 546 3724 regem,
579 3665 776 3724 regem
797 3648 1149 3723 populorum
1181 3647 1512 3719 Slavorum,
1545 3647 1707 3705 illam
1742 3647 1970 3706 callere.

323 3739 407 3797 Ne
435 3743 632 3798 tamen
651 3739 710 3796 id
743 3739 963 3795 mirum
994 3753 1253 3795 censeas.
1287 3737 1433 3793 Nam
1455 3754 1654 3806 causa,
1705 3741 1772 3794 ut
1827 3737 1972 3794 mihi

322 3829 576 3896 videtur,
602 3827 821 3884 femina
849 3827 1118 3900 quaedam
1148 3825 1278 3894 fuit,
1311 3831 1368 3882 et
1397 3827 1471 3882 ob
1491 3825 1549 3882 id
1565 3826 1762 3899 ipsum
1784 3827 1974 3900 major

324 3917 388 3974 in
417 3917 684 3975 moribus
709 3919 766 3974 et
793 3915 1002 3972 litteris
1050 3915 1490 3988 promovendis:
1537 3931 1726 3988 neque
1772 3920 1971 3973 tamen

323 4005 482 4064 ultra
507 4004 792 4062 familiam
819 4020 990 4062 suam
1019 4008 1078 4060 et
1108 4001 1482 4073 circulum,in
1515 4019 1633 4076 quo
1701 4005 1971 4078 quaedam

327 4095 458 4167 ejus
485 4097 642 4151 esset
668 4093 1004 4150 auctoritas.

400 4183 738 4256 Theophane,
771 4183 996 4256 origine
1024 4197 1231 4256 graeca,
1257 4181 1529 4240 nubendo
1549 4182 1730 4240 Ottini
1761 4183 1854 4254 II.,
1914 4187 1972 4240 et

325 4273 608 4332 maritum
619 4276 677 4330 et
688 4271 902 4330 liberos
915 4271 1068 4329 hanc
1083 4269 1350 4346 linguam
1361 4272 1565 4330 docuer
1576 4273 1623 4328 it
1637 4273 1973 4346 arrogantia

417 4400 543 4469 418)
575 4399 766 4456 Tolner
795 4397 934 4456 hist.
967 4396 1150 4454 Palat.
1175 4397 1355 4454 codex
1385 4395 1798 4469 diplomaticus
1839 4397 1878 4453 l.
1914 4416 1966 4455 c.

416 4469 542 4553 {l9}
571 4471 714 4553 Ejus
743 4472 1000 4553 Elogium
1021 4469 1326 4553 sepulcrale
1355 4469 1413 4552 in
1443 4469 1967 4553 Basiliqa_§.‘Petri

391 4487 542 4545 (419)
572 4487 714 4598 ﬁJus
743 4487 1000 4553 nwgzum
1021 4487 1326 4540 sepulcrum
1355 4487 1413 4552 in
1443 4487 1694 4526 basilica
1717 4487 1777 4526 δ.

323 4544 547 4624 (Leibn.
633 4583 648 4599 .
671 4543 952 4624 I.__scr_1pt.
984 4557 1096 4597 rer.
1116 4541 1530 4624 .lgrunsvvncar.
1549 4557 1606 4613 p.
1637 4541 1808 4624 576.)

391 4639 424 4668 ‹‹
456 4615 684 4687 Lingua
709 4611 1084 4687 Teutonicas,
1116 4611 1380 4687 Wangiae
1406 4611 1612 4687 doctus
1644 4611 1704 4667 in
1730 4611 1894 4681 urbe,

395 4710 424 4739 α
454 4682 608 4743 Πευὲ
631 4682 1441 4756 Ὲταῐλοίεοξι,νυιεειινὶᾲθι“νρορ
1470 4683 1675 4756 Latina

397 4779 427 4810 «
457 4755 720 4814 Instituit
745 4755 996 4828 populos
1024 4752 1254 4826 eloquio
1283 4752 1520 4827 triplici.
1553 4776 1582 4805 »

415 4827 1142 4906 520)rozngr’1.’c._p._257.
1251 4895 1349 4906 AM
1443 4895 1496 4906 η
1565 4895 1600 4906 Δ.

431 4895 740 4962 Ὶιεόριιαηία
762 4895 1035 4954 monialis
1067 4911 1220 4952 anno
1249 4895 1375 4962 989,
1405 4895 1709 4954 abbatissa
1763 4913 1966 4954 mona-

317 4971 482 5030 sterii
499 4965 776 5042 Essendis
795 4985 808 5042 ς
834 4985 950 5042 quo
968 4966 1243 5042 collapso,
1258 4967 1418 5023 aliud
1433 4965 1652 5042 ibidem
1671 4973 1965 5042 monaste-

317 5043 473 5100 rium
504 5042 578 5115 ab
609 5041 754 5115 ipsis
785 5037 1186 5115 fundamentis
1215 5045 1452 5115 novoet
1497 5037 1748 5112 eleganti
1793 5056 1966 5111 opere

319 5110 666 5190 erigendum
686 5111 922 5190 curavit
950 5110 1425 5190 a._l_05l._Mortis
1457 5110 1646 5166 annus
1669 5127 1783 5166 non
1823 5110 1963 5166 con-

317 5182 457 5256 stat,
491 5185 594 5242 sed
619 5183 840 5240 ibidem
871 5182 1237 5256 sepultaest.

387 5250 536 5332 (421)
566 5257 783 5312 Auctor
811 5250 1035 5310 coaevus
1090 5253 1341 5308 Chronic.
1398 5251 1682 5322 Quedlinb.
1735 5250 1960 5324 (Leibn.

387 5329 494 5362 ..επι
547 5345 576 5362 ..
628 5331 884 5362 Daunum
926 5325 982 5362 ,φ
1037 5325 1083 5362 n
1138 5341 1175 5362 η
1229 5325 1356 5362 90m
1390 5324 1458 5362 οτι
1495 5341 1523 5362 ς.
1581 5323 1724 5362 πως
1767 5345 1796 5362 η
1852 5323 1960 5362 1+..-

313 5323 594 5412 scriptIr.
628 5331 902 5410 Brunsw.
926 5325 1003 5380 -T.
1037 5325 1104 5380 II.
1138 5341 1196 5398 p.
1229 5325 1356 5450 29G?
1389 5324 1462 5380 ad
1495 5341 1548 5407 a:
1581 5323 1741 5378 1025.
1767 5345 1800 5404 (ε
1851 5323 1960 5379 Ita-

313 5423 342 5453 ι(
374 5402 686 5478 liam_1tu_m
733 5396 1054 5478 (Qanadus
1099 5401 1155 5452 et
1184 5396 1326 5478 _G}se
1350 5397 1406 5478 ελ)
1466 5395 1650 5478 ﬁliam
1699 5411 1956 5478 unicam,

311 5495 340 5524 «
371 5470 704 5530 Adelheidze
741 5467 1042 5524 abbatisse
1094 5467 1469 5524 nutriendam
1527 5467 1955 5524 transmittunt.

310 5565 340 5594 α
367 5545 766 5614 Moxquoque,
790 5538 1346 5614 perceptopominas
1373 5537 1652 5614 B_eat_r_i_ci_s
1679 5537 1956 5614 adventu,

313 5634 342 5664 ‹‹
372 5607 988 5689 prefata_'lmperialis
1039 5611 1337 5689 abbatissa
1387 5607 1624 5689 Trpbiki
1677 5609 1954 5684 (Driibke)

311 5705 340 5734 ‹‹
373 5679 510 5740 cum
541 5683 673 5754 suis
711 5679 1048 5754 occurrens,
1096 5681 1228 5754 laeta
1250 5679 1952 5754 iQuedlingeburgensem

313 5773 342 5801 ι(
375 5752 744 5821 metropolim
771 5765 972 5821 secum
1003 5751 1186 5806 duxit.
1236 5753 1358 5816 Quo
1405 5751 1555 5821 vero’
1589 5751 1830 5820 honore,
1886 5756 1954 5808 ut

310 5839 348 5895 ,ιε
377 5816 598 5896 regiam
626 5818 826 5902 decuit
846 5816 1095 5896 prolem,
1144 5835 1334 5900 quove
1390 5819 1656 5890 caritatis
1719 5816 1952 5902 aﬂ‘ectu,

2091 638 2204 694 que
2236 622 2518 696 magistro
2541 623 2817 679 Gerberto
2849 621 3161 696 (Sylvestro
3193 620 3285 694 Il.)
3309 621 3582 680 eruditio.
3635 627 3755 680 Per

2091 709 2242 766 ﬁlias
2258 709 2648 781 Adelheidem,
2663 711 3024 769 abbatissam
3037 709 3674 786 Quedlinburgensem,
3692 716 3756 769 et

2089 799 2163 854 So
2169 800 2367 872 phiam
2377 843 2390 869 ,
2405 800 2766 857 abbatissam
2779 799 3432 871 Gandersheimensem,
3443 801 3598 858 inter
3608 818 3753 859 san-

2091 887 2454 945 ctimoniales
2483 889 2719 947 illorum
2749 889 3241 947 monasteriorum
3263 907 3384 946 una
3405 889 3663 948 alterave
3685 890 3750 947 in

2090 977 2184 1034 his
2211 977 2430 1052 linguis
2458 981 2664 1036 edocta
2690 996 2819 1036 esse
2840 979 3028 1037 debet.
3055 979 3252 1036 Tertia
3270 979 3414 1048 ﬁlia,
3437 979 3754 1038 Mathildis

2091 1067 2345 1134 nomine,
2377 1071 2562 1140 nupta
2598 1068 2870 1137 Henrico,
2915 1067 3118 1124 comiti
3167 1067 3432 1126 Palatino
3481 1069 3747 1142 (Rheni),

2093 1159 2279 1212 mater
2306 1157 2496 1212 extitit
2519 1173 2635 1214 non
2671 1157 2843 1213 modo
2862 1174 2963 1214 sex
2978 1156 3255 1228 ﬁliarum,
3279 1174 3408 1231 quae
3426 1157 3751 1216 abbatissa

2090 1245 2602 1302 celeberrimorum
2620 1245 2996 1303 occidentalis
3011 1247 3332 1304 Germania
3362 1246 3756 1305 monasterio-

2092 1352 2224 1390 rum
2251 1334 2508 1404 fuerunt,
2539 1334 2693 1392 inter
2722 1352 2872 1408 quas
2895 1353 3016 1392 una
3034 1336 3442 1409 Theophanonis
3470 1333 3751 1393 aviae'no-

2091 1439 2225 1479 men
2259 1423 2639 1496 accepit(420)
2659 1424 2789 1492 ;sed
2802 1424 2978 1480 etiam
2993 1423 3168 1493 Rixae,
3195 1425 3394 1482 uxoris
3419 1424 3750 1498 Misegonis

2091 1511 2298 1567 nostri.
2330 1514 2464 1578 Quae
2486 1513 2629 1568 Bima
2659 1529 2837 1569 causa
2893 1513 3077 1570 fuisse
3106 1513 3356 1584 videtur,
3389 1530 3494 1570 cur
3520 1513 3750 1587 Misego

2090 1600 2294 1672 lingna
2322 1618 2510 1674 graeca
2539 1601 2806 1658 eruditus
2835 1605 2980 1658 erat.

2163 1691 2360 1762 Neque
2383 1691 2541 1746 enim
2569 1707 2696 1746 eam
2728 1689 2993 1764 linguam
3025 1690 3270 1764 antiqua
3298 1689 3748 1748 Slavonicorum

2091 1778 2440 1850 populorum
2473 1796 2604 1835 cum
2638 1779 2886 1836 ecclesia
2904 1795 3092 1852 graeca
3111 1780 3490 1836 connectione
3505 1797 3748 1838 conser-

2091 1872 2282 1922 vatam
2313 1867 2374 1922 in
2407 1867 2643 1923 Polonia
2673 1868 3040 1937 crediderim,
3072 1867 3208 1925 licet
3224 1868 3286 1924 in
3313 1869 3596 1927 Bohemia
3622 1887 3752 1926 mo-

2091 1956 2344 2012 nasteria
2359 1957 2626 2029 quadam
2645 1961 2862 2022 essent,
2887 1956 2946 2012 in
2968 1957 3186 2029 quibus
3205 1955 3470 2031 linguam
3488 1974 3748 2033 graecam

2092 2045 2506 2100 edocebantur.

2160 2134 2443 2190 Cmterum
2467 2135 2592 2207 ipsa
2615 2133 2916 2190 Mathildis
2931 2134 3198 2207 epistola,
3216 2135 3274 2192 id
3299 2152 3416 2208 quo
3435 2136 3638 2194 minus
3665 2137 3750 2193 ita

2088 2222 2450 2295 intelligatur
2479 2228 2652 2280 vetat.
2685 2223 2778 2279 Ait
2799 2223 2956 2280 enim
2985 2239 2998 2278 :
3023 2247 3050 2274 «
3070 2239 3319 2298 graecam
3339 2225 3750 2298 supperaddere

2089 2311 2368 2368 maluisti.
2407 2335 2435 2361 »

2157 2400 2292 2465 Quae
2319 2401 2434 2456 dixi
2467 2402 2538 2458 de
2567 2401 2926 2458 Monasteriis
2945 2400 3479 2476 Quedlinburgensi
3501 2406 3562 2460 et
3589 2402 3745 2461 Gan-

2086 2489 2530 2554 dersheimensi,
2561 2496 2622 2547 et
2647 2491 2718 2548 de
2739 2507 2953 2564 magna
2968 2491 3296 2548 eruditione
3313 2492 3747 2549 sanctimonia-

2086 2577 2255 2645 lium,
2272 2596 2397 2652 quae
2412 2579 2694 2651 ibigDeum
2709 2579 3006 2648 colebant;
3024 2580 3206 2654 hujus
3229 2579 3311 2637 rei
3331 2580 3743 2638 testimonium

2087 2669 2198 2734 est,
2225 2668 2380 2739 quod
2403 2668 2775 2740 juventutcm
2799 2669 3020 2742 regiam
3036 2673 3094 2725 et
3113 2669 3450 2742 principum
3471 2669 3745 2728 institue-

2088 2755 2248 2811 bant.
2281 2755 2375 2811 Sic
2404 2755 2655 2826 Beatrix,
2688 2756 2810 2812 ﬁlia
2839 2756 3213 2830 Imperatoris
3243 2759 3498 2816 Conradi
3529 2759 3624 2827 IL,
3647 2760 3742 2817 his

2087 2845 2635 2902 sanctimonialibus
2649 2845 2719 2900 ad
2737 2845 3110 2902 educandum
3132 2851 3192 2902 et
3211 2846 3604 2904 erudiendum
3625 2852 3742 2906 tra-

2086 2932 2234 3005 dita,
2251 2933 2378 3005 jam
2403 2933 2654 3006 septimo
2669 2933 2758 2990 vel
2775 2937 2978 2992 octavo
2996 2935 3184 2992 aetatis
3205 2951 3358 2992 anno
3381 2937 3737 2995 miraculum

2086 3023 2436 3080 eruditionis
2457 3023 2648 3080 extitit
2667 3024 2838 3096 (421).

2083 3129 2218 3186 CAP.
2251 3131 2363 3187 XL.
2391 3161 2456 3172 —
2487 3132 2682 3188 [iussos
2711 3146 2856 3206 anno
2884 3129 3028 3186 1026
3071 3131 3224 3188 clade
3276 3132 3492 3204 affectos
3539 3135 3737 3206 fuisse,

2703 3203 3127 3258 demonstratur.

2010 3270 2055 3338 Ο
2161 3293 2296 3357 Qua:
2328 3308 2363 3347 a
2398 3289 2632 3348 Polonis
2678 3290 3066 3362 scriptoribus
3124 3295 3460 3362 narrantur,
3511 3293 3742 3351 Russus

2085 3385 2219 3453 post
2252 3383 2502 3436 mortem
2535 3378 2932 3436 strenuissimi
2962 3377 3232 3436 Bolizlavi
3263 3379 3572 3438 obsidione
3613 3381 3740 3438 cin-

2082 3469 2238 3526 xisse
2268 3467 2530 3538 castella,
2561 3467 2620 3524 in
2652 3468 2871 3541 quibus
2900 3467 3256 3525 Polonorum
3287 3469 3564 3542 praesidia
3585 3475 3742 3528 aBo-

2080 3557 2286 3615 lizlavo
2317 3559 2508 3631 posita
2535 3560 2720 3626 erant,
2747 3573 2854 3613 cur
2882 3556 3146 3615 inﬁnitas
3174 3561 3330 3626 eant,
3364 3575 3482 3615 non
3540 3559 3730 3617 video.

2083 3647 2214 3704 Otto
2246 3645 2352 3720 (vel
2368 3646 2676 3719 Bezprim),
2701 3645 2826 3718 qui,
2843 3649 2911 3702 ut
2931 3649 3181 3716 constat,
3203 3645 3416 3703 coelum
3437 3651 3497 3704 et
3514 3652 3733 3706 terram

2082 3740 2284 3793 contra
2295 3737 2534 3792 fratrem
2549 3736 2910 3809 Misegonem
2921 3735 3210 3804 excitavit,
3219 3735 3348 3808 jam
3365 3739 3496 3793 tum
3510 3737 3737 3794 bellum

2082 3825 2353 3882 movebat
2375 3842 2389 3894 ;
2409 3824 2548 3897 quia
2563 3827 2666 3880 aut
2678 3823 2942 3896 privatus
2961 3828 3085 3881 erat
3101 3841 3136 3880 a
3155 3828 3339 3898 parte,
3359 3841 3544 3898 quam
3567 3830 3734 3900 pater

2081 3914 2194 3972 sibi
2225 3905 2389 3970 more
2419 3911 2860 3985 antiquissimo,
2895 3929 3015 3986 qua
3039 3929 3141 3970 rex
3169 3913 3442 3986 superior
3463 3932 3580 3972 non
3617 3915 3734 3973 nisi

2079 4003 2216 4060 belli
2245 4007 2507 4076 tempore
2537 4001 2735 4070 ﬁebat,
2763 4000 3177 4071 destinaverat,
3205 4005 3308 4059 aut
3334 4001 3522 4060 invita
3551 4005 3737 4078 patris

2081 4096 2351 4149 extrema
2379 4091 2678 4148 voluntate
2709 4106 2956 4164 regnum
3002 4090 3334 4148 affectabat.
3395 4092 3525 4150 Huc
3579 4093 3738 4151 trahi

2079 4185 2348 4255 possunt,
2383 4197 2510 4253 qum
2536 4197 2572 4237 a
2602 4179 2960 4253 quibusdam
2991 4184 3309 4238 narrantur
3337 4181 3410 4238 de
3440 4181 3654 4241 Ottone
3677 4184 3738 4240 in

2079 4269 2354 4326 Ruzziam
2385 4269 2646 4343 fugiente
2677 4269 2826 4341 (422)
2847 4287 2860 4339 ;
2885 4285 3014 4341 quae
3043 4269 3272 4327 occasio
3304 4269 3418 4327 fuit
3463 4270 3735 4330 Jaroslao

2080 4419 2109 4448 ‹‹
2133 4411 2318 4479 quave
2342 4393 2648 4468 diligentia
2677 4395 2750 4479 ab
2771 4393 2902 4467 ipsa
2935 4399 3006 4479 .et
3061 4393 3616 4479 sanctimonialibus
3673 4397 3733 4453 in

2078 4491 2107 4519 «
2140 4465 2266 4524 l'oco
2295 4465 2752 4549 praememorato.
2785 4465 3273 4548 consistentibus,
3330 4467 3735 4550 omnibusque

2078 4563 2106 4592 α
2139 4538 2253 4596 sibi
2283 4539 2558 4610 sudditis,
2597 4541 2976 4610 suseipiatur,
3009 4553 3076 4594 ac
3093 4537 3474 4610 postmodum
3495 4543 3726 4610 nutria-

1999 4643 2044 4708 Β
2077 4633 2106 4661 ‹‹
2139 4614 2256 4680 tur,
2289 4609 2377 4692 vel
2408 4625 2526 4708 qpa
2551 4608 3112 4708 morumlverborum“
3135 4611 3498 4708 actuuznque.‘
3522 4609 3730 4694 indole,

2077 4705 2105 4734 «
2141 4678 2248 4764 per
2272 4678 2506 4764 singula
2533 4680 2719 4764 aetatis
2765 4678 3130 4764 incrementa
3184 4678 3520 4764 profecerit,
3581 4681 3732 4738 scire

2083 4777 2104 4804 ι
2140 4750 2245 4809 aut
2273 4750 2544 4808 facundia
2573 4751 2634 4806 in
2652 4751 2902 4807 dtcendo
2924 4750 3088 4832 nulla
3107 4750 3385 4834 suppetit.
3400 4753 3532 4818 Qua
3561 4769 3733 4809 nam-

2083 4822 3361 4948 ἶηαὲἕὲῗέἓὲξὲῗίςῗὲῗῗξιὶἷυὲἓιῖῗὲθῦΡὲἷἙδ’··
3390 4824 3458 4896 ”(
3481 4822 3732 4897 ⁸⁰¹ί⁴³¹¹⁸

2075 4893 2294 4952 ίιίοοᾱ.
2325 4893 2706 4966 exciderunt),
2738 4893 2809 4950 cf.
2847 4893 3013 4966 Hertz
3035 4893 3117 4966 ΥΣ
3137 4910 3194 4966 p.
3217 4894 3290 4966 9O

2146 4967 2294 5038 (422)
2325 4967 2628 5038 Roepellius
2647 4963 2846 5038 denset
2873 4963 3036 5038 illam
3058 4963 3335 5038 Rﬁzziam
3355 4980 3509 5038 esse,
3533 4965 3726 5038 nescit

2073 5035 2221 5108 ipse,
2253 5035 2682 5110 quam'rpartem
2717 5035 3244 5110 Παπειρία-,δρψ
3270 5035 3718 5110 _testjmonium

2025 5153 2029 5156 .
2081 5105 2354 5182 Wippoin's
2385 5105 2748 5180 aliorumque
2781 5105 2877 5178 (νῖ
2889 5123 3016 5180 cap.
3045 5105 3242 5164 XXIII.
3269 5107 3374 5164 No.
3401 5107 3460 5179 3)
3483 5108 3728 5180 rejicere

2073 5198 2189 5237 non
2219 5182 2413 5235 audet.

2142 5250 2343 5324 Solent
2357 5248 2841 5324 autemgermani
2861 5249 3176 5324 scriptores
3197 5248 3428 5323 antiqui
3449 5266 3559 5324 pro
3580 5250 3728 5309 Rus-

2069 5321 2177 5386 sia,
2210 5323 2399 5379 dicere
2429 5319 2612 5378 Rucia
2639 5319 2728 5376 vel
2759 5319 2990 5378 Ruzzial

2136 5393 2448 5451 Helnwldus
2477 5393 2680 5449 chron.
2714 5391 2933 5449 Slavor.
2965 5393 3008 5449 Ι.
3041 5416 3070 5444 ‹‹
3095 5391 3290 5449 Littus
3312 5390 3579 5448 australe
3597 5391 3725 5450 Sla-

2064 5482 2270 5523 vorum
2300 5464 2566 5538 incolunt
2583 5463 2882 5538 nationes,
2916 5480 3168 5537 quorum
3188 5464 3262 5521 ab
3289 5463 3526 5522 Oriente
3544 5464 3726 5538 primi

2067 5542 2206 5595 sunt
2235 5539 2393 5603 ﬂuxi,
2426 5535 2638 5592 deinde
2667 5535 2889 5592 Poloni.
2925 5535 2954 5588 ὦ
3492 5587 3497 5592 .

2133 5609 2329 5667 Adam.
2364 5608 2543 5665 Brem.
2576 5607 2650 5663 de
2675 5605 2794 5662 situ
2821 5606 3018 5664 Daniaa
3040 5605 3146 5663 No.
3177 5606 3310 5664 221.
3346 5606 3577 5665 Raetia
3630 5623 3724 5664 re-

2101 5697 2244 5738 num
2277 5679 2514 5736 Polonis
2543 5693 2872 5735 connexum
2903 5681 3210 5736 memorat.

2104 5753 2424 5885 ιιξιὲῗεετηαν.
2457 5765 2692 5830 quoque
2719 5751 2800 5826 (ρ.
2831 5749 2936 5812 192
2995 5748 3242 5811 Ruci’am
3270 5764 3380 5834 pro
3441 5748 3722 5820 Bassiani
