3900 6224
281 378 430 442 139³1

1558 377 1894 439 APPEND.
1941 377 2045 438 AD
2091 377 2282 440 SEC.
2330 379 2406 440 X.

3535 371 3714 436 1392

281 535 308 561 ‹‹
339 514 518 584 posita
539 511 634 567 hic
663 512 1001 568 moriendi»
1036 513 1301 584 (antiquo
1342 528 1502 568 more
1527 511 1576 579 ?)
1610 535 1635 560 ‹‹
1688 511 1804 567 sive
1855 512 1926 566 de
1954 513 2009 578 Α
2037 509 2364 568 litterarum
2397 508 3116 579 amantissimusmtliberi
3131 507 3335 566 invitis
3350 509 3714 581 parentibnl

280 600 373 657 his
385 601 724 658 absolvendi
760 603 816 673 ››(
837 619 939 676 per
956 603 1362 675 presbyterum
1376 601 1696 658 christiano
1710 601 1924 668 more?)

278 712 306 740 «
339 691 489 747 dura
517 690 719 748 electio
751 692 862 748 sibi
887 693 1076 748 datur.
1103 691 1535 763 Et,quicunque
1555 694 1928 762 postseplua-

281 801 309 829 ‹‹
341 780 628 852 gesimam
658 798 894 837 carnem
927 779 1927 851 manducasse.invenitur,aberis.ch

279 891 308 917 ‹‹
340 868 592 926 dentibus
613 871 863 944 graviter
893 870 1156 942 punitur.
1192 871 1306 925 Lex
1340 884 1595 940 namque
1643 868 1839 922 divina
1868 867 1926 921 in

281 979 308 1009 ι(
342 957 436 1014 his
464 959 802 1033 regionibus
835 959 1058 1015 naviter
1077 963 1275 1014 exorta
1295 962 1580 1030 potestate
1599 955 1699 1012 tali
1720 955 1927 1010 melius

283 1068 311 1098 ‹‹
343 1063 520 1120 quam
539 1049 620 1119 jej
631 1048 849 1104 unioab
862 1047 1152 1120 episcopis
1171 1048 1484 1104 constituto
1498 1047 1868 1102 corroborata
1880 1062 1925 1098 r.

285 1159 306 1187 α
343 1138 493 1194 Sunt
516 1137 694 1193 etiam
723 1137 807 1192 illi
839 1154 1032 1194 mores
1064 1137 1252 1194 aliiab
1285 1137 1377 1192 his
1399 1136 1924 1198 multoinferiores,

279 1250 308 1276 «
343 1226 442 1298 qui
473 1241 578 1282 nec
601 1226 716 1283 Deo
747 1227 997 1300 placent,
1049 1243 1148 1282 nec
1206 1227 1500 1296 indigenis,
1559 1226 1641 1280 nil
1697 1227 1810 1280 nisi
1859 1223 1929 1278 iul

279 1335 307 1362 «
337 1321 600 1369 terrorem
623 1322 882 1385 prosunt;
907 1331 1057 1386 quos
1077 1315 1133 1369 in
1158 1315 1561 1387 superioribus
1584 1330 1653 1369 ex
1677 1313 1927 1384 quadam

279 1424 308 1452 ‹‹
343 1406 506 1474 parte
535 1403 947 1475 comprehendi
981 1404 1150 1476 (427).
1189 1427 1214 1451 ››

351 1492 1109 1564 TacetigiturThietmarus
1127 1493 1283 1565 leges
1306 1491 1734 1564 poenitentiales
1763 1508 1933 1563 quas—

281 1581 418 1636 dam
449 1581 826 1638 terribiliores
857 1582 1148 1654 his,quas,
1175 1582 1310 1637 licet
1367 1581 1547 1647 diras,
1603 1580 1932 1636 laudabiles

282 1674 497 1726 cenaet.
533 1671 758 1727 Laudat
788 1675 989 1727 nostra
1011 1688 1243 1744 quoque
1268 1669 1562 1726 Mathildis
1579 1669 1929 1724 Bolizlavum

283 1760 356 1814 ob
384 1758 622 1826 similia,
653 1765 709 1816 et
738 1759 1032 1816 laudando
1063 1764 1308 1831 patrem,
1344 1759 1526 1814 filium
1550 1759 1927 1832 Misegonem,

285 1846 552 1919 impellit,
585 1853 652 1903 ut
674 1848 731 1904 in
763 1848 858 1905 his
887 1849 1063 1905 rebus
1085 1849 1333 1904 aemulus
1368 1849 1551 1920 patris
1583 1849 1814 1908 existat.
1863 1852 1933 1903 ut

285 1958 314 1986 «
344 1937 595 1992 restituat
619 1937 726 1992 Deo
770 1939 987 1994 animas
1037 1938 1309 1993 diabolica
1357 1937 1554 2008 fraude
1613 1937 1858 2008 deceptas
1905 1959 1931 1985 »

354 2113 480 2170 Non
511 2131 546 2169 ο.
566 2131 628 2171 re
658 2115 768 2170 erit
798 2115 1101 2171 monuisse
1132 2115 1436 2184 lectorem,
1469 2132 1539 2171 ne
1562 2131 1821 2172 severam
1846 2115 1934 2170 di-

284 2202 594 2275 sciplinam
624 2203 1080 2260 ecclesiasticam
1112 2203 1272 2260 illius
1305 2205 1406 2259 aevi
1441 2221 1574 2260 cum
1600 2204 1727 2260 laxa
1767 2204 1936 2260 disci-

284 2291 446 2365 plina
473 2293 658 2349 nostri
690 2293 972 2366 temporis
1002 2294 1346 2350 confundat.
1411 2295 1596 2350 Lubet
1648 2311 1678 2350 e
1736 2298 1936 2349 nostro

286 2381 435 2438 libro
466 2381 560 2438 hic
591 2382 879 2439 nonnulla
919 2383 1132 2439 addere
1163 2399 1231 2438 ex
1275 2384 1463 2456 capite
1528 2382 1934 2456 pmnitentiali,

285 2487 400 2543 quo
435 2469 534 2527 illa
562 2471 620 2527 in
650 2471 881 2529 lectoris
913 2471 1259 2527 memoriam
1285 2476 1603 2528 revocetur.

356 2560 602 2634 Singula
627 2565 866 2634 peccata
897 2561 1230 2634 presbytero
1262 2562 1866 2633 confiteturpeccator,
1882 2565 1940 2616 et

286 2649 438 2705 inter
464 2666 534 2706 ea
561 2666 690 2722 quae
721 2651 1025 2723 presbyter
1055 2650 1252 2716 faciat,
1287 2650 1406 2705 haec
1435 2651 1634 2718 habet,
1687 2650 1785 2705 fol.
1847 2651 1933 2704 17.

287 2761 314 2786 ‹‹
348 2739 418 2793 Et
445 2738 719 2811 quotiens
747 2738 979 2794 dederis
1037 2738 1352 2794 consilium
1412 2739 1698 2810 peccanti,
1761 2737 1936 2794 simul

287 2848 314 2876 ‹‹
349 2841 581 2898 quoque
611 2827 686 2882 da
700 2827 750 2882 ei
773 2827 1198 2898 paenitentiam,
1223 2828 1416 2882 statim
1429 2830 1713 2898 quantum
1732 2827 1939 2881 debeat

289 2916 602 2985 «jejunare
631 2919 688 2970 et
727 2915 1009 2971 redimere
1039 2920 1276 2987 peccata
1306 2932 1435 2982 sua,
1469 2932 1539 2970 ne
1569 2915 1711 2970 forte
1740 2915 1939 2971 oblivi-

289 3026 315 3053 ‹‹
353 3003 560 3072 soaris,
613 3007 901 3075 quantum
951 3021 1086 3060 eum
1126 3008 1391 3077 oporteat
1429 3004 1745 3060 abstinere.
1806 3004 1934 3060 Tibi

290 3115 317 3143 ι(
349 3091 510 3148 enim
537 3107 776 3148 necesse
806 3097 894 3148 est
924 3093 1136 3165 (foret),
1170 3093 1459 3148 utiterum
1491 3093 1562 3148 ab
1583 3110 1648 3149 eo
1665 3093 1932 3166 exquires

290 3205 317 3231 «
353 3185 612 3254 peccata,
647 3181 787 3253 quia
817 3180 913 3238 ille
944 3181 1762 3250 forsitanerubescat,iterum
1799 3197 1928 3254 pec-

2037 600 2093 654 in
2129 601 2500 658 monasteriis
2520 601 2898 658 erudirentur
2919 597 3186 654 maximae
3213 615 3366 654 cura!
3413 598 3715 659 habuisse

2035 689 2278 744 videtur.
2295 689 2507 745 Odium
2533 689 2946 762 indigenarum
2966 688 3411 761 ingravescebat
3428 688 3718 756 ;deficere

2035 783 2091 833 et
2119 779 2397 835 aChristo
2433 779 2552 836 sive
2583 780 2654 834 ab
2686 778 2930 835 ecclesia
2955 777 3158 843 latina,
3210 782 3268 834 et
3317 795 3352 833 a
3400 795 3536 853 rege
3593 797 3714 853 pa-

2036 867 2381 938 ναῦφι-ωηο
2439 873 2606 924 erant
2661 869 2915 940 primam
2992 867 3250 940 arripere
3317 868 3706 926 occasionem

2034 956 2381 1013 Christianis
2404 959 2522 1014 sive
2555 956 2860 1014 catholicis
2882 956 3085 1012 latinis
3107 956 3348 1028 parpari
3380 957 3711 1014 referendi.

2035 1044 2218 1108 Quam
2251 1047 2613 1102 occasionem
2644 1051 2701 1102 et
2721 1045 2918 1101 hostes
2961 1044 3123 1118 regni
3179 1049 3236 1100 et
3291 1046 3700 1104 domesticum

2037 1133 2347 1191 dissidium
2379 1137 2450 1192 ab
2483 1135 2710 1205 Ottone,
2757 1133 3074 1207 Misegonis
3105 1133 3712 1204 fratre,concitatum,

2037 1227 2101 1278 ut
2131 1241 2312 1296 supra
2345 1223 2811 1280 memoravimus
2843 1223 3014 1295 (429),
3047 1223 3278 1278 obtulit.

2037 1339 2171 1394 CAP.
2226 1339 2385 1395 XLII.
2431 1371 2498 1380 ——
2540 1341 2685 1412 Uxor
2736 1337 2987 1412 quaedam
3023 1337 3249 1394 Juditha
3289 1339 3584 1412 VMisegoni
3657 1341 3716 1396 II

2107 1414 2361 1477 genuisse
2391 1412 2603 1466 videtur
2619 1411 2801 1480 ﬁlium
2832 1411 3303 1482 (primogenitum)
3351 1411 3713 1467 Bolizlavum

2102 1485 2757 1554 juniorcm,paganorum
2776 1481 2892 1536 sive
2946 1481 3472 1538 Slavonieo-Graecse
3528 1483 3714 1539 eccle-

2109 1557 2211 1610 sixe
2233 1555 2524 1624 fautorem.

2109 1670 2242 1733 Quae
2274 1671 2618 1726 traditiones
2645 1668 2890 1742 singulae
2923 1669 2993 1725 de
3025 1668 3340 1741 Misegonis
3370 1669 3419 1726 lt
3461 1669 3700 1743 pellice,

2039 1758 2110 1813 de
2137 1758 2380 1813 Juditha
2403 1759 2679 1830 quadam,
2714 1758 2783 1814 de
2815 1756 3100 1813 Bolizlavo
3133 1756 3254 1812 ﬁlio
3305 1757 3709 1831 primogenito

2042 1852 2373 1911 narrant,ea
2402 1864 2434 1901 a
2450 1847 2722 1919 plurimis
2744 1847 2982 1918 quidem
3006 1845 3395 1918 scriptoribus
3407 1846 3710 1919 autigno-

2043 1942 2266 2006 rantur,
2299 1942 2399 1990 aut
2431 1935 3377 2008 rejiciuntur,autconfunduntur
3392 1951 3530 1991 cum
3569 1934 3713 1992 aliis

2043 2028 2190 2096 (430)
2215 2043 2228 2092 ;
2263 2043 2368 2080 nos
2394 2029 2590 2080 autem
2621 2025 3025 2098 componendo
3047 2023 3360 2082 verissima
3375 2039 3509 2082 esse
3536 2039 3709 2098 repe-

2044 2115 2252 2170 rimus.

2115 2204 2365 2271 Patrem,
2399 2203 2753 2259 Bolizlavum
2778 2202 3342 2276 magnum,vidimns
3393 2203 3455 2257 in
3493 2216 3705 2260 amore

2047 2293 2158 2349 sibi
2189 2293 2319 2366 plus
2330 2294 2493 2364 justo
2518 2292 3424 2364 indulsisse,antiquoSlavorum
3453 2291 3710 2364 populo-

2049 2401 2201 2448 rum,
2235 2381 2505 2450 aliorum,
2541 2398 2740 2438 more:
2777 2382 2936 2438 {ilius
2967 2380 3153 2454 igitur
3185 2381 3404 2453 Misego
3436 2396 3545 2436 cur
3588 2397 3711 2437 non

2049 2496 2074 2520 ‹‹
2109 2474 2394 2544 antiquum
2421 2473 2813 2542 fornicatorem
2845 2493 2869 2521 ι
2905 2471 3255 2537 imitaretur,
3279 2469 3421 2525 utin
3436 2467 3594 2541 aliis,
3617 2469 3710 2525 sic

2049 2561 2109 2615 in
2142 2560 2248 2615 hac
2283 2578 2342 2616 re
2374 2560 2655 2625 ‘tQuidam
2689 2559 2774 2615 vel
2796 2559 3067 2632 plurimis
3081 2576 3216 2616 eum
3239 2575 3413 2616 usum
3436 2574 3566 2614 esse
3582 2556 3708 2631 pel-

2049 2649 2256 2706 licibus
2287 2650 2670 2705 tradiderunt.
2706 2647 2796 2704 Nil
2821 2649 3002 2722 igitur
3029 2648 3264 2704 obstare
3305 2646 3558 2716 videtur,
3586 2662 3707 2719 quo

2048 2741 2246 2795 minus
2269 2755 2468 2807 unam,
2504 2739 2736 2795 nomine
2768 2738 3012 2794 fortasse
3041 2736 3584 2793 Juditbam—nam
3637 2735 3702 2792 id

2048 2845 2258 2884 nomen
2289 2833 2569 2900 tanquam
2600 2827 2797 2883 uxoris
2817 2827 2877 2882 in
2908 2826 3264 2899 quibusdam
3296 2825 3594 2881 invenitur
3617 2854 3691 2866 --

2046 2936 2178 2974 eum
2195 2917 2346 2974 habu
2357 2918 2470 2973 isse
2483 2921 2831 2985 statuamus,
2847 2933 2916 2972 ex
2928 2932 3110 2988 eaque
3131 2919 3336 2971 natum
3350 2930 3480 2971 esse
3496 2913 3690 2970 lilium

2045 3007 2521 3080 primogenitum,
2556 3007 2648 3062 cui
2682 3007 2752 3062 ab
2811 3023 2914 3062 avo
2973 3005 3349 3062 celeberrimo
3400 3003 3694 3060 Bolizlavo

2044 3113 2254 3152 nomen
2286 3095 2538 3151 inditum
2565 3094 2658 3151 sit.
2679 3094 2828 3150 Hinc
2850 3093 3002 3150 Rixae
3035 3092 3194 3149 ﬁlius
3222 3110 3338 3149 non
3370 3093 3459 3149 avi
3509 3091 3692 3149 Boliz-

2042 3185 2175 3254 lavi,
2209 3185 2309 3240 sed
2342 3202 2556 3241 novum
2587 3183 2854 3240 Casimiri
2885 3199 3099 3238 nomen
3129 3180 3688 3254 accepisscvidetur.

290 3292 318 3321 «
353 3276 483 3326 cata
511 3286 622 3326 sna
651 3271 935 3326 confiteri.
964 3294 991 3320 ››
1023 3302 1092 3312 ——
1130 3271 1246 3327 F01.
1309 3272 1396 3327 18.
1447 3271 1597 3327 inter
1654 3271 1929 3344 pmniten-
1961 3257 2004 3323 (Ξ
2043 3274 2276 3330 Nullam
2303 3274 2457 3329 enim
2489 3273 2664 3330 aliam
2687 3289 2927 3329 causam
2948 3272 3130 3338 vides,
3153 3287 3374 3326 morem
3398 3274 3701 3326 tunctem-

284 3359 503 3414 tiarum
535 3375 747 3431 genera
777 3360 898 3416 11326
921 3365 1333 3417 recensentur:
1369 3385 1395 3410 ‹‹
1423 3361 1754 3416 Decernunt
1783 3361 1934 3432 (pre-

291 3471 319 3499 ‹‹
361 3449 600 3522 sbyteri)
633 3450 819 3521 justa,
848 3453 1181 3522 proponunt
1219 3450 1512 3521 supplicia,
1539 3451 1779 3519 vincula,
1831 3457 1938 3504 tor-

291 3561 319 3589 ‹‹
353 3547 516 3606 iure,
539 3540 782 3610 ﬂagella,
835 3541 1028 3608 exilia,
1079 3542 1479 3612 amputationes
1549 3542 1934 3605 membrorum,

293 3651 320 3680 «
350 3630 668 3686 amissiones
698 3647 902 3696 rerum,
934 3637 1135 3686 mortes
1191 3629 1397 3686 diversi
1435 3632 1788 3697 generis......
1850 3628 1939 3684 Fit

284 3718 514 3775 «etiam
545 3718 972 3776 ecclesiasticus
1023 3719 1202 3791 vigor,
1250 3719 1556 3790 correptio,
1604 3735 1938 3774 excommu-

289 3831 317 3858 «
347 3807 586 3875 nicatio,
619 3809 690 3865 de
721 3809 983 3864 tecclesia
1029 3807 1304 3873 exclusio,
1356 3807 1514 3880 leges
1564 3807 1938 3879 pmnitentize,

291 3920 319 3947 ‹‹
350 3896 900 3964 anathematizatio;
960 3899 1368 3954 constituuntur
1389 3896 1624 3967 judices,
1675 3899 1939 3954 insistunt

289 4008 316 4036 ‹‹
350 3987 555 4057 ofﬁcia,
582 3987 878 4040 mittuntur
904 3987 1127 4050 ultores,
1157 3989 1216 4039 ut
1247 3985 1344 4040 hoc
1371 3987 1680 4056 corrigunt;
1728 3990 1780 4040 et
1837 4004 1936 4042 au-

291 4096 319 4124 ‹‹
348 4075 489 4144 ferri
514 4087 626 4128 non
649 4077 877 4143 possunt
909 4073 972 4129 de
999 4074 1263 4129 κει-[θεία.
1299 4097 1326 4124 ››

359 4160 484 4218 Fol.
519 4161 606 4216 19.
641 4161 913 4218 Peccator
942 4161 1244 4219 humiliter
1274 4163 1748 4236 deprecationem
1807 4180 1936 4235 pre-

291 4251 510 4324 sbyteri
539 4250 883 4324 implorans,
920 4276 947 4302 «
973 4255 1144 4309 totum
1171 4269 1226 4308 se
1255 4254 1314 4308 in
1345 4260 1551 4308 terram
1571 4257 1930 4324 prosternat.»

360 4341 516 4414 Fuge
544 4341 798 4410 credere,
831 4341 940 4399 has
968 4358 1096 4398 esse
1127 4341 1260 4398 illas
1311 4342 1471 4397 diras
1522 4359 1555 4398 a
1602 4343 1935 4398 Thietmaro

290 4446 408 4488 non
439 4431 729 4487 iudicatas
743 4430 898 4503 leges
914 4449 926 4501 ;
945 4431 1126 4486 immo
1141 4431 1197 4487 in
1213 4431 1371 4487 omni
1391 4431 1934 4489 ecclesiavalebant.

291 4522 427 4587 Qum
483 4520 860 4578 Thietmarus
919 4520 1148 4578 silenda
1195 4521 1538 4594 prmoptavit
1581 4521 1936 4578 crudeliores

2045 3364 2203 3436 poris
2231 3381 2347 3419 non
2379 3362 2681 3436 sequendi.
2706 3363 2822 3418 Nos
2845 3361 3001 3432 juris
3032 3360 3216 3416 civilis
3262 3359 3493 3431 legibus
3515 3364 3573 3415 et
3600 3374 3698 3415 ec-

2046 3453 2325 3510 clesiatici
2368 3453 2691 3510 canonibus
2736 3451 2968 3520 imbuti,
3029 3449 3451 3522 distinguimus
3507 3447 3694 3504 filium

2048 3543 2252 3600 matris
2285 3542 2538 3598 familias
2571 3559 2604 3596 a
2632 3558 2807 3597 servae
2831 3539 2919 3595 vel
2941 3537 3164 3612 pellicis
3194 3537 3332 3594 lilio.
3384 3537 3487 3593 llic
3549 3554 3698 3605 mos,

2049 3639 2113 3688 ut
2142 3633 2313 3688 hodie
2336 3633 2394 3687 in
2426 3632 2677 3697 Oriente,
2710 3631 2794 3685 sic
2826 3628 2965 3684 olim
2997 3626 3453 3700 Slavisignotus
3483 3631 3694 3696 erat,et

2049 3739 2232 3778 novus
2261 3721 2560 3793 religionis
2590 3718 2931 3775 Christianae
2949 3733 3134 3774 canon
3155 3733 3220 3772 eo
3261 3715 3486 3772 tardior
3536 3713 3697 3771 solus

2047 3811 2381 3885 viguit,quo
2404 3805 3411 3879 etsacerdotesipsiincontinentius
3459 3803 3575 3860 sibi
3631 3803 3696 3860 in

2049 3919 2108 3957 re
2138 3916 2381 3956 venerea
2410 3897 2813 3970 indulgebant.
2843 3891 3166 3968 Disciplina
3202 3895 3359 3950 enim
3409 3891 3696 3950 clericalis

2047 3989 2509 4057 laxior,necdum
2536 4005 2570 4041 a
2612 3985 2894 4058 Gregorio
2937 3985 3146 4056 Magno
3170 3983 3489 4039 reformata
3555 3986 3696 4038 erat.

2047 4079 2194 4145 Quin
2217 4078 2541 4134 secundum
2591 4076 2922 4132 Romanum
2979 4072 3341 4140 ordinem,ut
3390 4078 3445 4127 et
3501 4065 3699 4128 noster

2046 4171 2223 4226 habet
2251 4169 2400 4224 liber
2423 4166 2752 4239 liturgicus,
2787 4165 3097 4237 episcopus
3157 4161 3282 4217 fieri
3342 4165 3576 4232 poterat
3624 4160 3695 4226 is,

2035 4261 2145 4333 qui
2177 4275 2366 4332 neque
2399 4258 2708 4328 conjugem
2739 4253 2948 4312 habuit
2961 4252 3221 4319 viduam,
3244 4266 3436 4322 neque
3453 4267 3580 4306 rem
3603 4249 3701 4305 ha-

2045 4351 2173 4407 buit
2203 4366 2335 4406 cum
2367 4345 2582 4404 ancilla
2608 4350 2721 4401 Deo
2754 4345 3194 4414 sacrata,neque
3232 4356 3368 4396 cum
3428 4339 3696 4411 quadru-

2045 4440 2316 4514 pedibus,
2351 4453 2539 4509 neque
2569 4434 2806 4491 tandem
2837 4448 2971 4488 cum
3004 4428 3266 4487 masculo
3293 4429 3464 4500 (431).

2114 4528 2582 4586 Concubinatum
2608 4527 2805 4580 autem
2828 4522 2882 4578 in
2917 4521 3046 4594 ipsa
3082 4518 3259 4576 veteri
3311 4517 3580 4587 ecclesia,
3631 4522 3699 4574 ut

290 4610 472 4667 etiam
501 4615 559 4666 et
582 4610 822 4666 οωηίηο
857 4611 1148 4665 immanes
1181 4611 1361 4666 fuisse
1392 4615 1636 4682 apparet
1663 4629 1676 4678 ἓ
1718 4611 1936 4683 (ἰυίΡΡθ
1965 4630 2012 4695 D
2047 4625 2116 4679 de
2136 4619 2440 4675 Slavorum
2465 4613 2731 4670 moribus
2762 4615 3013 4678 taceam,
3047 4626 3163 4663 non
3204 4607 3386 4663 fuisse
3432 4606 3695 4679 prohibi-

293 4717 420 4771 quie
450 4716 640 4772 neque
665 4699 778 4755 Deo
810 4716 996 4772 neque
1028 4699 1319 4771 indigenis
1351 4699 1665 4771 placerent.

353 4789 580 4861 Misego
609 4788 678 4857 II,
711 4788 893 4862 igitur
917 4787 1170 4844 ecclesiae
1193 4788 1384 4844 fautor
1414 4787 1569 4843 haud
1601 4787 1776 4844 dubie
1834 4805 1938 4861 pa-

289 4881 438 4934 trem
467 4877 730 4949 imitans,
761 4883 819 4933 et
850 4877 921 4934 ab
957 4894 1130 4934 uxore
1164 4877 1307 4933 Rixa
1348 4893 1584 4949 semper
1630 4877 1934 4945 excitatus,

287 4967 495 5024 vindex
520 4967 712 5039 gravis
741 4966 937 5039 legum
993 4966 1250 5023 ecclesiae
1298 4966 1491 5022 latinae
1551 4967 1777 5033 extitit;
1812 4967 1936 5040 ipse

382 5145 506 5218 427)
539 5145 685 5218 Ιίᾶφ.
721 5147 827 5218 247
861 5163 948 5218 sq.

380 5217 506 5283 428)
540 5217 680 5289 Cap.
716 5217 808 5273 III.
843 5217 990 5272 vers.
1035 5217 1123 5273 18.

382 5289 505 5361 429)
534 5289 602 5361 v.
631 5289 768 5361 Cap.
804 5289 994 5344 xxw.

379 5360 502 5432 430)
535 5360 626 5432 cr.
655 5360 792 5432 cap.
824 5361 1012 5415 xxw.

377 5427 502 5499 431)
535 5431 654 5488 Fol.
691 5427 776 5487 48.
811 5432 992 5487 nostri
1028 5431 1172 5485 Msti
1205 5452 1233 5478 «
1269 5429 1432 5483 Tunc
1463 5427 1719 5499 pontifex
1775 5445 1931 5497 eum,

286 5517 313 5544 (‹
349 5498 466 5572 (qui
487 5498 809 5575 episcopus
831 5503 1196 5575 ordinandus
1226 5498 1935 5575 e_st)inquiritdequuator

287 5587 317 5614 «
348 5571 621 5645 capitulis
655 5571 971 5640 canonicis,
996 5574 1106 5628 hoc
1129 5576 1218 5628 est
1235 5571 1323 5645 ae
1347 5571 1738 5645 areanoquita
1762 5571 1932 5644 (ἀρσε-

284 5656 313 5682 ‹‹
345 5642 542 5717 νοτίοίῖη
573 5645 958 5717 paaderastia),
983 5662 1085 5717 pro
1117 5642 1327 5717 ancillo
1359 5643 1475 5717 Deo
1511 5642 1779 5717 sacrata,
1822 5642 1927 5717 pro

285 5724 315 5756 α
346 5712 846 5789 quadrupedibus,
879 5712 1054 5774 aut—si
1085 5714 1396 5789 conjugem
1432 5713 1641 5772 habuit
1688 5729 1757 5772 ex
1811 5712 1926 5773 alio

356 5147 374 5499 ἕ

2046 4719 2193 4780 tum,
2210 4709 2310 4765 sed
2333 4710 2490 4763 extra
2503 4701 2921 4758 matrimonium
2933 4698 3172 4753 omnino
3195 4695 3422 4751 licitum
3445 4699 3698 4750 testatur

2051 4825 2076 4851 ‹‹
2110 4797 2307 4856 oncilii
2339 4792 2602 4850 Toletani
2622 4788 2797 4864 primi
2821 4786 3150 4855 can.l7,his
3166 4784 3357 4841 verbis
3371 4789 3692 4857 conceptus

2047 4915 2074 4941 ‹‹
2107 4893 2158 4946 Is
2187 4889 2282 4960 qui
2311 4901 2420 4940 non
2453 4882 2611 4938 habet
2634 4894 2880 4942 uxorem,
2913 4880 2964 4932 et
2988 4891 3088 4948 pro
3121 4889 3298 4929 uxore
3335 4874 3695 4929 concubinam

2045 5004 2073 5030 ‹‹
2105 4979 2284 5042 habet,
2313 4994 2345 5030 a
2393 4971 2784 5029 Communione
2831 4982 2942 5022 non
2983 4965 3306 5038 repellatur,
3360 4965 3578 5018 tantum
3636 4971 3698 5018 ut

2049 5164 2074 5192 ι(
2107 5139 2248 5205 viro,
2287 5133 2443 5208 quod
2474 5127 2882 5208 grecedicitur
2909 5134 3370 5208 beufeporfgta).l:

2117 5192 2322 5266 Conciti
2359 5192 2721 5278 Toletan.__IV_.
2754 5203 2974 5278 cap.748
2996 5192 3071 5269 (a.
3103 5192 3272 5278 6133);"
3293 5193 3562 5278 (Gr-regor.
3598 5192 3690 5278 IX.

2045 5263 2208 5354 Papa:
2235 5263 2552 5354 deoretales
2573 5263 2842 5354 distinct:
2871 5277 2957 5354 lit.
2983 5263 3111 5354 cap.
3141 5263 3335 5354 §.'Qui
3357 5263 3690 5354 iuga-liquo)

2043 5337 2206 5425 4.15m
2239 5349 2507 5408 secunda:
2538 5347 2738 5404 uxoris
2781 5337 3253 5473 conijunctiomm
3312 5337 3507 5392 sortiti
3530 5340 3683 5418 sunt‘

2043 5449 2068 5473 ι(
2101 5429 2202 5473 aut
2234 5436 2550 5473 numerosa
2579 5419 2856 5473 coniugia
2909 5412 3420 5473 renuentaverunt,
3457 5422 3561 5473 qui
3613 5423 3683 5461 v1-

2041 5449 2068 5476 «
2101 5412 2202 5481 aut
2234 5436 2550 5494 numerosa
2579 5412 3420 5494 conjugiafrequentaverant,
3457 5412 3561 5494 qui
3613 5412 3689 5494 vi-

2040 5521 2066 5547 ‹‹
2104 5498 2306 5560 duam,
2337 5492 2425 5548 vel
2457 5508 2491 5547 a
2519 5481 3045 5569 marit'quelictain
3098 5481 3529 5569 duxerunt,aut
3576 5493 3690 5569 cor:

2041 5592 2069 5618 ‹‹
2106 5552 2376 5639 ruptores
2408 5562 2686 5639 maritum
2717 5563 2979 5639 fuerunt,
3015 5552 3692 5639 qui‘cqncubinas,ilaut

2043 5663 2069 5689 «
2105 5624 2445 5694 fanicarias
2495 5635 2590 5704 (ad
2631 5624 3072 5704 fornicationes)
3131 5626 3493 5698 habuerunt,
3531 5624 3688 5680 etc.»

2049 5710 2184 5788 (vol.
2207 5709 2251 5768 Ι.
2283 5725 2342 5784 p.
2373 5707 2524 5785 480.)
