3900 6224
170 378 338 448 £893

1442 378 1508 445 S.
1553 377 1989 446 MATHILDIS
2033 379 2361 446 REGINA.‘

3454 343 3612 439 teet

173 528 210 565 εί
235 519 410 574 unius
458 531 650 574 uxoris
691 522 792 575 aut
827 515 1052 576 concubi
1076 531 1171 584 ιε,
1226 520 1287 573 ut
1334 517 1387 573 ei
1429 517 1724 590 placuerit,
1764 517 1837 571 sit
1861 516 1916 583 Α
1945 516 2117 574 bella.
2143 516 2226 573 Ob
2257 533 2387 574 eam
2421 516 2612 589 ipsam
2645 528 2769 572 rem
2814 510 3102 572 infelicior
3132 516 3260 579 erat
3285 519 3473 592 patre,
3507 513 3610 588 qui

177 629 214 660 α
237 609 630 680 conjunctione
658 611 939 664 contentus
970 628 992 658 ι
1031 607 1202 680 (432).

1957 605 2223 679 singulos
2253 605 2453 662 hostes
2486 605 2796 662 devicerat.
2825 605 2985 661 Adde
3021 605 3216 662 odium
3249 619 3613 680 paganorum

248 697 488 754 Poterat
509 697 1021 770 igiturantequam
1044 695 1489 753 matrimonium
1515 696 1848 750 iniretcum
1947 696 2072 766 jam
2097 697 2221 767 jam
2273 696 2332 751 in
2381 694 2757 752 rebellionem
2807 698 3187 766 erupturum;
3216 697 3364 754 adde
3409 693 3613 751 fratris

173 785 349 852 Rixa,
383 801 414 841 e
445 784 776 840 concubina
800 772 1152 840 Bolizlavum
1178 784 1474 855 juniorem
1509 798 1846 855 procreasse

172 875 405 948 Misego
432 874 502 930 Il.
526 873 870 930 Novercales
901 877 1056 930 artes
1080 891 1113 928 a
1153 873 1410 929 secunda
1442 872 1661 927 femina
1691 875 1844 926 stru-

175 967 309 1020 ctas
342 979 476 1019 esse
497 963 907 1035 primogenito,
927 966 1097 1018 vetus
1119 966 1209 1018 est
1229 962 1383 1033 apud
1418 959 1848 1016 Kadlubekium

174 1055 536 1110 con-servata
565 1051 668 1107 sed
702 1050 854 1106 male
893 1049 1189 1108 intellecta
1208 1050 1454 1105 traditio
1487 1049 1651 1122 (433).
1687 1049 1749 1103 In
1783 1065 1850 1104 ea

174 1158 239 1198 re
269 1141 356 1197 nil
387 1139 648 1197 alienum
678 1141 749 1196 ab
778 1140 1088 1196 hominum
1107 1143 1318 1195 natura
1359 1138 1545 1194 video.
1575 1138 1758 1194 Immo
1790 1136 1847 1192 id

175 1228 302 1288 illis
324 1230 714 1303 temporibus,
740 1234 804 1285 ut
827 1229 959 1286 aliis
983 1229 1201 1284 factum
1224 1233 1330 1284 est.
1349 1228 1620 1296 Vidimus
1643 1225 1848 1282 Ludol-

173 1320 390 1394 phum,
415 1317 644 1375 Ottonis
688 1317 882 1391 Magni
915 1334 981 1374 ex
1011 1317 1222 1372 Editha
1253 1317 1736 1389 primogenitum,
1772 1315 1844 1370 ab

175 1407 502 1465 Adelbeide
533 1423 798 1475 noverca,
825 1423 952 1478 quae
983 1405 1172 1478 ipsius
1215 1405 1404 1460 filium
1427 1405 1698 1461 Ottonem
1721 1405 1842 1475 (Π.)

179 1514 365 1570 regno
397 1496 754 1562 destinabat,
783 1495 956 1552 malis
989 1495 1266 1550 omnibus
1297 1496 1592 1550 affectum.

250 1586 365 1652 Qui
399 1585 581 1659 igitur
608 1583 935 1640 Bolizlavus
970 1583 1195 1655 junior,
1220 1588 1288 1639 ut
1321 1583 1535 1649 ferunt,
1567 1599 1822 1639 novercae

176 1677 239 1733 id
266 1679 361 1731 est
392 1653 568 1743 Ptine,
593 1676 849 1746 ereptus,
873 1653 1228 1729 monasterio
1255 1669 1614 1728 erudiendus
1635 1675 1691 1727 et
1711 1653 1847 1727 edu:

176 1764 410 1822 candus
440 1767 530 1820 est
581 1763 848 1818 traditus.
882 1760 1075 1817 Nihilo
1118 1761 1309 1817 secius
1360 1766 1558 1816 tamen
1613 1759 1846 1816 animus

180 1870 324 1912 eum
356 1853 430 1909 ad
461 1851 878 1925 paganismum
903 1867 1006 1906 seu
1033 1850 1340 1906 ecclesiam
1368 1848 1847 1906 Gracco-Slavoni-

175 1958 309 1998 cam
341 1939 552 1996 tulisse
581 1941 838 1996 videtur.
863 1939 1047 2010 Cujus
1084 1939 1163 1995 rei
1206 1937 1539 2012 exemplum
1571 1940 1756 1993 exstat
1785 1937 1843 1991 in

174 2029 561 2098 Godescalco,
589 2028 962 2085 Venedorum
990 2027 1281 2100 rege,qui,
1301 2028 1438 2083 licet
1460 2043 1604 2099 puer
1635 2026 1693 2081 in
1727 2043 1845 2081 mo-

176 2119 440 2177 nasterio
471 2119 774 2184 educatus,
804 2122 1000 2173 tamen
1049 2118 1168 2172 dux
1214 2134 1333 2173 suis
1382 2116 1572 2189 gentis
1604 2132 1842 2188 pagana;

177 2213 387 2266 contra
407 2206 770 2264 Christianos
795 2207 1012 2274 evasit;
1036 2207 1221 2262 donec
1254 2205 1461 2261 melior
1484 2221 1663 2260 causa
1692 2204 1750 2258 in
1777 2221 1842 2259 eo

173 2296 487 2354 victoriam
520 2300 854 2368 reportaret.
882 2295 1077 2350 Potest
1102 2311 1334 2366 quoque
1356 2292 1681 2349 Bolizlavus
1707 2292 1843 2348 huic

166 2400 542 2460 paganorum
602 2383 837 2439 factioni
894 2383 1127 2450 favisse,
1180 2399 1300 2454 qua
1364 2383 1549 2438 fretus
1612 2381 1836 2454 regiam

176 2474 534 2548 dignitatem
562 2471 1005 2546 adipisceretur.

253 2563 359 2619 Hic
389 2563 591 2634 itaque
623 2561 945 2618 Bolizlavus
967 2562 1193 2633 junior,
1235 2565 1397 2633 patre
1425 2561 1671 2626 vivente,
1705 2576 1839 2615 cum

179 2653 366 2708 fratre
397 2650 590 2707 adhuc
621 2651 862 2723 parvulo
890 2650 1155 2718 adfuisse
1192 2651 1422 2705 videtur
1452 2648 1604 2705 bello
1636 2651 1839 2704 Pome-

179 2757 346 2798 rano.
373 2741 536 2813 Saepe
565 2743 704 2796 tunc
733 2739 900 2795 liberi
928 2739 1280 2812 principum,
1315 2738 1450 2794 licet
1481 2736 1727 2810 parvuli,
1752 2741 1837 2792 ta-

181 2847 317 2886 men
352 2833 475 2885 toto
506 2844 745 2901 corpore
771 2828 1191 2901 cataphractati
1223 2826 1392 2884 bellis
1426 2827 1837 2892 interfuerunt,

180 2923 284 2976 aut
313 2917 544 2974 bellicis
575 2917 634 2972 in
664 2917 842 2973 rebus
887 2918 1323 2973 exercebantur.
1358 2916 1482 2971 Non
1527 2916 1700 2971 modo
1733 2916 1836 2970 Ca-

179 3005 366 3071 rolus,
401 3003 565 3059 ﬁlius
591 3003 781 3060 Caroli
809 3004 1026 3075 Magni,
1060 3005 1119 3059 in
1150 3003 1300 3060 bello
1333 3008 1532 3059 contra
1559 3008 1836 3071 Saxones,

179 3094 445 3150 militum
477 3109 637 3149 more
675 3097 939 3149 armatus
971 3093 1288 3149 admodum
1321 3110 1465 3164 puer
1505 3091 1836 3164 exemplum

1957 784 2227 857 (Ottonis)
2254 784 2636 840 ambitionem
2683 783 3065 845 indefessam.
3094 784 3242 848 Quid
3287 784 3525 852 mirum,
3563 782 3612 838 si

1955 873 2141 928 virtus
2173 873 2408 930 Polonis
2440 873 2669 930 defuit?

2027 962 2179 1032 Otto,
2206 963 2334 1033 ejus
2374 963 2572 1028 frater,
2611 963 2944 1033 Hungaros,
2977 964 3043 1016 ut
3080 959 3330 1027 videtur,
3360 960 3612 1016 secundo

1955 1049 2082 1106 loco
2110 1051 2396 1118 excitavit,
2426 1053 2526 1124 qui
2559 1051 2668 1107 sibi
2703 1051 2849 1123 ipsis
2878 1066 2995 1106 non
3031 1050 3224 1106 Ottoni
3249 1047 3611 1105 Provinciam

1957 1139 2338 1212 abripuerunt
2385 1140 2761 1196 Slowakiam.
2796 1139 3036 1195 Bohemi
3089 1139 3294 1195 eadem
3341 1138 3608 1194 faciendo

1956 1245 2087 1284 cum
2124 1229 2563 1285 marchionibus
2607 1247 2775 1292 suam
2816 1229 3066 1302 quisque
3097 1227 3349 1284 Polonia:
3380 1231 3606 1300 partem

1957 1333 2296 1389 recuperare
2326 1317 2438 1373 nisi
2493 1321 2648 1372 sunt.
2683 1316 2950 1381 Proxima
2985 1318 3201 1374 tuendo
3252 1317 3312 1372 in
3368 1317 3605 1384 mercis,

1956 1406 2278 1478 longinqua
2316 1407 2373 1461 in
2408 1406 2662 1462 Moravia
2700 1406 2982 1478 Misegoni
3028 1406 3376 1479 negligenda
3416 1410 3602 1474 erant,

1955 1495 2257 1551 Conradus
2277 1495 2512 1550 tandem
2545 1496 2662 1551 Rex
2692 1499 2747 1550 et
2776 1495 2905 1550 Otto
2935 1494 3113 1550 simul
3143 1494 3484 1552 invadentes
3514 1509 3604 1549 re-

1954 1583 2147 1655 liquas
2179 1583 2528 1639 Polonorum
2571 1588 2779 1651 terras,
2812 1583 2908 1640 ille
2939 1600 3040 1655 per
3078 1584 3324 1650 Marcas,
3357 1582 3453 1638 hic
3503 1598 3607 1654 per

1955 1672 2294 1728 Bobemiam
2326 1673 2479 1727 inter
2519 1672 2818 1740 facientes,
2851 1670 3132 1744 Misegoni
3165 1672 3216 1726 ΙΙ
3258 1675 3315 1726 et
3358 1669 3603 1726 Poloniae

1955 1761 2173 1816 exitum
2214 1762 2517 1834 parabant.
2547 1760 2848 1816 Conradus
2878 1765 3012 1831 post
3057 1760 3383 1814 cessionem
3423 1759 3603 1816 Lusa-

1958 1849 2051 1905 tiae
2079 1867 2112 1905 a
2136 1850 2430 1922 Misegone
2454 1850 2627 1916 facta,
2658 1865 2821 1904 arma
2841 1847 3106 1920 deponit;
3127 1851 3186 1904 at
3205 1845 3390 1902 nihilo
3409 1849 3604 1912 tamen

1957 1938 2146 1993 secius
2175 1939 2437 1994 fraternae
2470 1939 2799 2011 flagrabant
2829 1937 2948 1993 irae.
2984 1937 3114 1992 Otto
3147 1935 3396 1991 factione
3425 1950 3605 2008 paga-

1953 2044 2050 2097 na,
2083 2043 2185 2082 seu
2219 2026 2775 2094 Graeco-Slavonica,
2808 2029 2874 2081 ut
2899 2025 3150 2092 videtur,
3185 2022 3392 2090 fultus,
3427 2039 3605 2095 regno

1953 2115 2174 2186 potitus
2206 2119 2312 2170 est.
2347 2116 2547 2170 Frater
2591 2114 2806 2186 Misego
2838 2114 3061 2185 ejectus
3099 2113 3363 2185 Pragam,
3393 2111 3603 2185 pergit,

1953 2204 2413 2275 hospitalitatem
2441 2196 2704 2282 B¥etislai
2737 2204 3005 2276 petitum.
3033 2203 3142 2260 Sed
3169 2219 3203 2258 a
3228 2203 3374 2258 duce
3403 2206 3605 2264 contu-

1952 2293 2143 2349 meliis
2173 2293 2448 2348 omnibus
2477 2294 2747 2348 allectum
2781 2293 2993 2348 ferunt.
3020 2291 3259 2348 Ulturus
3290 2307 3416 2366 quae
3443 2308 3478 2353 a
3501 2291 3605 2352 Bo-

1951 2381 2152 2438 lizlavo
2185 2383 2414 2454 Magno,
2440 2386 2604 2454 patre
2637 2380 2973 2455 Misegonis,
2997 2380 3057 2434 in
3092 2379 3448 2436 Bolizlavum
3480 2379 3603 2435 Ru-

1950 2471 2094 2539 fum,
2121 2470 2429 2538 Bohemia,
2457 2471 2695 2538 Ducem,
2729 2473 2958 2541 patrata
3005 2469 3254 2537 fuerant,
3278 2459 3600 2548 BI‘Ietislaus

1950 2575 2082 2615 eum
2116 2583 2144 2609 «
2179 2576 2278 2632 per
2327 2560 2678 2614 traditionem
2732 2559 2891 2630 cepit,
2945 2561 2996 2612 et
3046 2559 3315 2629 genitalia
3359 2559 3498 2630 ejus,
3530 2573 3600 2616 ne

1950 2670 1978 2697 ‹‹
2008 2650 2230 2719 gignere
2254 2652 2452 2720 posset,
2484 2648 2739 2718 corrigiis
2767 2647 3036 2702 astrinxit
3064 2645 3237 2718 (435).

2019 2738 2154 2802 Quae
2176 2754 2353 2793 causa
2377 2736 2523 2792 mihi
2551 2735 2734 2791 fuisse
2755 2735 2986 2790 videtur
3005 2735 3133 2806 ejus
3156 2733 3594 2799 mortisimma-

1946 2830 2112 2881 turre.
2136 2826 2336 2882 Fratre
2383 2825 2539 2881 enim
2573 2825 2780 2881 Ottone
2811 2840 2846 2879 a
2877 2823 3344 2880 Christianorum
3385 2822 3594 2879 latino-

1949 2932 2080 2970 rum
2111 2916 2306 2971 forsan
2340 2914 2587 2970 factione
2617 2931 2743 2986 que:
2773 2918 2902 2969 tum
2934 2913 2995 2967 in
3027 2911 3127 2968 illa
3153 2911 3402 2972 Polonia:
3433 2915 3596 2984 parte

1939 3004 2064 3075 jam
2085 3003 2373 3076 potentior
2390 3003 2570 3059 fuisse
2585 3002 2832 3068 videtur,
2853 3004 3085 3068 necato;
3109 3001 3326 3073 Misego
3347 3015 3594 3073 regnum

1947 3092 2186 3164 quidem
2219 3093 2610 3165 recuperavit;
2644 3096 2723 3162 at,
2748 3106 2866 3146 non
2897 3089 2977 3144 ita
3002 3088 3189 3145 multo
3218 3092 3368 3162 post,
3392 3089 3594 3154 morbo

179 3180 548 3239 fortitudinis
577 3181 764 3249 dedit;
798 3182 898 3238 sed
930 3182 1054 3253 ipse
1075 3181 1314 3237 Carolus
1345 3183 1590 3254 Magnus
1612 3181 1836 3237 decimo
1946 3181 2104 3254 gravi
2137 3181 2408 3247 afﬂictus,
2443 3185 2518 3246 et,
2551 3197 2655 3252 per
2703 3179 2927 3249 aliquot
2972 3193 3203 3234 menses
3251 3178 3596 3251 plerumque

181 3271 357 3328 tertio
379 3271 566 3327 etatis
591 3287 765 3337 anno,
786 3287 919 3326 cum
951 3271 1181 3327 obviam
1207 3271 1370 3326 fieret
1400 3287 1559 3343 papa
1593 3269 1835 3342 Stepha-
1869 3254 1912 3321 C
1951 3288 2173 3338 amens,
2209 3271 2520 3326 defunctus
2551 3273 2659 3325 est.

183 3377 259 3416 no
293 3360 388 3430 11.,
422 3375 573 3432 equo
604 3359 924 3415 vehebatur
952 3377 985 3415 a
1005 3359 1193 3431 capite
1214 3360 1285 3415 ad
1309 3359 1460 3415 imos
1482 3360 1658 3431 pedes
1690 3359 1838 3414 ferro

181 3448 609 3514 circumdatus,
636 3449 827 3520 gentis
857 3465 975 3503 suae
1002 3447 1288 3504 bellicosas
1309 3448 1504 3503 vivum
1524 3452 1581 3504 et
1609 3447 1841 3521 graphi-

182 3553 319 3594 cum
343 3536 661 3608 exemplar.
682 3537 911 3592 Poterat
929 3537 1109 3611 igitur
1126 3541 1585 3593 Pomeranorum
1606 3537 1840 3593 rebellis

180 3627 303 3684 dux
332 3624 690 3681 Bolizlavum
723 3630 779 3680 et
808 3625 1048 3680 fratrem
1077 3624 1427 3682 Casimirum
1451 3626 1522 3680 ad
1545 3629 1839 3681 certamen

179 3712 486 3788 singulare
516 3729 854 3785 provocare;
890 3729 1076 3785 neque
1115 3717 1312 3768 tamen
1364 3729 1586 3786 magna
1632 3714 1840 3769 fuisset

179 3802 532 3878 prudentie,
571 3800 714 3856 illud
765 3802 1102 3858 concedere.
1136 3803 1325 3867 Quare
1374 3801 1594 3857 factum
1640 3806 1748 3868 est,
1777 3810 1840 3857 ut

175 3890 326 3948 Bela-
341 3891 682 3963 Hungarus,
698 3905 901 3946 eorum
922 3893 1118 3962 partes
1144 3890 1493 3962 suscipiens,
1512 3891 1698 3946 vietor
1717 3908 1843 3948 eva.

176 3981 344 4038 serit.
364 3980 528 4046 Quod
549 3978 882 4051 Roepellius
906 3982 1105 4034 monet
1121 3979 1192 4034 de
1213 3979 1662 4035 anacbronismo
1685 3997 1839 4036 mor-

173 4068 379 4126 tisS‘i
412 4066 717 4139 Stephani,
751 4067 809 4122 id
868 4065 1100 4122 minimi
1151 4067 1322 4138 pretii
1381 4083 1510 4124 esse
1571 4067 1834 4124 dixerim.

172 4160 455 4214 Poterant
483 4156 644 4211 enim
671 4159 808 4211 ante
830 4159 1080 4211 mortem
1113 4155 1211 4212 Sii
1243 4155 1525 4229 Stephani
1551 4156 1837 4213 exulasse.

175 4246 382 4318 Neque
412 4244 471 4299 id
503 4247 726 4317 negant
755 4243 1069 4316 scriptores
1100 4244 1270 4317 (434).

179 4362 314 4418 CAP.
350 4359 542 4430 XLIII.
573 4359 860 4430 ——-Misego
899 4361 952 4415 ΙΙ
999 4360 1220 4430 infelix,
1251 4375 1362 4414 non
1411 4359 1551 4430 quod
1600 4359 1838 4413 imbellis

249 4435 395 4499 erat,
427 4429 522 4502 sed.
546 4430 687 4502 quod
715 4429 912 4485 multos
942 4429 1067 4485 una
1097 4430 1340 4501 undique
1384 4430 1555 4486 hostes
1587 4429 1832 4502 habebat.

2018 3360 2187 3415 Illum
2220 3360 2460 3414 modum
2493 3355 2770 3428 genitalia
2785 3353 3596 3427 astringendi,amputandive

1948 3445 2751 3522 antiquissimum,veteribus
2774 3443 3113 3515 Indis(436),
3129 3441 3594 3516 Egyptiis(437),

1950 3536 2344 3608 Romanisque
2376 3537 2522 3608 (438)
2555 3551 2619 3589 ac
2663 3533 2968 3590 Germanis
3001 3532 3148 3604 (439)
3189 3535 3414 3602 notum”,
3447 3530 3600 3588 inter

1949 3627 2148 3684 Slavos
2164 3624 2525 3681 Christianos
2543 3627 2668 3678 tum
2688 3621 2878 3677 adhuc
2909 3619 3227 3682 invaluisse
3249 3621 3375 3692 jam
3398 3619 3596 3676 Thiet-

1949 3731 2151 3772 marus
2181 3712 2424 3769 tradidit
2451 3714 2620 3784 (440).
3583 3773 3587 3776 _

1950 3823 2083 3878 CAP.
2116 3820 2306 3876 XLIV.
2331 3849 2399 3860 -—-
2428 3820 2565 3874 Itixa
2591 3821 2764 3890 potest
2796 3816 2876 3871 bis
2901 3831 2990 3890 ac
3009 3815 3242 3872 Polonia
3269 3816 3517 3890 nutasse
3544 3820 3596 3872 et

2016 3895 2174 3964 prior
2203 3892 2421 3962 quidem
2457 3888 2606 3945 cum'
2632 3889 2749 3960 ﬁlio
2779 3888 3071 3954 Casimiro,
3099 3888 3369 3962 posterior
3411 3895 3597 3943 autem

2018 3965 2200 4035 ﬁlium
2225 3964 2584 4035 praecessisse.

2007 4070 2187 4126 Nemo
2205 4069 2512 4141 hucusque
2527 4068 2680 4124 Rixaa
2699 4067 2817 4122 fata
2830 4065 3597 4139 investigans,quasticnem

1950 4158 2291 4230 movit,quze
2323 4158 2533 4214 fuisset
2562 4173 2688 4212 sors
2733 4156 2913 4227 hujus
2944 4154 3174 4227 Reginae
3219 4155 3466 4228 ejusque
3495 4153 3599 4210 filii

1947 4247 2438 4318 Casimiri,quum
2463 4246 2681 4318 Misego
2706 4245 2773 4299 II.
2797 4261 2828 4300 e
2858 4245 3054 4315 Regno
3083 4243 3332 4308 Poloniaa
3365 4244 3601 4315 ejicere-

1946 4339 2061 4390 tur.
2077 4334 2217 4389 Mihi
2242 4334 2480 4405 quidem
2506 4333 2648 4389 Rixa
2676 4332 2736 4386 in
2769 4331 3007 4388 Polonia
3036 4331 3326 4386 mansisse
3356 4331 3602 4388 minime

1945 4422 2194 4477 videtur.
2232 4422 2378 4477 Nam
2412 4422 2461 4477 si
2493 4421 2666 4487 hanc,
2699 4419 3169 4475 Christianorum
3199 4418 3506 4474 fautricem
3540 4420 3599 4477 in

250 4506 432 4581 Regna
460 4500 723 4581 atpulsus
754 4503 951 4581 Pragae
985 4518 1188 4581 misere
1218 4500 1498 4557 eunuchus
1535 4502 1612 4572 ﬁt.
1647 4500 1835 4556 Subita

2018 4509 2316 4566 anasteriis
2337 4509 2632 4581 refugium
2655 4509 2948 4564 invenisse
2969 4509 3226 4562 statuere
3243 4507 3353 4574 vis,
3369 4524 3598 4576 moneo,

345 4573 600 4630 eludo’et
627 4589 775 4628 mors
803 4573 1002 4644 (434'.)

1869 4623 1914 4686 Ι)
1947 4617 2017 4656 ne
2047 4604 2102 4655 te
2133 4599 2337 4672 fugiat,
2358 4597 2717 4654 monasteria
2745 4596 2894 4668 ipsa,
2914 4593 3211 4686 ecclesias,
3230 4595 3601 4686 presbyteros

251 4689 476 4760 Misego
509 4687 628 4743 Rex
657 4704 691 4741 a
719 4687 1015 4760 plerisque
1059 4687 1410 4744 Polonorum
1457 4687 1840 4762 scriptoribus
1869 4684 1902 4686 _
1947 4689 2006 4744 in
2039 4687 2292 4743 maximo
2335 4687 2678 4742 discrimine
2722 4686 2924 4741 fuisse.
2961 4685 3246 4739 Incertam
3287 4684 3358 4738 de
3401 4685 3600 4740 mariti

183 4776 444 4834 imbellis
495 4775 680 4832 fuisse
724 4775 996 4831 traditur.
1037 4775 1254 4848 Optimi
1306 4793 1441 4832 vero
1492 4776 1550 4832 id
1604 4780 1838 4850 negant.

181 4867 366 4937 Cujus
392 4863 475 4920 rei
496 4863 836 4920 testimonia
863 4868 1005 4920 sunt
1029 4863 1245 4932 omnia,
1262 4877 1388 4936 quae
1416 4881 1534 4920 una
1561 4864 1842 4921 sustinuit

277 5006 406 5080 43g)
434 5008 697 5080 Laurent.
731 5005 928 5062 Surius
971 5005 1233 5063 collectio
1276 4993 1574 5064 concilior.
1613 5008 1840 5064 univer-

184 5079 295 5137 sal.
329 5079 399 5134 T.
433 5079 454 5133 Ι
554 5119 566 5132 .
598 5079 724 5132 522.

259 5150 409 5220 (433)
441 5094 679 5220 cap.
712 5147 906 5220 XXIV.
935 5151 1148 5205 Annot.
1183 5150 1235 5204 4.

285 5221 408 5290 434)
438 5219 693 5291 Dlugosz.
725 5219 766 5275 1.
779 5290 787 5291 ί
800 5220 843 5274 l.

259 5290 439 5362 (434')
464 5290 558 5362 Cf.
594 5307 718 5362 cap.
751 5290 978 5346 XXI.—-
1004 5291 1165 5345 XXV.

286 5361 843 5434 435)Gallusip.i84.
877 5362 950 5417 cf.
989 5378 1187 5434 supra.
1222 5363 1356 5434 Cap.
1391 5362 1528 5417 XXI.
1563 5363 1689 5416 init.

288 5434 416 5502 436)
445 5433 609 5488 Manu
631 5433 686 5488 8.
719 5433 846 5489 372.

262 5502 345 5561 Cf.
379 5521 433 5559 v.
466 5504 676 5560 Bohlen
695 5503 801 5561 das
827 5503 940 5562 alte
967 5503 1185 5559 Indien.
1218 5503 1490 5576 Konigsb.
1521 5503 1678 5572 4830,
1705 5507 1747 5558 t.
1771 5502 1842 5560 II.

193 5577 414 5721 I"(19.7)
447 5644 672 5705 Diodor.
708 5645 824 5704 Sic.
857 5647 1016 5702 1.78.

1951 4777 2162 4843 reditu,
2191 4791 2324 4831 cum
2358 4775 2474 4830 filio
2504 4774 2563 4828 in
2595 4773 2970 4830 Germaniam
3001 4769 3112 4826 iter
3140 4769 3368 4838 fecisse,
3391 4772 3604 4828 veresi-

1949 4865 2242 4922 milimum
2274 4866 2381 4920 est.
2405 4886 2433 4913 ‹‹
2466 4863 2753 4919 Barbaros
2783 4862 3088 4918 Slavorum
3128 4863 3372 4933 pertaesa
3425 4861 3597 4931 ritus,

2024 5007 2172 5079 (438)
2203 5005 2467 5079 Hora-LI.
2501 5003 2620 5079 Sat.
2653 5005 2706 5057 2.
2740 5020 2793 5059 ν.
2829 5003 2917 5060 45.

2022 5074 2214 5134 Leonis
2245 5074 2480 5133 Novella
2509 5076 2598 5130 32.

2024 5151 2171 5220 (439)
2202 5151 2311 5205 Lex
2340 5146 2510 5203 Salic.
2534 5147 2659 5201 Em.
2679 5143 2811 5220 ‘Tit.
2844 5144 3056 5220 XXXL
3078 5162 3129 5200 c.
3159 5145 3232 5220 18
3263 5145 3452 5220 et_l9;
3486 5148 3600 5220 Lex

1955 5215 2084 5294 mp.
2116 5215 2226 5294 Tit-
2252 5220 2376 5294 .VI.;
2400 5220 2522 5294 Lex
2549 5215 2786 5294 ᾼρειοιῖο
2813 5221 2875 5294 et.
2900 5216 3126 5294 Warin;
3158 5217 3370 5294 Tit-_V-
3403 5215 3455 5294 σέ
3483 5219 3596 5294 3τῖς

1956 5287 2070 5349 Lex
2120 5291 2363 5347 Frision.
2398 5291 2512 5345 Tit.
2565 5287 2675 5343 XX.
2709 5291 2767 5342 et
2795 5288 2941 5343 Add.
2974 5287 3066 5356 11.;
3103 5289 3218 5344 Lex
3263 5290 3396 5346 Sax.
3432 5290 3474 5345 I.
3509 5289 3595 5344 15.

1955 5395 2022 5405 -
2056 5365 2168 5419 Lex
2197 5363 2382 5418 Alem.
2419 5363 2481 5417 L.
2515 5359 3240 5433 LXV.e.28.et__tanquam
3271 5377 3442 5433 poena
3461 5358 3600 5433 furti

1954 5435 2013 5489 in
2045 5434 2264 5506 templo
2295 5434 2450 5506 apud
2480 5431 2768 5506 Erisiones
2790 5430 3038 5506 gentiles
3059 5430 3212 5506 inter
3231 5430 3598 5506 Laubacham

1953 5511 2010 5561 et
2038 5502 2350 5562 Wes—erum
2380 5503 2720 5572 incolentes,
2751 5502 2860 5560 lex.
2893 5504 3039 5561 Fris.
3071 5504 3218 5561 Add.
3251 5502 3362 5561 X11.

2027 5576 2176 5647 (440)
2211 5578 2482 5633 Thietmar
2510 5576 2547 5632 l.
2583 5592 2634 5632 c.
2668 5593 2724 5648 p.
2757 5579 2886 5632 247.
