3900 6224
319 344 474 410 ηοτ

1596 341 1934 407 ΑΡΡΕΝΠ.
1981 341 2089 405 AD
2135 337 2323 410 SEC.
2369 345 2446 409 X.

3578 347 3741 419 1408

317 477 564 545 Graecas,
598 494 632 536 a
661 474 1076 536 communione
1105 474 1406 537 charitatis
1437 481 1551 536 tum
1581 482 1639 534 et
1678 482 1966 534 terrarum
1997 477 2052 544 Α
2084 478 2532 552 ﬁrmatus,quod
2565 478 2721 554 apud
2753 477 3115 539 Christianos
3146 483 3348 556 posset
3378 484 3599 542 servari
3631 484 3739 541 bo-

318 568 720 635 Russicarum,
754 571 990 641 propter
1036 568 1492 640 explorationem
1543 566 1842 639 religionis
1902 584 1970 623 ao

317 675 724 730 morumzquas
755 658 828 712 ob
861 674 953 712 res
984 657 1078 713 hic
1111 674 1508 730 saepenumero
1535 671 1742 729 parum
1780 656 1969 710 abfuit

314 748 456 820 quin
490 747 738 820 perirem
775 765 787 802 :
823 746 1138 820 nul-Iusque
1162 746 1305 801 mihi
1329 763 1481 800 nunc
1509 745 1645 800 hino
1668 745 1722 799 in
1748 747 1964 799 terram

314 841 476 893 tuam
512 841 669 910 patet
699 836 993 894 introitus.
1027 836 1150 900 Qua
1179 835 1249 890 de
1288 851 1348 890 re
1398 834 1834 907 magnificentia
1865 839 1966 888 tua

314 928 398 982 sic
429 925 735 997 intelligat.
770 924 1034 980 Transivi
1083 925 1311 979 deserta
1359 939 1460 996 per
1491 923 1798 978 cacumina
1829 939 1960 977 cum

313 1016 602 1083 molestia,
637 1014 996 1070 Pannoniam
1031 1013 1235 1067 itidem
1265 1011 1601 1079 transivi,et
1634 1012 1961 1066 Danubium

311 1104 511 1176 trajeci
543 1119 678 1159 cum
710 1118 922 1174 magna
953 1119 1233 1156 aerumna.
1269 1105 1477 1156 Postea
1517 1101 1801 1168 Serbiam,
1835 1099 1964 1155 Bul-

309 1194 556 1267 gariam,
616 1192 884 1265 Mysiam,
917 1195 976 1246 et
1022 1207 1305 1264 magnum
1358 1189 1582 1245 celebre
1648 1189 1959 1262 imperium

308 1285 661 1349 Graecorum,
695 1298 827 1337 cum
861 1281 1119 1352 quinque
1147 1279 1340 1350 regnis
1370 1278 1727 1349 ejus,fuique
1757 1277 1960 1333 Antio-

308 1373 474 1439 chiae,
507 1376 712 1444 postea
740 1369 1174 1441 Hierosolyma.
1208 1367 1608 1439 Hierosolyma
1638 1371 1832 1423 autem
1865 1383 1957 1421 ve-

307 1462 510 1521 nlhuc
532 1458 964 1517 Alexandriam.
1008 1458 1113 1515 Hic
1166 1473 1300 1514 vero
1346 1456 1462 1512 vidi
1513 1455 1730 1527 ubique
1780 1473 1956 1529 syna-

306 1567 494 1625 gogas
518 1553 864 1622 sumptuose
887 1546 1287 1615 fabricatas,in
1307 1546 1527 1619 quibus
1550 1544 1818 1601 homines
1840 1562 1957 1600 mo-

305 1658 438 1696 rum
470 1638 740 1711 aspidum
773 1641 830 1693 et
859 1635 1289 1692 basilisoorum.
1332 1637 1614 1690 Pristerea
1654 1650 1789 1689 vero
1837 1633 1955 1688 vidi

304 1728 484 1784 etiam
514 1743 632 1783 non
665 1741 882 1797 paucos
913 1723 1380 1779 Christianorum
1425 1726 1764 1786 conventus,
1797 1722 1951 1794 apud

304 1833 454 1890 quos
473 1816 604 1888 jam
633 1813 1371 1879 nullaidolasunt,tantum
1390 1827 1594 1866 mensa
1613 1814 1671 1866 et
1691 1826 1950 1866 scamna.
1984 1848 2027 1912 Β

302 1907 374 1962 lli
403 1910 599 1961 autem
648 1902 918 1960 homines
965 1905 1105 1957 sunt
1156 1899 1412 1973 theologi
1447 1900 1530 1973 (in
1561 1898 1832 1955 Polonico
1863 1904 1954 1956 est

302 1997 674 2067 Bagomowey,
732 1993 772 2047 ἱ.
832 1991 895 2048 de
947 1993 1051 2048 Deo
1121 1990 1413 2062 loquentes)
1486 1987 1736 2051 honesti,
1777 2005 1953 2060 super

301 2083 502 2140 omnia
530 2081 840 2153 diligentes
889 2095 1114 2153 pacem,
1167 2078 1341 2151 plane
1385 2077 1542 2133 velut
1589 2076 1783 2149 angeli
1814 2078 1939 2132 Dei.

298 2171 666 2229 Conveniunt
713 2173 909 2226 autem
939 2170 1011 2225 ad
1043 2169 1343 2225 doctrinas
1389 2166 1651 2239 quotidie
1679 2182 1748 2221 ex
1777 2183 1948 2221 man-

298 2262 434 2318 dato
464 2259 586 2325 Dei,
619 2262 679 2315 et
706 2259 778 2314 ad
811 2273 1013 2330 preces
1045 2255 1391 2313 antelucano
1430 2260 1710 2326 tempore,
1745 2271 1951 2309 rursus

295 2367 430 2408 vero
486 2353 619 2421 post
660 2364 934 2404 occasum
981 2345 1146 2414 solis,
1177 2345 1493 2417 aliquando
1542 2348 1739 2399 autem
1779 2343 1949 2399 tertia

295 2443 354 2496 et
383 2455 539 2495 nona
566 2437 711 2494 hora
739 2435 875 2491 diei.
907 2436 1026 2492 Hos
1054 2437 1252 2491 autem
1283 2433 1378 2489 hic
1429 2433 1699 2489 homines
1730 2432 1949 2504 ubique

295 2529 606 2584 nominant
617 2529 885 2583 sanctum
900 2524 1001 2581 Dei
1017 2541 1235 2580 novum
1248 2521 1945 2594 lsraeliticumpopulum,

293 2634 395 2674 seu
422 2614 1068 2687 lsraelem.Sequuntur
1097 2615 1290 2668 autem
1322 2610 1416 2666 hic
1437 2611 1588 2666 hanc
1621 2610 1946 2667 doctrinam

291 2710 354 2762 et
394 2721 562 2778 reges
611 2703 792 2776 aliqui
841 2718 975 2758 cum
1022 2700 1148 2756 suis
1199 2700 1556 2766 doctoribus,
1591 2703 1649 2755 et
1687 2715 1792 2771 ego
1821 2698 1948 2770 ipse

293 2810 526 2866 semper
573 2809 673 2848 eos
721 2790 998 2847 doctrinas
1047 2807 1226 2846 causa
1270 2789 1503 2846 accedo.
1540 2788 1606 2843 Et
1627 2789 1754 2859 jam
1813 2804 1947 2843 sum

293 2883 447 2956 apud
478 2899 580 2938 eos
607 2879 906 2952 regenitus
937 2895 1093 2951 aqua
1121 2882 1178 2934 et
1207 2877 1450 2950 Spiritu,
1485 2876 1542 2931 in
1574 2877 1811 2932 nomine
1841 2877 1945 2932 Pa-

293 2971 398 3029 iris
429 2970 531 3027 Dei
562 2967 999 3041 omnipotentis,
1031 2971 1089 3023 et
1112 2965 1241 3024 Filii
1267 2967 1398 3038 ejus
1429 2965 1729 3032 Christi,et
1759 2965 1947 3021 sancti

292 3059 572 3140 Spiritus,
621 3075 691 3114 ex
736 3056 940 3113 eodem
988 3055 1102 3112 Deo
1149 3054 1546 3128 procedentis;
1600 3070 1718 3125 qua
1766 3054 1838 3109 de
1885 3070 1946 3111 re

289 3148 507 3205 librum
536 3162 741 3204 eorum
777 3144 1260 3217 cognominatum
1306 3141 1639 3216 Evangelia,
1673 3159 1806 3199 cum
1839 3142 1942 3197 do-

2076 569 2493 640 neste,etiamsi
2527 571 2750 643 absque
2782 572 3129 628 necessitate
3169 577 3434 646 urgente,
3463 580 3740 632 caventes

2075 659 2187 714 sibi
2219 658 2290 714 ab
2321 658 2558 724 invidia,
2590 663 2647 713 et
2679 659 2908 715 interna
2934 660 3394 718 exacerbatione.
3415 662 3504 718 Illi
3533 667 3738 720 autem

2075 747 2183 804 hoc
2214 747 2270 802 in
2305 764 2412 803 sua
2444 750 2731 818 potestate
2761 747 3027 816 retinent,
3060 747 3192 805 ideo
3225 754 3290 806 ut
3318 748 3381 805 in
3412 751 3524 808 isto
3551 752 3737 808 inter-

2073 837 2228 892 dicto
2261 836 2514 892 habeant
2548 852 2831 909 magnum
2880 837 3164 910 populum
3197 838 3258 894 in
3291 839 3571 898 servitute
3601 858 3737 897 sua.

2073 926 2332 998 Denique
2365 929 2496 997 post
2528 930 2773 980 mortem
2805 942 2973 980 suam
2997 926 3211 997 jubent
3248 926 3538 1001 imagines
3589 945 3735 985 suas

2072 1015 2385 1082 adorari,et
2409 1014 2722 1086 imponunt
2751 1013 3061 1070 nominum
3103 1031 3349 1071 suorum
3381 1017 3736 1073 denomina-

2069 1104 2258 1160 tiones
2289 1119 2424 1159 cum
2457 1103 2626 1175 signo
2658 1103 3033 1166 domnum,ut
3062 1103 3118 1158 in
3153 1107 3435 1161 aeternum
3458 1105 3582 1162 sint
3611 1123 3735 1163 me-

2071 1192 2383 1248 morabiles
2431 1196 2488 1247 et
2539 1191 2822 1259 celebres;
2875 1191 2934 1246 in
2988 1191 3120 1248 illas
3169 1197 3365 1248 autem
3413 1193 3730 1265 praedictas

2068 1282 2274 1337 domos
2298 1282 2510 1352 jubent
2541 1297 2639 1335 eos
2671 1280 2741 1335 ad
2775 1296 2977 1352 preces
3007 1279 3089 1336 ire
3119 1297 3254 1336 cum
3285 1281 3458 1338 thure
3494 1299 3560 1339 ac
3591 1300 3732 1340 can-

2066 1370 2234 1438 delis,
2267 1375 2322 1426 et
2344 1386 2478 1425 cum
2509 1367 2822 1441 omnigena
2849 1367 3165 1425 esculentis
3196 1370 3730 1439 sacriﬁciis,nomi-

2065 1464 2274 1516 nantes
2303 1459 2413 1514 hoc
2442 1474 2547 1514 seu
2576 1462 2850 1514 vocantes
2871 1458 3084 1514 bonam
3116 1459 3529 1529 reverentiam;
3563 1461 3728 1534 quod

2064 1548 2147 1604 eis
2180 1548 2236 1602 in
2269 1547 2393 1603 dies
2423 1546 2635 1602 electos
2667 1545 3070 1615 fundantes,in
3101 1550 3456 1621 perpetuum
3485 1548 3728 1620 privile-

2063 1637 2158 1709 gio
2191 1633 3007 1691 muniverunt.Verumtamen
3042 1635 3162 1691 scio
3196 1635 3350 1707 quod
3374 1635 3587 1692 ultima
3615 1652 3728 1710 ge-

2064 1726 2283 1782 neratio
2313 1726 2386 1780 ab
2416 1724 2524 1780 hoc
2574 1724 2734 1779 omni
2788 1739 3140 1796 magnopere
3184 1723 3726 1795 liberabitur,_eum

2061 1814 2528 1870 animadvertent
2558 1813 2715 1884 quod
2738 1812 2800 1867 in
2827 1812 2944 1868 illis
2977 1813 3192 1869 coactis
3220 1811 3730 1886 ecclesiis-,praater

2061 1903 2421 1959 voluntatem
2452 1901 2552 1957 Dei
2583 1899 3023 1973 omnipotentis,
3055 1901 3222 1959 valde
3267 1902 3583 1960 vorocitate
3632 1903 3727 1960 in-

2061 1992 2397 2064 quinentur.
2451 1991 2736 2056 Quoniam
2795 1993 2928 2062 post
2975 1990 3373 2046 adorationem
3422 1989 3724 2049 idolorum

2059 2079 2466 2153 supplaudunt
2493 2078 3064 2151 pedibus,plaudunt
3095 2079 3724 2149 manibus,eﬂ'erentes

2057 2186 2226 2226 voces
2256 2185 2394 2225 suas
2425 2168 2496 2223 ad
2531 2167 2951 2234 cantum,sicut
2971 2167 3200 2226 musica
3221 2169 3414 2237 varia;
3447 2174 3724 2243 gerentes

2060 2276 2121 2315 se
2147 2259 2370 2331 absque
2399 2257 2805 2330 pudore,quod
2837 2255 3722 2316 nonlicetdicerenecscribere.

2057 2353 2122 2403 In
2155 2346 2272 2403 illis
2303 2351 2498 2402 autem
2521 2345 3447 2419 diebusquosdamdonant,sicut
3465 2347 3722 2420 dignum

2057 2441 2166 2503 est,
2197 2435 2418 2509 gratia;
2453 2434 2597 2490 alios
2626 2450 2760 2490 vero
2781 2437 2916 2506 post
2943 2433 3064 2491 haec
3098 2434 3245 2490 festa
3275 2435 3532 2507 puniunt
3556 2435 3722 2493 velut

2058 2525 2248 2598 legem
2270 2523 3109 2596 transgredientes.Propterea
3129 2522 3372 2596 quidam
3392 2523 3722 2582 Christiani

2059 2615 2116 2670 in
2150 2629 2405 2678 secessu,
2438 2611 2501 2668 in
2549 2611 2858 2685 sepulcris,
2887 2615 2946 2667 et
2973 2611 3127 2668 inter
3173 2616 3402 2670 montes
3441 2616 3622 2687 atque
3655 2613 3718 2670 in

2057 2702 2220 2759 silvis
2248 2706 2306 2758 et
2335 2701 2593 2758 hiatibus
2624 2705 2790 2756 terras
2820 2700 3337 2768 convenientes,ob
3367 2702 3718 2759 servitutem

2057 2790 2408 2864 iniquitatis,
2433 2789 2847 2859 vaticinantur,
2881 2787 3140 2846 dicentes
3174 2807 3187 2845 :
3223 2789 3504 2847 Peribunt
3553 2808 3715 2848 arro-

2056 2884 2261 2954 gantes
2283 2879 2463 2936 Graeci
2494 2879 2605 2951 ipsi
2637 2878 2696 2935 in
2729 2879 2862 2950 igne
2891 2878 3394 2950 aaterno.Denique
3423 2882 3482 2935 et
3511 2878 3598 2946 hi,
3613 2880 3716 2952 qui

2056 2971 2129 3025 ab
2160 2968 2243 3024 eis
2270 2984 2501 3024 morum
2533 2983 2740 3024 ansam
2765 2965 3004 3032 habent,
3027 2966 3204 3024 etiam
3222 2972 3364 3024 sunt
3389 2967 3714 3038 inhonesti,

2055 3059 2329 3126 infames,
2359 3057 2694 3128 mendaces,
2724 3055 3370 3113 abominandi.Dictum
3401 3060 3603 3114 autem
3625 3062 3718 3116 est

2055 3147 2223 3214 mihi,
2258 3162 2357 3202 rex
2386 3145 2622 3201 domins
2653 3143 2820 3212 mi,te
2853 3147 3130 3217 tuamque
3158 3145 3603 3218 generationem
3625 3150 3711 3204 ta-

291 3237 496 3294 ctrinis
526 3216 948 3310 apostolorum,
980 3233 1109 3300 tibi,
1140 3249 1260 3301 rex,
1295 3231 1489 3301 mitto,
1521 3235 1586 3287 ut
1628 3231 1936 3304 percipias.
1967 3216 2012 3283 C
2051 3235 2165 3293 lem
2198 3236 2338 3301 fore,
2371 3239 2430 3290 et
2458 3234 2661 3290 dicunt
2688 3233 2760 3288 de
2787 3231 3005 3290 talibus
3035 3216 3376 3292 hominibus
3408 3235 3718 3310 presenti-

289 3328 399 3384 Sed
450 3327 520 3382 de
570 3325 679 3383 hoc
719 3324 896 3381 etiam
945 3323 1092 3380 sciat
1140 3326 1334 3379 vestra
1378 3324 1638 3395 potestas
1671 3337 1684 3376 :
1716 3319 1834 3376 vidi
1876 3319 1934 3376 in

289 3415 532 3473 Caesaris
563 3414 806 3482 ditione,
839 3412 995 3485 quod
1025 3410 1144 3468 illis
1174 3411 1394 3484 probis,
1427 3410 1542 3483 piis
1572 3408 1934 3478 hominibus,

288 3503 506 3574 injuria
536 3518 751 3575 magna
780 3501 908 3569 ﬁat;
945 3499 1224 3573 quoniam
1255 3499 1433 3555 Grieci
1459 3498 1772 3555 existentes
1814 3513 1934 3553 ser-

289 3609 461 3649 mone
491 3590 708 3659 callidi,
739 3593 797 3646 et
826 3592 1193 3663 arrogantes,
1223 3605 1292 3644 ex
1339 3586 1640 3644 mendacio
1689 3589 1937 3659 possunt

287 3683 475 3738 facere
505 3697 627 3737 rem
652 3679 900 3750 justam,
932 3677 1233 3733 imitantes
1263 3676 1323 3732 'm
1353 3676 1464 3731 hoc
1494 3675 1782 3747 quasdam
1831 3675 1933 3729 do-

288 3771 590 3838 ctrinas,et
617 3768 890 3826 instituta
911 3767 1194 3837 Romana,
1208 3765 1571 3822 attrahentes
1589 3779 1700 3819 sua
1718 3761 1938 3819 astutia

285 3859 558 3917 homines
588 3856 886 3929 simplices
902 3855 976 3910 ad
993 3872 1134 3910 suas
1159 3868 1486 3926 synagogas
1514 3855 1571 3907 et
1591 3849 1932 3906 ecclesias...

286 3949 398 4020 (hic
446 3948 588 4004 deest
640 3946 852 4010 vocula,
885 3961 1004 4016 qua
1061 3945 1121 3998 in
1151 3944 1406 3998 Polom'co
1454 3942 1760 4012 exemplari
1828 3942 1938 4011 legi

284 4037 515 4108 nequit),
549 4034 660 4106 ipsi
692 4033 897 4088 dicunt
925 4048 1053 4088 esse
1084 4031 1266 4087 Deum
1298 4029 1932 4101 unicum,omnipoten-

284 4129 439 4192 tem;
475 4121 687 4180 Filium
718 4125 915 4178 autem
946 4120 1047 4177 Dei
1078 4119 1446 4192 unigenitum
1463 4118 1668 4175 Jesum
1691 4117 1934 4174 Nazare-
1984 4171 1990 4176 .

283 4211 724 4285 num,ejusdem
753 4209 971 4282 Spiritu
992 4213 1194 4265 sancto
1214 4212 1347 4280 post
1362 4207 1627 4280 quaedam
1650 4211 1931 4279 tempora,

283 4321 316 4361 ο
344 4301 584 4362 Davidis
614 4299 1008 4374 generatione,
1041 4298 1365 4354 secundum
1397 4295 1640 4369 antiqua
1659 4297 1788 4368 ejus
1809 4312 1936 4368 pro-

283 4392 488 4461 missa,
513 4390 571 4445 in
603 4394 765 4447 casta
789 4388 1028 4460 Virgine
1057 4385 1237 4442 Maria
1262 4390 1604 4458 conceptum
1629 4388 1686 4440 et
1707 4387 1932 4450 natum,

282 4482 453 4553 cujus
483 4479 697 4537 solium
729 4477 964 4533 durabit
995 4493 1182 4550 usque
1225 4475 1284 4530 in
1317 4478 1619 4538 aeternum,
1653 4473 1932 4545 quoniam

280 4573 370 4626 est
417 4569 554 4640 jure
606 4571 846 4624 vocatus
906 4565 1104 4654 Filius,
1154 4564 1278 4632 Dei,
1328 4568 1387 4620 et
1439 4564 1730 4631 Servator,
1780 4563 1934 4619 Deus
1963 4585 2012 4654 Β

279 4658 470 4731 fortis,
501 4658 670 4714 Pater
700 4655 881 4712 futuri
914 4653 1140 4723 saeculi;
1173 4655 1450 4727 praeterea
1477 4667 1610 4708 vero
1652 4655 1719 4706 ut
1748 4667 1847 4706 rex
1876 4655 1933 4707 et

271 4749 456 4821 judex
486 4763 522 4803 a
549 4751 664 4805 Deo
695 4743 929 4803 Israelis
957 4746 1047 4800 est
1073 4742 1179 4799 toti
1221 4741 1445 4799 mundo
1494 4739 1926 4809 manifestatus,

278 4838 432 4895 sicut
455 4837 565 4892 hoc
590 4833 737 4891 mihi
781 4850 816 4890 a
865 4833 1167 4906 magistro,
1201 4830 1424 4887 dudum
1473 4846 1578 4902 pro
1619 4831 1778 4884 certo
1823 4845 1926 4884 no-

277 4930 405 4983 tum
436 4927 545 4981 est.
578 4925 723 4981 Ecce
753 4925 950 4978 autem
981 4919 1162 4977 Graeci
1191 4920 1530 4976 deserentes
1581 4917 1681 4974 Dei
1733 4917 1929 4974 omni-

275 5014 534 5090 potentis
563 5013 940 5087 praaceptum,
973 5014 1029 5066 et
1058 5008 1355 5082 propriam
1387 5024 1557 5066 suam
1586 5005 1927 5080 explicatio-

276 5122 433 5172 nem,
464 5101 656 5161 Casar
683 5117 750 5158 ac
781 5099 1120 5174 patriarchae
1151 5115 1286 5155 cum
1319 5101 1526 5154 cetero
1575 5112 1682 5153 suo
1721 5099 1928 5152 senatu

275 5191 570 5252 nominari
615 5207 678 5247 se
720 5190 897 5246 etiam
930 5204 1144 5244 novum
1179 5186 1451 5243 Israelem
1486 5185 1805 5253 mandant;
1828 5185 1925 5256 ju-

273 5285 414 5340 bent
460 5282 640 5338 etiam
691 5277 823 5335 illos
873 5279 1080 5335 fratres
1129 5293 1269 5332 suos
1318 5291 1629 5348 pauperes,
1662 5273 1775 5345 ipsi
1807 5273 1925 5328 exi-

275 5375 496 5430 stentes
525 5368 722 5437 vividi,
756 5367 968 5424 invitos
999 5365 1112 5422 sibi
1145 5365 1379 5433 servire,
1413 5369 1472 5420 et
1491 5377 1734 5418 censum
1765 5362 1922 5418 dare.

274 5459 558 5518 Prmterea
584 5474 719 5514 vero
749 5455 1060 5530 prohibent
1089 5453 1206 5510 illis
1236 5469 1445 5510 uxores
1477 5452 1709 5518 ducere,
1740 5451 1923 5508 victu-

275 5563 389 5619 que
418 5547 743 5604 secundum
773 5545 1136 5602 voluntatem
1169 5560 1338 5600 suam
1359 5558 1495 5600 cum
1517 5541 1924 5599 benedictione

276 5633 420 5700 frui;
453 5634 537 5688 sic
567 5633 742 5690 etiam
775 5638 831 5690 et
858 5637 1014 5690 artes
1042 5631 1335 5700 liberales,
1367 5635 1425 5689 et
1453 5646 1638 5697 arma,
1675 5630 1813 5703 quia
1836 5636 1926 5689 est

2043 3326 2158 3380 bus
2182 3323 2376 3392 hodie,
2408 3323 2564 3396 quod
2596 3320 2753 3378 oculi
2781 3337 2986 3378 eorum
3035 3326 3094 3378 et
3141 3323 3319 3380 corda
3361 3322 3484 3380 sint
3521 3324 3707 3384 obes:-

2044 3417 2194 3470 cata.
2222 3413 2356 3469 Ideo
2387 3411 2599 3466 ultima
2635 3409 2934 3483 generatio
2985 3426 3188 3467 eorum
3234 3411 3538 3484 judicabit
3585 3429 3709 3482 eos,

2042 3518 2258 3560 vocans
2277 3517 2374 3558 eos
2396 3498 2934 3568 canes,fabularum
2955 3499 3210 3568 ﬁctores,
3227 3517 3260 3556 a
3280 3500 3397 3558 Deo
3419 3500 3701 3559 deﬁcien-

2043 3596 2132 3648 tes
2163 3595 2220 3647 et
2240 3590 2574 3646 aberrantes
2594 3605 2629 3644 a
2645 3587 2919 3656 veritate;
2947 3591 3205 3645 attamen
3226 3593 3282 3644 et
3315 3587 3400 3644 illi
3420 3590 3701 3660 judican-

2041 3684 2129 3736 tes
2151 3679 2262 3752 ipsi
2286 3677 2536 3733 multum
2558 3676 2716 3733 exitii
2737 3675 2892 3732 haud
2921 3677 3185 3745 evadent,
3217 3682 3454 3750 propter
3483 3677 3702 3735 foedam

2043 3767 2418 3833 discordiam,
2442 3769 2504 3822 et
2527 3764 2903 3838 iniquitatem
2936 3781 3056 3820 sua
3106 3765 3416 3838 superbiae.
3450 3766 3704 3831 Quidam

2041 3874 2175 3913 vero
2205 3855 2449 3911 humilis
2477 3854 2694 3923 cordis,
2725 3853 2800 3909 ab
2851 3853 3249 3926 omnipotente
3294 3854 3432 3922 Deo,
3468 3860 3709 3928 propter

2041 3945 2257 4003 Filium
2283 3945 2431 4014 ejus,
2464 3959 2640 4015 opera
2689 3942 2946 4014 Spiritus
2996 3942 3204 4010 sancti,
3236 3943 3438 3998 omnia
3485 3943 3710 4016 scripta

2042 4033 2190 4106 legis
2219 4032 2666 4104 investigabunt
2695 4030 2805 4088 sibi
2839 4031 2898 4085 in
2929 4029 3206 4086 salutem.
3230 4031 3342 4087 Sed
3373 4031 3466 4087 via
3497 4048 3706 4089 eorum

2044 4125 2306 4196 angusta
2335 4120 2446 4176 erit
2473 4119 2558 4176 eis
2591 4137 2604 4175 :
2637 4123 2694 4176 et
2718 4120 3023 4178 scrutabar
3047 4119 3158 4176 hoc
3205 4119 3566 4192 perlustrata
3608 4123 3711 4178 do-

2043 4210 2234 4268 ctrina
2261 4210 2553 4282 aspiciens
2601 4209 2674 4264 ab
2726 4208 2894 4265 initio
2945 4208 3176 4276 mundi,
3207 4225 3351 4264 num
3401 4209 3516 4265 erit
3557 4210 3709 4266 bene

2040 4299 2260 4358 talibus
2291 4303 2349 4355 et
2375 4297 2606 4363 validis,
2639 4296 2996 4370 sapientium
3027 4297 3318 4353 dictorum
3358 4297 3708 4355 hominibus

2043 4388 2257 4446 Graecis
2272 4386 2726 4460 opulentis,cum
2741 4384 3351 4458 aliisgenerationibus
3363 4386 3678 4443 hominum
3690 4431 3706 4457 ,

2043 4493 2273 4532 morum
2305 4491 2528 4543 eorum,
2562 4478 2620 4530 et
2656 4473 2911 4530 intellexi
2940 4474 3096 4546 quod
3127 4473 3284 4529 brevi
3320 4477 3587 4547 tempore
3617 4475 3704 4530 vi-

2041 4566 2266 4624 debunt
2305 4564 2682 4636 omnigenam
2727 4562 3136 4635 ignominiam,
3170 4562 3472 4618 interitum
3495 4580 3703 4620 suum.

2041 4654 2201 4710 ldola
2225 4657 2422 4710 autem
2445 4668 2648 4708 eorum
2688 4650 2943 4707 externis
2982 4650 3202 4724 linguis
3229 4650 3289 4705 in
3323 4651 3702 4722 proverbium

2039 4743 2230 4810 ibunt,
2263 4741 2566 4815 quoniam,
2598 4757 2715 4798 non
2747 4739 3073 4797 consistent
3100 4739 3386 4798 adversus
3413 4740 3570 4797 iram
3599 4740 3703 4800 Dei

2039 4831 2174 4902 vivi,
2206 4846 2342 4887 cum
2372 4829 2492 4888 sint
2519 4829 2702 4886 surda
2721 4833 2780 4885 et
2807 4832 2999 4888 muta.
3041 4829 3324 4885 Pwterea
3369 4844 3508 4885 vero
3539 4829 3702 4886 εἰὶσε.

2037 4922 2180 4977 bant
2209 4919 2391 4994 aliqui
2421 4917 2886 4976 Christianorum
2922 4921 2980 4974 et
3007 4916 3265 4974 Judaicaa
3294 4916 3517 4990 gentis,
3539 4918 3702 4994 quod

2037 5015 2095 5068 et
2122 5009 2246 5084 ipse
2276 5024 2412 5065 cum
2426 5007 2511 5065 eis
2521 5023 2591 5064 ex
2611 5006 2969 5079 quibusdam
2992 5005 3229 5080 scriptis
3250 5003 3701 5080 intellexi,quod

2036 5098 2245 5155 ultima
2259 5096 2557 5171 generatio
2581 5094 2889 5153 Slavonica
2905 5095 3142 5152 unietse
3161 5110 3541 5167 cum'magno
3551 5094 3698 5164 celo,

2037 5187 2418 5260 applicabunt
2447 5202 2509 5241 se
2539 5185 2611 5240 ad
2642 5183 3007 5241 laudandum
3038 5188 3096 5240 et
3127 5183 3525 5256 proﬁtendum
3563 5185 3699 5240 uni-

2037 5293 2172 5332 cum
2204 5281 2386 5332 Deum
2422 5273 2677 5341 Israelis,
2713 5272 3043 5329 Creatorem
3076 5271 3397 5328 visibilium
3419 5275 3478 5327 et
3498 5272 3699 5329 invisi-

2035 5364 2246 5420 bilium
2278 5360 2604 5434 rerum,qui
2632 5361 2902 5418 liberavit
2929 5360 3218 5434 pepulum
3245 5375 3423 5416 suum
3451 5360 3696 5418 creden-

2033 5458 2155 5510 tem
2186 5471 2220 5508 a
2248 5442 2504 5525 peccatis
2535 5465 2760 5518 eorum,
2793 5449 3126 5506 obedientia
3155 5447 3305 5519 Filii,
3339 5463 3520 5522 Opera
3563 5450 3696 5522 Spi-

2035 5542 2185 5599 ritus
2202 5542 2330 5614 ejus
2353 5539 2712 5597 sancti.Cum
2736 5539 2952 5612 quibus
2974 5542 3030 5596 et
3046 5537 3257 5594 ultima
3277 5553 3426 5612 gens
3446 5537 3696 5595 Judaica

2033 5633 2422 5705 agnoscentes
2453 5645 2594 5687 cum
2612 5627 2744 5686 aliis
2763 5627 2983 5703 linguis
3005 5626 3336 5686 doctrinam
3358 5625 3580 5686 Christi
3602 5628 3695 5686 sui
