3900 6224
294 357 450 420 14³15

1581 355 1916 416 APPEND.
1961 353 2064 416 AD
2109 354 2300 416 SJEC.
2345 352 2418 414 Χ.

3550 348 3716 420 HM

291 488 528 545 minatis
557 488 643 543 vel
675 487 734 541 in
777 487 901 543 loco
952 488 1327 543 denominato
1360 487 1457 542 illo
1499 489 1630 558 (29),
1682 488 1737 542 in
1791 505 1938 561 pago
1968 488 2024 556 Α
2053 505 2168 544 non
2201 487 2276 543 sit
2306 487 2592 544 ambobus
2623 484 2786 540 vobis
2815 488 2936 541 tam
2965 484 3035 541 de
3063 483 3363 556 paternico
3403 499 3585 557 quam
3633 485 3713 542 de

290 580 457 649 cujus
489 575 835 633 vocabulum
867 580 954 630 est
975 576 1138 630 illud.
1167 578 1381 632 Omnes
1401 594 1491 632 res
1515 581 1766 642 nostras,
1791 595 1936 649 quas

287 667 344 721 in
382 665 632 739 presenti
666 665 778 736 (30)
813 664 1025 720 habere
1049 664 1153 719 visi
1177 682 1406 733 sumus,
1435 665 1490 718 id
1513 668 1602 720 est
1619 681 1754 720 casa
1775 670 1936 720 curte

287 756 398 826 (31)
425 755 650 821 clausa,
684 770 819 808 cum
851 753 1022 809 terris
1053 758 1108 807 et
1135 754 1432 824 domibus,
1465 753 1744 820 aediliciis,
1770 771 1934 809 man-

284 841 948 916 cipiis,pratis,pascuis,
967 842 1148 907 silvis,
1164 843 1370 910 vineis,
1391 843 1561 914 aquis
1577 859 1936 920 aquarumve

283 932 648 997 decursibus,
685 948 788 987 seu
820 930 1101 1004 quicquid
1134 931 1249 985 dici
1282 935 1384 986 aut
1405 931 1694 986 nominari
1723 936 1930 1003 potest,

282 1022 482 1078 omnia
511 1038 579 1078 ex
608 1021 834 1092 integro
856 1019 1146 1076 tradimus
1169 1024 1344 1092 atque
1366 1020 1838 1076 transfundimus
1859 1022 1932 1076 ad

283 1109 702 1167 monasterium
737 1107 902 1176 illud,
922 1110 1079 1180 quod
1101 1113 1190 1164 est
1210 1113 1612 1165 constructum
1634 1109 1694 1164 in
1714 1109 1931 1166 honore

283 1205 622 1256 sanctorum
656 1198 913 1265 illorum,
947 1199 1048 1254 ubi
1079 1197 1174 1253 ille
1206 1198 1388 1254 abbas
1421 1197 1762 1271 regulariter
1799 1215 1930 1270 pre-

279 1305 407 1345 esse
436 1287 692 1356 videtur;
723 1287 781 1342 in
812 1305 880 1344 ea
906 1286 1177 1343 videlicet
1209 1287 1452 1354 ratione,
1506 1292 1590 1355 ut,
1644 1288 1927 1359 quamdiu

277 1376 452 1435 simul
483 1376 822 1445 vixerimus,
854 1375 942 1432 vel
992 1376 1089 1448 qui
1142 1377 1212 1432 de
1262 1377 1432 1432 nobis
1477 1376 1589 1432 alio
1641 1376 1927 1448 superstis

275 1465 845 1538 fuerit,supradictas
859 1467 970 1536 (32)
989 1466 1097 1521 sub
1117 1483 1227 1521 usu
1243 1465 1566 1521 fructuaria
1580 1465 1926 1532 habeamus,

275 1569 635 1626 censumque
667 1554 838 1610 annis
865 1553 1116 1626 singulis
1149 1554 1258 1626 (33)
1288 1552 1716 1626 prosolvamus,
1740 1554 1796 1609 id
1838 1559 1927 1610 est

274 1647 505 1700 tantum
539 1647 596 1698 et
626 1646 878 1711 tantum,
905 1648 960 1698 et
988 1643 1218 1698 interim
1247 1644 1317 1699 de
1349 1644 1701 1716 supradictis
1750 1643 1925 1699 rebus

277 1749 390 1789 non
422 1733 709 1788 habemus
745 1731 1076 1788 facultatem
1112 1733 1415 1787 minuendi
1458 1736 1559 1788 aut
1607 1732 1921 1799 alienandi,

275 1821 388 1877 nisi
417 1825 708 1894 quantum
742 1821 811 1876 ad
847 1838 1020 1876 usum
1055 1821 1304 1892 pertinet
1329 1838 1427 1876 eas
1461 1821 1751 1876 incolendi
1775 1825 1832 1876 et
1863 1821 1920 1876 in

274 1927 386 1965 usu
419 1909 695 1974 habendi,
725 1913 780 1964 et
807 1913 941 1980 post
967 1909 1191 1964 obitum
1233 1914 1500 1966 nostrum
1552 1910 1749 1965 statim
1803 1911 1927 1966 sine

274 1996 525 2070 alicujus
556 1997 1010 2054 contradictione
1035 1998 1123 2054 vel
1175 1997 1372 2071 aliqua
1419 1999 1808 2054 diminutione
1853 1999 1923 2054 ad

272 2088 610 2160 supradicta
640 2087 766 2144 loca
795 2092 1137 2143 sanctorum
1163 2106 1252 2144 res
1273 2089 1609 2160 supradicte
1632 2094 1922 2144 revertan-

272 2181 368 2232 tur
385 2175 806 2249 perpetualiter
823 2175 1183 2248 possidendi.
1207 2177 1266 2232 Si
1287 2177 1421 2248 quis
1439 2193 1594 2245 vero,
1619 2178 1772 2248 quod
1797 2194 1922 2232 eve-

273 2266 396 2320 nire
409 2281 524 2321 non
540 2266 736 2331 credo,
770 2265 818 2320 si
838 2282 942 2320 nos
962 2264 1070 2337 ipsi
1096 2271 1197 2321 aut
1219 2265 1495 2336 quislibet
1516 2266 1629 2337 (34)
1650 2282 1920 2338 persona,

270 2355 446 2409 istam
459 2353 830 2409 traditionem
845 2354 1143 2410 destruere
1154 2353 1680 2427 voluerit,nequeat
1691 2354 1924 2410 inchoa-

269 2447 396 2499 tum
420 2459 595 2500 suum
614 2442 778 2498 nulla
796 2443 1099 2499 occasione
1117 2444 1412 2516 perﬁcere,
1437 2447 1494 2498 et
1518 2461 1622 2515 pro
1642 2445 1718 2512 vi,
1741 2461 1919 2516 quam

268 2531 415 2588 locis
446 2535 783 2588 sanctorum
817 2531 1028 2587 inferre
1052 2531 1390 2600 conebatur,
1415 2532 1684 2588 restituat
1703 2531 1914 2588 ibidem

270 2621 515 2693 duplum
537 2624 826 2692 quantum
845 2620 1001 2676 malo
1020 2620 1224 2676 ordine
1242 2621 1538 2678 abstraere
1557 2620 1758 2686 voluit,
1782 2626 1837 2676 et
1857 2621 1916 2676 in

269 2727 329 2766 re
355 2709 588 2782 publica
604 2708 898 2782 prosolvat
921 2709 1046 2764 auri
1070 2715 1320 2776 tantum,
1346 2711 1568 2783 argenti
1590 2714 1838 2778 tantum,
1863 2715 1920 2767 et

269 2798 627 2870 insuperbec
639 2797 872 2853 traditio
890 2799 1164 2870 perennis
1177 2799 1540 2870 temporibus
1555 2799 1919 2856 ﬁrmavaleat

269 2886 586 2958 perdurare
618 2901 754 2940 cum
787 2884 1036 2940 testibus
1069 2886 1488 2940 subordinatis.

339 2977 548 3030 Actum
583 2974 640 3027 in
673 2972 772 3029 illo
802 2972 947 3042 loco,
981 2973 1236 3045 publice,
1270 2973 1641 3046 presentibus
1665 2991 1914 3046 quorum

268 3063 362 3118 hic
393 3061 697 3135 signacula
726 3061 1140 3118 subnotantur.
1177 3061 1295 3135 Sig.
1331 3062 1584 3130 illorum,
1619 3064 1717 3135 qui
1743 3063 1914 3120 istam

265 3151 638 3208 traditionem
674 3150 798 3224 pari
827 3167 1116 3207 consensu
1147 3151 1545 3207 firmaverunt.

727 3285 757 3357 §
793 3285 857 3340 ll.
891 3315 960 3326 ——
993 3301 1270 3342 pancnam
1311 3287 1444 3358 (35).

335 3400 582 3458 Domino
629 3399 945 3456 venerabili
997 3406 1054 3456 et
1098 3402 1156 3456 in
1205 3401 1435 3457 Christo
1487 3401 1637 3473 patri
1680 3400 1761 3456 illi
1812 3403 1910 3456 ab-

266 3491 384 3546 bati
416 3490 528 3562 (36)
561 3489 899 3544 monasterii
929 3490 1098 3560 cujus
1120 3489 1469 3545 vocabulum
1500 3495 1585 3545 est
1610 3489 1751 3544 illud
1777 3491 1910 3562 (3’7).

265 3581 414 3636 Dum
443 3582 672 3634 constat
693 3578 805 3649 (38)
839 3577 1088 3649 qualiter
1108 3595 1208 3633 vos
1230 3577 1490 3650 legitimo
1510 3578 1782 3650 conjugio
1802 3580 1913 3648 (39)

266 3667 539 3742 primitus
569 3666 766 3722 conexi
799 3665 895 3722 iile
926 3666 1023 3738 (et)
1056 3667 1172 3734 illa,
1207 3665 1524 3738 mullisque
1551 3666 1912 3739 incognitum

358 3793 451 3864 29)
485 3794 558 3847 Ce
587 3791 851 3864 membra
880 3791 951 3864 de
972 3790 1196 3864 phrase
1227 3807 1482 3864 manque
1514 3791 1661 3847 dans
1693 3795 1748 3846 S.
1774 3793 1838 3847 G.

358 3861 448 3933 30)
481 3864 540 3918 s.
574 3861 638 3917 G.
673 3863 868 3933 ajoute
898 3861 1119 3916 ibidem.

358 3934 448 3989 31)
479 3934 540 3988 S.
574 3934 639 3988 G.
673 3949 799 3987 cum
828 3935 996 3987 curte.

360 4004 450 4072 32)
483 4005 542 4062 S.
577 4005 642 4058 G.
677 4004 872 4072 ajoute
899 4019 1002 4058 res.

360 4073 450 4142 33)
473 4079 528 4127 Β.
562 4077 629 4128 G.
663 4073 859 4144 ajoute
890 4073 1106 4128 exinde.

359 4147 449 4217 34)
483 4146 537 4200 S.
575 4145 641 4200 G.
679 4146 935 4217 quolibet.

359 4214 447 4289 35)
482 4217 588 4272 Les
619 4214 868 4289 actesde
892 4215 1147 4289 précaire
1168 4214 1420 4289 doivent,
1451 4232 1599 4289 pour
1618 4218 1736 4272 etre
1759 4233 1912 4272 como

265 4287 437 4363 plets,
465 4287 731 4344 contenir
760 4287 909 4363 deni
939 4287 1155 4363 parties
1177 4303 1206 4363 :_
1223 4287 1278 4342 la
1308 4287 1913 4363 premiere,_nommée

265 4358 643 4433 proprement
667 4358 1060 4433 p_réeoire,_est
1091 4359 1145 4414 la
1175 4358 1460 4433 demands
1501 4377 1574 4433 ou
1619 4358 1676 4415 la
1723 4360 1912 4433 priére

267 4430 537 4488 adressée
569 4430 678 4504 par
701 4431 754 4486 le
786 4430 1506 4504 futur_concession‘naire;
1541 4430 1601 4504 la
1641 4430 1910 4504 secunde,

265 4501 836 4574 nomméeﬁrestaz’re,
853 4507 938 4574 est
957 4501 1009 4557 la
1024 4505 1270 4574 iréponse
1289 4502 1365 4557 du
1393 4503 1731 4574 concédant.
1757 4503 1913 4558 Dans

266 4579 430 4631 notre
460 4573 853 4646 especelfacte
885 4573 956 4628 de
1005 4573 1281 4646 donation
1331 4573 1431 4646 qui
1477 4575 1719 4646 précéde
1768 4575 1914 4630 tient

265 4643 657 4704 évidemment
689 4644 802 4717 lieu
835 4646 905 4700 de
932 4647 1204 4717 precaire;
1239 4643 1297 4699 la
1327 4643 1664 4717 concession
1709 4661 1782 4717 ou
1824 4647 1914 4700 ré-

267 4718 611 4789 trocession,
633 4716 732 4789 qui
753 4734 825 4772 en
849 4715 942 4789 est
959 4715 1014 4789 la
1033 4718 1454 4789 consequence,
1469 4716 1671 4789 iaurait
1692 4716 1771 4789 du
1792 4719 1912 4789 etre

337 4011 354 4289 ἓ

154 4822 161 4826 -
267 4788 530 4872 intitulée
554 4787 1023 4872 preataz're.ll\‘lais
1049 4787 1400 4872 l’ignoranco
1447 4788 1570 4872 des.
1599 4787 1912 4872 praticiens

267 4858 603 4917 confondait
634 4864 878 4914 souvent
905 4859 989 4914 les
1017 4858 1419 4930 appellations,
1453 4866 1509 4914 et
1539 4858 1782 4930 donnait
1830 4859 1914 4913 in-

267 4934 705 4988 distinctement
759 4933 808 4985 lc
863 4948 1010 5002 nom,
1056 4929 1127 4986 de
1177 4932 1519 5002 precairera
1554 4929 1611 4984 la
1669 4933 1912 5002 réponse

268 5019 496 5061 comme
527 5002 954 5058 alademande.
972 5001 1129 5057 Nous
1154 5001 1430 5057 trouvons
1453 5001 1524 5073 ici
1551 5018 1627 5073 un
1651 5001 1912 5073 example

268 5077 338 5132 de
370 5079 515 5132 cette
545 5073 873 5146 confusion,
908 5073 1092 5146 quise
1115 5073 1413 5144 reproduit
1433 5072 1582 5128 dans
1603 5072 1658 5127 la
1677 5072 1913 5145 plupart

269 5148 370 5204 des
400 5144 681 5202 formules
713 5144 1030 5200 suivantes.

359 5219 449 5289 36)
482 5216 643 5289 S,,G.
670 5221 829 5288 patre
857 5216 1066 5289 abbate.

359 5285 452 5357 37)
484 5285 862 5360 L’ignorance
893 5305 966 5343 ou
998 5287 1054 5343 la
1085 5287 1421 5361 négligence
1450 5285 1528 5340 du
1559 5285 1779 5361 copiste
1830 5286 1911 5361 lui

268 5357 455 5437 faitici
474 5357 912 5437 commcttreun
931 5357 1314 5437 contre-serfs.
1340 5357 1708 5437 Onpourrait
1729 5358 1913 5437 croire

267 5448 336 5488 en
367 5433 518 5504 etfet,
551 5431 779 5504 d’apres
821 5430 877 5485 la
926 5431 1108 5504 ferme
1157 5427 1913 5504 grammatical_e_de_cet_te

268 5498 806 5593 premierelph—rjase,
843 5517 956 5593 que
980 5501 1147 5593 Paete
1159 5498 1263 5593 33st
1292 5500 1590 5593 adr‘esséna
1617 5498 1804 5593 ζῇς)ὺό
1834 5501 1912 5556 du

270 5569 531 5656 convent,
563 5569 758 5656 tendis
789 5569 1186 5656 qu“en_réalité
1214 5573 1256 5628 il
1286 5576 1492 5628 émane
1523 5570 1594 5626 de
1631 5569 1733 5627 lui.

363 5645 453 5709 38)
479 5644 536 5698 S.
569 5644 638 5699 G.
669 5644 1001 5701 consisteret.

363 5713 456 5787 39)
484 5711 560 5770 Ge
590 5715 714 5768 mot
743 5728 998 5790 meaque
1029 5715 1174 5774 dans
1204 5718 1260 5773 Β.
1293 5717 1360 5772 G.

1943 4600 1990 4665 D

2048 577 2366 634 maternico
2399 592 2501 631 seu
2534 575 2710 630 etiam
2739 573 2850 645 (40)
2873 574 3037 645 justo
3069 576 3366 631 contracto
3392 568 3488 630 res
3534 573 3710 634 vobis

2046 668 2331 738 quasdam
2367 662 2718 721 hereditario
2741 663 2877 734 jure
2909 661 3266 734 provenisse,
3293 679 3407 734 que
3428 661 3540 720 site
3563 667 3711 720 sunt

2043 754 2102 810 in
2136 771 2282 828 pago
2310 755 2710 825 nuncupante,
2743 751 2802 805 in
2833 749 2971 805 villa
3001 749 3382 807 denominata
3407 748 3528 820 illa,
3553 767 3710 823 quas

2042 861 2142 899 vos
2174 843 2369 899 animo
2392 841 2662 899 concordi
2684 857 2817 895 cum
2841 840 3013 896 terris
3037 843 3094 895 et
3111 839 3408 912 domibus,
3425 839 3705 906 ediﬁciis,

2043 932 2374 1004 mancipiis,
2405 930 2610 1003 pratis,
2635 929 2894 1002 pascuis,
2914 927 3098 997 silvis,
3117 927 3206 984 vel
3226 927 3506 985 omnibus
3527 925 3708 992 cultis

2041 1026 2097 1076 et
2126 1019 2380 1090 incultis,
2413 1035 2547 1074 cum
2581 1016 2870 1072 universis
2891 1015 3259 1086 adjacentiis,
3281 1033 3429 1089 quas
3451 1033 3702 1076 enume-

2040 1127 2168 1166 rare
2198 1108 2542 1182 perlongum
2573 1111 2682 1174 est,
2716 1105 3044 1161 tradidistis
3071 1107 3128 1161 et
3157 1109 3379 1162 cartam
3413 1105 3526 1177 (41)
3558 1122 3702 1162 con-

2040 1197 2320 1254 firmastis
2353 1198 2423 1253 ad
2456 1196 2583 1253 loca
2611 1199 2971 1260 sanctorum,
3005 1193 3106 1248 ubi
3139 1211 3245 1250 nos
3296 1193 3534 1250 auctore
3581 1197 3700 1250 Deo

2037 1286 2422 1342 vilicationem
2456 1285 2786 1357 fungimur;
2822 1284 2920 1340 sed
2953 1285 3155 1356 postea
3194 1281 3304 1338 fuit
3349 1287 3548 1340 vestra
3593 1299 3699 1360 pe-

2037 1375 2184 1443 titio,
2219 1378 2418 1430 nostra
2448 1389 2680 1446 quoque
2714 1389 2830 1427 non
2864 1371 3100 1427 rennuit
3128 1370 3422 1439 voluntas,
3474 1376 3541 1439 ut
3588 1389 3697 1428 su-

2036 1465 2231 1536 perius
2260 1461 2666 1518 denominatas
2690 1478 2781 1516 res
2800 1464 3021 1527 notras,
3044 1459 3133 1514 vel
3152 1476 3301 1532 quas
3325 1460 3555 1517 cartula
3573 1464 3698 1517 tra-

2034 1551 2275 1608 ditionis
2308 1555 2508 1607 vestrae
2540 1549 2771 1622 plenius
2791 1552 3233 1617 commemorat,
3256 1549 3424 1605 vobis
3446 1548 3559 1605 sub
3582 1564 3694 1623 usu

2037 1641 2354 1697 fructuario
2384 1641 2509 1696 dies
2538 1640 2667 1694 vitae
2696 1642 2897 1694 vestrae
2931 1637 3043 1709 (4'2)
3076 1641 3499 1710 prestaremus,
3534 1637 3695 1710 quod

2035 1732 2112 1786 ita
2141 1734 2197 1785 et
2227 1729 2503 1794 fecimus;
2542 1727 2596 1782 in
2628 1743 2695 1782 ea
2727 1725 2950 1781 ratione
2980 1725 3269 1794 videlicet,
3295 1729 3378 1793 ut,
3399 1725 3694 1800 quamdiu

2032 1819 2309 1885 vixeritis,
2343 1819 2578 1873 easdem
2629 1832 2720 1871 res
2768 1815 3054 1883 habeatis,
3105 1831 3468 1886 censumque
3519 1815 3693 1871 annis

2032 1907 2283 1980 singulis
2316 1905 2684 1979 prosolvatis,
2720 1905 2779 1958 id
2811 1908 2899 1959 est
2932 1907 3162 1959 tantum
3191 1907 3249 1959 et
3278 1908 3513 1960 tantum
3553 1903 3688 1976 (43),

2031 1999 2109 2068 [et
2141 1996 2398 2066 interim]
2430 1995 2542 2065 (44)
2575 1992 2722 2048 nihil
2754 1992 3059 2048 minuendi
3090 1996 3192 2047 aut
3226 1990 3526 2048 alienandi
3572 2008 3690 2051 non

2033 2085 2296 2141 habeatis
2327 2083 2686 2150 facultatem,
2721 2081 2822 2138 sed
2853 2085 2988 2154 post
3017 2080 3244 2136 obitum
3273 2083 3542 2140 vestrum
3564 2079 3691 2164 ipse

2032 2191 2123 2229 res
2155 2175 2210 2228 in
2237 2173 2513 2228 omnibus
2536 2170 2835 2229 meliorate
2857 2170 2926 2225 ad
2953 2169 3356 2242 supradictum
3384 2171 3690 2226 monaste-

2031 2263 2183 2318 rium
2217 2264 2580 2317 revertantur
2609 2257 3027 2332 perpetualiter
3053 2257 3688 2330 possidendi.Nu’llus-

2030 2367 2162 2423 que,
2184 2367 2370 2423 neque
2388 2367 2495 2405 nos
2513 2364 2615 2404 nec
2637 2347 2881 2419 quilibet
2896 2362 3305 2402 successorum
3320 2349 3683 2418 nostrorum,

2028 2440 2177 2496 hanc
2209 2439 2756 2513 precariam,quam
2798 2452 2904 2491 nos
2957 2433 3288 2501 emisimus,
3342 2432 3685 2492 nullatenus

2026 2529 2215 2585 valeat
2245 2529 2570 2595 destruere;
2607 2525 2705 2582 sed
2730 2523 3005 2598 perennis
3030 2524 3143 2597 (45)
3168 2522 3536 2604 temporibus
3563 2527 3684 2580 sta-

2028 2617 2162 2674 bilis
2191 2622 2248 2673 et
2279 2618 2450 2672 ﬁrma
2481 2615 2775 2689 perduret,
2809 2617 2983 2686 prout
3010 2617 3243 2685 tempus
3280 2610 3592 2672 dictaverit
3627 2617 3684 2678 et

2028 2705 2429 2763 convenientia
2459 2704 2517 2760 in
2549 2721 2616 2759 ea
2645 2703 2926 2774 discripta
2956 2701 3123 2757 finita
3153 2699 3349 2756 fuerit.
3381 2701 3452 2757 Et
3474 2705 3542 2763 ut
3579 2701 3682 2757 ﬂr-

2029 2797 2177 2851 mior
2208 2813 2310 2868 per
2339 2799 2604 2866 tempora
2643 2795 3034 2860 conservetur,
3087 2807 3268 2846 manu
3314 2794 3522 2848 nostra
3562 2790 3678 2850 fra-

2028 2891 2299 2957 trumque
2326 2886 2660 2938 nostrorum
2695 2881 2905 2936 subtus
2929 2878 3266 2934 firmitatem
3291 2878 3674 2942 inseruimus.

2096 2975 2216 3048 Sig.
2250 2971 2409 3028 illius
2428 2970 2676 3040 abbatis,
2697 2969 2796 3042 qui
2815 2969 2965 3024 hanc
2987 2968 3312 3041 precariam
3335 2968 3676 3041 ﬁerijussit.

2025 3063 2143 3135 Sig.
2179 3064 2426 3118 fratrum
2457 3063 2679 3132 septem
2709 3057 2795 3114 vel
2826 3056 3100 3130 amplius.

2798 3147 2891 3204 Ill.

1941 3231 1983 3296 C
2096 3241 2174 3296 La
2205 3238 2449 3295 formule
2479 3238 2745 3292 suivante
2783 3240 2870 3291 est
2897 3226 3384 3308 laireproduction
3420 3249 3675 3308 presque

2020 3311 2278 3389 litterale
2299 3309 2562 3389 deﬁcelle
2610 3309 2730 3389 qui
2758 3305 3057 3389 precedef
3082 3305 3351 3389 l’espéee.
3375 3305 3542 3362 seule
3566 3305 3677 3389 gest

2021 3384 2339 3438 dilférente.
2374 3381 2457 3435 0n
2491 3399 2524 3453 δ’
2553 3378 2671 3435 voit
2699 3378 2772 3434 de
2799 3381 2987 3434 meme
3009 3395 3124 3453 une
3155 3378 3434 3453 donati-9n
3458 3420 3462 3424 .
3483 3385 3673 3453 epira-

2020 3455 2130 3510 vifs
2164 3455 2296 3509 faite
2328 3457 2362 3509 a
2390 3469 2467 3506 un
2491 3447 2851 3518 'monastere,
2886 3467 3026 3506 sous
3057 3450 3283 3505 réserve
3320 3447 3668 3518 d'usufruit,

2021 3531 2076 3580 et
2123 3525 2304 3581 suivie
2354 3525 2489 3579 d’un
2531 3528 2655 3577 acte
2703 3522 2772 3576 de
2817 3521 3219 3592 retrocession.
3267 3520 3343 3575 La
3389 3520 3671 3592 donation

2023 3598 2286 3652 n’émane
2316 3599 2346 3650 a
2372 3595 2428 3650 la
2453 3595 2628 3665 vérité
2659 3609 2771 3665 que
2803 3593 2881 3665 du
2915 3591 3061 3646 mari
3084 3597 3160 3665 _et
3207 3608 3322 3647 non
3370 3591 3474 3665 des
3507 3591 3674 3665 Adeux

2021 3669 2338 3740 conjoints;
2369 3666 2518 3721 mais
2549 3661 2848 3720 l'usufruit
2867 3668 2956 3720 est
2976 3662 3304 3737 également
3341 3661 3563 3736 stipulé
3595 3680 3673 3734 an

2121 3795 2206 3860 40)
2238 3795 2294 3846 S.
2327 3794 2394 3846 G.
2426 3791 2620 3860 ajoute
2645 3787 2900 3860 quodam.

2118 3863 2204 3919 41)
2235 3864 2292 3918 S.
2327 3863 2392 3918 G.
2427 3865 2599 3916 carta.

2093 3929 2205 4002 (42)
2235 3935 2309 3989 Ce
2341 3939 2463 3988 mot
2493 3947 2747 4002 manque
2779 3931 2928 4002 dans
2959 3933 3014 3984 8.
3051 3929 3117 4002 (Ξ.

2093 3999 2202 4082 (43)
2237 4006 2312 4059 Le
2349 4008 2469 4082 mo_t
2495 3999 2954 4082 censysdesigne
3003 4001 3394 4082 évidemment
3441 3999 3518 4082 ic_i
3563 4017 3674 4082 uno

2023 4071 2339 4133 redevance
2370 4071 3121 4147 privée._L’établissement
3149 4071 3219 4147 de
3243 4087 3344 4147 _ces
3375 4071 3669 4147 s_orte_s_de

2024 4140 3216 4224 redevanccs-dépendantuniqu_ement_de
3243 4140 3300 4224 la
3313 4140 3554 4224 volonte
3570 4140 3672 4224 des

2065 4221 2261 4286 arties,
2295 4218 2422 4274 leur
2455 4214 2662 4272 nature
2693 4220 2748 4270 et
2777 4214 2903 4269 leur
2926 4218 3066 4268 taux
3108 4214 3377 4286 devaient
3417 4215 3674 4286 variare

2065 4238 2261 4286 arties,
2297 4238 2422 4274 leur
2455 4238 2662 4272 nature
2693 4238 2748 4270 BL
2777 4238 2903 4269 wur
2929 4238 3066 4268 Luux
3108 4238 3377 4268 υῠνωυιιι
3419 4238 3674 4273 vaneru

2023 4238 2251 4346 Finﬁni.
2269 4291 2480 4344 TantOt
2499 4287 2638 4342 elles
2659 4286 3075 4358 constituaient
3091 4282 3431 4358 réellement
3443 4302 3523 4342 un
3547 4285 3674 4358 pri:

2024 4365 2095 4419 de
2126 4365 2305 4418 ferme
2335 4377 2409 4416 ou
2443 4377 2521 4413 un
2554 4375 2738 4413 canon
2771 4355 3274 4429 emphytéotiquge;
3308 4359 3500 4412 tantdt
3531 4355 3671 4418 elles

2025 4430 2744 4506 representaientl’interet
2757 4426 2929 4483 d’une
2943 4426 3670 4506 somm‘ed’argentpretéef

2026 4497 2398 4576 Quelquefois
2428 4501 2569 4576 elles
2599 4499 2811 4576 étaient
2840 4501 3150 4576 purement
3172 4497 3674 4576 honorifiq'uesket

2026 4567 2492 4632 constataientla
2511 4570 2784 4627 vassalité
2826 4567 2909 4642 du
2953 4569 3277 4642 débiteura
3325 4567 3546 4642 l’égard
3595 4569 3672 4642 dp

2024 4647 2346 4713 créancier;
2375 4648 2618 4701 souvent
2649 4642 2810 4697 aussi
2841 4640 2982 4696 elles
3003 4639 3242 4713 Aavaient
3269 4639 3427 4710 pom:
3450 4641 3557 4713 but
3601 4641 3675 4695 de

2024 4718 2290 4792 prévenir
2312 4711 2438 4792 une
2461 4713 2839 4770 interversion
2868 4713 2942 4792 de
2973 4711 3158 4792 titres,
3178 4715 3239 4792 et
3259 4711 3585 4792 donnaient
3602 4727 3674 4767 an

2022 4780 2510 4861 hu-propriétaire
2541 4802 2655 4841 une
2678 4783 2940 4861 gerantic
2958 4780 3262 4861 contr-oles
3287 4783 3675 4861 usurpatione

2022 4864 2093 4917 de
2121 4852 2526 4916 l’usufruitier.
2586 4863 2659 4911 La
2679 4852 3023 4912 "redevance
3073 4852 3284 4909 établie
3324 4852 3478 4916 dans
3528 4855 3675 4920 cette

2024 4932 2270 4988 formule
2329 4929 2659 5002 appartient
2707 4930 2740 4982 ὸ,
2795 4931 2941 5002 cette
2989 4925 3255 5002 _derniere
3298 4923 3514 5002 classe.
3561 4923 3677 5002 Les

2022 5005 2249 5060 clauses
2276 5003 2345 5057 de
2366 4995 2520 5057 cette
2553 5004 2778 5067 nature,
2812 4999 2960 5052 dans
2989 4996 3042 5052 le
3073 5012 3171 5052 cas
3195 4995 3370 5051 d’une
3392 4996 3676 5051 donatio’n

2023 5075 2208 5131 suivie
2234 5075 2304 5128 de
2334 5073 2392 5128 la
2421 5069 2802 5129 retrocession
2833 5069 2904 5123 de
2932 5067 3235 5123 l’usufruit
3264 5067 3540 5124 devaient
3556 5069 3676 5121 etre

2023 5148 2378 5219 frequentes,
2410 5161 2508 5198 car
2534 5142 2591 5219 la
2622 5140 2849 5219 Loi_d_es
2878 5138 3218 5219 Allemands
3263 5139 3376 5219 (tit.
3431 5136 3500 5219 [_l)
3545 5136 3678 5219 igitr

2023 5236 2056 5274 a
2081 5208 2500 5274 consacré'une
2529 5211 2875 5284 disposition
2911 5209 3206 5284 _spéciale:
3258 5208 3319 5264 Si
3358 5208 3490 5284 guis
3541 5208 3677 5264 liber

2021 5307 2108 5345 res
2136 5306 2262 5344 suas
2287 5287 2357 5342 ad
2387 5280 2668 5341 ecclesiam
2697 5284 2793 5338 Dei
2826 5280 3122 5348 dederit,“
3155 5289 3207 5335 et
3227 5280 3465 5351 posthaec
3493 5295 3530 5335 α
3569 5294 3676 5407 ﬂ:

2022 5367 2165 5407 sfnrn
2195 5361 2438 5407 molestae
2467 5373 2562 5407 ver
2593 5354 2912 5407 beneﬁcium
2939 5354 3235 5407 susceperit
3263 5351 3334 5406 ad
3385 5353 3564 5406 victua
3643 5357 3648 5360 ’

2021 5367 2165 5418 store
2195 5361 2438 5415 ecclesia
2463 5373 2562 5427 per
2593 5354 3235 5427 beneﬁciumsasceperit
3263 5351 3334 5406 ad
3385 5351 3634 5424 viduata

2022 5434 2390 5488 necessitatem
2417 5419 2842 5497 conquirendum
2872 5423 3060 5479 diebus
3090 5419 3236 5482 'vz'tae
3274 5437 3488 5497 suae”).
3521 5419 3675 5497 quod

2023 5501 2307 5576 spopondit
2333 5493 2605 5572 per-solith
2635 5496 2706 5551 ad
2733 5496 3015 5551 ecclesiam
3042 5509 3274 5552 censum
3294 5494 3362 5552 de
3380 5493 3488 5552 illa
3503 5496 3671 5550 tem.

2097 5574 2208 5629 (44)
2240 5569 2524 5629 Sunuléés
2555 5568 2781 5629 d’aprés
2811 5566 2868 5625 S.
2904 5565 2971 5625 G.

2614 5584 2781 5625 801‘88
2813 5584 2868 5625 ὕ.
2904 5584 2971 5625 U.

2097 5574 2186 5647 (44
2240 5574 2320 5629 Su
2367 5574 2524 5644 pléés
2555 5574 2742 5641 d’apré

2093 5574 2208 5725 (45)
2238 5648 2294 5704 Β.
2422 5657 2519 5718 per
2544 5640 2742 5699 omnis.
