3900 6224
179 372 350 442 5417

1476 363 1874 432 FORMULE
1930 364 2292 436 VETERES
2306 411 2321 426 .

3439 375 3598 436 1418

190 507 371 580 proﬁt
404 506 485 580 de
522 504 579 560 la
611 504 843 580 femme,
868 502 1064 580 _si__elle
1094 502 1279 580 survit
1309 505 1342 580 ξ
1367 505 1705 580 s_on_époui_t.
1742 499 1849 580 Les
1876 498 1932 567 Α
1961 498 2092 554 vina
2122 499 2506 572 inspiratione
2546 501 2658 557 sibi
2706 502 2906 574 procul
2937 505 3114 562 dubio
3146 507 3291 565 sciat
3333 507 3439 564 hoc
3469 526 3597 580 per-

191 571 602 634 observations
619 593 731 646 que
741 575 840 646 j’ai
864 575 1028 630 faites
1046 589 1116 628 au
1137 573 1376 646 sujetgde
1394 571 1712 646 laformule
1729 573 1852 646 pre-

189 647 440 704 cedente
469 652 606 704 sont
635 642 787 703 δοηό
818 663 889 702 en
917 645 1149 718 general
1173 642 1528 717 applicables
1554 647 1588 699 a
1607 642 1846 698 cells-ci.

189 755 220 828 §
260 756 304 811 Ι.
340 771 526 810 casn
571 769 962 817 TRADITIONIS,
1000 768 1160 815 QUAM
1199 767 1298 806 vin
1346 767 1504 806 FACIT
1551 765 1622 804 ne
1667 764 1852 804 assus

265 859 422 912 SUIS,
463 858 531 898 ET
558 858 706 898 VUL’I‘
737 859 810 897 UT
842 856 996 896 UXOR
1021 856 1157 896 EJUS
1198 856 1414 895 HABEAT
1441 855 1579 894 POST
1609 853 1706 905 SE;
1739 853 1852 891 AUT

262 947 429 995 QUAM
460 947 619 987 UXOR
659 947 818 986 FACIT
858 946 928 985 DE
965 945 1152 985 REBUS
1185 944 1332 996 SUlS,
1366 943 1433 982 ET
1461 942 1608 983 VUL'I‘
1647 943 1721 981 UT
1758 941 1852 979 VIR

263 1036 403 1077 erus
435 1037 654 1076 manu
687 1035 826 1075 pos'r
855 1035 918 1074 se
949 1019 1083 1090 (46).

263 1128 330 1183 In
364 1126 467 1183 Dei
498 1127 756 1192 nomine,
783 1125 1240 1198 perpetrandum
1275 1127 1364 1179 est
1398 1121 1712 1194 unicuique
1743 1120 1851 1191 (47)

194 1217 356 1289 quod
387 1215 677 1289 sapientia
721 1215 822 1270 Dei
873 1231 975 1286 per
1013 1213 1384 1268 Salomonem
1419 1212 1597 1266 dixit:
1634 1209 1851 1265 Redem-

190 1308 314 1378 ptio
345 1307 531 1361 anime
561 1307 672 1360 viri
695 1305 920 1376 proprie
962 1303 1158 1358 divicie
1193 1302 1326 1373 ejus.
1351 1332 1420 1341 ——
1451 1297 1856 1371 Redemptoris

195 1409 436 1466 quoque
483 1393 659 1449 verba
707 1392 1000 1448 dicentis:
1039 1392 1172 1446 Date
1223 1391 1594 1459 elemosinam,
1645 1391 1693 1443 et
1740 1402 1856 1442 ecce

195 1485 389 1550 omnia
421 1481 630 1537 munda
660 1485 788 1536 sunt
831 1481 996 1536 vobis.
1021 1480 1273 1552 Ideoque
1303 1494 1408 1550 ego
1442 1477 1560 1544 ille,
1593 1476 1685 1531 his
1730 1491 1853 1530 am-

197 1570 631 1628 monitionibus
661 1574 1050 1642 compunctus
1098 1566 1277 1624 simul
1317 1571 1374 1622 et
1404 1565 1680 1632 confisus,
1703 1563 1855 1619 dono

196 1661 484 1717 donatum
511 1676 614 1732 pro
638 1658 895 1714 remedio
920 1657 1114 1712 anime
1141 1673 1280 1712 meae
1303 1656 1434 1726 (58),
1461 1654 1615 1726 quod
1646 1653 1703 1707 in
1734 1669 1858 1724 per-

197 1755 446 1823 petuum
468 1765 598 1804 esse
614 1747 764 1813 volo,
782 1745 962 1800 ethoc
981 1745 1251 1817 est,quod
1277 1744 1448 1810 dono,
1464 1743 1523 1797 in
1545 1758 1691 1814 pago
1714 1757 1858 1795 nun-

197 1842 456 1911 cupante
476 1836 575 1891 illo
598 1835 680 1926 [in
703 1834 854 1900 villa]
881 1834 993 1903 (49)
1018 1834 1191 1904 cujus
1211 1831 1669 1926 vocabulum-est
1688 1828 1853 1926 illud,
1888 1861 1936 1926 Β

197 1941 439 1982 omnem
486 1923 810 1996 portionem
849 1939 1060 1987 meam,
1096 1937 1222 1993 qua:
1261 1920 1479 1975 ibidem
1521 1919 1598 1975 sit
1629 1919 1764 1991 (50),
1797 1917 1855 1972 id

195 2019 288 2071 est
319 2019 443 2070 tam
481 2012 652 2069 terris
695 2029 872 2084 quam
917 2010 1212 2077 domibus,
1233 2007 1498 2074 adiﬁciis,
1525 2005 1853 2078 mancipiis,

196 2103 408 2176 pratis,
428 2101 686 2174 pascuis,
707 2099 890 2167 silvis,
911 2099 1080 2170 aquis
1105 2114 1173 2170 aq
1184 2113 1462 2153 uarumve
1486 2096 1855 2163 decursibus,

199 2209 336 2248 cum
384 2187 662 2246 omnibus
707 2187 1050 2259 adjacentiuis
1083 2187 1226 2253 suis,
1252 2187 1324 2240 ad
1369 2184 1696 2252 basilicam,
1729 2199 1858 2255 quas

199 2285 290 2337 est
320 2282 660 2336 constructa
685 2277 747 2332 in
789 2275 1007 2332 honore
1055 2275 1240 2331 sancti
1272 2273 1452 2341 illius,
1473 2274 1570 2328 ubi
1603 2272 1698 2328 ille
1731 2289 1855 2328 ser-

200 2388 309 2426 vus
341 2368 442 2424 Dei
475 2372 665 2424 rector
685 2383 812 2422 esse
840 2366 1098 2433 videtur;
1132 2364 1190 2419 in
1223 2381 1290 2420 ea
1321 2363 1539 2419 ratione
1568 2361 1854 2427 videlicet,

204 2464 291 2526 ut,
315 2457 604 2531 quamdiu
641 2455 854 2523 vixero,
888 2455 1123 2511 easdem
1157 2469 1248 2509 res
1288 2453 1552 2520 habeam,
1586 2467 1857 2507 censum-

203 2565 320 2621 que
352 2546 525 2603 annis
557 2544 807 2618 singulis
839 2543 1090 2606 solvam;
1124 2547 1179 2597 et
1210 2541 1256 2596 si
1288 2559 1431 2596 uxor
1456 2558 1583 2595 mea
1610 2540 1720 2611 (51)
1743 2537 1858 2595 mei

204 2635 614 2709 supervixerit,
635 2650 701 2689 eo
733 2635 887 2705 quod
937 2632 1190 2688 filiorum
1242 2630 1563 2704 procreatio
1612 2629 1860 2683 minima

201 2729 329 2784 visa
381 2730 470 2780 est
517 2722 873 2796 processisse
906 2722 1040 2794 (52),
1072 2719 1231 2793 ipsas
1263 2736 1354 2775 res
1398 2719 1523 2774 dies
1579 2718 1690 2772 vite
1743 2734 1859 2772 suae

205 2815 444 2881 habeat,
469 2815 527 2868 et
558 2811 960 2884 supradictum
993 2825 1232 2864 censum
1265 2807 1480 2873 solvat;
1502 2811 1558 2862 et
1586 2810 1718 2878 post
1750 2805 1864 2861 dis-

210 2917 450 2960 cessum
480 2901 609 2972 ejus
631 2899 757 2955 sine
780 2898 978 2971 aliqua
1003 2895 1341 2952 marritione
1362 2896 1432 2951 ad
1459 2893 1861 2966 supradictum

203 2990 587 3048 traditionem
629 2991 989 3044 revertantur
1031 2983 1461 3058 perpetualiter.
1495 2982 1862 3054 Nunlusque,

203 3095 399 3152 neque
433 3093 538 3151 ego
591 3081 694 3132 aut
749 3075 995 3148 quilibet
1024 3074 1305 3130 heredum
1336 3071 1428 3128 vel
1476 3070 1863 3144 prohercdum

208 3168 442 3224 occasio
473 3169 574 3222 aut
605 3165 1054 3238 qualiscumque
1093 3179 1362 3236 persona,
1386 3165 1716 3233 presentem
1749 3163 1864 3214 tra-

214 3257 500 3313 ditionem
519 3227 865 3327 per‘nullius
887 3227 1112 3325 ingenii
1130 3227 1514 3306 subtilitatem
1540 3249 1726 3305 valeat
1751 3265 1868 3303 cor-
1897 3227 1940 3292 (ἶ

210 3360 519 3418 rumpere;
553 3343 652 3399 sed
685 3342 921 3416 perenni
949 3341 1146 3413 vigore
1174 3339 1401 3396 stabilis
1427 3338 1633 3394 debeat
1659 3337 1867 3410 perdu-

212 3452 365 3491 rare.
390 3433 461 3488 Et
504 3438 568 3488 ut
600 3431 810 3487 certior
856 3430 1159 3497 habeatur,
1191 3432 1248 3484 et
1276 3427 1455 3483 nullis
1502 3426 1866 3498 temporibus

214 3520 593 3580 subventuris
614 3521 724 3590 (53)
747 3520 1129 3586 destruatur),
1164 3517 1214 3573 si
1246 3516 1380 3588 quis
1411 3531 1538 3571 eam
1571 3516 1868 3570 destruere

210 3611 464 3669 voluerit
493 3610 628 3681 (5.5),
661 3625 892 3682 poenam
935 3606 1277 3678 inscriptam
1313 3606 1370 3659 in
1412 3605 1587 3659 rebus
1617 3602 1868 3676 publicis

211 3702 324 3774 (55)
359 3698 676 3774 prosolvat,
709 3697 766 3752 id
796 3700 886 3752 est
917 3695 1041 3751 auri
1072 3698 1327 3760 tantum,
1357 3692 1580 3765 argenti
1613 3696 1866 3759 tantum,

209 3796 267 3846 et
297 3786 730 3844 nihilhominus
779 3801 1023 3858 presens
1065 3782 1290 3839 cartula
1320 3799 1453 3838 cum
1505 3780 1780 3836 omnibus
1811 3780 1870 3833 in

208 3897 275 3935 ea
305 3875 749 3934 continentibus
783 3890 972 3946 usque
1022 3873 1082 3927 in
1123 3887 1292 3927 evnm
1345 3870 1696 3926 inconcussa
1742 3884 1870 3941 per-

211 3970 454 4023 maneat
483 3981 617 4020 cum
650 3961 1030 4036 stipulatione
1061 3961 1173 4033 (56)
1205 3960 1478 4016 subnixa.

277 4059 494 4111 Actum
526 4053 586 4108 in
622 4051 722 4107 illo
755 4051 879 4107 loco
915 4051 1050 4123 (57),
1074 4047 1308 4122 publice
1339 4048 1473 4120 (58),
1503 4046 1874 4120 presentibus

211 4146 315 4218 qui
339 4141 793 4200 subscribuntur
808 4139 894 4196 vel
913 4135 1144 4210 ‘reliquo
1179 4136 1414 4210 populo.
1434 4136 1555 4208 Sig.
1575 4135 1755 4202 illius,
1776 4138 1874 4208 qui

213 4236 398 4291 istam
432 4230 808 4289 traditionem
842 4229 965 4284 fieri
999 4231 1053 4283 et
1080 4227 1312 4282 ﬁrmare
1343 4225 1585 4297 rogavit.

417 4377 421 4380 .
769 4319 800 4391 §
831 4317 901 4374 II.
926 4348 993 4357 -
1023 4331 1322 4371 PRECABIA.

292 4415 443 4466 Dum
476 4408 633 4464 enim
659 4406 918 4480 quisque
943 4421 1052 4478 pro
1100 4402 1362 4460 remedio
1394 4400 1588 4456 anime
1618 4418 1738 4456 sua:
1771 4417 1880 4457 sua

220 4499 464 4574 propria
493 4514 562 4553 ex
583 4495 766 4568 justis
790 4493 1092 4551 laboribus
1122 4490 1323 4564 largiri
1345 4489 1677 4556 decreverit,
1700 4507 1770 4545 ex
1798 4489 1880 4544 di-

289 4623 410 4694 (46)
441 4623 600 4680 Gette
632 4619 910 4694 rubrique
949 4623 1323 4694 montreque
1346 4615 1420 4694 Ala
1461 4614 1708 4694 formule
1735 4631 1877 4694 pou-
1911 4590 1956 4654 Β

219 4685 341 4752 vait
370 4685 556 4751 servir
598 4694 669 4750 de
718 4685 943 4747 modele
974 4695 1007 4746 a
1037 4706 1153 4745 une
1181 4685 1457 4744 donation
1491 4687 1625 4742 faite
1673 4685 1776 4758 par
1823 4685 1881 4758 la

221 4769 440 4850 femme
475 4764 636 4821 aussi
669 4763 802 4820 bien
844 4761 979 4835 qu'a
1026 4777 1139 4817 une
1183 4759 1459 4816 donation
1508 4759 1646 4814 faite
1674 4757 1799 4831 ipar
1828 4757 1881 4812 le

223 4855 396 4895 mari.

317 4910 408 4977 47)
442 4907 518 4964 Ge
550 4909 673 4961 mot
704 4920 958 4977 manque
989 4904 1136 4959 dans
1167 4901 1225 4957 S.
1259 4901 1325 4956 G.

317 4911 386 4964 47
442 4910 518 4964 Ge
550 4910 673 4961 mot
704 4920 958 4977 manque
989 4910 1136 4959 dans
1167 4910 1225 4957 ὃ.
1259 4910 1325 4956 Ur.

294 4910 408 5052 lliBl
430 4978 536 5052 Ges
558 4980 764 5052 quatre
779 4976 1053 5052 derniers
1072 4978 1223 5052 mpts
1243 4976 1570 5044 manquent
1585 4973 1733 5029 dans
1749 4972 1880 5028 S.G.

322 5045 412 5122 49)
446 5045 732 5122 Suppléés
762 5046 1079 5122 d’apresS.
1114 5045 1180 5101 G.

322 5055 412 5122 49)
446 5055 732 5122 Suppléés
762 5055 991 5120 d'apres
1020 5055 1079 5101 ὃ.
1114 5055 1180 5101 ti.

296 5055 416 5194 l50)
447 5121 506 5194 S.
541 5121 608 5194 G.
643 5135 746 5194 que
772 5135 859 5176 me
889 5118 1090 5194 ibidem
1117 5117 1402 5186 conﬁngit.

299 5191 415 5262 (51)
451 5192 508 5248 S.
539 5192 605 5247 G.
639 5193 834 5261 ajoute
864 5191 1106 5245 maritus
1138 5202 1304 5243 meus.

303 5255 417 5337 (52)
451 5267 607 5337 Cette
637 5255 920 5337 mention,
947 5262 1124 5332 qu’on
1153 5263 1354 5337 trouve
1380 5255 1712 5337 egalement
1739 5256 1887 5337 dans

230 5327 489 5392 d'autres
521 5331 822 5401 formules,
850 5327 1080 5388 m’ontre
1114 5346 1228 5397 que
1258 5329 1516 5401 l’entiere
1548 5327 1754 5382 liberte
1786 5328 1888 5383 des

232 5409 550 5464 donateurs
563 5398 876 5477 dependait
892 5405 964 5477 de
982 5401 1269 5477 l‘absence
1286 5398 1658 5477 d'enfants,et
1673 5415 1890 5477 prouve

231 5497 337 5552 par
369 5477 493 5535 cela
523 5469 714 5552 meme
746 5492 866 5552 q_ue_
905 5474 965 5552 le,
981 5473 1270 5552 principe
1291 5471 1362 5552 de
1392 5469 1449 5552 la
1476 5469 1706 5552 reserva
1752 5470 1893 5551 était

234 5541 426 5607 connu
448 5553 506 5604 et
535 5541 821 5621 pratique.
844 5547 921 5602 Le
951 5541 1086 5621 ti'tre
1108 5541 1314 5621 led—cla
1336 5541 1434 5621 Lo_i
1459 5541 1561 5596 des
1585 5541 1892 5621 Bipuaires

234 5639 328 5678 me
359 5613 554 5694 parait'
577 5613 785 5694 formal
808 5621 842 5673 a
870 5621 959 5672 cet
989 5615 1163 5694 égard
1190 5630 1202 5667 :
1318 5613 1441 5684 quis
1461 5613 1894 5694 procreationem

234 5683 479 5765 ﬁliorum
506 5691 590 5765 vel
615 5691 1008 5765 filiarumnvoa
1025 5683 1307 5765 habuerit,
1329 5683 1547 5765 omnem
1575 5683 1896 5765 facultatem

236 5755 484 5826 suam...
514 5755 628 5820 sive
655 5762 744 5815 vir
762 5760 1010 5826 mulieri,
1032 5758 1114 5814 vel
1145 5755 1349 5812 mulier
1376 5755 1516 5825 viro,
1539 5768 1636 5810 seu
1656 5755 1896 5813 cuicum-

238 5808 960 5918 milia.iactatam
968 5808 1118 5918 Held,
1141 5808 1252 5886 es:

562 5959 829 6044 Rusca.
871 5955 1019 6024 CLI.

1958 594 2207 643 venisse.
2237 589 2506 659 Ideoque,
2540 593 2600 643 tu
2632 590 2720 644 vir
2746 589 2842 646 ille
2866 593 2994 665 (59),
3017 593 3371 667 complacuit
3398 596 3504 652 tibi
3535 601 3602 652 ut

1959 693 2049 732 res
2079 680 2405 748 tuas,quas
2444 677 2501 732 in
2555 679 2807 750 presenti
2858 681 3069 738 habere
3114 683 3275 740 visus
3323 684 3507 754 fuisti,
3543 684 3602 740 in

1956 764 2092 820 villa
2115 781 2239 837 quia
2262 771 2500 822 vocatur
2520 766 2648 834 illa;
2685 768 2742 823 in
2775 785 2924 842 pago
2948 776 3322 844 nuncupante
3350 772 3470 841 illo,
3493 776 3606 834 tra-

1959 853 2126 909 deres
2158 854 2226 908 ad
2262 853 2386 909 loca
2429 860 2768 911 sanctorum
2800 856 3054 924 illorum,
3080 859 3150 914 ad
3183 859 3602 916 monasterium

1963 943 2117 1013 quod
2149 941 2486 998 nominatur
2515 943 2682 1012 illud,
2717 945 2817 1001 ubi
2862 963 2989 1014 nos,
3024 952 3262 1004 auctore
3291 945 3428 1016 Deo,
3461 965 3608 1022 prae-

1962 1031 2252 1098 sidemus;
2286 1033 2385 1088 sed
2426 1037 2628 1104 postea
2669 1037 2725 1089 te
2769 1035 3103 1106 postulante
3134 1039 3425 1109 quatenus
3477 1035 3606 1095 illas

1965 1136 2056 1174 res
2087 1119 2197 1174 sub
2230 1138 2339 1175 usu
2379 1122 2696 1178 fructuario
2739 1123 2844 1179 tibi
2892 1126 3254 1194 cederemus,
3277 1143 3393 1182 non
3428 1141 3605 1200 nega-

1963 1209 2154 1263 vimus
2198 1208 2333 1264 huic
2380 1210 2811 1282 postulationis,
2845 1213 2945 1268 sed
2998 1215 3150 1270 sicut
3202 1213 3606 1287 postulaverae

1965 1297 2044 1351 ita
2093 1296 2356 1362 fecimus,
2390 1299 2446 1353 id
2499 1303 2584 1354 est
2634 1304 2718 1367 ut,
2753 1301 3034 1373 quamdiu
3065 1302 3296 1371 vixeris,
3324 1302 3457 1360 illas
3509 1319 3602 1361 res

1964 1385 2074 1441 sub
2107 1401 2216 1440 usu
2259 1385 2573 1443 fructuario
2612 1388 2848 1458 habeas,
2882 1407 3243 1465 censumque
3280 1393 3451 1449 annis
3482 1391 3603 1450 sin-

1963 1473 2118 1545 gulis
2149 1473 2282 1528 inde
2330 1475 2645 1546 prosolvas,
2679 1481 2735 1532 et
2764 1477 2815 1533 si
2844 1495 2987 1534 uxor
3029 1483 3131 1536 tua
3171 1485 3228 1537 te
3271 1480 3601 1553 supervixe-

1965 1562 2058 1629 rit,
2093 1562 2463 1634 supradictas
2512 1581 2602 1619 res
2650 1571 2884 1638 tempus
2929 1568 3045 1624 vite
3092 1585 3209 1627 suae
3256 1569 3492 1642 habeat,
3523 1567 3602 1626 s‘i-

1966 1649 2282 1721 milemque
2313 1666 2554 1707 censum
2585 1669 2652 1708 ex
2688 1655 2906 1710 eisdem
2937 1657 3110 1713 rebus
3139 1658 3352 1715 annuis
3378 1663 3604 1731 tempo-

1966 1738 2129 1794 ribus
2162 1739 2397 1804 reddat;
2433 1757 2562 1812 qum
2591 1742 2789 1797 statim
2821 1748 2953 1816 post
2981 1743 3154 1800 istam
3188 1746 3606 1803 difﬁnicionem

1967 1826 2294 1900 statu[t:am
2318 1844 2453 1883 cum
2497 1829 2655 1884 omni
2689 1831 3042 1903 integritate,
3065 1833 3216 1889 sicut
3246 1834 3466 1891 cartula
3493 1816 3609 1897 tra-

1967 1915 2206 1971 ditionis
2237 1920 2349 1970 tuae
2380 1934 2513 1972 cum
2545 1919 2861 1974 earundem
2899 1935 3096 1976 rerum
3131 1922 3406 1994 continet,
3433 1939 3610 1995 quam

1966 2005 2121 2076 apud
2153 2021 2259 2060 nos
2291 2006 2632 2074 retinemus,
2657 2007 2716 2062 in
2745 2008 3020 2066 omnibus
3047 2010 3346 2068 meliorate
3367 2011 3493 2068 sine
3514 2010 3613 2068 ali-

1965 2095 2136 2163 cujus
2157 2094 2612 2151 contradictione
2635 2097 2706 2152 ad
2732 2113 2838 2152 nos
2866 2113 3352 2172 successoresque
3382 2104 3614 2159 nostros

1964 2186 2328 2237 revertantur
2366 2183 2476 2238 sub
2524 2185 2911 2255 perpetuitate
2958 2189 3073 2257 (60)
3121 2188 3430 2244 retinendi.
3463 2186 3611 2245 Nul-

1962 2270 2347 2342 lusque,[nec
2393 2273 2520 2343 ego]
2555 2274 2663 2344 (61)
2715 2290 2819 2329 nec
2873 2275 3152 2346 quislibet
3201 2285 3609 2334 successorum

1965 2364 2320 2428 nostrorum,
2347 2359 2495 2415 hanc
2534 2362 2852 2432 precariam
2888 2363 3024 2420 ullis
3065 2366 3430 2438 temporibus
3460 2383 3608 2422 ausu

1963 2447 2270 2503 temerario
2302 2450 2513 2504 audeat
2560 2450 2858 2508 destruere
2887 2453 3022 2525 (62),
3049 2455 3152 2510 sed
3196 2454 3475 2528 quicquid
3508 2471 3612 2512 no-

1965 2537 2104 2591 stris
2136 2537 2372 2591 statutis
2399 2537 2718 2594 dillinitum
2741 2545 2832 2596 est
2854 2543 2964 2614 (63)
2988 2543 3396 2603 inconvulsum
3424 2543 3614 2601 valeat

1967 2625 2301 2697 perdurare,
2323 2630 2612 2697 quatenus
2662 2627 2918 2700 reliquos
2967 2631 3167 2689 ﬁdeles
3197 2632 3440 2690 delectet
3486 2633 3618 2690 sine

1968 2713 2164 2785 aliquo
2194 2718 2331 2786 typo
2362 2714 2450 2770 vel
2483 2717 2784 2773 occasione
2809 2719 2918 2790 (64)
2949 2721 3318 2778 contenciosa
3347 2721 3614 2795 preprias

1971 2820 2062 2858 res
2095 2802 2164 2857 ad
2196 2803 2499 2858 ecclesiam
2525 2804 2622 2860 Dei
2653 2807 2991 2864 contradere
3013 2809 3085 2864 ad
3116 2825 3439 2883 pauperum
3461 2807 3618 2866 Chri-

1971 2890 2044 2946 sti
2077 2890 2336 2963 impiam
2370 2891 2811 2950 sublevandam.

2040 2982 2248 3035 Actum
2277 2980 2334 3034 in
2362 2981 2488 3053 ipso
2517 2984 3102 3053 monasterio,coram
3127 2985 3255 3060 ipso
3277 2987 3389 3060 (65)
3411 2987 3620 3044 abbate

1970 3068 2058 3124 vel
2092 3069 2368 3125 fratribus
2400 3088 2503 3126 seu
2551 3071 2792 3144 reliquis
2823 3076 2936 3146 (66)
2967 3075 3257 3132 fidelibus.
3287 3076 3404 3150 Sig.
3433 3075 3619 3148 ipsius

1974 3158 2223 3225 abbatis,
2259 3159 2356 3230 qui
2391 3159 2564 3214 istam
2597 3162 2921 3232 precariam
2953 3163 3078 3218 fieri
3107 3163 3362 3221 decrevit
3389 3165 3522 3235 (67).

2747 3312 2838 3369 IV.

2045 3414 2199 3471 Gette
2231 3415 2476 3494 formula
2501 3489 2510 3494 _
2535 3434 2605 3472 ne
2636 3418 2835 3474 differe
2863 3419 2987 3494 _des
3034 3419 3211 3494 deux,
3240 3421 3616 3494 précédentes

1975 3503 2086 3558 que
2117 3504 2220 3559 par
2255 3486 2592 3543 l’extension
2633 3506 2748 3544 aux
2778 3491 3010 3548 enfants
3056 3493 3135 3548 du
3183 3486 3468 3551 ddnateur
3512 3496 3615 3553 des

1976 3561 2231 3615 reserves
2263 3559 2541 3630 stipulées
2583 3577 2688 3632 par
2717 3561 2943 3619 celui-ci
2975 3567 3009 3620 ὰ
3036 3579 3141 3621 son
3171 3565 3364 3637 proﬁt.

1977 3665 2078 3738 ξι.
2105 3696 2169 3707 -
2195 3681 2373 3720 ΟΑΒΤΑ
2426 3683 2808 3736 τηΑῡιτιοΝιε,
2868 3685 3024 3732 cum
3087 3687 3248 3727 rsum!
3309 3687 3492 3742 nemo,
3549 3684 3624 3729 π

2049 3771 2194 3809 VULT
2243 3771 2316 3809 UT
2362 3772 2634 3812 INFANTES
2686 3773 2820 3814 EJUS
2877 3773 3137 3815 ΗΛΒΕΑΝΤ
3185 3775 3324 3819 Ροετ
3377 3773 3445 3817 ΒΕ
3497 3773 3622 3818 CUM

2052 3859 2231 3900 GENSU
2241 3886 2252 3898 .

2053 3960 2193 4032 Ego,
2217 3959 2277 4014 in
2319 3959 2417 4016 Dei
2450 3961 2709 4031 nomine,
2735 3961 2852 4019 ille.
2877 3963 3224 4037 Gonplacuit
3252 3963 3397 4022 mihi
3427 3965 3488 4022 in
3517 3965 3642 4024 ani.

1984 4065 2079 4105 mo
2100 4067 2230 4106 meo
2252 4054 2317 4105 ut
2340 4049 2562 4122 aliquid
2580 4051 2650 4107 de
2674 4053 2849 4109 rebus
2870 4053 3018 4110 meis
3042 4071 3145 4126 pro
3168 4054 3420 4112 remedio
3444 4055 3647 4112 anime

1986 4155 2126 4193 meae
2159 4141 2489 4195 condonare
2519 4140 2814 4211 deberem,
2847 4142 3002 4214 quod
3042 4142 3124 4199 ita
3165 4147 3222 4199 et
3269 4143 3409 4212 feci;
3442 4147 3500 4200 et
3525 4141 3647 4200 hoc

1986 4231 2097 4295 est,
2150 4227 2304 4300 quod
2352 4227 2538 4293 trado,
2582 4229 2642 4283 in
2691 4228 2919 4301 pagello
2973 4230 3346 4287 denominato
3398 4230 3518 4299 illo,
3553 4230 3637 4304 [in

1985 4315 2134 4386 loco]
2156 4316 2266 4387 (68)
2289 4316 2458 4385 cujus
2489 4316 2836 4370 vocabulum
2862 4321 2951 4372 est
2969 4317 3134 4372 illud.
3159 4317 3292 4373 Illas
3314 4333 3516 4374 omnes
3539 4333 3636 4377 res

1988 4420 2170 4469 meas,
2193 4420 2342 4475 quas
2373 4403 2517 4457 mihi
2563 4402 2780 4458 ibidem
2811 4408 2977 4474 pater
3023 4420 3188 4459 meus
3231 4404 3488 4461 moriens
3515 4405 3640 4476 (69).

1987 4491 2336 4563 dereliquid,
2363 4496 2527 4563 [quas
2562 4490 2780 4546 ibidem
2826 4496 3027 4548 contra
3069 4492 3276 4549 fratres
3300 4494 3486 4566 meos]
3516 4494 3640 4570 (70).

2079 4615 2149 4670 53

2083 4689 2148 4742 54

2200 4615 2258 4671 S.
2293 4616 2357 4670 G.
2388 4617 2814 4686 superventuris.

2205 4691 2278 4742 Ce
2309 4691 2430 4740 mot
2460 4701 2712 4756 manque
2743 4686 2890 4743 dans
2919 4687 2977 4742 S.
3009 4686 3075 4742 G.

2061 4757 2173 4827 (55)
2207 4758 2264 4812 S.
2297 4759 2360 4813 G.
2388 4757 2647 4827 puplicis.

2061 4827 2170 4896 (56)
2204 4829 2261 4884 S.
2296 4827 2362 4883 G.
2389 4827 2768 4884 stib-ulacione.

2058 4901 2173 4968 (57)
2204 4900 2280 4956 Ge
2309 4903 2432 4954 mot
2461 4915 2714 4969 manque
2745 4899 2892 4957 dans
2925 4900 2982 4958 S.
3017 4899 3088 4957 G.

2082 4972 2172 5042 58)
2203 4977 2260 5027 S.
2295 4970 2361 5025 G.
2390 4971 2628 5042 puplice.

2084 5040 2173 5110 59)
2208 5043 2266 5097 S.
2300 5042 2366 5097 G.
2391 5040 2592 5112 ‘ajOute
2627 5057 2638 5096 :
2671 5041 2987 5110 ﬁdelissima
3015 5040 3216 5113 conjaa:
3239 5041 3360 5099 illa.

2064 5113 2175 5184 (60)
2207 5114 2265 5169 S.
2300 5113 2802 5184 Grperpetualiler.

2065 5182 2179 5276 €9.12
2210 5182 2752 5276 assesasses
2783 5184 2841 5240 ε·
2876 5185 2942 5241 G-

2068 5255 2181 5398 (62)
2210 5259 2265 5311 S.
2301 5255 2364 5310 Β.
2399 5258 2726 5310 construere.

2068 5327 2160 5397 (63
2211 5332 2267 5381 S.
2302 5325 2367 5398 (ξι.
2399 5326 2726 5396 dif/iniciam

2155 4615 2173 4899 ξ

2068 5325 2181 5397 (63)
2211 5332 2267 5381 S.
2302 5325 2367 5380 G.
2399 5326 2756 5396 dif/iniciam.

2213 5399 2271 5453 S.
2307 5397 2372 5453 G.
2406 5399 2563 5468 quasi
2597 5399 2678 5452 in.

2071 5472 2183 5542 (65)
2213 5470 2269 5525 S.
2303 5468 2367 5542 Gr.
2399 5472 2678 5540 praesente.

2093 5540 2180 5608 66)
2220 5542 2278 5596 S.
2311 5540 2376 5596 G.
2411 5542 2605 5611 ajoute
2627 5541 2983 5597 secularibus.

2093 5545 2180 5608 66)
2220 5545 2278 5596 S.
2311 5545 2376 5596 G.
2411 5545 2605 5611 ajoute
2627 5545 2934 5622 secularibu

2073 5545 2187 5900 (Et)
2216 5612 2748 5756 esseest.
2778 5683 2836 5739 ε.
2869 5682 2934 5740 α.

2098 5755 2189 5826 69)
2221 5754 2473 5884 Manque
2503 5755 2650 5848 dape
2680 5758 2736 5811 S.
2771 5754 2838 5812 G.

2133 5826 2188 5900 0)
2219 5825 2382 5900 Supp
2409 5829 2505 5886 éés
2535 5826 2570 5884 d
2594 5829 2763 5900 apres
2791 5831 2848 5891 Β.
2881 5825 2930 5888 G

2098 5755 2189 5826 69)
2221 5754 2473 5826 Manque
2503 5754 2650 5811 dans
2680 5758 2736 5811 S.
2771 5754 2838 5812 G.

2133 5826 2188 5902 0)
2219 5825 2505 5903 Suppléés
2535 5826 2763 5905 d’apres
2791 5831 2848 5891 Β.
2881 5825 2947 5888 G.

3257 5958 3340 6034 ﬂ
