3900 6224
325 384 482 445 1419

323 608 436 676 (72)
468 605 613 664 mihi
643 606 948 677 partiendo
979 623 1106 661 sors
1138 605 1400 678 legitima
1430 604 1698 670 contulit,
1722 603 1809 659 vel
1843 620 1969 675 qua:

323 710 430 767 ego
461 697 665 767 postea
695 694 1056 766 quibuslibet
1103 694 1284 763 justis
1343 693 1643 750 laboribus
1690 709 1969 764 augmen-

321 786 446 839 tare
473 782 660 856 potui,
691 799 824 839 cum
857 783 1016 838 omni
1048 783 1404 854 integritate,
1426 783 1484 838 id
1517 788 1606 838 est
1635 787 1795 838 curte
1818 781 1970 835 clau-

322 888 390 927 sa
418 888 552 927 cum
583 872 850 939 edificiis,
878 871 1188 943 mancipiis
1219 873 1352 942 (73),
1387 873 1604 927 casatis
1648 870 1816 926 terris
1848 870 1967 923 cul-

321 959 399 1016 tis
428 963 486 1016 et
516 960 772 1028 incultis,
813 961 1016 1034 pratis,
1056 959 1217 1015 silvis
1250 963 1381 1032 (74),
1424 961 1613 1032 aquis,
1655 957 1967 1021 farinariis,

322 1047 465 1115 haec,
495 1053 560 1103 ut
579 1049 859 1121 praefatus
882 1067 1035 1117 sum,
1061 1067 1195 1104 cum
1220 1050 1496 1105 omnibus
1518 1047 1863 1120 adjacentiis
1882 1045 1968 1100 vel

323 1137 684 1209 adpendiciis
701 1139 865 1194 trado
883 1139 955 1194 ad
973 1138 1278 1194 ecclesiam
1297 1156 1424 1210 quae
1447 1142 1780 1193 constructa
1801 1140 1890 1191 est
1910 1136 1967 1189 in

322 1224 541 1281 honore
572 1226 758 1282 sancti
789 1227 968 1296 illius,
990 1229 1062 1284 ad
1094 1229 1516 1284 monasterium
1561 1227 1715 1298 quod
1757 1225 1971 1280 dicitur

321 1311 488 1382 illud,
513 1314 613 1370 ubi
639 1314 737 1371 ille
759 1316 941 1372 abbas
970 1315 1132 1389 gregi
1164 1318 1259 1372 Dei
1291 1316 1638 1389 regulariter
1662 1313 1968 1387 praesidere

321 1406 723 1476 cognoscitur;
759 1405 816 1460 in
856 1423 924 1462 ea
966 1406 1187 1462 ratione
1231 1405 1517 1471 videlicet,
1552 1410 1635 1473 ut,
1683 1403 1965 1475 quamdiu

321 1493 466 1550 mihi
496 1493 616 1550 vita
658 1495 970 1550 comitatur
1011 1495 1070 1549 in
1114 1512 1373 1566 corpore,
1407 1494 1678 1566 superius
1704 1492 1964 1547 denomi-

295 1588 486 1663 Onatas
516 1599 608 1640 res
648 1585 707 1639 in
738 1585 1085 1640 beneficium
1117 1602 1152 1640 a
1179 1584 1341 1640 vobis
1372 1582 1653 1655 accipiam
1698 1583 1809 1636 sub
1856 1598 1965 1635 usu

318 1671 1056 1744 fructuario,debitumque
1079 1689 1318 1728 censum
1343 1671 1636 1744 [singulis]
1662 1673 1771 1742 (75)
1797 1669 1964 1724 annis

316 1761 480 1816 vobis
529 1762 1086 1833 successoribusque
1131 1761 1340 1817 vestris
1390 1760 1740 1833 prosolvam,
1772 1759 1828 1812 id
1877 1763 1966 1813 est

295 1849 865 1921 ,tantum,filiusque
899 1867 1066 1906 meus
1097 1850 1222 1922 ipse
1245 1851 1354 1921 (76)
1385 1866 1477 1904 res
1521 1848 1730 1903 habeat
1760 1847 1964 1902 diebus

317 1937 433 1994 vite
455 1954 574 1993 suae
603 1940 1033 2006 tantummodo,
1054 1943 1111 1994 et
1148 1939 1550 2010 supradictum
1575 1954 1813 1992 censum
1843 1953 1968 2007 pro-

319 2024 507 2082 solvat
523 2027 617 2094 ;'et
638 2027 685 2082 si
711 2025 962 2083 infantes
994 2028 1107 2082 mei
1132 2043 1224 2082 me
1247 2028 1359 2098 (77)
1385 2026 1826 2098 supervixerint,
1844 2025 1966 2078 dies

316 2113 431 2170 vite
463 2131 580 2171 suae
611 2116 844 2171 easdem
877 2132 968 2171 res
998 2115 1252 2170 habeant
1288 2115 1713 2184 tantummodo,
1738 2118 1794 2168 et
1823 2130 1964 2168 cun-

319 2203 452 2258 dem
484 2219 725 2259 censum
751 2204 861 2275 (78)
882 2204 1246 2275 proSolvant;
1271 2209 1325 2260 et
1356 2205 1404 2260 si
1438 2203 1579 2258 mihi
1605 2207 1756 2260 Deus
1777 2201 1962 2256 filium

317 2291 388 2346 de
418 2289 680 2364 legitima
713 2308 885 2347 uxore
916 2292 1156 2360 dederit,
1180 2293 1415 2347 easdem
1454 2309 1548 2347 res
1597 2291 1808 2346 habeat
1841 2291 1960 2346 dic-

316 2381 430 2437 bus
460 2381 572 2453 (‘79)
597 2381 713 2436 vite
758 2398 876 2437 sum
909 2383 1345 2448 tantummodo;
1379 2385 1510 2453 post
1557 2396 1804 2451 quorum
1839 2378 1959 2435 obi-

317 2473 442 2526 tum
474 2470 598 2542 ipse
625 2488 716 2526 res
739 2471 797 2526 in
819 2471 1094 2526 omnibus
1117 2469 1417 2526 meliorate
1438 2469 1676 2525 redeant
1696 2468 1962 2540 partibus

313 2560 522 2616 vestris
551 2561 662 2629 (80)
704 2561 762 2615 in
821 2565 1168 2632 perpetuum
1227 2559 1542 2615 retinende.
1584 2559 1652 2612 Et
1707 2557 1755 2613 si
1815 2557 1958 2611 mihi

315 2648 568 2704 filiorum
601 2648 924 2720 procreatio
955 2649 1024 2704 de
1055 2649 1314 2720 legitimo
1361 2647 1634 2719 conjugio
1682 2647 1958 2711 evenerit,

312 2736 425 2810 ipsi
456 2737 690 2793 easdem
725 2753 816 2792 res
864 2742 995 2809 post
1047 2737 1269 2792 obitum
1321 2753 1516 2791 meum
1569 2735 1872 2802 retineant,
1905 2740 1962 2788 et

314 2841 446 2880 cum
481 2826 815 2898 supradicto
838 2841 1014 2880 censu
1040 2824 1375 2896 prosolvant
1399 2829 1633 2895 tempus
1663 2824 1776 2877 vite
1808 2840 1955 2889 suae;

314 2912 406 2969 sin
437 2917 631 2969 autem
664 2913 926 2980 minime,
952 2917 1085 2984 post
1117 2913 1338 2967 obitum
1375 2927 1570 2966 meum
1605 2911 1731 2966 sine
1760 2912 1953 2982 cujus-

313 3001 458 3056 libet
485 3001 960 3073 tergiversatione
999 3001 1133 3072 jure
1183 3001 1545 3056 auctoritatis
1575 3005 1780 3056 vestraa
1820 3001 1955 3055 reti-

286 3078 502 3146 lnende
533 3095 894 3146 revertantur
935 3091 1060 3162 ipse
1103 3107 1194 3146 res
1244 3091 1300 3144 in
1351 3095 1698 3162 perpetuum
1731 3092 1860 3161 (81).
1896 3090 1952 3144 Si

311 3179 445 3250 quis
470 3179 795 3250 vero,quod
829 3179 1090 3234 futurum
1113 3195 1240 3234 esse
1263 3195 1376 3234 non
1401 3180 1591 3246 credo,
1619 3179 1668 3233 si
1696 3195 1801 3250 ego
1832 3179 1956 3250 ipse

1601 381 1935 444 APPEND.
1979 376 2082 441 AD
2127 378 2314 446 S/EC.
2361 381 2437 446 Χ.

323 518 411 574 vel
445 535 590 590 quas
629 517 846 573 ibidem
890 521 1092 573 contra
1135 517 1407 573 heredem
1433 519 1544 589 (71)
1575 533 1774 572 meum
1806 515 1971 571 illum
2001 515 2057 581 Α

3575 383 3740 448 1420

2558 518 2588 591 §
2621 518 2687 574 II.
2715 548 2782 558 -—-
2813 534 3092 575 PRLCARIA
3120 519 3254 589 (83).

2153 605 2286 676 Ego,
2311 605 2370 660 in
2398 607 2496 662 Dei
2522 607 2775 675 nomine,
2802 606 2897 663 ille
2917 607 3100 664 abbas
3123 625 3241 663 una
3263 625 3397 664 cum
3418 609 3741 666 conmissis

2082 691 2360 749 fratribus
2391 696 2628 751 nostris.
2657 701 2805 751 Dum
2837 713 2953 752 non
2985 696 3064 751 sit
3091 696 3458 769 incognitum
3482 696 3744 770 qualiter

2080 786 2139 835 tu
2186 782 2298 850 ille,
2333 785 2691 840 cxortatione
2740 785 2937 840 divina
2987 790 3354 858 suggerente,
3388 802 3599 843 omnes
3647 803 3743 843 res

2080 877 2231 938 tuas,
2267 889 2414 943 quas
2470 873 2528 927 in
2590 891 2738 946 pago
2788 873 3184 942 dcnominato,
3217 874 3276 929 in
3307 874 3450 930 villa
3507 893 3742 932 nuncu-

2081 965 2252 1030 pante
2285 962 2414 1033 (81),
2441 961 2655 1017 habere
2699 961 3014 1029 videbaris,
3050 978 3198 1034 quas
3228 961 3334 1017 tibi
3379 963 3606 1020 ibidem
3639 981 3743 1037 pa-

2081 1053 2166 1103 ter
2197 1055 2334 1104 tuus
2378 1051 2637 1106 moriens
2667 1050 3012 1123 dereliquid,
3044 1049 3132 1107 vel
3165 1068 3313 1123 quas
3362 1053 3599 1126 proprio
3657 1053 3740 1110 la-

2079 1137 2216 1192 bore
2239 1139 2452 1194 ibidem
2477 1139 2701 1196 lucrare
2725 1139 2986 1211 potuisti,
3007 1139 3093 1196 vel
3125 1156 3272 1212 quas
3294 1141 3513 1197 ibidem
3531 1147 3742 1198 contra

2078 1226 2312 1282 fratrem
2347 1231 2456 1299 (85)
2489 1229 2575 1284 vel
2607 1235 2810 1284 contra
2841 1227 3183 1285 coheredem
3215 1233 3385 1286 tuum
3417 1232 3531 1303 (86)
3563 1229 3736 1286 illum

2079 1318 2190 1384 (87)
2215 1317 2380 1387 justa
2413 1318 2514 1372 tibi
2549 1317 2734 1389 portio
2758 1320 2868 1388 (88)
2890 1317 3159 1385 contulit,
3183 1335 3315 1374 cum
3347 1324 3510 1376 curte
3531 1319 3740 1376 clausa

2077 1407 2133 1458 et
2189 1405 2434 1460 ediﬁciis
2492 1407 2752 1478 ortisque
2811 1407 3135 1478 pomiferis,
3169 1407 3574 1480 singularibus
3617 1409 3738 1478 (89)

2078 1494 2407 1565 mancipiis,
2442 1493 2534 1550 his
2566 1494 2904 1550 nominibus
2936 1495 3049 1566 (90)
3079 1495 3218 1562 illis,
3250 1497 3487 1564 casatis,
3533 1497 3736 1563 terris,

2077 1581 2278 1651 pratis,
2323 1582 2508 1648 silvis,
2541 1581 2716 1638 cultis
2748 1588 2803 1639 et
2840 1583 3102 1652 incultis,
3137 1599 3240 1640 seu
3273 1601 3407 1640 cum
3452 1587 3738 1642 omnibus

2076 1671 2436 1739 adjacentiis,
2458 1671 2842 1744 adpendiciis,
2861 1673 2931 1727 ad
2959 1690 3088 1728 eam
3113 1674 3736 1748 pertinentibus,quod

2074 1775 2420 1814 enumerare
2469 1759 2814 1833 perlongum
2845 1765 2952 1830 est,
2993 1778 3128 1816 cum
3182 1762 3342 1817 omni
3393 1763 3737 1836 integritate

2005 1847 2368 1946 Btradidisti
2420 1851 2487 1901 ad
2543 1850 2962 1905 monasterium
3022 1850 3165 1906 illud
3198 1850 3333 1923 (91),
3368 1851 3440 1907 ad
3491 1851 3738 1909 basilica

2079 1951 2190 2006 que
2222 1941 2554 1991 construcla
2579 1938 2841 1993 noscitur
2870 1940 2928 1993 in
2961 1939 3180 1996 honore
3204 1940 3392 1995 sancti
3422 1939 3608 2009 illius,
3633 1941 3733 1998 ubi

2079 2040 2203 2088 nos,
2237 2031 2470 2080 auctore
2515 2026 2650 2094 Deo,
2685 2026 3034 2098 pastoralem
3065 2044 3266 2083 curam
3299 2029 3592 2101 gerimus;
3628 2031 3731 2086 sed

2076 2117 2296 2183 postea,
2313 2119 2365 2167 te
2385 2114 2736 2186 postulante,
2750 2131 3073 2188 congruum
3097 2117 3289 2172 visum
3313 2120 3400 2172 est
3419 2118 3596 2174 nobis
3617 2119 3733 2192 (92)

2073 2199 2231 2272 ipsas
2262 2219 2354 2257 res
2386 2203 2489 2256 tibi
2523 2205 2723 2259 cedere
2767 2205 2876 2260 sub
2923 2222 3033 2260 usu
3067 2204 3388 2262 fructuario
3420 2205 3730 2264 habendas

2073 2291 2206 2359 (93),
2232 2307 2589 2364 LBDSUIDQUC
2617 2293 2821 2348 exinde
2849 2293 3178 2365 prosolvere
3207 2295 3421 2352 annuis
3450 2297 3730 2369 tempori-

2072 2379 2183 2434 bus
2215 2397 2328 2434 non
2375 2381 2849 2453 neglleg]as(9-’s),
2880 2381 2936 2437 id
2969 2388 3057 2439 est
3104 2387 3358 2450 tantum;
3407 2387 3464 2440 et
3516 2385 3564 2440 si
3622 2385 3728 2441 tibi

2072 2467 2225 2523 Deus
2254 2468 2437 2524 filium
2470 2470 2541 2526 de
2572 2469 2834 2542 legitima
2875 2488 3050 2528 uxore
3092 2471 3336 2540 dederit,
3361 2473 3603 2530 easdem
3639 2492 3730 2531 res

2072 2555 2304 2622 habeat,
2327 2558 2452 2613 dies
2484 2558 2596 2612 vite
2623 2575 2742 2614 sua:
2773 2564 3004 2615 tantum
3038 2561 3231 2628 modo,
3260 2564 3318 2616 et
3346 2577 3598 2618 censum
3630 2581 3726 2620 su-

2071 2645 2397 2715 pradictum
2454 2644 2757 2718 neglegere
2807 2665 2924 2703 non
2973 2653 3295 2720 presumat,
3329 2649 3725 2725 similiterque

2072 2732 2171 2788 filii
2205 2734 2289 2789 tui
2314 2736 2445 2802 (95),
2471 2753 2617 2806 quas
2636 2737 2745 2806 (96)
2769 2736 2827 2790 in
2851 2737 3106 2808 presenti
3134 2736 3349 2794 habere
3367 2739 3535 2796 visus
3558 2741 3722 2798 fuisti

2067 2823 2202 2890 (97),
2235 2822 2735 2893 faciunt(98)dies
2778 2825 2892 2880 vite
2940 2842 3088 2894 suae;
3146 2830 3280 2899 post
3327 2843 3582 2899 quorum
3611 2829 3721 2902 (99)

2067 2910 2292 2966 obitum
2324 2927 2528 2966 omnes
2575 2929 2667 2966 res
2721 2913 3056 2985 supradicte
3088 2919 3453 2972 revertantur
3507 2917 3582 2972 ad
3618 2933 3720 2974 nos

2067 3016 2548 3072 successoresque
2591 3007 2826 3058 nostros
2870 3003 3311 3076 perpetualiter;
3348 3022 3498 3077 quos
3531 3007 3582 3063 si
3615 3007 3719 3062 tibi

2067 3089 2438 3162 [procreacio]
2471 3091 2619 3161 (100)
2667 3090 2921 3147 filiorum
2970 3091 3214 3148 minime
3264 3093 3469 3150 oborta
3518 3095 3714 3167 fuerit,

2067 3177 2265 3232 statim
2299 3184 2432 3250 post
2459 3179 2685 3234 obitum
2717 3184 2886 3236 tuum
2929 3181 3056 3236 sine
3087 3180 3336 3254 alicujus
3363 3184 3715 3255 prejudicia-

312 3245 413 3324 aut
443 3245 721 3339 quislibet
749 3284 998 3340 persona
1042 3267 1213 3323 istius
1258 3245 1588 3324 traditionis
1619 3245 1957 3322 firmitatem
1985 3245 2028 3310 (ἶ
2069 3266 2157 3320 ria
2185 3245 2556 3322 contentione
2580 3269 2650 3323 ad
2681 3273 2903 3326 actores
2925 3287 3024 3326 seu
3054 3270 3125 3326 ad
3156 3245 3494 3328 defensores
3519 3290 3717 3346 supra-

312 3373 685 3430 corrumpere
713 3357 976 3426 voluerit,
1011 3357 1280 3413 obviantc
1325 3355 1376 3412 ei
1426 3357 1626 3412 ordine
1669 3357 1952 3424 veritatis,

308 3445 642 3504 nullatenus
681 3446 963 3502 fallatiam
1012 3463 1180 3502 suam
1226 3445 1414 3501 valeat
1438 3446 1547 3516 (82)
1578 3446 1870 3517 perficere,
1899 3451 1955 3502 et

307 3552 412 3608 pro
443 3552 588 3592 ausu
615 3534 922 3592 temerario
944 3533 1236 3607 prosolvat
1257 3534 1329 3588 ad
1351 3535 1639 3606 prefatum
1667 3538 1954 3590 monaste-

293 3625 460 3680 rium
491 3623 738 3696 duplum
763 3627 987 3680 tantum
1013 3627 1300 3694 quantum
1332 3621 1484 3677 malo
1506 3623 1705 3678 ordine
1726 3623 1948 3694 cupidi-

303 3717 422 3770 tate
450 3718 776 3786 praeventus
796 3711 1134 3768 abstrahere
1154 3709 1418 3782 voluerit,
1441 3715 1497 3766 et
1526 3711 1766 3782 insuper
1794 3711 1950 3783 regie

304 3803 576 3874 potestati
617 3802 697 3857 sit
745 3800 1054 3873 culpabilis
1111 3801 1235 3856 auri
1291 3804 1544 3870 tantum,
1592 3805 1648 3854 et
1695 3799 1946 3856 nihilho-

306 3893 506 3949 minus
549 3906 789 3963 presens
819 3889 1043 3946 cartula
1071 3906 1206 3945 cum
1249 3889 1525 3944 omnibus
1557 3889 1615 3944 in
1660 3906 1720 3945 se
1763 3889 1945 3944 conti-

304 3981 582 4039 nentibus
610 3978 887 4035 inviolata
915 3983 1254 4051 permaneat
1287 3996 1421 4034 cum
1453 3978 1704 4034 testibus
1739 3977 1944 4034 subor-

300 4073 574 4216 dixit:
605 4157 666 4214 in
696 4155 797 4214 illo
828 4155 972 4225 loco,
1006 4156 1254 4229 publice,
1288 4155 1380 4211 his
1411 4157 1511 4228 qui
1548 4157 1942 4213 subnotantur

290 4246 739 4324 [presentibus]
787 4246 876 4304 vel
925 4245 1150 4318 reliqua
1203 4245 1514 4302 innumera
1559 4245 1939 4303 multitudine

274 4336 514 4414 .populi.

419 4564 469 4634 1)
503 4560 561 4618 S.
595 4561 660 4618 G.
692 4559 1022 4634 coheredem.

376 4631 468 4702 72)
498 4634 748 4705 Manque
779 4633 927 4688 dans
959 4632 1017 4687 S.
1052 4631 1117 4705 (ἶ.

353 4703 470 4774 (73)
501 4705 558 4761 S.
593 4703 672 4760 (ἓξ
694 4705 888 4775 ajoute
913 4703 1117 4774 pratis,
1144 4705 1382 4774 pascuis.

261 4838 277 4851 ,
352 4777 469 4851 (71)
490 4781 594 4833 Ges
624 4774 774 4851 deus
793 4775 1066 4851 derniers
1088 4777 1241 4851 m_ots
1264 4778 1585 4846 manquent
1611 4774 1758 4831 dans
1782 4777 1840 4832 S.
1866 4779 1930 4832 G.

354 4844 466 4921 (75)
496 4845 748 4921 §uppleé
776 4845 1006 4918 d'apres
1035 4846 1089 4900 S.
1123 4844 1187 4900 G.

354 4863 466 4921 (7D)
496 4863 748 4974 bugpiee
776 4863 848 4901 αι

351 4919 462 4990 (76)
492 4918 549 4990 βε
633 4959 646 4972 -
681 4919 848 4990 ipsa;-

349 4987 464 5058 (77)
495 4987 748 5060 Manque
779 4989 928 5044 dans
957 4990 1012 5060 S.
1048 4987 1114 5060 (ᾖ.

369 5061 463 5129 78)
494 5058 747 5132 Manque
778 5061 926 5116 dans
955 5059 1013 5115 S.
1047 5058 1116 5114 G.

371 5132 463 5199 79)
495 5131 554 5188 S.
588 5131 666 5186 G.
689 5132 821 5186 dies.

347 5220 459 5293 (80)
493 5219 551 5275 S.
587 5219 652 5275 G.
686 5221 882 5292 ajoute
912 5219 1062 5275 vobis
1091 5219 1590 5292 successoribusque
1618 5223 1828 5276 vestris.

344 5309 455 5381 (81)
487 5311 644 5381 cette
695 5308 891 5365 clause
939 5324 1155 5381 prouve
1187 5310 1221 5363 ὲ
1251 5307 1306 5381 la
1347 5309 1715 5381 fois_quele
1763 5311 1922 5381 prin-

274 5378 400 5463 cipe
425 5378 842 5463 denlafeserve
883 5378 1135 5463 egistait,
1170 5380 1319 5463 mais
1351 5378 1675 5463 quiiljétait
1717 5378 1924 5463 sapore

273 5449 599 5532 peragam
627 5456 686 5505 et
729 5449 1210 5532 singulierement
1253 5449 1544 5532 restreint.
1579 5452 1919 5532 I_)_ans.S._G.

275 5518 332 5594 l_a_
360 5521 696 5594 negligence
727 5518 1055 5594 ducopiste
1095 5538 1148 5587 a,
1182 5538 1288 5594 par
1317 5523 1466 5578 snite
1498 5524 1568 5578 de
1599 5522 1920 5579 l’omission

272 5591 410 5646 d'un
437 5591 629 5712 grand
659 5591 1005 5647 nombre‘de
1037 5591 1212 5660 mots',
1237 5594 1421 5648 rendu
1444 5611 1540 5650 ces
1565 5595 1715 5651 deux
1744 5611 1923 5651 mem-

272 5657 407 5712 bres
477 5675 508 5712 e
538 5659 751 5712 phrase
783 5661 1403 5712 incomnréhensibles.

271 5657 407 5714 bres
437 5657 508 5713 de
538 5659 751 5727 phrase
783 5657 1403 5732 incomprehensibles.

349 5743 463 5808 (82)
495 5742 748 5810 Manque
773 5744 919 5798 dans
950 5747 1009 5800 S.
1041 5749 1107 5801 G.

351 5823 464 5908 (83)
493 5824 652 5880 Cotta
678 5826 965 5900 rubrique
985 5827 1238 5905 manque
1268 5835 1414 5892 dans
1443 5842 1499 5896 8.
1531 5840 1597 5899 G.

1958 4611 2006 4676 D

2064 3354 2216 3410 dicte
2246 3355 2500 3412 eccelsias
2534 3361 2901 3413 revertantur
2938 3359 2996 3414 in
3040 3364 3410 3431 perpetuum.
3436 3361 3556 3418 Nec
3585 3363 3709 3435 qui-

2062 3443 2222 3510 libet,
2258 3451 2358 3500 aut
2389 3463 2495 3502 nos
2527 3447 2640 3518 ipsi
2673 3446 2759 3502 vel
2799 3463 3168 3504 successores
3199 3449 3406 3519 nostri,
3439 3450 3566 3506 haec
3597 3457 3710 3508 sta-

2060 3538 2187 3588 tuta
2216 3533 2403 3590 valeat
2424 3552 2572 3590 ausu
2594 3537 2901 3592 temerario
2933 3537 3338 3594 inordinanter
3366 3539 3707 3596 destrubere

2061 3624 2228 3693 (101),
2259 3624 2380 3690 sed,
2415 3628 2586 3695 prout
2632 3629 2866 3697 tempus
2897 3625 2956 3682 in
2987 3627 3244 3698 presenti
3297 3628 3565 3699 precaria
3612 3647 3705 3703 po-

2059 3711 2330 3782 poscerit,
2364 3712 2768 3768 inconvulsum
2802 3713 2991 3769 valeat
3031 3715 3369 3786 perdurare,
3391 3733 3574 3788 quam
3606 3735 3704 3775 nos

2057 3817 2188 3855 cum
2223 3817 2508 3857 consensu
2551 3804 2796 3858 fratrum
2837 3807 3172 3859 nostrorum
3203 3804 3477 3862 roborare
3510 3807 3700 3864 decre-

2055 3889 2267 3945 vimus.

2123 3981 2333 4034 Actum
2363 3979 2422 4034 in
2457 3978 2555 4034 illo
2584 3979 2730 4048 loco,
2765 3981 2874 4036 sub
2919 3980 3212 4054 presentia
3241 3981 3478 4040 illorum
3511 3990 3568 4040 et
3596 4001 3696 4041 ea:-

2051 4072 2330 4134 terorum,
2372 4085 2520 4140 quos
2575 4085 2917 4126 enumerare
2973 4068 3206 4126 libitum
3262 4088 3380 4128 non
3439 4077 3551 4129 est.
3583 4073 3691 4147 Sig.

2051 4157 2237 4230 ipsius
2268 4157 2516 4227 abbatis,
2545 4159 2644 4230 qui
2676 4158 2827 4214 hanc
2853 4159 3175 4231 precariam
3203 4161 3325 4216 fieri
3353 4161 3627 4219 decrevit.

2546 4248 2614 4315 V,
2647 4247 2742 4316 VI,
2776 4251 2900 4316 VII,
2931 4248 3084 4316 VIII,
3117 4248 3207 4304 IX.

2118 4337 2260 4394 Rien
2283 4336 2429 4393 n’cst
2457 4335 2589 4410 plus
2620 4353 2830 4409 propre
2859 4353 2974 4409 que
3003 4335 3087 4394 les
3111 4338 3248 4410 cinq
3277 4338 3560 4398 formules
3581 4341 3694 4398 sui-

2113 4560 2224 4631 (85)
2256 4560 2316 4616 S.
2349 4559 2413 4616 G.
2445 4562 2510 4616 in
2541 4562 2704 4632 pagis
2748 4560 3138 4628 denominatis,
3170 4564 3230 4617 in
3277 4564 3431 4620 villis
3479 4581 3687 4622 nuncu-

2035 4633 2202 4702 palis.

2117 4703 2228 4776 (85)
2259 4705 2313 4758 S.
2349 4701 2415 4761 G.
2447 4706 2648 4776 fratres
2674 4708 2810 4760 tuos.

2139 4775 2230 4832 86)
2262 4778 2316 4828 S.
2350 4779 2415 4832 Ο.
2445 4775 2664 4830 heredes
2689 4783 2827 4831 tuos.

2136 4845 2226 4918 87)
2261 4845 2510 4918 Manque
2534 4847 2682 4902 dans
2709 4847 2767 4903 S.
2801 4848 2866 4902 G.

2134 4918 2224 4989 88)
2255 4918 2312 4972 S.
2346 4919 2411 4975 (Ξ.
2442 4919 2716 4989 porcione.

2344 4989 2410 5045 G.
2443 4990 2786 5060 singulariis.

2115 4779 2131 4915 ἑ

2109 4923 2125 5058 ἒ

2251 5060 2306 5113 S.
2342 5061 2407 5116 G.
2436 5063 2757 5116 nominatis.

2252 5134 2308 5185 S.
2339 5133 2404 5187 G.
2440 5133 2540 5187 vel.

2252 5203 2504 5274 Manque
2533 5203 2682 5258 dans
2711 5203 2769 5258 S.
2805 5203 2870 5260 G.

2248 5275 2306 5329 S.
2343 5275 2410 5330 G.
2445 5275 2663 5330 habeas.

2253 5346 2513 5400 Restitué
2551 5345 2663 5400 d’ai

2167 4990 2201 5042 9

2165 5062 2199 5112 0

2173 5133 2191 5185 1

2165 5207 2198 5258 2

2163 5277 2196 5329 3

2166 5345 2218 5417 4)
2253 5346 2513 5401 Restitué
2551 5345 2780 5417 d’apres
2810 5346 2867 5401 S.
2902 5346 2968 5402 G.

2132 4992 2163 5042 8

2130 5061 2164 5112 9

2131 5133 2164 5184 9

2128 5205 2162 5255 9

2126 5276 2164 5328 9η

2128 5348 2160 5399 9

2161 5419 2197 5472 5

2161 5491 2195 5543 6

2126 5561 2194 5615 97

2123 5633 2192 5688 98

2124 5705 2194 5757 99

2337 5632 2403 5687 G.
2437 5632 2606 5702 faciat

2334 5703 2400 5758 G.
2433 5704 2606 5758 cuius.

2325 5773 2534 5846 upplée
2563 5773 2789 5846 d’apres
2913 5773 2979 5833 G.

2423 5885 2435 5903 .
2468 5845 2803 5907 diarum"

2127 5776 2193 5827 10

2125 5845 2193 5901 10

2198 5846 2248 5916 1)

2278 5746 2336 5830 ἐι

2278 5845 2336 5902 S.

2369 5844 2418 5904 δ
