3900 6224
178 338 334 404 M37

1469 325 1872 394 FORMULE
1911 323 2294 388 VETERES.

3427 328 3584 391 1438

176 475 501 532 secundum
530 470 740 547 legem.
774 470 831 526 Si
865 468 998 544 quis
1029 485 1184 537 vero,
1209 465 1363 542 quod
1395 467 1518 522 ﬁeri
1550 482 1666 522 non
1699 480 1823 520 cre-
1851 461 1908 528 Α
1937 459 2170 532 propria
2207 457 2476 532 largitate
2501 457 2837 527 decreverit,
2870 458 2968 518 ille
3009 460 3159 519 bene
3201 462 3427 532 tribuit,
3459 465 3598 538 qui,

176 564 398 633 dimus,
429 563 478 620 si
511 579 616 635 ego
647 561 770 633 ipse
803 564 904 616 aut
933 558 1091 616 ullus
1122 558 1403 614 heredum
1429 554 1519 612 vel
1552 554 1824 627 prohere-

1938 549 2206 620 quamvis
2238 565 2467 620 parum,
2501 547 2647 604 nihil
2689 552 2884 604 tamen
2915 553 3075 607 extra
3110 551 3312 608 datum
3341 552 3583 610 dimise-

176 654 318 710 dum
351 668 638 719 meorum,
664 649 764 722 qui
787 652 988 705 contra
1018 649 1168 704 hanc
1198 645 1464 702 libellum
1485 645 1638 700 dotis
1660 661 1829 716 agere
1938 639 2030 694 rit.
2069 638 2199 694 Ideo
2233 638 2290 693 in
2323 638 2448 694 Dei.
2474 679 2485 693 .
2510 680 2520 693 .
2546 681 2557 693 .
2582 679 2593 694 .
2619 680 2665 695 ..

175 747 277 799 aut
306 742 505 798 venire
539 739 806 810 voluerit,
830 737 1096 811 partibus
1126 737 1262 792 ﬁsce
1292 737 1438 808 (167)
1472 734 1658 790 multa
1689 751 1828 789 con-

173 835 374 904 ponat,
401 831 458 886 id
490 833 580 886 est
623 829 748 885 auri
799 831 1054 892 tantum,
1088 824 1313 897 argenti
1364 824 1620 896 pondera
1668 827 1832 878 tanta

174 926 414 978 coactus
467 917 746 988 exsolvat,
780 921 836 972 et
864 916 1020 988 quod
1073 915 1284 987 repetit
1336 931 1439 987 per
1489 912 1833 985 nulliusque

172 1007 449 1081 ingenuis
475 1006 624 1077 (168)
657 1004 985 1060 evindicare
1029 1019 1146 1057 non
1175 999 1390 1067 valeat;
1427 1001 1527 1056 sed
1570 999 1676 1054 hec
1708 999 1833 1072 epi-

172 1097 324 1156 stola
353 1095 507 1153 dotis
539 1095 696 1151 omni
737 1098 998 1166 tempore
1039 1091 1209 1146 firma
1237 1095 1294 1146 et
1324 1088 1551 1146 stabilis
1604 1104 1835 1161 perma-

173 1190 328 1244 neat.

244 1275 493 1347 Signum
520 1272 698 1340 illius,
723 1270 823 1344 qui
849 1271 1024 1327 istam
1056 1272 1249 1326 dotem
1273 1269 1511 1326 donavit
1531 1272 1707 1341 atque
1742 1267 1836 1324 (ir.

174 1381 336 1422 mare
369 1362 614 1435 rogavit.

748 1466 1034 1506 LIBBLLUM
1073 1466 1200 1505 DO’I‘I
1209 1466 1237 1505 S
1248 1490 1260 1503 .

2602 772 2921 813 PROLOGUS.

2012 871 2110 926 Ille
2141 872 2288 927 bene
2317 871 2598 944 possidet,
2618 871 2718 945 qui
2742 872 2854 928 sibi
2886 873 2943 927 in
2969 873 3183 930 smcula
3211 874 3325 930 ista
3353 891 3585 948 compa-

1943 965 2028 1016 rat
2063 960 2287 1034 premia
2315 961 2688 1034 sempiterna.
2725 961 3039 1034 Propterea
3066 980 3198 1036 ego.
3223 1005 3235 1020 .
3259 1005 3270 1021 .
3295 1006 3306 1021 .
3330 1006 3342 1022 .
3368 1007 3378 1021 .
3404 1007 3414 1021 .

2719 1079 2811 1134 XI.

2607 1184 2919 1225 PROLOGUS.

2018 1274 2261 1332 Domino
2293 1293 2460 1332 sacra
2480 1281 2682 1332 sancta
2703 1275 2944 1333 basilica
2964 1278 3187 1334 Sancta:
3222 1279 3422 1346 Marie,
3442 1296 3591 1336 sem-

1947 1381 2050 1438 per
2077 1364 2318 1436 virginis
2348 1382 2450 1421 seu
2474 1365 2672 1421 Sancti
2696 1367 2851 1422 Petri
2875 1367 3120 1439 apostoli
3147 1372 3592 1441 ceterorumque

1949 1458 2280 1510 sanctorum
2307 1455 2477 1526 (173),
2497 1471 2607 1527 que
2637 1458 2726 1510 est
2751 1460 3086 1511 constructa
3116 1456 3173 1512 in
3205 1456 3330 1514 loco
3363 1475 3590 1514 nuncu-

244 1542 395 1608 Quia
415 1558 518 1615 per
535 1539 979 1612 dispositionem
1003 1538 1233 1594 Domini
1257 1538 1442 1594 nostri
1462 1538 1604 1594 Jesu
1624 1537 1838 1608 Christi
1948 1549 2123 1616 pante
2152 1543 2271 1599 illo.
2305 1544 2456 1599 Dum
2487 1561 2602 1599 non
2632 1547 2722 1600 est
2750 1544 3137 1617 incognitum.
3162 1588 3172 1602 .
3196 1587 3208 1604 .
3234 1589 3245 1603 .
3269 1588 3280 1603 .
3304 1588 3316 1602 .
3341 1589 3352 1603 .

184 1637 246 1689 et
275 1646 569 1688 consensu
601 1629 926 1685 amicorum
959 1633 1291 1684 nostrorum
1320 1643 1425 1700 ego
1454 1627 1548 1682 ille
1578 1633 1634 1683 te
1666 1628 1746 1683 ita
1776 1629 1842 1683 fi-

183 1721 328 1777 liam
361 1719 522 1776 illius
546 1718 606 1774 in
628 1717 958 1791 legitimum
983 1717 1322 1790 conjugium
1346 1717 1599 1789 suscepi,
1625 1716 1840 1773 idcirco

181 1810 297 1866 tibi
318 1811 514 1866 dotem
535 1807 863 1881 legitimum
882 1808 1180 1862 decretum
1198 1807 1270 1862 do
1292 1823 1470 1862 manu
1494 1808 1841 1879 potestativa

184 1899 246 1954 in
281 1913 434 1971 pago
463 1901 843 1968 nuncupante
873 1895 993 1962 illo,
1028 1895 1085 1950 in
1116 1894 1254 1950 villa
1294 1912 1406 1966 quc
1449 1899 1692 1950 vocatur
1723 1895 1843 1982 illa,

185 1991 416 2044 curtem
444 1985 705 2042 clausam
734 2002 866 2040 cum
891 1984 1101 2040 ceteris
1122 1984 1394 2049 ediﬁciis,
1419 2000 1553 2039 cum
1580 1989 1737 2040 terra
1756 2002 1846 2040 sa.

173 2076 285 2132 lice
312 2075 483 2147 (169),
510 2075 568 2130 id
600 2078 691 2130 est
713 2073 984 2146 jurnales
1027 2078 1242 2140 tantos,
1275 2077 1441 2145 prata
1469 2074 1540 2128 ad
1571 2075 1844 2129 carradas

172 2169 373 2221 tantes
397 2164 545 2235 (170)
561 2166 618 2218 et
638 2162 824 2218 hobas
846 2165 1062 2229 tantas,
1081 2178 1215 2217 cum
1237 2162 1412 2234 agris,
1434 2161 1639 2234 pratis,
1660 2162 1842 2219 silvis,

173 2252 437 2327 pascuis,
463 2251 631 2325 aquis
663 2267 1034 2323 aquarumve
1057 2251 1429 2317 decursibus,
1448 2256 1566 2306 uta
1586 2251 1680 2306 die
1710 2269 1842 2324 pre-

173 2345 345 2398 sente
377 2340 620 2405 habeas,
642 2344 844 2396 teneas
891 2343 1068 2411 atque
1121 2339 1455 2411 possideas;
1489 2340 1547 2394 in
1579 2357 1647 2395 ea
1686 2341 1846 2401 vide-

175 2431 318 2486 licet
350 2429 583 2488 racione
613 2432 697 2496 ut,
723 2427 1007 2500 quamdiu
1054 2428 1290 2496 vixeris,
1323 2429 1559 2484 easdem
1592 2445 1685 2485 res
1735 2431 1846 2487 sub

174 2536 290 2576 usu
324 2518 648 2574 fructuario
681 2517 927 2585 habeas;
957 2521 1090 2589 post
1111 2518 1336 2572 obitum
1362 2533 1494 2573 vero
1520 2521 1689 2574 tuum
1723 2519 1847 2592 ipse

181 2626 280 2665 res
311 2609 373 2663 in
403 2622 596 2663 meam
632 2610 998 2662 revertantur
1047 2611 1394 2678 potestatem
1425 2605 1513 2662 vel
1565 2607 1637 2662 ad
1686 2625 1847 2665 meos

180 2697 430 2754 heredes
458 2695 771 2769 legitimos,
791 2696 840 2751 si
872 2712 966 2751 me
997 2694 1488 2767 supervixeris.Si
1522 2695 1655 2768 quis
1685 2713 1843 2779 vero,

184 2786 347 2859 quod
374 2785 642 2841 futurum
666 2801 794 2840 esse
825 2801 940 2840 non
973 2784 1165 2852 credo,
1191 2784 1240 2841 si
1269 2800 1376 2857 ego
1408 2785 1535 2857 ipse
1557 2790 1659 2841 aut
1689 2785 1849 2842 ullus

176 2874 464 2931 heredum
499 2873 588 2929 vel
630 2873 1031 2946 proximorum
1064 2888 1352 2939 meorum,
1385 2873 1537 2929 hanc
1577 2875 1844 2932 donatio-

181 2979 317 3020 nem
342 2963 498 3019 dotis
527 2960 792 3034 Iegaliter
822 2979 854 3016 a
876 2978 970 3017 me
994 2961 1208 3017 factam
1233 2961 1552 3034 infringere
1573 2963 1848 3034 voluerit,

179 3053 254 3109 ad
286 3054 486 3125 partes
531 3051 656 3107 ﬁsci
689 3049 879 3106 multa
907 3055 1240 3122 componat,
1263 3051 1322 3105 id
1353 3056 1444 3106 est
1492 3052 1620 3107 auri
1663 3052 1846 3110 libras

176 3145 398 3206 tantas,
424 3141 648 3214 argenti
694 3138 876 3196 libras
920 3142 1138 3206 tant-as,
1163 3143 1220 3195 et
1271 3139 1514 3212 insuper
1542 3140 1650 3196 tibi
1687 3142 1844 3197 aliud

177 3234 413 3290 tantum
441 3232 728 3302 quantum
760 3227 969 3301 repetit
990 3233 1228 3285 coactus
1252 3228 1512 3285 exsolvat
1535 3231 1714 3300 (171);
1741 3232 1847 3287 hec

176 3335 315 3375 vero
346 3317 584 3373 donatio
614 3317 786 3372 firma
814 3321 870 3372 et
911 3315 1142 3373 stabilis
1183 3322 1528 3389 permaneat
1571 3335 1706 3391 cum
1742 3320 1844 3375 sti-

176 3406 504 3463 bulacione
539 3404 813 3462 subnixa.

262 3498 476 3552 Actum
518 3494 578 3549 in
607 3493 747 3550 villa
776 3492 895 3561 illa,
929 3510 1082 3550 anno
1129 3493 1427 3550 Ludowici
1476 3494 1847 3552 invictissimi

189 3583 367 3658 regis,
388 3583 448 3638 in
474 3598 707 3639 menses
737 3581 858 3650 illo,
887 3581 980 3638 die
1004 3582 1184 3640 Jovis.
1206 3583 1526 3639 indictione
1547 3601 1629 3652 ιιι,
1651 3601 1845 3641 coram

190 3672 408 3730 comite
437 3671 539 3727 illo
569 3679 623 3727 et
648 3671 976 3743 frequentia
1007 3670 1205 3743 populi
1237 3671 1606 3744 testibusque
1631 3673 1847 3728 subno-

191 3762 335 3818 tatis
369 3761 541 3832 (172).

262 3851 367 3924 Sig
397 3849 579 3917 illius,
612 3849 713 3922 qui
744 3849 897 3904 hanc
931 3849 1303 3906 donationem
1334 3849 1488 3907 dotis
1517 3851 1642 3906 fieri
1673 3868 1842 3924 roga-

187 3939 291 3994 vit.
328 3937 452 4011 Sig.
487 3942 810 3995 ceterorum
843 3939 1106 3994 testium.

260 4028 384 4101 Ego
417 4027 614 4099 itaque
653 4025 751 4082 ille
782 4027 972 4082 notavi
1005 4027 1158 4083 diem
1191 4033 1249 4083 et
1278 4045 1520 4095 annum,
1553 4028 1762 4102 scripsi
1791 4033 1848 4086 et

193 4114 527 4188 subscripsi
556 4112 816 4179 feliciter,
851 4130 1043 4169 amen.

973 4229 1067 4284 IX.

262 4323 424 4375 Cette
456 4316 706 4374 formnle
735 4321 793 4373 et
821 4317 905 4374 les
947 4317 1077 4373 huit
1121 4321 1334 4384 autres,
1371 4317 1471 4390 qui
1517 4317 1592 4390 la,
1617 4319 1847 4375 suivent

190 4389 719 4461 immédiatement,
751 4405 812 4444 se
842 4393 1181 4461 rapportent
1219 4406 1333 4461 aux
1375 4389 1633 4461 actes_.de
1663 4391 1843 4445 dona-

189 4461 338 4518 tion.
355 4462 467 4517 Les
489 4459 805 4533 premieres
827 4459 972 4533 sont
981 4461 1052 4516 de
1073 4459 1316 4533 simples
1338 4459 1735 4533 préambules;
1759 4461 1844 4516 les

190 4533 349 4590 deux
378 4529 676 4589 dernieres
707 4533 915 4588 otl‘rent
945 4532 1048 4587 des
1081 4529 1672 4603 modiales—complete.

864 4662 1160 4702 PROLOGUS
1171 4689 1183 4700 .

261 4735 419 4792 Dum
451 4735 860 4808 unusquisque
907 4751 1010 4807 pro
1059 4734 1297 4791 modulo
1352 4735 1697 4807 quantitatis
1744 4753 1850 4793 sue

287 4940 417 5010 167)
448 4939 676 4995 Strasb.
689 4979 702 5006 ,
729 4940 866 5010 ﬁsci.

287 4940 396 4995 167
448 4940 702 5006 Strasb.,
729 4940 866 5010 ﬁsci.

261 4940 420 5153 $th
450 5011 701 5078 Strasb.,
730 5012 942 5094 nullius
977 5011 1210 5082 ingenii.

290 5082 398 5138 169
439 5081 562 5153 αἱ,
585 5098 658 5138 au
692 5087 846 5153 quet
867 5083 939 5138 de
973 5081 1028 5136 la
1051 5091 1193 5137 terre

263 5082 420 5153 (169)
451 5082 562 5149 Cf.,
585 5098 658 5138 au
692 5083 846 5153 sujet
867 5083 939 5138 de
973 5082 1028 5136 la
1051 5091 1193 5137 terre
1211 5083 1442 5154 salique,
1469 5082 1732 5154 l’ouvragl

188 5151 269 5208 Μ.
305 5152 633 5209 Pardessus
663 5170 766 5208 sur
795 5152 854 5208 la
882 5156 982 5210 Loi
1005 5154 1237 5224 salique,
1271 5170 1326 5224 p.
1359 5154 1467 5207 705
1495 5158 1552 5208 et
1583 5154 1732 5208 suiv.

293 5224 418 5296 170)
452 5224 700 5296 Strasb.,
735 5225 931 5296 ajoute
967 5241 981 5279 :
1016 5226 1296 5296 mancipia
1339 5227 1620 5280 nominata
1650 5230 1848 5282 tantos.

291 5295 423 5364 171)
455 5295 704 5364 Strasb.,
735 5295 1008 5352 restituat.

292 5365 528 5439 172))Le
557 5367 863 5439 souverain
914 5366 1154 5439 désigne
1185 5365 1359 5439 dans
1383 5370 1530 5439 cette
1549 5367 1711 5439 _date
1759 5385 1853 5423 me

230 5435 540 5510 aralt‘etre
584 5437 758 5510 Louis
787 5438 840 5494 le
871 5435 1293 5510 Germanique;
1346 5435 1400 5492 Ie
1447 5437 1702 5510 diplome
1751 5455 1852 5494 sur

1177 5510 1240 5563 ée
1289 5509 1656 5580 appartenait
1701 5511 1851 5565 donc

209 5506 388 5579 equel
418 5507 477 5563 la
504 5507 754 5564 formule
789 5527 824 5564 a
871 5512 961 5565 été
1010 5506 1174 5633 redig

209 5596 312 5633 Lux
341 5582 561 5633 années
609 5580 736 5633 840.
767 5580 874 5633 855
902 5598 976 5633 ou
1005 5581 1129 5633 870.

188 5582 561 5653 auxannées
609 5580 736 5646 840,
767 5580 874 5653 855
902 5598 976 5637 ou
1005 5581 1129 5653 870,
1158 5580 1244 5635 les
1291 5580 1437 5635 trois
1483 5580 1678 5653 seniles
1726 5581 1848 5653 qui,

231 5650 460 5732 sudant
486 5649 541 5731 Ie
571 5653 748 5732 regne
779 5651 847 5706 de
891 5668 955 5708 ce
999 5651 1216 5723 prince,
1250 5652 1705 5722 correspondent
1735 5649 1853 5710 ala

216 5721 496 5780 roisieme
526 5720 831 5778 indiction.

451 5081 562 5149 Cf.,
585 5098 658 5138 au
692 5083 846 5154 suist
867 5083 939 5138 de
973 5080 1193 5137 la'terre
1211 5083 1442 5154 salique,
1469 5080 1759 5154 l’ouvrage
1779 5083 1851 5138 de

2711 1661 2826 1716 XII.

2613 1767 2928 1806 PROLOGUS.

1871 1832 1919 1897 Β
2026 1860 2086 1914 1η
2133 1857 2228 1913 Dei
2281 1857 2537 1925 nomine,
2574 1858 3028 1929 perpetrandum
3074 1858 3392 1932 unicuique
3441 1862 3596 1933 quod

1953 1946 2285 2020 evangelica
2313 1963 2419 2001 vox
2467 1949 2764 2001 ammonet
2811 1946 3204 2002 dicenszDaI-e
3249 1949 3600 2005 elemosinam

1953 2045 2004 2092 et
2033 2053 2148 2092 ecce
2187 2038 2374 2092 omnia
2402 2035 2608 2091 munda
2637 2038 2765 2090 sunt
2804 2036 2971 2108 (174).
3000 2035 3187 2107 Hujus
3217 2053 3354 2110 ergo
3397 2037 3602 2094 saluti-

1954 2126 2059 2182 feri
2091 2125 2347 2198 precepti
2377 2124 2806 2180 ammonieione
2833 2129 3222 2197 conpunctus,
3245 2127 3399 2182 dono
3428 2127 3604 2184 dona-

1954 2221 2320 2271 tum.......

2704 2301 2848 2357 XIII.

2614 2388 2929 2447 raonocus.

2025 2487 2161 2554 Ego,
2196 2483 2254 2537 in
2287 2481 2389 2537 Dei
2423 2480 2675 2547 nomine,
2699 2479 2852 2536 taIiS'
2875 2480 3016 2536 Mihi
3050 2481 3301 2552 decrevit
3327 2483 3598 2540 voluntas

1953 2573 2014 2628 in
2044 2572 2240 2627 animo
2273 2587 2400 2626 meo
2433 2574 2499 2625 ut
2540 2569 2798 2641 aliquam
2831 2569 3162 2641 porcionem
3203 2573 3276 2627 de
3319 2572 3494 2628 rebus
3525 2573 3597 2628 ad

1953 2659 2254 2716 ecclesiam
2287 2657 2474 2714 sancti
2507 2657 2668 2714 illius
2696 2657 2923 2713 tradere
2951 2659 3308 2727 debuissem,
3333 2661 3488 2732 quod
3519 2661 3600 2717 ita

1954 2753 2011 2806 et
2043 2747 2494 2804 tradidi.......

2713 2833 2853 2889 XIV.

2621 2939 2938 2979 PROLOGUS.

2025 3015 2142 3087 Ego
2173 3018 2370 3069 tamen
2400 3012 2582 3083 hujus
2615 3011 2695 3068 rei
2725 3011 3060 3084 exemplum
3105 3013 3253 3087 elegi
3285 3015 3501 3072 donare
3530 3016 3602 3072 ad

1952 3102 2295 3171 oratorium,
2320 3102 2492 3172 cujus
2519 3100 2867 3157 vocabulum
2905 3101 3048 3158 illud
3081 3102 3227 3173 [ubi]
3257 3107 3454 3160 turma
3478 3121 3604 3160 mo-

1877 3201 1920 3268 C
1958 3191 2304 3257 nachorum,
2323 3190 2552 3246 Christo
2580 3189 2861 3262 prOpicio,
2887 3206 3000 3246 non
3028 3191 3257 3246 modica
3286 3208 3414 3248 esse
3445 3192 3606 3248 vide-

1956 3285 2071 3348 tur,
2099 3297 2303 3335 omnes
2335 3296 2426 3334 res
2456 3295 2637 3346 meas,
2663 3295 2776 3350 que
2808 3277 2953 3333 mihi
3000 3278 3262 3351 legitimo
3302 3281 3437 3350 jure
3466 3297 3602 3337 con-

1958 3370 2181 3441 tingere
2207 3368 2501 3439 videntur,
2529 3372 2596 3422 ut
2622 3384 2689 3422 ex
2720 3383 2786 3423 eo
2817 3368 3302 3441 augmentacione
3331 3369 3518 3425 victus
3547 3374 3605 3425 et

1955 3458 2199 3514 vestitus
2231 3457 2461 3513 habeat.
2487 3499 2497 3512 .
2523 3498 2534 3511 .
2559 3498 2568 3510 .
2595 3499 2606 3511 .
2630 3497 2641 3511 .
2666 3497 2678 3512 .

2719 3545 2834 3600 XV.

2479 3650 2802 3690 INDICULUM
2843 3651 3078 3690 REGALE.

2030 3741 2119 3798 Illi
2152 3759 2251 3797 rex
2293 3741 2667 3806 Francorum,
2693 3740 2834 3796 viris
2878 3740 3249 3806 inlustribus,
3283 3739 3382 3796 illo
3430 3741 3603 3807 duce,

1955 3831 2054 3887 illo
2087 3830 2318 3887 comite.
2352 3828 2490 3884 Illut
2519 3829 2688 3885 nobis
2717 3829 2790 3884 ad
2824 3833 3021 3885 eterna
3051 3830 3495 3886 retributionem
3515 3829 3603 3886 vel

1957 3919 2337 3976 stabilitatem
2369 3917 2531 3990 regni
2565 3917 2748 3973 nostri
2781 3917 3098 3986 credimus,
3120 3917 3182 3972 in
3213 3917 3312 3974 Dei
3344 3918 3603 3985 nomine,

1956 4009 2266 4082 pertinere,
2286 4006 2335 4062 si
2357 4006 2782 4078 pe[ti]tionibus
2809 4007 3180 4062 sacerdotum
3201 4006 3288 4062 vel
3310 4007 3608 4079 oportuni-

1956 4101 2135 4152 tatem
2164 4097 2291 4152 Ioca
2319 4100 2659 4152 sanctorum
2692 4100 2792 4151 aut
2821 4095 3219 4160 ecclesiarum,
3240 4096 3298 4151 in
3323 4113 3438 4168 quo
3461 4097 3629 4170 meis

1953 4186 2173 4240 fuerint
2203 4185 2446 4241 auribus
2495 4183 2725 4257 prolati,
2766 4183 2953 4240 effecti
2993 4183 3420 4256 mancipamus.
3455 4179 3636 4240 Dum'

1955 4279 2089 4331 ante
2110 4274 2216 4330 hos
2237 4273 2362 4329 dies
2393 4273 2666 4346 paginola
2694 4273 2917 4346 aliqua.
2942 4315 2955 4330 .
2979 4316 2989 4329 .
3014 4316 3026 4330 .
3050 4316 3060 4330 .
3093 4278 3293 4329 nostra
3315 4274 3488 4345 (175).
3512 4315 3525 4330 .
3548 4315 3559 4330 .
3584 4314 3595 4330 .

1954 4362 2014 4418 in
2046 4361 2171 4419 loco
2204 4366 2608 4434 nuncupante.
2633 4403 2644 4417 .
2668 4402 2680 4418 .
2705 4403 2716 4418 .
2741 4403 2752 4417 .
2777 4403 2825 4417 ..

2706 4468 2856 4524 XVI.

1879 4569 1925 4634 ι)
1956 4574 2136 4614 casn
2175 4572 2662 4614 DENOMINATIONIS
2694 4559 2841 4630 (176)
2871 4575 2944 4614 AD
2975 4575 3285 4614 ECCLESIAM
3325 4574 3395 4613 os
3421 4573 3610 4614 'rsana

2374 4644 2666 4684 MANCIPIIS
2697 4646 2811 4685 AUT
2841 4647 2934 4694 QUI
2944 4647 3025 4686 ει]
3034 4647 3158 4685 BET.

2031 4734 2094 4790 In
2126 4733 2225 4790 Dei
2258 4733 2515 4801 nomine,
2537 4750 2644 4806 ego
2674 4734 2791 4791 ille.
2817 4737 3175 4793 Recordatus
3207 4735 3608 4792 innumerabi-

2030 4939 2177 5022 (173)
2209 4940 2284 5022 Le
2323 4940 2946 5022 mpnastereﬂésigne
2969 4941 3062 5022 licAi
3115 4958 3208 5022 me
3253 4945 3456 5022 parsit.
3486 4944 3608 4999 etre

1960 5009 2108 5066 celui
2140 5009 2210 5064 dc
2241 5009 2559 5078 Reichnau,
2585 5012 2684 5078 qui
2716 5009 2871 5067 avait
2899 5014 2987 5067 été
3031 5013 3202 5068 fondé
3233 5009 3373 5070 scus
3400 5013 3609 5070 l’invo-

1960 5079 2350 5206 caticinpdella
2397 5079 2843 5154 sainteVierge,
2877 5084 2948 5139 de
2991 5083 3148 5139 saint
3194 5084 3384 5142 Pierre
3431 5089 3490 5141 et
3536 5087 3606 5142 de

1961 5169 2086 5206 sam
2194 5169 2266 5206 au
2297 5193 2309 5206 .

1961 5169 2117 5208 εᾶιῐὶῐ,
2149 5169 2309 5206 Pal“.

2214 5224 2426 5305 ἔνευε.
2459 5240 2574 5305 sec.
2611 5223 2772 5305 Luc.)
2805 5240 2931 5305 cap.
2965 5241 3044 5289 χι,
3073 5226 3248 5305 ﬁ“.

2057 5293 2180 5376 175)
2209 5295 2316 5376 Ges
2346 5293 2606 5376 derniers
2637 5297 2811 5376 mots,
2834 5293 2967 5376 hicn
2991 5293 3105 5365 que
3121 5300 3435 5376 _t_ronqu_és,
3460 5314 3610 5376 sem-

1961 5364 2424 5438 blentiindiquer
2453 5365 2591 5438 qu’il
2626 5381 2696 5421 ne
2735 5364 2907 5438 s’agit
2949 5364 3056 5438 pas
3103 5364 3304 5438 d’une'
3327 5370 3605 5424 donation

1961 5383 2124 5422 ment
2151 5383 2424 5438 inuiquer
2453 5383 2591 5492 guu
2626 5383 2696 5421 ne
2735 5383 2907 5437 sagit
2949 5383 3056 5437 pas
3103 5383 3278 5422 a'une
3327 5383 3605 5424 donation

1961 5437 2227 5503 actuelle,
2256 5437 2406 5494 mais
2493 5454 2524 5494 e
2568 5437 2624 5494 la
2675 5437 3076 5493 conﬁrmation
3109 5437 3282 5492 d'une
3330 5441 3606 5496 donation

1961 5509 2309 5565 antérieure.

2032 5581 2183 5660 (176)
2211 5584 2286 5660 _Le
2333 5583 2454 5660 mot
2508 5580 2897 5660 denominatio,
2930 5579 3044 5660 qui
3080 5578 3309 5660 signifie
3366 5581 3605 5660 simple-

1960 5655 2126 5706 mont
2155 5651 2229 5724 ici
2261 5667 2375 5706 une
2413 5651 2694 5724 donation,
2727 5669 2761 5708 a
2796 5651 3052 5724 exprime
3095 5651 3237 5723 plus
3255 5651 3388 5724 tard
3422 5651 3629 5724 lafrem

1959 5721 2382 5780 connaissance
2413 5723 2681 5782 ofﬁcielle
2708 5724 2842 5782 faite
2867 5721 2976 5798 par
3002 5723 3056 5782 le
3083 5721 3274 5782 vassal
3305 5722 3408 5780 des
3440 5721 3604 5783 biens
