3900 6224
219 316 379 378 M39
1494 315 1830 379 APPEND.
1875 315 1978 376 AD
2023 316 2216 380 SIEC.
2261 318 2337 381 X.
3472 313 3630 376 1440

215 449 293 510 lia
321 452 691 525 peccatorum
733 465 1021 518 meorum,
1050 449 1203 508 dono
1246 449 1319 508 ad
1361 448 1664 507 ecclesiam
1696 449 1856 506 illius
1885 450 1940 517 Α
1969 451 2225 509 donandi
2257 452 2342 510 vel
2373 451 2650 527 quicquid
2677 453 2883 511 exinde
2905 453 3093 512 facere
3121 450 3399 522 volueris,
3420 452 3480 509 in
3503 468 3631 509 om-

217 541 422 609 sancti,
442 542 594 598 dono
616 542 773 613 quod
805 542 862 597 in
890 546 1235 614 perpetuum
1259 559 1387 597 esse
1408 542 1690 596 donatum
1714 541 1864 611 volo,

218 649 320 705 pro
354 631 676 687 remedium
710 631 915 686 anima:
948 648 1087 687 mea:
1108 631 1196 686 vel
1228 635 1423 686 eterne
1454 629 1862 693 retributione,

216 721 326 778 hoc
356 725 445 777 est
469 722 624 793 quod
665 719 957 788 diximus;
992 737 1027 776 a
1053 721 1147 776 die
1180 725 1443 792 prasente
1479 721 1549 774 de
1581 736 1708 774 meo
1736 721 1866 791 jure

217 811 288 865 ad
321 808 626 866 ecclesiam
658 810 846 865 sancti
881 809 1038 864 illius
1067 809 1153 865 vel
1186 811 1314 879 ejus
1340 807 1579 864 rectoris
1601 809 1774 862 trado
1805 807 1865 863 in

217 897 710 968 dominacionem,
743 898 1016 964 habeant,
1039 901 1273 952 teneant
1302 902 1477 969 atque
1509 895 1864 968 possideant,

218 987 509 1059 quidquid
541 987 746 1042 exinde
777 988 962 1042 facere
981 986 1270 1042 voluerint
1300 985 1543 1041 liberam
1574 1002 1637 1040 ac
1661 985 1868 1040 ﬁrmis-

218 1077 428 1133 simam
461 1076 713 1131 habeant
764 1080 1106 1148 poteslatem
1140 1074 1408 1143 faciendi,
1438 1091 1570 1129 cum
1623 1072 1863 1129 stibula-

217 1164 379 1219 cione
411 1162 684 1219 subnixa.
713 1163 771 1218 Si
807 1163 939 1234 quis
984 1179 1138 1229 vero,
1163 1163 1317 1234 quod
1349 1163 1469 1218 ﬁeri
1522 1180 1635 1217 non
1669 1162 1865 1228 credo,

220 1253 270 1309 si
300 1268 405 1324 ego
433 1252 558 1324 ipse
583 1256 684 1308 aut
715 1251 869 1308 ullus
889 1251 1170 1308 heredum
1194 1251 1281 1308 vel
1305 1251 1691 1324 proheredum
1717 1267 1867 1305 meo-

217 1339 484 1412 rum.qui
514 1344 716 1397 contra
745 1340 894 1397 hanc
924 1341 1306 1397 donacionem
1337 1357 1371 1396 a
1402 1357 1493 1396 me
1523 1340 1736 1394 factam
1766 1355 1866 1394 ve-

217 1428 342 1486 nire
399 1430 860 1501 presumpserit,
920 1429 1180 1486 sociante
1236 1430 1378 1485 ﬁsco
1431 1429 1861 1485 restitutionem

215 1519 399 1590 [cum]
433 1517 618 1578 multa
650 1523 982 1590 componat,
1005 1519 1061 1574 id
1092 1523 1182 1575 est
1225 1519 1349 1574 auri
1383 1518 1562 1574 libras
1594 1517 1740 1572 duos
1772 1535 1864 1572 ar-

216 1606 373 1678 genti
407 1607 667 1679 pondera
696 1607 956 1679 quinque
987 1611 1222 1663 coactus
1245 1607 1517 1673 exsolvat,
1541 1611 1597 1661 et
1617 1605 1863 1678 duplum

216 1696 287 1752 ad
330 1695 522 1767 ipsam
574 1695 878 1750 ecclesiam
930 1697 1217 1762 restituat,
1241 1701 1297 1752 et
1325 1696 1478 1766 quod
1528 1695 1735 1767 repetit
1765 1712 1866 1766 per

215 1783 439 1852 nullius
472 1783 777 1856 ingenium
807 1784 1133 1840 evindicare
1162 1801 1277 1839 non
1309 1783 1515 1839 valeat.

953 1872 1121 1928 XVII.

739 1977 919 2018 CARTA
956 1976 1341 2016 TRADITIONIS.

285 2049 348 2105 In
373 2049 470 2105 Dei
504 2048 759 2117 nomine,
784 2065 889 2122 ego
921 2047 1019 2104 ille
1050 2049 1200 2105 talis.
1231 2048 1374 2104 Mihi
1397 2050 1649 2105 decrevit
1667 2051 1868 2106 volun-

211 2143 302 2194 tas
322 2141 386 2192 ut
403 2136 623 2209 aliquid
641 2137 711 2191 de
734 2137 908 2192 rebus
932 2137 1078 2192 meis
1102 2136 1200 2192 illo
1223 2136 1444 2192 homini
1465 2138 1862 2206 tradidissem,

211 2227 365 2299 quod
389 2225 470 2281 ita
499 2229 557 2281 et
586 2225 834 2292 tradidi;
868 2225 944 2298 fa]
975 2225 1066 2281 die
1097 2232 1364 2299 presente
1391 2226 1460 2281 de
1492 2243 1620 2281 meo
1643 2228 1776 2298 jure
1804 2229 1863 2282 in

209 2321 311 2372 tua
334 2315 500 2371 trado
535 2314 956 2382 dominatione,
975 2314 1230 2370 habendi
1273 2314 1391 2370 sive
1427 2316 1861 2384 commodandi,

207 2403 496 2460 vendendi
518 2402 606 2460 vel
629 2403 906 2476 quicquid
931 2403 1136 2459 exinde
1160 2404 1344 2460 facere
1367 2421 1471 2476 pro
1495 2404 1740 2460 utilitate
1763 2409 1865 2460 tua

207 2491 482 2563 volueris,
508 2492 754 2548 liberem
797 2497 970 2565 atque
1003 2493 1403 2547 ﬁrmissimam
1439 2492 1657 2548 habeas
1703 2497 1863 2565 pote-

208 2586 419 2638 statem
457 2580 728 2637 faciendi.
762 2581 832 2636 Et
866 2580 957 2651 [si]
989 2579 1148 2636 ullus
1191 2585 1281 2636 est
1323 2581 1394 2636 de
1426 2581 1734 2654 agentibus
1761 2599 1864 2638 no-

211 2670 354 2726 stris
384 2674 487 2726 aut
515 2670 798 2726 heredum
830 2670 921 2725 vel
952 2669 1368 2741 postheredum
1404 2687 1667 2725 meorum
1701 2671 1862 2742 quis-

209 2758 352 2814 libet
381 2763 439 2813 et
471 2757 591 2814 ulla
620 2757 890 2830 opposita
916 2775 1184 2830 persona,
1215 2758 1314 2830 qui
1349 2763 1552 2814 contra
1581 2758 1730 2814 hanc
1755 2764 1865 2814 tra-

207 2846 494 2902 dicionem
527 2864 561 2902 a
590 2863 682 2901 me
715 2847 926 2902 iactam
976 2863 1145 2919 agere
1177 2851 1278 2902 aut
1305 2847 1502 2902 venire
1551 2852 1652 2902 aut
1682 2848 1862 2904 ullam

209 2933 565 2991 calumniam
597 2951 874 3006 generare
911 2933 1180 3003 voluerit,
1202 2934 1469 3006 partibus
1500 2935 1637 2991 ﬁsce
1680 2935 1865 2992 multa

209 3026 542 3096 componat,
564 3022 622 3078 id
669 3026 758 3078 est
799 3022 926 3078 auri
968 3022 1149 3079 libras
1181 3023 1316 3091 duo,
1344 3023 1567 3098 argenti
1607 3025 1865 3096 pondera

210 3111 472 3184 quinque
505 3115 739 3167 coactus
787 3111 1063 3180 exsolvat,
1087 3116 1144 3167 et
1178 3113 1333 3184 quod
1364 3112 1571 3185 repetit
1601 3130 1702 3186 per
1733 3113 1861 3170 nul-

210 3199 447 3272 liusque
473 3197 726 3271 ingeniis
753 3198 1079 3256 evindicare
1101 3217 1215 3256 non
1239 3200 1455 3271 valeat;
1482 3202 1583 3258 sed
1605 3201 1710 3259 hec
1741 3217 1864 3274 pre-
1891 3193 1934 3260 C

210 3304 347 3345 sen
377 3287 630 3361 epistula
658 3288 817 3344 omni
859 3293 1119 3361 tempore
1155 3288 1324 3344 ﬁrma
1366 3293 1423 3346 et
1469 3289 1696 3347 stabilis
1727 3307 1858 3362 per-

212 3382 446 3434 maneat
476 3393 610 3434 cum
641 3377 1026 3434 stibulacione
1057 3377 1328 3434 subnixa.

277 3469 490 3523 Actum
518 3467 577 3522 in
609 3466 764 3533 villa,
799 3466 1051 3539 publice,
1081 3467 1452 3541 presentibus
1483 3484 1732 3540 quorum
1766 3467 1859 3525 hic

211 3555 518 3628 signacula
548 3555 942 3612 continentur.

282 3643 400 3717 Sig.
435 3644 536 3717 qui
568 3644 719 3700 hanc
751 3648 972 3700 cartam
1006 3644 1130 3701 ﬁeri
1163 3644 1402 3717 rogavit.

933 3752 1131 3808 XVIII.

280 3842 437 3910 cette
467 3839 736 3908 formule,
764 3840 1086 3897 semblable
1137 3857 1285 3912 pour
1315 3841 1368 3896 le
1399 3841 1536 3896 fond
1587 3845 1620 3896 a
1669 3845 1861 3898 toutes

207 3912 295 3968 les
327 3911 622 3992 formulas,
654 3913 941 3992 deﬂvente
987 3911 1177 3992 qu’on‘
1215 3915 1583 3992 con_nait,_est
1633 3913 1862 3992 rédigée

209 3983 509 4070 aveo-plus
540 3982 1130 4070 d'intelligence'que‘
1153 3982 1220 4070 ila
1267 3983 1508 4070 plupart
1550 3984 1653 4040 des
1681 3982 1860 4070 doéu:

211 4060 404 4127 ments
435 4054 508 4110 de
537 4059 684 4127 cette
715 4054 940 4127 natura.
974 4054 1246 4127 L'auteur
1276 4070 1349 4127 ne
1377 4055 1519 4127 s’est
1546 4072 1652 4127 pas
1682 4055 1864 4127 borné

207 4129 243 4187 δ
272 4125 470 4197 copier
504 4123 878 4197 servilement
923 4124 982 4180 la
1019 4124 1218 4180 charte
1250 4123 1350 4197 qui
1399 4123 1481 4180 lui
1529 4123 1740 4183 servait
1793 4128 1864 4182 de

207 4194 466 4265 modele;
500 4194 538 4250 il
567 4212 601 4250 a
619 4195 797 4251 voulu
825 4196 1049 4251 donner
1069 4199 1103 4252 ὲ
1123 4212 1228 4251 son
1260 4194 1452 4252 (euvre
1477 4214 1553 4253 un
1576 4201 1864 4254 caractere

209 4266 644 4349 degenerante,
666 4274 724 4349 et
753 4267 1134 4349 l’approprier
1163 4285 1276 4323 aux
1306 4267 1642 4326 differentes
1673 4268 1864 4341 appli-

210 4340 438 4396 eations
467 4340 547 4395 du
579 4343 808 4395 contrat
835 4340 908 4395 de
936 4343 1124 4395 vente.

755 4462 930 4502 CARTA
967 4461 1332 4502 UNDITIONIS.

1894 1825 1944 1889 B

1974 542 2148 598 nibus
2179 543 2464 616 [liberam]
2494 543 2993 617 acfﬁrmissimam
3024 543 3242 601 habeas
3272 536 3626 616 potestatem

1978 634 2182 688 facere.

2734 724 2870 780 XIX.

2048 814 2127 868 La
2157 814 2428 870 réﬂexion
2462 830 2572 885 que
2608 813 2711 884 ,Γοἰ
2756 813 2892 868 faite
2925 831 3027 869 sur
3055 813 3112 869 la
3143 812 3436 870 rédaction
3468 814 3538 870 de
3569 812 3632 869 la

1975 885 2223 1012 fell-inuis
2261 885 2360 958 qui
2412 886 2653 956 precede
2706 891 2795 940 est
2843 885 3171 957 également
3213 885 3542 958 applicable
3595 889 3631 941 a

1975 974 2037 1013 ce
2088 973 2222 1012 e-cn.

2507 1064 2686 1103 CARTA
2723 1063 3082 1103 CUMCAMBIO.

2047 1155 2308 1211 Dominis
2334 1143 2628 1209 fratribus
2659 1153 2719 1208 in
2760 1153 3030 1210 societate
3057 1153 3156 1209 illo
3197 1159 3254 1210 et
3300 1153 3419 1209 illo.
3443 1154 3536 1210 Sic
3570 1160 3631 1211 et

1972 1245 2126 1300 inter
2146 1262 2251 1301 nos
2268 1243 2620 1316 complacuit
2637 1247 2814 1315 atque
2830 1243 3098 1299 convenit
3117 1247 3183 1299 ut
3201 1243 3425 1317 aliquid
3449 1243 3519 1300 de
3541 1261 3608 1300 re

1973 1334 2084 1388 bus
2124 1333 2341 1388 nostris
2384 1332 2440 1388 in
2474 1332 2814 1387 concambio
2844 1333 3190 1388 conﬁrmare
3219 1332 3626 1401 debuerimus,

1973 1423 2127 1494 quod
2161 1427 2218 1476 et
2243 1421 2322 1476 ita
2353 1421 2620 1486 fecimus,
2639 1425 2742 1476 aut
2761 1421 3040 1493 quicquid
3065 1421 3241 1477 fuerit
3265 1421 3628 1494 accepimus,

1973 1511 2084 1566 hoc
2107 1514 2197 1566 est
2217 1514 2318 1566 aut
2340 1509 2631 1582 mancipia
2651 1514 2754 1564 aut
2772 1513 2955 1578 terra;
2980 1526 3014 1564 a
3036 1513 3089 1564 te
3111 1509 3470 1582 mancipium
3491 1509 3625 1579 hoc,

1974 1600 2210 1656 nomine
2237 1598 2356 1666 illo,
2380 1603 2436 1654 et
2455 1599 2588 1654 dedi
2611 1597 2791 1653 alium
2814 1598 3178 1670 mancipium
3202 1598 3262 1653 in
3283 1599 3630 1655 concambio

1974 1689 2108 1757 isto,
2142 1688 2378 1744 nomine
2408 1687 2527 1754 illo,
2555 1691 2856 1756 vexatum;
2889 1691 2946 1744 et
2975 1687 3026 1744 si
3057 1692 3213 1744 terra
3243 1688 3436 1756 fuerit,
3459 1689 3630 1745 dedi—

1975 1793 2109 1833 mus
2130 1775 2235 1832 tibi
2255 1780 2471 1832 terram
2492 1776 2666 1832 istam
2689 1776 2748 1832 in
2773 1776 3114 1832 concambio
3130 1780 3323 1832 tanter
3336 1781 3395 1833 et
3408 1781 3627 1846 tanter,

1975 1866 2035 1921 in
2071 1866 2193 1922 loco
2244 1870 2641 1938 nuncupante,
2676 1865 2734 1920 in
2767 1865 2878 1920 sito
2911 1863 3012 1921 illo
3065 1869 3166 1921 aut
3193 1866 3255 1921 in
3286 1865 3534 1938 pagella,
3569 1871 3634 1922 et

1975 1955 2309 2027 accepimus
2335 1971 2370 2009 a
2394 1960 2448 2010 te
2471 1954 2713 2010 alteram
2735 1958 2974 2020 terram,
2996 1955 3056 2010 in
3077 1953 3202 2010 loco
3224 1959 3630 2028 nuncupante,

1975 2044 2033 2098 in
2066 2044 2177 2100 sito
2210 2044 2308 2099 illo
2339 2048 2441 2099 aut
2468 2044 2526 2098 in
2558 2060 2707 2116 pago
2737 2042 2859 2109 illo,
2883 2048 3078 2100 tanter
3112 2048 3169 2100 et
3208 2048 3422 2100 tanter.
3454 2045 3632 2110 Quic-

1975 2134 2112 2206 quid
2147 2149 2254 2205 ego
2292 2133 2398 2188 tibi
2433 2132 2586 2200 dedi,
2615 2136 2837 2204 teneas,
2860 2132 3078 2188 habeas
3119 2135 3293 2204 atque
3322 2132 3635 2204 possideas

1975 2222 2269 2278 licentiam
2299 2222 2522 2294 absque
2544 2221 2667 2277 ulla
2690 2222 3047 2278 contradicto
3076 2221 3233 2277 unde
3263 2226 3635 2279 commutare

1975 2328 2077 2368 seu
2105 2329 2209 2384 pro
2240 2311 2438 2367 anima
2460 2310 2709 2366 salutem
2741 2311 2978 2376 donare,
3005 2315 3070 2366 ut
3100 2327 3203 2366 nec
3228 2326 3335 2383 ego
3362 2309 3489 2383 ipse
3520 2328 3633 2368 nec

1977 2399 2132 2456 ullus
2164 2400 2443 2455 heredum
2477 2415 2740 2455 meorum
2782 2399 2885 2455 tibi
2933 2399 3043 2456 1100
3091 2400 3487 2457 contradicere
3519 2418 3633 2457 000

1974 2489 2240 2544 minuere
2271 2488 2475 2560 possit,
2497 2488 2777 2560 quicquid
2808 2488 3015 2544 exinde
3057 2488 3245 2544 facere
3272 2487 3523 2544 volueris
3558 2489 3631 2544 li-

1971 2579 2170 2635 heram
2204 2594 2270 2634 ac
2293 2577 2611 2633 ﬁrmissam
2642 2576 2860 2633 habeas
2889 2580 3239 2649 potestatem
3269 2577 3540 2632 faciendi.
3567 2578 3632 2633 Si

1974 2667 2109 2741 quis
2138 2667 2463 2738 vero,quod
2489 2667 2616 2722 ﬁeri
2643 2682 2758 2721 non
2787 2666 2978 2733 credo,
2998 2666 3047 2721 si
3069 2682 3174 2738 ego
3197 2666 3320 2738 ipse
3341 2670 3444 2722 aut
3464 2665 3632 2723 ullus

1973 2756 2256 2813 heredum
2287 2755 2374 2811 vel
2404 2755 2797 2828 proheredum
2829 2771 3115 2822 meorum,
3139 2755 3240 2827 qui
3269 2758 3471 2811 contra
3499 2755 3634 2811 lite-

1973 2845 2134 2901 rulas
2164 2843 2654 2900 concambitairas
2685 2860 2720 2899 a
2756 2859 2851 2899 me
2897 2843 3084 2900 factas
3113 2843 3306 2902 venire
3352 2859 3631 2915 presum-

1973 2933 2156 3006 pserit
2175 2938 2277 2989 aut
2296 2933 2626 3005 infrangere
2645 2931 2914 2996 voluerit,
2927 2932 3185 2987 sociante
3205 2931 3346 2987 ﬁsco
3367 2931 3631 2988 multum

1973 3026 2282 3094 conponat,
2306 3021 2366 3077 id
2397 3026 2486 3077 est
2537 3020 2665 3077 auri
2710 3024 2965 3091 tantum,
2989 3019 3215 3094 argenti
3259 3023 3495 3077 tantum
3527 3038 3634 3078 co-

1973 3116 2142 3168 actus
2171 3109 2492 3184 exso[l]vat.

2741 3199 2853 3254 XX.

2041 3289 2149 3345 Les
2179 3291 2334 3344 mots
2363 3291 2658 3359 cartagpost
2684 3295 2915 3358 cartam,
2941 3288 3040 3359 qui
3072 3291 3304 3344 servent
3331 3288 3403 3344 de
3432 3287 3630 3344 rubri-

1969 3376 2082 3487 que
2105 3364 2139 3440 a
2163 3363 2310 3415 cette
2331 3358 2600 3425 formule,
2622 3363 2757 3414 sont
2776 3358 3129 3431 synonymes
3152 3360 3222 3415 de
3241 3359 3630 3443 precariazon

2010 3435 2182 3487 evait.
2214 3448 2285 3486 en
2316 3431 2468 3487 eﬁ'et.
2496 3430 2644 3486 dans
2675 3429 2760 3486 les
2790 3434 3048 3486 contrats
3078 3431 3148 3486 de
3171 3433 3446 3487 nrécalre.
3472 3433 3625 3487 redi-

2010 3431 2182 3503 evait,
2214 3448 2285 3486 en
2316 3431 2468 3503 eﬁ'et,
2496 3429 2760 3503 dansles
2790 3429 3048 3503 contrats
3078 3431 3148 3486 de
3170 3429 3446 3503 precaire,
3472 3431 3625 3503 rédi-

2010 3521 2072 3559 er
2101 3502 2251 3557 deux
2281 3501 2609 3574 originaux,
2634 3501 2776 3574 dont
2822 3500 2943 3557 l’un
2964 3571 2977 3574 _
2997 3500 3288 3557 conlenait
3316 3500 3402 3557 les
3433 3502 3627 3574 stipu-

1995 3571 2184 3630 ations
2215 3574 2292 3646 du
2344 3571 2684 3646 concedant,
2717 3572 2922 3646 l’autre
2963 3571 3049 3628 les
3096 3571 3632 3646 engagements'du

1971 3644 2456 3701 concessionaire.
2492 3642 2537 3698 Il
2580 3644 2730 3715 n’est
2779 3643 2928 3700 done
2965 3660 3071 3715 pas
3102 3642 3382 3699 01600001
3428 3660 3548 3715 que
3575 3643 3636 3700 10

1973 3717 2184 3773 second
2216 3716 2288 3771 de
2319 3732 2415 3771 ces
2445 3719 2602 3771 actes
2633 3714 2715 3770 ait
2761 3717 2850 3771 été
2880 3714 3115 3770 nommé
3162 3719 3318 3786 curta
3351 3714 3476 3786 post
3504 3731 3632 3770 car-

1973 3796 2108 3853 tam,
2144 3786 2424 3859 puisqu’il
2454 3786 2646 3842 devait
2683 3789 2804 3842 etre
2833 3786 3079 3858 précédé
3108 3803 3215 3858 par
3252 3785 3304 3844 10
3351 3785 3630 3859 00001100.

1971 3860 2038 3915 Je
2070 3856 2211 3915 ferai
2243 3856 2569 3914 seulement
2598 3856 3075 3928 remarquergque
3108 3856 3633 3928 cetteexpression

1975 3931 2068 3986 n'a
2097 3931 2186 3985 été
2217 3928 2473 4001 signalée
2502 3928 2562 3982 ni
2606 3929 2767 4001 dans
2797 3927 2850 4001 le
2878 3927 3185 4001 ‘Glossaire
3213 3928 3285 4001 de
3316 3927 3403 3983 Du
3435 3931 3634 4001 Gange

1975 4002 2034 4058 ni
2066 4002 2217 4056 dans
2249 3998 2302 4056 le
2330 4000 2605 4056 Nouveau
2635 3999 2832 4055 Traité
2860 3998 2932 4054 de
2963 3998 3410 4071 diplomatique.

2481 4103 2662 4142 CARTA
2702 4103 2840 4143 POST
2876 4104 3104 4143 CARTAM
3114 4128 3126 4141 .

2049 4177 2113 4233 In
2136 4175 2373 4232 nomine
2398 4174 2494 4232 Dei
2517 4174 2756 4230 summi.
2779 4174 2929 4230 Dum
2951 4174 3249 4249 cognitum
3271 4179 3362 4232 est
3381 4177 3540 4248 quod
3564 4192 3638 4232 ex

1976 4265 2353 4322 facultatibus
2373 4281 2444 4320 ex
2465 4269 2792 4336 spontanee
2810 4263 3109 4321 voluntate
3131 4281 3236 4338 pro
3256 4263 3467 4321 animae
3488 4280 3638 4322 mea

1978 4354 2230 4412 salutem
2248 4353 2319 4411 ad
2335 4352 2641 4410 ecclesiam
2662 4351 2822 4408 illius
2840 4352 3078 4420 tradidi,
3097 4369 3236 4427 rogo
3256 4353 3523 4410 subtitus
3542 4352 3642 4410 vel

1978 4459 2082 4516 per
2100 4447 2355 4500 vestram
2373 4440 2836 4498 consolacionem
2857 4441 3130 4497 abbatem
3153 4441 3320 4498 illum
3342 4444 3400 4497 et
3423 4441 3642 4498 fratres

283 4534 349 4591 In
381 4534 479 4592 Dei
529 4533 786 4602 nomine,
829 4550 935 4608 ego
965 4533 1062 4591 ille
1090 4534 1357 4592 venditor
1383 4538 1442 4591 et
1471 4533 1570 4590 ille
1616 4538 1866 4607 emptor.
1897 4559 1946 4626 D
1977 4534 2105 4604 ejus
2137 4536 2203 4588 ut
2230 4532 2390 4626 ipsas
2421 4547 2536 4596 res,
2557 4530 2700 4585 dum
2731 4528 3120 4626 advivo,_mihi
3146 4530 3474 4626 precariam
3503 4546 3643 4603 pre-

213 4622 458 4680 Constat
496 4640 589 4680 me
637 4623 746 4680 tibi
796 4624 1141 4690 vindidisse,
1174 4623 1328 4695 quod
1376 4627 1437 4678 et
1481 4622 1565 4679 ita
1611 4623 1868 4694 vendidi,

212 4717 430 4768 terram
457 4717 561 4768 aut
584 4712 946 4784 mancipium
969 4712 1127 4784 juris
1151 4710 1296 4778 mei;
1329 4709 1379 4767 si
1405 4711 1737 4784 mancipius
1757 4717 1871 4783 est,

213 4799 450 4859 nomine
481 4799 615 4870 illo;
649 4801 700 4856 si
749 4805 906 4857 terra
935 4805 1044 4868 est,
1079 4800 1139 4855 in
1168 4799 1294 4856 loco
1342 4804 1723 4873 nuncupante
1770 4800 1872 4857 ubi

213 4894 326 4958 est,
354 4890 418 4946 in
446 4907 594 4964 pago
625 4890 727 4947 illo
759 4896 861 4946 aut
889 4890 950 4945 in
979 4888 1118 4946 villa
1145 4895 1248 4946 aut
1294 4889 1354 4944 in
1404 4889 1516 4946 sito
1566 4889 1685 4961 illo,
1718 4894 1874 4947 terra

213 4982 448 5036 tantum
475 4983 797 5050 quantum;
833 4979 884 5034 si
914 4995 1194 5036 mensura
1219 4982 1326 5046 est,
1351 4995 1484 5035 cum
1517 4979 1872 5051 adpenditiis

213 5068 371 5139 ejus;
404 5071 462 5124 et
501 5067 828 5140 accipimus
857 5072 977 5123 ate
1026 5067 1286 5139 precium
1335 5067 1674 5123 adtaxatum
1720 5068 1875 5124 inter

216 5174 356 5214 auro
387 5161 444 5214 et
471 5162 711 5229 argento
743 5162 800 5212 et
839 5156 1093 5213 cavallos
1124 5162 1181 5212 et
1213 5157 1385 5211 boves
1428 5160 1486 5211 et
1528 5155 1709 5212 alium
1743 5173 1872 5228 pre-

215 5246 374 5302 cium
403 5248 597 5302 tanter
626 5249 686 5301 et
718 5248 940 5313 tanter;
975 5244 1105 5312 hoc,
1137 5244 1292 5317 quod
1322 5258 1449 5316 ego,
1481 5243 1657 5299 homo
1690 5244 1808 5312 ille,
1842 5262 1876 5301 a

217 5333 308 5389 die
342 5337 610 5406 presente
650 5333 707 5388 in
741 5338 844 5390 tua
884 5334 1053 5404 trado
1084 5331 1564 5398 dominicatione,
1596 5332 1872 5403 habendi,

1983 4626 2137 4679 stare
2159 4620 2404 4693 jubetis,
2421 4623 2478 4675 et
2507 4623 2640 4690 post
2668 4633 2867 4674 meum
2918 4619 3248 4675 discessum
3279 4619 3350 4675 ad
3379 4620 3645 4676 infantes

1981 4727 2165 4778 meos,
2191 4709 2241 4766 si
2267 4706 2576 4775 voluerint,
2602 4707 2713 4762 sub
2735 4707 3160 4776 usufructario;
3185 4706 3442 4780 singulis
3459 4707 3641 4764 annis

1980 4815 2085 4873 per
2112 4797 2483 4855 festivitatem
2513 4795 2703 4853 sancti
2735 4795 2996 4852 Remedii
3015 4796 3555 4868 confessoris,quod
3578 4795 3642 4851 in

1979 4887 2261 4946 kalendas
2291 4883 2566 4950 octobris,
2589 4900 2830 4940 censum
2851 4900 2957 4956 pro
2973 4900 3040 4940 eo
3059 4883 3240 4956 solvo,
3261 4883 3373 4940 hoc
3392 4887 3486 4940 est
3508 4888 3640 4940 tan-

1980 4982 2109 5033 tum
2130 4974 2218 5032 vel
2239 4977 2558 5046 quantum;
2583 4976 2641 5028 et
2661 4971 2711 5028 si
2731 4973 2802 5028 de
2822 4972 2949 5044 ipso
2970 4973 3331 5045 censo,quod
3352 4971 3639 5038 diximus,

1982 5065 2286 5138 negligens
2303 5077 2628 5135 apperuero
2645 5061 2703 5116 in
2721 5060 3032 5117 festivitate
3050 5060 3238 5117 sancti
3257 5059 3521 5124 Remedii
3543 5078 3644 5118 an-

1983 5173 2058 5211 no
2072 5152 2347 5234 01ιί01οῄ0
2363 5150 2619 5224 secundo
2630 5166 2763 5206 vero
2777 5166 2931 5206 anno
2944 5149 3257 5224 neglegens
3270 5149 3434 5207 fuero
3457 5151 3641 5208 reddo

1984 5235 2392 5316 duplum,et'si
2412 5239 2471 5295 in
2497 5238 2674 5295 tercio
2701 5256 2854 5295 anno
2869 5241 2940 5296 de
2962 5238 3090 5315 ipso
3113 5256 3288 5296 cense
3309 5256 3414 5312 per
3445 5240 3640 5313 ipsam

1983 5332 2356 5393 festivitatem
2387 5327 2574 5385 sancti
2601 5327 2762 5384 illius
2800 5329 3118 5402 neglegens
3145 5327 3641 5402 aparuero,.ipsas

216 5421 522 5487 vindendi,
543 5421 664 5478 sive
682 5421 1118 5490 commodandi,
1143 5438 1248 5478 seu
1272 5436 1376 5492 pro
1430 5420 1638 5476 animai
1687 5421 1878 5480 salute
1988 5441 2102 5490 res,
2125 5419 2279 5494 quod
2311 5434 2414 5491 per
2442 5420 2666 5494 certam
2695 5417 2974 5474 ﬁrmitate
3017 5419 3088 5475 ad
3133 5417 3442 5475 ecclesiam
3477 5416 3638 5475 illam

216 5551 570 5678 ηιὲξέἱι
599 5553 671 5611 de
701 5570 807 5613 son
841 5551 1143 5623 seigneur;
1179 5552 1320 5610 c’est
1348 5568 1414 5609 ce
1437 5551 1613 5624 qu’on
1643 5555 1901 5628 appelait
1945 5556 2001 5614 le
2043 5552 2501 5613 denombrenwnt.
2535 5549 2619 5607 Cf.
2653 5551 2733 5607 du
2763 5549 2977 5625 Gange,
3008 5561 3068 5607 νο
3095 5552 3504 5620 Dmmz‘natio,
3537 5553 3638 5609 De-

3871 347 3900 404 lin
