3900 6224
224 343 256 401 ‘l
273 340 384 404 Ml

1531 338 1932 406 FORMULE
1976 339 2361 405 VETERES.

3489 349 3643 412 1442

225 474 386 543 dedi,
421 475 482 532 in
513 477 792 535 omnibus
821 474 1234 535 admelioratas
1273 477 1489 535 ibidem
1523 482 1886 534 revertantur
1913 481 1967 547 Α
1998 477 2259 533 titionem
2288 479 2440 551 apud
2475 497 2647 552 quem
2677 480 2881 538 habuit
2911 481 3226 552 racionem,
3259 487 3318 541 et
3345 485 3500 557 quod
3533 485 3642 540 ite-

224 564 500 635 partibus
525 567 672 623 meis
695 567 754 624 in
781 567 1056 624 omnibus
1077 568 1498 624 conservata.Si
1524 566 1698 640 quite]
1731 583 1884 629 vero.

225 653 388 724 quod
413 654 537 710 ﬁeri
560 672 677 712 non
699 657 892 724 credo,
917 657 967 713 si
993 673 1098 730 ego
1120 657 1267 729 ipse,
1292 657 1472 712 abbas
1493 654 1760 711 autalius
1787 653 1887 727 qui

224 746 365 812 post
395 759 534 801 eum
582 745 759 815 venit,
794 747 897 818 qui
931 750 1135 802 contra
1185 745 1334 802 hanc
1383 745 1702 819 precariam
1736 763 1770 800 a
1797 760 1888 799 me

223 831 445 888 factam
481 833 813 908 infrangere
840 835 1109 904 voluerit,
1162 835 1346 892 solvat
1398 836 1456 892 in
1496 835 1727 908 publico
1759 834 1887 890 auri

227 920 438 978 uncias
459 927 599 990 tres,
623 925 851 997 argenti
882 926 1139 997 pondera
1169 925 1429 998 quinque
1452 928 1686 981 coactus
1709 921 1889 980 exsol-

222 1013 349 1076 vat,
382 1015 442 1066 et
469 1013 621 1081 quod
664 1014 898 1084 justum
943 1014 1154 1087 repetit
1185 1032 1301 1070 non
1333 1013 1638 1087 praevaleat
1669 1012 1888 1069 evindi-

227 1115 392 1166 care;
422 1101 526 1156 sed
555 1101 664 1158 hoc
685 1118 942 1174 praesens
986 1103 1262 1176 praecaria
1292 1103 1406 1161 ista
1435 1102 1595 1159 omni
1627 1106 1887 1174 tempore

225 1186 307 1242 sit
335 1193 698 1246 conservata.

296 1275 418 1350 Sig,
450 1278 704 1348 abbatis,
730 1279 830 1353 qui
862 1279 1012 1338 hanc
1041 1281 1379 1356 prmcariam
1426 1280 1547 1337 ﬁeri
1570 1285 1757 1353 'atque
1788 1281 1885 1334 fir-

221 1381 391 1421 mare
423 1367 668 1440 rogavit.

298 1454 422 1526 Sig.
456 1456 765 1530 praeposito
789 1462 846 1514 et
869 1459 1090 1515 decano
1116 1464 1172 1514 et
1194 1457 1516 1514 cancelario
1548 1462 1605 1514 et
1635 1475 1890 1514 camera-

219 1542 316 1599 rio
347 1547 406 1599 et
435 1545 692 1616 portario
723 1550 781 1602 et
805 1547 1127 1603 seniorium
1160 1549 1405 1602 fratrum
1439 1547 1591 1603 inter
1623 1551 1794 1604 totos.

298 1631 418 1706 Sig.
454 1634 526 1689 de
549 1633 677 1706 ipsa
705 1634 927 1690 familia
947 1635 1341 1693 ecclesiastica
1359 1635 1641 1691 laicorum
1665 1639 1886 1707 septem

221 1719 681 1776 consentientes.

299 1809 417 1880 Sig.
453 1808 702 1866 aliorum
729 1810 1214 1880 Alamannorum,
1245 1810 1344 1866 ubi
1375 1811 1504 1882 ipsa
1519 1810 1762 1866 tradicio
1785 1810 1884 1866 ad-

221 1913 355 1952 esse
375 1898 668 1954 videntur.

298 1986 418 2059 Ego
439 1987 596 2044 enim
629 1987 1018 2045 cancellarius
1041 2007 1193 2045 anno
1232 1988 1320 2044 vel
1353 1982 1445 2044 die
1476 1990 1696 2046 mensis
1731 1989 1886 2061 quod

222 2074 421 2131 fuerat
449 2075 661 2150 scripsi
691 2082 750 2134 et
777 2077 1124 2151 subscripsi.

985 2167 1125 2223 XXI.

300 2254 395 2328 La,
411 2254 663 2328 formule
681 2254 781 2328 qui
806 2255 925 2310 suit
950 2256 1091 2311 otl‘re
1113 2273 1190 2310 un
1222 2255 1886 2328 modeledejugement,

223 2328 284 2380 et
306 2326 516 2399 merito
547 2329 580 2382 ὲ
610 2325 906 2398 plusieurs
930 2328 1138 2399 égards
1159 2328 1229 2383 de
1261 2328 1404 2382 ﬁxer
1431 2325 1777 2399 l’attenfion.
1801 2327 1886 2382 On

218 2413 259 2480 γ
291 2396 410 2452 voit
442 2396 660 2480 ﬁgurer
689 2415 770 2479 un
796 2396 1004 2480 comte,
1028 2399 1162 2480 Ades
1204 2398 1650 2480 rachimbourgs
1681 2399 1888 2480 et_des

216 2469 428 2540 juges;
463 2469 558 2524 ces
584 2470 894 2540 iderniers,
927 2470 1202 2525 distincte
1233 2470 1335 2525 des
1367 2475 1562 2525 autres
1591 2469 1889 2525 membres

223 2539 319 2612 du,
337 2539 619 2608 tribunal,
655 2556 748 2595 me
782 2541 1113 2612 paraissent
1143 2545 1263 2596 etre
1294 2541 1378 2596 les
1402 2542 1683 2596 vicomtes
1715 2558 1787 2596 ou
1811 2542 1888 2595 vi-

222 2611 439 2683 caires,
471 2611 950 2683 quiijouiss’aient
999 2612 1445 2683 probablement
1494 2613 1570 2667 du
1623 2613 1777 2667 droit
1817 2613 1886 2667 de

224 2682 417 2756 siéger
429 2699 561 2756 aveo
579 2682 632 2738 le
654 2689 864 2756 comte,
886 2682 1182 2756 loxs’qu’ils
1199 2700 1259 2738 se
1275 2683 1601 2756 trouvaient
1621 2686 1887 2756 présents

226 2771 300 2808 au
323 2753 610 2809 ichef-lieu
643 2755 722 2827 du
750 2753 1058 2827 pagu.:._0n
1091 2772 1126 2827 y
1146 2756 1265 2827 voit
1295 2755 1590 2827 aussides
1621 2753 1886 2811 térnoins

224 2829 605 2898 proprement
625 2813 762 2898 dits,
781 2813 997 2881 choisis
1021 2813 1208 2898 parmi
1241 2826 1324 2882 les
1348 2826 1644 2882 habitants
1667 2827 1744 2881 du
1768 2827 1884 2881 voi-

225 2897 452 2968 sinage,
472 2901 529 2952 et
548 2898 654 2953 des
667 2897 980 2968 ﬁdejusseu
991 2897 1049 2952 rs
1068 2914 1137 2953 ou
1155 2898 1443 2963 cautious,
1465 2898 1723 2954 destinés
1747 2915 1886 2954 sane

225 2969 406 3051 dou_t_e
449 2971 483 3024 ὲ,
532 2968 796 3051 εᾳινειηῐὶγ
844 2969 1186 3051 Ιςεξκςουξξοη
1237 2970 1648 3051 dujugement
1696 2987 1802 3041 par
1831 2969 1888 3051 la

226 3040 416 3112 partie
447 3040 829 3112 condamnée.
873 3041 1040 3095 Enfin
1075 3040 1444 3112 l‘expédition
1479 3041 1554 3095 du
1580 3040 1890 3112 jugement

223 3111 316 3167 est
344 3111 634 3167 souscrite
685 3128 792 3182 par
841 3116 970 3182 sept
1012 3111 1284 3180 témoins,
1319 3112 1782 3167 conformément
1811 3129 1885 3167 au

226 3183 494 3256 principe
520 3182 590 3238 de
616 3183 671 3238 la
686 3181 1269 3256 loidesAllemands,
1314 3183 1415 3254 qui
1449 3183 1823 3256 s'appliquait
1853 3187 1887 3240 ὲ

225 3252 360 3310 tous
389 3252 475 3310 les
499 3257 655 3310 actes
685 3253 878 3310 écrits.

512 3359 847 3399 EVINDICATE
877 3359 1100 3398 JUDICIO
1129 3360 1263 3398 νιΒο
1299 3360 1599 3400 INLUSTRO.

295 3431 398 3486 Vir
417 3429 674 3488 inluster
697 3431 881 3487 comis
902 3431 1017 3487 ille.
1044 3432 1236 3504 [Cum]
1260 3433 1317 3487 in
1340 3448 1488 3504 pago
1517 3431 1618 3488 illo
1647 3433 1890 3489 resedis-

222 3537 369 3585 sem,
402 3520 464 3576 in
493 3519 634 3576 villa
664 3519 784 3586 illa,
817 3537 950 3576 cum
977 3521 1283 3591 judicibus
1323 3527 1380 3576 et
1429 3521 1804 3595 reginburgis
1832 3526 1889 3578 et

225 3609 355 3666 aliis
381 3608 622 3682 populis
644 3609 848 3664 multis
868 3609 939 3664 ad
965 3609 1309 3665 discendum
1326 3611 1644 3680 judicium,
1667 3610 1739 3666 ad
1764 3627 1887 3683 pre-

228 3702 455 3755 sentem
507 3702 769 3753 nostram
819 3697 1054 3753 veniens
1085 3697 1261 3754 homo
1295 3699 1427 3766 iste,
1478 3699 1716 3755 nomine
1764 3699 1884 3767 illo,

231 3787 574 3861 [repetebat]
616 3787 689 3854 ei,
715 3786 879 3860 [dum
908 3787 1125 3842 diceret
1154 3788 1330 3859 quod]
1366 3805 1468 3861 per
1500 3787 1652 3844 malo
1683 3789 1886 3844 ordine

226 3891 317 3933 res
349 3893 494 3934 suas
525 3875 777 3932 tulisset.
811 3877 876 3931 Et
910 3893 1016 3932 nos
1064 3876 1215 3932 hanc
1259 3894 1498 3934 causam
1537 3893 1639 3950 per
1665 3877 1887 3935 vicinos

227 3983 431 4021 eorum
455 3963 769 4037 diligenter
789 3965 1242 4037 adquisivimus,
1263 3982 1364 4038 per
1387 3967 1768 4039 ﬁdejussores
1789 3985 1890 4040 po.

231 4055 374 4112 sitos
405 4059 464 4111 et
493 4059 925 4110 sacramentum
950 4055 1166 4125 jurata.
1197 4055 1263 4110 Et
1285 4055 1394 4128 ipsi
1426 4055 1698 4112 dixerunt
1716 4057 1887 4112 nobis

228 4143 588 4200 innotuisset
617 4159 878 4199 causam.
913 4144 980 4198 Et
1008 4142 1106 4199 ille
1147 4143 1294 4200 alter
1322 4161 1634 4217 expressus
1655 4145 1884 4216 judicio

228 4250 342 4290 non
367 4233 564 4307 potuit
597 4233 886 4305 denegare
909 4236 965 4288 et
987 4231 1209 4288 nullam
1232 4237 1420 4306 potuit
1439 4233 1680 4289 reddere
1700 4233 1883 4289 racio-

227 4339 382 4391 nem,
417 4326 477 4378 et
507 4338 609 4392 per
638 4338 813 4378 suum
845 4321 1120 4376 vuadium
1140 4322 1213 4376 ad
1240 4324 1500 4377 nostram
1523 4321 1882 4392 presentiam

225 4427 360 4467 eum
385 4410 703 4467 revestivit.
731 4411 952 4465 Etcum
984 4426 1046 4465 se
1071 4407 1501 4482 recognovisset
1521 4409 1578 4464 in
1605 4409 1883 4468 omnibus

225 4504 529 4565 exustum,
563 4499 802 4554 deﬁnito
853 4498 1100 4570 judicio,
1133 4499 1241 4554 iste
1301 4498 1465 4567 alter,
1523 4497 1624 4570 qui
1679 4503 1882 4554 contra

1916 1861 1963 1926 B

1998 583 2128 620 rum
2162 569 2370 639 repetit
2401 585 2515 625 non
2548 569 2839 642 prevaleat
2869 571 3214 629 evindicare.

2068 655 2430 728 Sig.testium
2446 662 2667 728 septem
2684 658 2898 716 ibidem
2915 661 3449 734 adsistentium,ubi
3467 664 3644 721 istum

1991 743 2280 813 judicium
2312 746 2419 801 fuit
2450 747 2781 803 definitum.

2069 832 2187 905 Sig.
2216 835 2448 890 comitis
2468 835 2627 891 illius
2650 837 3046 908 etjudicibus,
3071 855 3321 911 quorum
3341 840 3452 898 ista
3471 843 3648 899 conti-

1998 920 2194 976 nentia
2221 922 2461 979 deﬁnita
2481 924 2619 979 sint.

2739 1033 2905 1089 XXII.

2068 1136 2225 1189 Cette
2257 1136 2504 1211 formula
2534 1143 2592 1194 et
2637 1137 2720 1193 les
2771 1139 2912 1194 trois
2963 1140 3282 1211 suivantes,
3316 1160 3455 1200 sane
3487 1145 3650 1201 oti'rir

1999 1221 2224 1260 comme
2245 1207 2385 1288 celle
2408 1208 2506 1288 qui
2529 1211 2794 1288 précede,
2809 1212 2912 1288 des
2930 1213 3189 1288 modestos
3207 1207 3646 1288 dejugements,

1998 1293 2060 1352 se
2090 1283 2429 1352 rapportent
2480 1282 2805 1352 cependant
2855 1287 2887 1337 ὰ
2932 1282 3444 1343 l'administration
3476 1287 3546 1342 de
3591 1288 3648 1343 la

1991 1347 2227 1423 justice.
2265 1348 2340 1406 Ce
2361 1347 2615 1423 sonides
2645 1356 2908 1423 requétes
2940 1355 3240 1412 adressées
3273 1375 3347 1413 au
3381 1358 3466 1413 roi
3499 1359 3646 1414 dans

1997 1420 2101 1503 des
2133 1436 2339 1503 causes
2361 1422 2488 1503 “qui
2519 1420 2739 1503 etaient
2763 1425 3201 1503 probablement
3231 1429 3302 1485 de
3331 1429 3389 1486 la
3413 1433 3644 1503 comps-

1996 1496 2163 1547 tencc
2193 1493 2271 1548 du
2305 1492 2557 1548 tribunal
2585 1495 2659 1549 du
2693 1492 2898 1567 palais.

2495 1626 2766 1666 INDICULU
2776 1628 2815 1664 Μ
2838 1628 2904 1666 ΑΙ)
2935 1629 3146 1669 REGEM.

2067 1721 2204 1778 Viro
2228 1722 2657 1794 gloriosissimo
2684 1743 2717 1780 a
2749 1726 2864 1782 Deo
2887 1728 3155 1784 decorato
3177 1727 3298 1799 illo,
3331 1733 3519 1803 gratia
3548 1733 3647 1789 Dei

2000 1809 2415 1882 regiFrancoru
2427 1830 2483 1866 m
2497 1818 2555 1868 et
2577 1813 3093 1885 Langobardorum
3111 1818 3647 1893 Romanorumque,

1995 1897 2091 1954 ille
2115 1904 2382 1971 peccator
2424 1907 2660 1958 vocatus
2703 1905 2852 1959 abba
2880 1923 2994 1961 una
3024 1923 3158 1961 cum
3209 1909 3651 1981 congregatione

1996 1988 2192 2045 Sancti
2232 1990 2384 2045 Petri
2414 1995 2471 2046 et
2502 1991 2692 2047 Sancti
2735 1995 3077 2066 Loudegarii
3110 1999 3407 2052 oratorum
3432 2002 3649 2054 vestro-

1998 2094 2127 2132 rum
2160 2077 2411 2134 salutem
2441 2080 2606 2136 vobis
2639 2081 2913 2138 obtamus
2946 2083 3000 2138 in
3045 2084 3291 2140 Domino
3338 2097 3652 2158 perennem

1996 2165 2330 2239 (l77)Subpl
2343 2169 2566 2224 icamus
2582 2168 2894 2226 clementia
2910 2177 3098 2228 vestra
3113 2177 3175 2228 ut
3190 2191 3302 2228 non
3319 2175 3650 2248 dedignetis

1997 2254 2197 2309 audire
2230 2256 2638 2312 necessitatem
2664 2263 2946 2313 nostram.
2977 2260 3390 2317 lnnotiscimus
3420 2261 3651 2319 celsitu-

1997 2343 2130 2399 dine
2157 2349 2349 2400 vestra
2379 2346 2448 2400 de
2480 2345 2588 2401 hoc
2611 2348 2763 2417 quod
2793 2348 2961 2403 nobis
2982 2349 3174 2403 nisum
3200 2349 3428 2406 habetis
3451 2351 3523 2407 ad
3551 2352 3648 2408 Dei

1997 2431 2297 2488 servitium
2329 2438 2386 2489 et
2441 2436 2707 2491 mercede
2759 2440 2950 2492 vestra
2997 2437 3362 2509 providentia
3411 2440 3646 2508 habere,

1996 2521 2151 2575 unde
2172 2527 2229 2577 et
2260 2539 2366 2578 nos
2389 2523 2540 2579 infra
2566 2541 2713 2597 pago
2737 2525 2805 2581 de
2827 2525 3093 2596 justitias
3123 2527 3340 2584 nostris
3372 2530 3650 2602 consequi

1997 2608 2240 2666 minime
2260 2611 2580 2684 possimus,
2595 2614 2756 2669 vobis
2771 2615 2957 2670 celare
2980 2632 3092 2671 non
3107 2615 3232 2671 ausi
3257 2633 3485 2674 sumus.
3501 2618 3648 2675 Nam

1997 2703 2128 2755 ante
2160 2699 2266 2756 hos
2298 2718 2506 2768 annos,
2530 2719 2663 2758 cum
2688 2703 2884 2775 aliqua
2919 2705 3173 2760 turbatio
3205 2705 3315 2761 fuit
3344 2706 3495 2763 inter
3515 2708 3647 2764 Ala-

1997 2804 2245 2845 mannos
2275 2793 2331 2844 et
2358 2789 2726 2859 Alsacenses,
2753 2790 2924 2847 multi
2947 2793 3018 2848 de
3050 2791 3150 2848 illa
3199 2795 3517 2868 mancipia,
3548 2797 3649 2870 qui

1987 2877 2138 2948 jurae
2162 2879 2346 2934 sancti
2381 2878 2541 2935 illius
2572 2880 2877 2947 debentur,
2911 2881 2981 2937 de
3013 2889 3172 2954 parte
3203 2883 3305 2940 illa
3333 2889 3389 2940 et
3418 2886 3488 2941 de
3520 2902 3648 2958 pro-

1996 2965 2122 3037 prio
2155 2967 2386 3023 servitio
2417 2969 2687 3036 evaserit,
2724 2972 2781 3024 et
2819 2970 2992 3025 modo
3024 2987 3085 3026 se
3136 2971 3317 3045 aliqui
3365 2973 3650 3047 ingenuas

1996 3070 2125 3110 esse
2157 3055 2382 3122 dicunt,
2417 3061 2473 3113 et
2505 3057 2734 3129 aliquas
2758 3059 2927 3114 nobis
2950 3061 3311 3116 contendunt
3339 3060 3421 3117 illi
3445 3063 3647 3131 comis,

1997 3147 2052 3196 et
2075 3142 2172 3198 alii
2197 3144 2465 3201 homines
2486 3162 2590 3217 per
2610 3145 2755 3201 alios
2776 3147 3087 3203 comitatos
3110 3147 3312 3204 dicunt
3327 3166 3389 3204 se
3411 3150 3568 3221 ipsos
3590 3152 3649 3208 in

1916 3223 1958 3289 C
1999 3235 2191 3288 vestro
2224 3233 2502 3289 beneficio
2525 3233 2759 3290 habere.
2787 3234 2951 3291 Unde
2975 3236 3378 3308 subplicamus
3400 3238 3563 3296 vobis
3585 3244 3651 3296 ut

1996 3320 2077 3375 illi
2110 3326 2211 3376 aut
2231 3322 2325 3377 cui
2355 3323 2518 3378 vobis
2541 3322 2729 3395 placet
2741 3324 3001 3394 jubeatis
3030 3325 3440 3383 commendare
3466 3332 3531 3383 ut
3551 3345 3649 3385 no-

1996 3413 2176 3464 stram
2213 3411 2510 3481 justitiam
2556 3411 2833 3484 consequi
2885 3412 3204 3468 valeamus.
3261 3414 3406 3470 Nam
3464 3419 3520 3471 et
3549 3415 3646 3472 ille

1995 3499 2303 3572 episcopus
2333 3500 2485 3556 infra
2505 3500 2652 3557 valle
2674 3502 3059 3558 Recianurum
3083 3519 3203 3557 uno
3223 3502 3426 3561 locello
3449 3505 3518 3562 de
3539 3523 3646 3563 suo

1996 3589 2228 3660 proprio
2243 3589 2301 3644 in
2323 3607 2431 3646 sua
2444 3589 2825 3646 elemosinam
2849 3591 2920 3646 ad
2937 3592 3356 3649 monasterium
3375 3598 3645 3652 nostrum

1997 3676 2292 3746 delicavit;
2319 3678 2474 3733 unde
2486 3682 2660 3734 modo
2682 3677 2778 3734 ille
2800 3678 3108 3752 episcopus
3139 3697 3318 3737 unam
3341 3682 3644 3740 basilicam

1997 3770 2052 3821 et
2064 3783 2241 3822 unam
2256 3765 2623 3823 castelonzem
2646 3767 2978 3824 montanico
2992 3786 3095 3824 seu
3114 3774 3169 3825 et
3191 3768 3304 3825 alia
3319 3773 3646 3844 conpendia

1997 3855 2166 3911 nobis
2194 3855 2478 3913 violenter
2498 3856 2762 3924 abstulit,
2791 3860 2847 3913 et
2872 3857 3077 3914 exinde
3095 3857 3423 3930 jussionem
3452 3865 3645 3919 vestra

1996 3944 2420 4017 subplicamus.

2722 4036 2915 4094 XXIII.

2656 4143 2727 4181 AD
2759 4144 2953 4184 REGEM
2963 4169 2975 4182 .

2064 4228 2206 4285 Dom
2216 4248 2288 4287 no
2301 4230 2726 4304 gloriosissimo
2741 4233 2933 4305 adque
2945 4234 3642 4295 excellentissimoKarolo

1991 4319 2133 4389 regi,
2157 4321 2358 4375 Amico
2379 4325 2615 4391 pecator
2635 4326 2876 4376 vocatus
2895 4323 3048 4377 abba
3073 4341 3190 4379 una
3209 4341 3343 4379 cum
3365 4324 3643 4384 fratribus

1989 4406 2048 4460 in
2063 4407 2303 4463 cenobio
2319 4409 2756 4465 Morbacheinse
2769 4410 3118 4482 degentibus
3140 4411 3197 4466 in
3217 4412 3446 4468 Christo
3457 4415 3488 4470 ΙΙ
3495 4414 3641 4471 hesu

1988 4498 2149 4566 optat
2183 4495 2432 4552 salutem
2466 4496 2634 4568 (178).
2669 4497 2748 4553 De
2778 4502 2970 4553 cetero
3003 4504 3198 4554 autem
3222 4502 3640 4574 sugg[er]imus

227 4586 396 4644 illum
415 4585 626 4644 habuit
637 4587 954 4654 racionem,
980 4586 1303 4641 secundum
1327 4580 1513 4660 legem
1533 4585 1880 4643 Alamanno—
1908 4592 1956 4657 D
1987 4583 2332 4640 celsitudine
2353 4590 2540 4642 vcstre
2560 4603 2626 4642 eo
2648 4586 2800 4658 quod
2819 4586 3006 4642 comis
3026 4593 3234 4659 vester,
3261 4589 3496 4646 nomine
3517 4590 3636 4662 ille,

227 4693 358 4732 rum
389 4676 608 4732 vestitu
639 4692 818 4730 manu
852 4675 909 4729 in
934 4673 1157 4747 palacio
1181 4678 1378 4730 nostro
1409 4692 1675 4731 reversus
1704 4679 1795 4731 est
1823 4676 1882 4731 in

225 4765 482 4838 propria.
508 4764 578 4819 Et
597 4763 645 4820 si
668 4763 768 4819 illa
789 4780 987 4832 causa,
1012 4779 1126 4835 que
1149 4767 1281 4819 ante
1300 4779 1406 4820 nos
1428 4764 1537 4819 fuit
1566 4763 1885 4836 dijudicata

225 4859 284 4910 et
304 4853 617 4927 judicibus
637 4852 854 4909 nostris
884 4853 972 4908 vel
995 4852 1362 4925 reginburgis
1391 4853 1611 4910 nostris
1627 4852 1713 4910 vel
1727 4855 1884 4925 judi-

226 4943 395 4999 cibus
425 4939 764 4998 constitutis
794 4946 852 4998 et
894 4941 1026 4998 aliis
1056 4941 1328 5015 pagensis
1361 4940 1634 5017 plurimis
1664 4943 1883 5000 ibidem

225 5031 600 5099 sistentibus,
625 5030 734 5087 hoc
764 5036 903 5087 sunt
934 5030 1017 5086 illi
1050 5035 1105 5087 et
1135 5030 1240 5098 illi,
1273 5030 1372 5102 qui
1405 5029 1513 5086 hoc
1535 5032 1881 5103 inquietant,

226 5121 457 5178 solvant
483 5119 545 5175 in
569 5118 804 5192 publico
823 5118 1042 5175 solidos
1065 5117 1364 5191 sexaginta
1383 5122 1439 5174 et
1462 5119 1703 5191 duplam
1728 5138 1885 5193 repe-

295 5244 448 5371 ἳ177)
473 5244 555 5300 La
585 5245 842 5316 requéte,
875 5244 1019 5299 dont
1047 5247 1193 5298 cette
1225 5240 1471 5298 formule
1501 5243 1640 5297 otI're
1670 5243 1723 5299 le
1756 5261 1882 5300 mo-

321 5333 374 5371 e.
398 5321 488 5371 est
508 5317 779 5371 adressée
800 5332 906 5371 nar
928 5331 1008 5370 un
1029 5315 1176 5370 abbé
1196 5314 1267 5370 de
1293 5313 1568 5369 Morbach
1601 5317 1633 5369 a
1654 5313 1882 5371 Charle-

226 5313 374 5383 dele,
398 5313 488 5372 est
508 5313 779 5372 adressée
799 5332 906 5388 par
928 5331 1008 5370 un
1029 5315 1176 5370 abbé
1196 5314 1267 5370 de
1293 5313 1568 5369 Morbach
1601 5317 1633 5369 a
1654 5313 1884 5373 Charle-

227 5404 458 5468 magne.
489 5387 562 5468 Ge
584 5387 904 5468 prince_est
917 5403 996 5468 ‘en
1028 5386 1170 5468 eti‘et‘
1187 5383 1241 5440 le
1273 5383 1397 5468 seul
1417 5385 1518 5468 des
1542 5386 1883 5468 sonverains

227 5405 322 5443 ma
366 5405 458 5444 ne.
489 5404 562 5442 ue
584 5404 784 5458 prince
809 5404 898 5443 eet.
925 5404 996 5442 en
1028 5404 1159 5442 enen
1187 5404 1241 5440 ie
1273 5404 1397 5439 seui
1417 5404 1518 5440 aes
1542 5404 1882 5444 souverains

227 5404 656 5532 carFovingiens
681 5459 804 5532 qui
855 5457 936 5532 ait
965 5459 1128 5532 po_rté_
1145 5455 1433 5532 les_titres
1464 5455 1660 5532 réunis
1691 5457 1762 5511 de
1794 5463 1883 5515 rei

227 5531 316 5586 des
345 5525 552 5586 France
580 5538 632 5586 et
659 5525 748 5585 deis
777 5525 1088 5586 Lombdrds.
1112 5527 1218 5598 (Cf.
1244 5525 1569 5598 Heumann,
1593 5527 1878 5598 Commen-

228 5604 366 5686 ειξνίὲ
388 5603 544 5686 dare
571 5600 946 5686 ιέξριρνξιαέῖόρν
971 5597 1210 5686 tes-1;),
1228 5597 1775 5686 Qsﬁetal’ebteys
1806 5601 1879 5686 ίξθ

231 5672 527 5745 Morbach,
553 5667 664 5730 ell‘e
685 5672 772 5729 fut
793 5671 1031 5730 d’abord
1046 5669 1249 5728 fondée
1265 5684 1403 5726 sous
1423 5667 1786 5728 l’invocation
1805 5672 1878 5732 de

1992 4691 2097 4730 nos
2128 4675 2199 4729 de
2247 4675 2421 4729 rebus
2471 4675 2684 4747 aliquis
2731 4674 3042 4747 expoliavit
3093 4677 3282 4749 adque
3313 4679 3635 4750 devestivit,

1989 4763 2255 4819 videlicet
2285 4763 2440 4818 unde
2494 4780 2621 4827 nos,
2674 4763 2920 4819 Domino
2952 4768 3310 4838 protegente,
3362 4782 3466 4838 per
3508 4769 3637 4826 avio

1989 4856 2180 4909 vestro
2195 4855 2366 4923 atque
2378 4852 2627 4924 genitori
2641 4856 2827 4908 vestro
2845 4856 2904 4907 et
2915 4869 3019 4925 per
3028 4870 3128 4909 vos
3141 4870 3243 4926 per
3254 4858 3506 4910 vestram
3521 4857 3640 4929 pie-

1991 4944 2169 4997 tatem
2200 4956 2384 5012 usque
2415 4940 2470 4993 in
2502 4956 2756 5011 praesens
2785 4943 3020 5012 tempus
3050 4940 3241 4997 vestiti
3262 4957 3390 4997 esse
3408 4940 3638 5001 videba-

1994 5047 2142 5086 mur.
2174 5029 2294 5092 Qua
2325 5047 2394 5084 ex
2423 5045 2481 5082 re
2500 5026 2844 5100 subpliciter
2874 5044 3186 5086 exoramus
3211 5029 3634 5091 sublimitatem

1991 5123 2241 5174 vestram
2259 5122 2322 5172 ut
2351 5117 2557 5172 exinde
2576 5115 2770 5171 taliter
2798 5115 2986 5188 pietas
3001 5123 3194 5174 vestra
3215 5119 3422 5190 jubeat
3440 5136 3632 5192 agere,

1990 5243 2047 5298 la
2076 5243 2273 5299 Sainte
2301 5241 2524 5310 Vierge,
2549 5241 2620 5295 de
2650 5239 2804 5294 saint
2824 5239 3038 5310 Pierre,
3065 5243 3137 5298 de
3157 5242 3467 5298 saintPaul
3489 5249 3547 5299 et
3561 5246 3634 5302 de

1991 5316 2148 5372 saint
2176 5311 2403 5369 Michel.
2437 5311 2520 5368 0n
2545 5311 2759 5384 joignit
2804 5312 3032 5384 bientbt
3079 5331 3191 5369 aux
3235 5331 3405 5370 noms
3433 5315 3505 5371 de
3536 5332 3632 5373 ces

1990 5388 2179 5442 saints
2208 5390 2444 5458 patrons
2475 5382 2620 5458 celui
2643 5382 2719 5458 'de
2753 5382 2910 5458 saint
2956 5385 3156 5458 Leger,
3186 5401 3381 5458 Aparce
3437 5403 3550 5458 que
3580 5388 3633 5444 le

1989 5463 2177 5514 comte
2207 5453 2524 5522 Eberhard,
2544 5453 2788 5528 premier
2803 5453 3154 5528 bient‘aiteur
3169 5453 3247 5512 du
3280 5453 3627 5528 monastere,

1988 5529 2128 5585 était
2155 5529 2370 5600 proche
2402 5525 2608 5600 parent
2623 5526 2706 5600 de
2735 5525 3002 5600 l’itlustre
3031 5530 3266 5600 évéque.

2055 5598 2207 5676 (_l'_7_8)
2237 5598 2438 5676 Amico
2470 5600 2556 5676 (ut
2585 5598 2856 5676 elu_abbé
2884 5598 3252 5676 de_l_tlorbach
3266 5616 3346 5676 _e_n
3364 5599 3488 5657 774.
3521 5599 3626 5676 (Cf.

1985 5671 2280 5742 Mabillon,
2313 5672 2552 5730 Ann-ales
2583 5671 2640 5730 0.
2675 5671 2729 5729 S.
2764 5675 2856 5744 8.,
2883 5677 2928 5730 t.
2961 5671 3031 5748 ll,
3063 5687 3194 5752 pag.
3221 5672 3369 5753 200).
