3900 6224
322 380 473 442 1443

1596 382 1933 448 ΑΡΡΕΝΙ).
1981 387 2086 449 AD
2134 386 2325 450 S/EC.
2373 387 2444 449 Χ.

3574 384 3735 454 1444

317 519 606 586 quatenus
623 513 1113 588 optimapotestas
1133 517 1598 587 vestra,Domino
1621 520 1963 591 inspirante,
1995 525 2048 588 Α
2078 522 2302 576 noverit
2331 521 2616 578 claritudo
2633 522 2853 596 sophye
2884 524 3038 596 quod
3067 525 3180 581 mei
3213 526 3524 596 cujusdam
3559 542 3736 599 para-

317 604 639 659 secundum
654 603 950 675 justitiam
971 605 1249 662 ineffabili
1270 607 1440 664 modo
1459 625 1626 681 agere
1646 609 1965 665 consuevit.

1049 713 1235 770 XXIV.

920 805 934 873 [
943 803 1070 857 Sine
1091 802 1360 873 rubrica.]

386 889 821 946 Cloriosissimo
844 896 902 946 et
932 891 1101 946 nobis
1124 890 1289 946 valde
1305 892 1620 948 karissimo
1651 909 1716 948 ac
1735 910 1970 950 summo

314 979 532 1034 honore
557 979 910 1034 nominando
935 978 1017 1033 illi
1043 979 1296 1052 glorioso
1316 982 1460 1053 regi,
1492 981 1681 1037 ﬁdelis
1715 983 1970 1039 famulus

310 1073 498 1122 vester
521 1067 615 1122 ille
641 1067 868 1122 fidelem
893 1069 1406 1124 etdevotissimum
1432 1070 1764 1126 servicium.
1790 1071 1971 1126 Conﬁ-

309 1157 512 1210 dentes
527 1156 584 1209 in
599 1161 848 1210 vestram
867 1156 1294 1212 nobilissimam
1315 1158 1970 1229 prudentiam,destina~

308 1245 502 1299 vimus
520 1245 590 1300 ad
617 1251 867 1300 vestram
886 1244 1257 1300 clementiam
1274 1246 1378 1302 has
1400 1247 1646 1314 litteras,
1661 1249 1970 1304 obsecran-

309 1339 395 1390 tes
426 1338 490 1388 ut
519 1349 658 1406 erga
680 1333 864 1389 ﬁlium
887 1333 1054 1390 illum
1083 1352 1184 1407 per
1203 1340 1402 1390 nostro
1425 1353 1622 1393 amore
1647 1337 1729 1392 sic
1755 1337 1964 1409 agatis,

308 1422 480 1478 sicuti
504 1423 562 1477 in
585 1439 686 1478 vos
711 1423 1080 1490 conﬁdimus,
1107 1424 1376 1480 videlicet
1397 1431 1461 1480 ut
1483 1442 1573 1482 res
1597 1443 1822 1498 sponsa»
1845 1443 1964 1480 sua:

306 1513 527 1584 absque
551 1511 803 1582 alicujus
819 1513 1219 1569 subtractione
1231 1513 1444 1570 habere
1461 1513 1966 1588 liceat,quousque

305 1601 432 1674 ipse
451 1602 520 1658 de
534 1601 641 1656 hac
655 1601 1026 1674 expedicione
1048 1619 1082 1658 a
1105 1603 1271 1658 nobis
1294 1603 1601 1658 absolutus
1619 1603 1688 1658 ad
1710 1609 1961 1660 vestram

306 1690 657 1761 presentiam
683 1690 876 1746 venire
906 1691 1111 1762 possit.
1144 1691 1258 1747 Vos
1282 1691 1436 1747 enim
1470 1692 1635 1747 scitis
1668 1693 1740 1747 ad
1774 1710 1962 1764 quan-

303 1784 427 1833 tum
456 1779 861 1834 necessilatem
887 1779 1214 1851 pergimus;
1245 1779 1372 1835 ideo
1396 1785 1514 1835 tam
1541 1781 1735 1852 ipsum
1758 1797 1962 1853 quam-

305 1883 416 1938 que
433 1871 489 1922 et
511 1883 713 1921 omnes
736 1865 933 1921 ﬁdeles
952 1871 1182 1923 nostros
1205 1867 1502 1924 dimittere
1525 1886 1638 1924 non
1659 1869 1961 1940 utilejudi-

303 1971 536 2023 camus;
561 1971 696 2010 mox
717 1961 908 2010 autem
934 1955 1067 2010 inde
1092 1973 1356 2012 reversus
1379 1957 1576 2029 fuerit,
1601 1975 1735 2014 eum
1759 1959 1830 2013 ad
1857 1977 1956 2015 vos

301 2043 632 2114 dirigimus.
688 2043 820 2098 Ideo
869 2041 1172 2099 humiliter
1219 2046 1596 2101 obsecramus
1628 2052 1688 2100 ut
1720 2047 1955 2102 interim

318 2149 456 2204 psas
481 2148 570 2188 res
592 2131 783 2202 quiete
803 2137 1078 2201 teneat,et
1097 2138 1226 2206 post
1245 2134 1522 2206 quicquid
1542 2135 1631 2190 lex
1653 2136 1957 2192 dictaverit

301 2221 358 2276 in
382 2225 574 2276 vestra
605 2221 898 2292 presentia
921 2221 1104 2277 facere
1131 2223 1410 2278 studebit.
1446 2225 1732 2296 Optamus
1764 2243 1864 2280 vos
1893 2225 1952 2280 in

304 2310 547 2365 Domino
581 2327 812 2382 semper
846 2310 990 2368 bene
1021 2309 1228 2368 valere.

674 2388 681 2396 ’
1038 2398 1202 2454 XXV.

895 2488 1044 2554 [Sine
1079 2488 1349 2559 rubrica.]

367 2575 834 2632 Clementissimo
856 2593 922 2632 ac
939 2578 1314 2633 serenissimo
1338 2579 1456 2651 regi
1474 2577 1555 2633 illi
1580 2578 1831 2651 plurimo
1845 2597 1947 2634 au-

295 2665 532 2737 gusticaz
555 2665 860 2738 dignitatis
894 2670 1140 2721 stemate
1171 2667 1594 2739 comptissimo,
1621 2666 1716 2723 ille
1749 2673 1946 2723 sancte

295 2754 454 2811 illius
467 2754 706 2810 ecclesie
719 2752 961 2808 humilis
976 2755 1220 2810 antestis
1233 2761 1692 2828 cunctarumque
1708 2755 1947 2813 famulo-

292 2861 423 2898 rum
446 2844 543 2899 Dei
559 2843 814 2898 famulus
837 2844 1126 2914 presentis
1149 2860 1214 2898 ac
1238 2845 1430 2900 future
1447 2845 1826 2901 beatitudinis
1847 2863 1942 2901 sa-

291 2930 473 2986 lutem
517 2932 572 2986 in
603 2930 828 2985 Christo
861 2931 1042 2986 Jhesu
1070 2949 1342 2988 cernuus.
1375 2933 1818 3006 Elegantissime
1847 2952 1939 2990 ve-

290 3025 424 3075 stra:
457 3019 762 3093 perspicue
811 3018 1192 3076 sublimitatis
1246 3026 1420 3094 atque
1458 3021 1941 3079 excellentissime

2079 611 2198 679 siti,
2230 610 2389 667 illius
2440 611 2726 680 videlicet,
2761 611 2940 679 ﬁlius,
3000 612 3100 668 illo
3159 614 3414 683 nomine,
3475 615 3737 688 puellam

2078 701 2392 771 quendam,
2424 700 2703 756 vocabulo
2724 701 2945 758 scilicet
2975 701 3160 773 illam,
3183 702 3448 776 legaliter
3475 707 3742 777 suscepit

2077 789 2136 843 in
2169 807 2470 861 sponsam.
2520 790 2700 861 Cujus
2748 791 2946 863 itaque
2988 808 3082 848 res
3114 791 3537 864 aliquantulas,
3574 795 3740 867 regni

2076 879 2254 934 vestri
2288 880 2431 934 sitas
2463 879 2522 934 in
2554 879 2805 946 dicione,
2834 881 3074 952 quidam
3099 884 3328 939 auferre
3350 882 3625 939 nituntur
3654 883 3740 938 in-

2070 969 2250 1039 juste.
2267 969 2546 1034 Quocirca
2566 975 2755 1025 vcstre
2777 969 3201 1042 augustissime
3233 970 3566 1028 serenitatis
3597 973 3739 1028 sub-

2079 1057 2305 1129 pliciter
2365 1057 2561 1130 ﬂagito
2618 1058 3013 1127 clementiam,
3047 1064 3111 1116 ut
3157 1061 3230 1116 ob
3285 1078 3546 1118 amorem
3582 1061 3739 1118 beati

2079 1147 2289 1202 Christi
2318 1148 2502 1202 sancti
2539 1147 2718 1216 illius,
2751 1149 2922 1220 cujus
2953 1153 3140 1204 vestre
3171 1150 3345 1206 saluti
3373 1151 3598 1224 jugiter
3627 1150 3739 1206 im-

2079 1235 2239 1308 ploro
2291 1237 2657 1308 snﬁ‘ragium,
2723 1236 2781 1292 in
2821 1238 3114 1309 praedictis
3145 1239 3318 1296 rebus
3349 1239 3738 1312 adquirendis

2078 1326 2296 1396 pretato
2317 1323 2396 1379 illi
2420 1332 2678 1380 vestrum
2703 1325 2848 1381 ferre
2869 1327 3193 1399 dignemini
3215 1328 3561 1400 presidium.
3593 1328 3736 1384 Uni-

2075 1430 2375 1469 versorum
2394 1413 2572 1487 igitur
2594 1415 2901 1481 Dominus,
2925 1417 3096 1488 cujus
3119 1433 3323 1472 omnes
3342 1422 3594 1491 regnant
3608 1434 3738 1490 pro-

2075 1507 2305 1574 tegente
2337 1503 2570 1558 nomine
2602 1502 2777 1575 regis,
2801 1508 3058 1559 vestrum
3082 1505 3358 1562 continuo
3376 1521 3627 1579 regnum
3643 1507 3739 1578 ju-

2073 1591 2301 1646 vamine
2315 1590 2631 1647 sublimare
2645 1591 2970 1664 vestrisque
2983 1592 3232 1665 planetis
3244 1598 3488 1651 cunctos
3507 1595 3738 1652 naviter

2073 1681 2348 1753 dignetur
2379 1679 2655 1736 inimicus
2688 1682 2996 1753 subjicere.

2801 1806 2989 1862 XXVI.

1990 1905 2036 1970 B
2137 1913 2295 1997 Cette
2327 1912 2574 1995 formula
2607 1913 2753 1997 n'est
2775 1929 2877 1997 pas
2909 1917 2942 1968 a
2972 1873 3346 1997 proprement
3375 1914 3724 1997 parler_une

2065 2002 2163 2056 req
2174 1987 2321 2049 uete,
2340 1984 2831 2040 mais'seulement
2845 2002 2955 2039 une
2969 1984 3510 2042 recommendation
3532 1988 3730 2044 adres-

2066 2060 2161 2130 see
2191 2059 2224 2111 ὲ.
2258 2073 2332 2110 un
2356 2058 2728 2130 evequeoua
2760 2073 2838 2111 un
2870 2056 3038 2130 abbe,
3072 2057 3173 2130 qui
3193 2057 3476 2130 jouissagit
3509 2059 3725 2130 proba-

2066 2074 2161 2112 see
2191 2074 2224 2111 a
2258 2074 2332 2110 un
2356 2074 2453 2111 eve
2503 2074 2571 2111 ue
2597 2074 2668 2111 ou
2695 2074 2728 2111 a
2760 2074 2838 2111 un
2870 2074 3038 2125 anne,
3074 2075 3173 2129 qui
3194 2074 3476 2128 jouissait
3509 2074 3725 2130 prona-

2065 2127 2323 2183 blement
2354 2127 2431 2200 du
2461 2074 2618 2182 groit
2647 2128 2717 2182 de
2749 2128 2958 2183 rendre
2986 2127 3274 2200 lajustice
3292 2146 3394 2186 sur
3421 2128 3507 2185 les
3540 2136 3726 2187 terres

2064 2201 2134 2255 de
2165 2217 2268 2254 son
2299 2198 2497 2270 église.

2702 2303 2837 2342 ITEM
2867 2303 3069 2342 ALIUM.

2133 2393 2462 2450 Venerabili
2487 2393 2544 2449 in
2572 2393 2803 2449 Christo
2835 2393 2998 2449 fratri
3030 2411 3132 2450 seu
3162 2394 3509 2452 dulcissimo
3532 2397 3721 2454 amico

2061 2489 2259 2542 nostro
2293 2483 2391 2539 illo
2413 2487 2470 2539 et
2493 2482 2612 2549 illo,
2648 2483 2868 2538 donum
2901 2483 2998 2538 Dei
3031 2484 3363 2557 episcopus,
3398 2489 3554 2542 Deus
3587 2487 3716 2552 scit,

2057 2580 2196 2630 tuus
2242 2591 2412 2629 verus
2456 2573 2700 2628 amicus.
2761 2573 3076 2644 Cognosce,
3139 2573 3506 2644 dulcissime,
3559 2577 3625 2630 ut
3654 2580 3715 2631 tu

2057 2669 2210 2720 stare
2245 2663 2424 2718 facias
2468 2666 2609 2734 aput
2640 2665 2838 2716 nostro
2888 2660 3091 2717 fasallo
3123 2661 3222 2718 illo
3253 2668 3396 2735 aput
3428 2668 3589 2720 recta
3618 2680 3716 2720 ra-

2056 2753 2212 2808 tione
2244 2752 2312 2807 de
2342 2750 2442 2806 illa
2490 2768 2669 2806 causa
2719 2756 2920 2806 sancto
2970 2749 3086 2819 ille,
3129 2751 3283 2823 quod
3315 2752 3443 2825 ipse
3474 2753 3708 2821 dixerit,

2053 2843 2304 2915 qualiter
2331 2840 2418 2896 vel
2451 2857 2556 2895 nos
2604 2845 2803 2896 nostro
2847 2839 3017 2895 tricto
3063 2840 3437 2912 recipiamus.
3490 2841 3710 2898 Taliter

2050 2932 2257 2987 exinde
2279 2931 2450 3003 agite,
2468 2927 2717 3002 qualiter
2739 2945 2845 2984 nos
2867 2945 2969 2985 con
2981 2929 3233 2985 ﬁdamus
3245 2931 3316 2985 de
3339 2935 3538 2988 vestra
3557 2931 3712 2988 bona

2048 3022 2350 3078 charitatc.

1389 3217 2045 3331 DEUXIEME
2115 3235 2591 3328 PARTIE.

1004 3467 1220 3524 XXVII.

355 3557 434 3613 La
484 3539 755 3623 formule,
799 3573 903 3629 par
933 3555 1179 3629 laquelle
1203 3557 1263 3628 je
1292 3574 1627 3614 commence
1657 3562 1806 3614 cette
1839 3575 1927 3614 se-

282 3629 464 3684 conde
488 3630 694 3701 partie,
717 3627 814 3683 est
836 3645 946 3701 une
963 3627 1130 3683 le'ttre
1147 3627 1260 3701 des
1288 3629 1514 3684 moines
1536 3630 1604 3701 de
1631 3629 1926 3684 Reichuau

279 3717 350 3754 au
387 3699 534 3772 pape
566 3701 838 3772 Grégoire
872 3699 964 3754 III.
1002 3700 1284 3772 L’abbaye
1315 3701 1385 3772 de
1431 3700 1726 3756 Reichnau
1755 3707 1928 3772 ayant

279 3774 368 3826 e’té
390 3771 624 3826 ’t'o’ndée
653 3771 724 3827 en
773 3772 898 3843 724,
929 3776 984 3826 et
1015 3771 1288 3842 Grégoire
1323 3771 1395 3827 III
1448 3777 1622 3843 ayant
1651 3771 1824 3843 régné
1857 3773 1928 3828 de

274 3846 374 3897 731
405 3846 438 3898 a
465 3844 590 3914 7H,
617 3848 766 3898 cette
792 3842 965 3914 lettre
992 3843 1118 3914 rdoit
1149 3846 1270 3898 etre
1303 3842 1662 3914 posterieure
1691 3842 1761 3898 de
1793 3843 1924 3898 bien

461 3913 691 3948 ’nnnénn
727 3917 752 3948 δ
789 3913 1077 3948 ι’ὀνιοηθῖηη
1116 3916 1207 3948 ΜΛ

277 3931 387 3986 peu
418 3913 693 3968 d’années
725 3917 758 3968 a
789 3913 1080 3968 l'érection
1116 3913 1315 3968 meme
1337 3915 1413 3969 du
1449 3917 1792 3969 monastere.
1845 3915 1922 3969 En

275 3985 431 4048 effet,
464 3983 516 4039 le
549 3984 857 4054 fondateur
885 3984 955 4038 de
1006 3982 1324 4051 Reichnau,
1386 3985 1542 4039 saint
1586 3985 1922 4054 Pirminius,

277 4056 640 4142 n"ayant‘pas
667 4053 838 4142 veulu
854 4070 1234 4142 commencer
1254 4053 1926 4142 sonnmuvr’e'sansuavoir

274 4123 500 4200 obtenu
521 4123 946 4200 l‘autorisation
974 4123 1222 4200 speciale
1246 4125 1324 4180 du
1348 4126 1765 4200 Saint-Siége,il
1789 4128 1927 4184 était

273 4196 504 4252 naturel
537 4214 650 4269 que
680 4195 765 4252 les
814 4195 1040 4269 moines
1089 4195 1605 4269 s’empressassent
1633 4195 1725 4254 'de
1782 4200 1925 4256 faire

274 4267 572 4366 conna‘ttre
608 4285 695 4366 an
747 4267 1411 4366 souverali‘nmpontifele
1466 4273 1668 4327 succes
1699 4271 1769 4326 de
1799 4271 1926 4326 leur

274 4339 477 4396 nouvel
513 4340 953 4396 établissement
984 4339 1153 4412 (179).

875 4447 1029 4517 [Sine
1048 4447 1315 4518 rubrica].

342 4534 586 4590 Summo
611 4551 862 4590 romanae
887 4534 1138 4591 ecclesiae
1170 4534 1427 4606 pontiﬁci
1463 4539 1519 4590 et
1548 4537 1923 4593 sanctissimo

269 4621 760 4679 excellentissimo
788 4623 944 4679 sedis
974 4623 1201 4679 custodi
1233 4624 1463 4697 egregio
1495 4641 1641 4697 pape
1681 4625 1789 4687 illi.
1813 4626 1922 4682 hu-

270 4711 520 4767 millima
537 4712 979 4768 etdevotissima
991 4712 1254 4768 ﬁdelium
1275 4713 1594 4769 oratorium
1615 4731 1926 4788 congrega~

269 4801 346 4855 tio
369 4802 441 4856 ab
466 4801 679 4869 insula,
705 4817 818 4874 que
838 4802 910 4857 ab
942 4801 1516 4902 incolisOAlamanna:
1549 4804 1737 4876 Augia
1763 4806 1920 4862 voci-
1950 4841 1998 4906 Β

268 4894 443 4959 tatur,
494 4907 841 4963 prosperum
893 4891 951 4945 in
1005 4890 1250 4947 Domino
1301 4895 1462 4964 optat
1497 4898 1832 4964 provectum
1864 4899 1922 4950 et

265 4978 445 5032 vitam
497 4984 861 5052 perpetuam.
921 4979 1042 5034 Nisi
1096 4979 1234 5050 quia
1291 4980 1752 5053 inextinguibilis
1790 4999 1920 5039 vere

267 5066 528 5121 caritatis
552 5084 658 5122 nos
685 5068 861 5122 ardor
889 5068 1086 5139 sepius
1119 5068 1447 5124 inflammat
1471 5087 1576 5126 nec
1600 5087 1715 5126 non
1738 5072 1919 5127 totius

267 5152 508 5212 ecclesie
526 5153 979 5212 orthodoxorum
1008 5157 1206 5213 suasio
1240 5158 1520 5225 accendit,
1557 5158 1915 5227 nullatenus,

331 5350 747 5427 (179)_C_f.u_sur
783 5352 841 5427 la
869 5352 1164 5427 fondatiqn
1202 5351 1577 5427 deil'abbaye
1607 5355 1914 5427 deAReich-

264 5421 752 5497 nau,_»_MabiIlon,
803 5422 1155 5497 Annales,_0.
1189 5423 1244 5478 S.
1278 5421 1530 5497 B.,_cap:
1557 5443 1654 5492 xx,
1688 5425 1790 5482 lib.
1822 5429 1912 5483 65.

326 5493 484 5616 (180)
518 5493 898 5577 L’ubbayede
939 5494 1239 5576 Reichnau
1270 5495 1412 5576 etait
1443 5493 1513 5550 e'n
1546 5496 1680 5553 effet
1706 5514 1916 5580 consa-

359 5579 389 5616 θ
421 5565 454 5616 a
482 5563 538 5616 Ia
554 5569 743 5616 samte
759 5569 965 5616 Vierne
983 5570 1039 5616 et
1055 5569 1088 5616 a
1105 5566 1484 5616 sathierre.
1503 5568 1585 5616 Cf.
1614 5569 1913 5616 Mabillnn-

264 5563 389 5638 c‘rée
421 5565 454 5638 a
482 5563 538 5620 la
554 5563 965 5638 sainteVierge
983 5570 1039 5621 ct
1055 5569 1088 5620 a
1105 5565 1263 5621 saint
1275 5566 1484 5622 Pierre.
1503 5568 1586 5624 Cf.
1614 5568 1913 5638 Mabillon,

265 5633 615 5709 AnnnqlesLo.
647 5636 703 5691 S.
739 5639 822 5704 B.,
855 5633 958 5692 lib.
995 5653 1087 5709 x_x,
1119 5653 1246 5709 cap.
1277 5639 1367 5694 65.

337 5700 484 5775 (181)
515 5703 588 5758 Ge
612 5709 733 5761 mot
751 5700 839 5761 est
863 5700 1281 5765 certainemént
1302 5723 1639 5784 corrompu:
1666 5711 1706 5768 il
1740 5709 1913 5787 s’agit

1963 3471 2005 3536 C
2046 3471 2232 3540 pater,
2263 3483 2370 3522 nec
2420 3465 2654 3538 scriptis
2705 3466 2831 3521 ausi
2884 3465 3205 3522 fuissemus
3249 3481 3354 3522 nec
3393 3465 3576 3523 dictis
3601 3482 3704 3540 per

2039 3556 2315 3628 aliquem,
2377 3555 2645 3628 quamvis
2688 3553 3203 3623 inlustrissimum,
3257 3559 3420 3611 tante
3471 3555 3615 3628 quid
3645 3560 3701 3612 et

2037 3645 2138 3701 tali
2170 3645 2427 3700 indicare
2460 3643 2770 3700 nobilitati.
2807 3639 2940 3700 Ideo
2972 3648 3104 3716 post
3132 3647 3377 3712 tantam,
3410 3643 3598 3701 immo
3641 3649 3698 3702 et

2037 3740 2154 3790 tam
2191 3734 2606 3806 probatissima
2637 3732 2889 3788 rumoris
2937 3732 3194 3804 Iaudem,
3227 3734 3357 3790 ausi
3389 3751 3605 3791 sumus
3635 3739 3692 3790 et

2038 3825 2288 3878 missum
2322 3827 2376 3878 et
2416 3822 2696 3894 scriptam
2755 3821 3111 3877 beatitudine
3170 3827 3361 3879 vestre
3419 3822 3686 3896 dirigere.

2036 3912 2218 3967 Locus
2265 3911 2442 3967 etiam
2487 3911 2616 3976 iste,
2651 3914 2817 3982 pater
2846 3911 3193 3977 venerande,
3225 3927 3401 3984 quem
3457 3912 3689 3968 nomine

2036 3999 2432 4072 praediximus,
2469 3999 2860 4071 principatum
2894 4016 2996 4070 per
3016 3998 3122 4055 has
3153 4004 3347 4072 partes
3368 4003 3526 4058 terre
3545 3999 3686 4056 obti-

2035 4094 2163 4156 net;
2195 4089 2404 4145 Sancte
2451 4087 2631 4143 Marie
2675 4105 2904 4160 semper
2952 4088 3160 4160 virgini
3192 4093 3481 4161 Petroque
3534 4088 3687 4163 prin-

2036 4178 2150 4250 cipi
2184 4177 2582 4250 apostolorum
2623 4182 2998 4234 consecratus
3029 4178 3197 4249 (180),
3229 4177 3524 4251 regularis
3565 4178 3686 4234 vitae

2036 4283 2304 4323 normam
2335 4267 2684 4323 ducencium
2712 4271 2936 4338 partem
2968 4283 3082 4322 non
3114 4266 3425 4322 minimam
3456 4267 3686 4340 conglo-

2035 4361 2242 4426 merat,
2289 4372 2542 4429 quorum
2579 4355 2861 4428 spiritalis
2892 4355 3165 4411 doctrinae
3197 4355 3474 4412 cumulus
3501 4361 3687 4414 totum

2035 4462 2270 4519 quoque
2296 4447 2614 4501 vicinatum
2636 4445 3094 4518 circumquaque
3111 4449 3378 4516 nostrum
3406 4445 3688 4502 doctrinis

2035 4534 2397 4608 longissimis
2433 4534 2638 4608 pascit.
2675 4534 2864 4606 Igitur
2892 4534 3105 4589 hereno
3134 4534 3284 4606 (181)
3315 4535 3389 4590 ab
3442 4533 3688 4608 Alpibus

2034 4625 2164 4681 Eois
2194 4625 2568 4681 Occidentem
2625 4639 2827 4680 versus
2859 4623 3041 4678 nimio
3073 4627 3407 4678 currentem
3461 4624 3685 4698 fragore

2033 4714 2283 4770 eundem
2317 4712 2425 4768 loci
2445 4713 2711 4768 habitum
2734 4727 2838 4784 per
2866 4728 3027 4766 mare
3049 4711 3404 4767 unaisonum
3439 4713 3685 4768 circum-

2032 4801 2221 4867 luens,
2257 4801 2512 4857 insulam
2545 4800 2704 4857 omni
2735 4806 2944 4856 ornatu
3001 4817 3282 4856 novorum
3314 4799 3679 4858 ediﬁciorum

2028 4895 2320 4962 comptam
2338 4890 2532 4946 media
2549 4890 2759 4957 reddit;
2777 4890 2908 4946 fons
2921 4894 3116 4945 autem
3131 4889 3535 4962 praedictusﬁn
3562 4889 3680 4945 visu

2029 4984 2216 5052 coepta
2239 4979 2334 5034 via
2359 4995 2725 5051 percurrens,
2743 4995 2920 5046 mare,
2939 4979 3093 5051 quod
3118 4977 3334 5034 dicitur
3357 4978 3680 5046 Orcarium,

2027 5068 2201 5124 inluit
2233 5069 2402 5140 (l82).
2439 5068 2574 5123 Inde
2595 5068 2970 5124 sanctissime
2995 5071 3053 5124 et
3080 5068 3422 5125 beatissime
3443 5067 3681 5141 virginis

2029 5157 2207 5213 Marie
2241 5155 2444 5212 matris
2480 5155 2707 5212 Domini
2740 5155 3092 5212 clarescente
3122 5155 3679 5224 sanctitate,nccnon

2027 5355 2096 5410 ici
2130 5355 2208 5409 du
2269 5355 2433 5419 Rhin,
2495 5353 2638 5409 dont
2693 5352 2778 5408 les
2809 5369 2955 5408 eaux
3010 5351 3399 5408 environnent
3447 5351 3562 5407 l’ile
3605 5354 3678 5408 on

2026 5425 2164 5482 était
2195 5425 2347 5480 batie
2378 5423 2694 5490 Reichnau,
2719 5428 2776 5496 et
2806 5423 2846 5478 il
2873 5425 2995 5479 faut
3025 5424 3282 5496 corriger
3309 5425 3572 5496 eARheno.

2097 5498 2243 5568 (l82‘)
2275 5500 2429 5551 Cette
2469 5495 2892 5568 descriptions
2922 5494 3206 5568 quelques
3254 5494 3428 5568 traits
3461 5496 3531 5568 de
3561 5509 3674 5550 res-

2025 5565 2358 5624 semblance
2380 5583 2516 5639 avec
2541 5565 2683 5622 cellé
2697 5565 3103 5639 queWaIafrid
3129 5566 3383 5622 Strabon
3403 5583 3439 5622 a
3457 5566 3676 5622 donnéo

2025 5639 2128 5696 des
2159 5641 2382 5696 memes
2411 5637 2567 5694 lieux
2591 5654 2604 5695 :
