  <div class='ocr_page' id='page_1' title='image "/cluster/home/n/w/nwhite01/storage/ocr_20150623/151/uva.x000829795/774.png"; bbox 0 0 3900 6224; ppageno 0'>
   <div class='ocr_carea' id='block_1_1' title="bbox 189 342 347 413">
    <p class='ocr_par' dir='ltr' id='par_1_1' title="bbox 189 342 347 413">
     <span class='ocr_line' id='line_1_1' title="bbox 189 342 347 413; baseline 0.006 -2"><span class='ocrx_word' id='word_1_1' title='bbox 189 342 347 413; x_wconf 63' lang='lat'>11449</span> 
     </span>
    </p>
   </div>
   <div class='ocr_carea' id='block_1_2' title="bbox 1454 338 2295 405">
    <p class='ocr_par' dir='ltr' id='par_1_2' title="bbox 1454 338 2295 405">
     <span class='ocr_line' id='line_1_2' title="bbox 1454 338 2295 405; baseline -0.001 0"><span class='ocrx_word' id='word_1_2' title='bbox 1454 338 1871 405; x_wconf 67' lang='lat' dir='ltr'>.FORMULA-I</span> <span class='ocrx_word' id='word_1_3' title='bbox 1914 338 2295 405; x_wconf 81' lang='lat' dir='ltr'>VETERES.</span> 
     </span>
    </p>
   </div>
   <div class='ocr_carea' id='block_1_3' title="bbox 3425 345 3597 407">
    <p class='ocr_par' dir='ltr' id='par_1_3' title="bbox 3425 345 3597 407">
     <span class='ocr_line' id='line_1_3' title="bbox 3425 345 3597 407; baseline 0.006 -2"><span class='ocrx_word' id='word_1_4' title='bbox 3425 345 3597 407; x_wconf 51' lang='lat' dir='ltr'>“M50</span> 
     </span>
    </p>
   </div>
   <div class='ocr_carea' id='block_1_4' title="bbox 184 473 3598 553">
    <p class='ocr_par' dir='ltr' id='par_1_4' title="bbox 184 473 3598 553">
     <span class='ocr_line' id='line_1_4' title="bbox 184 473 3598 553; baseline 0.002 -26"><span class='ocrx_word' id='word_1_5' title='bbox 184 475 620 550; x_wconf 79' lang='lat' dir='ltr'>.genéralement</span> <span class='ocrx_word' id='word_1_6' title='bbox 649 493 755 532; x_wconf 92' lang='lat' dir='ltr'>sur</span> <span class='ocrx_word' id='word_1_7' title='bbox 777 474 859 532; x_wconf 91' lang='lat' dir='ltr'>les</span> <span class='ocrx_word' id='word_1_8' title='bbox 891 474 1200 532; x_wconf 89' lang='lat' dir='ltr'>habitudes</span> <span class='ocrx_word' id='word_1_9' title='bbox 1231 476 1301 532; x_wconf 92' lang='lat' dir='ltr'>de</span> <span class='ocrx_word' id='word_1_10' title='bbox 1332 474 1385 531; x_wconf 89' lang='lat' dir='ltr'>la</span> <span class='ocrx_word' id='word_1_11' title='bbox 1410 475 1497 531; x_wconf 91' lang='lat' dir='ltr'>vie</span> <span class='ocrx_word' id='word_1_12' title='bbox 1518 473 1831 530; x_wconf 80' lang='lat' dir='ltr'>interieure</span> <span class='ocrx_word' id='word_1_13' title='bbox 1860 476 1915 542; x_wconf 83' lang='grc' dir='ltr'><strong>Α</strong></span> <span class='ocrx_word' id='word_1_14' title='bbox 1947 474 2092 532; x_wconf 83' lang='lat' dir='ltr'>bene</span> <span class='ocrx_word' id='word_1_15' title='bbox 2123 480 2396 549; x_wconf 76' lang='lat' dir='ltr'>procurat</span> <span class='ocrx_word' id='word_1_16' title='bbox 2425 492 2561 534; x_wconf 89' lang='lat' dir='ltr'>cum</span> <span class='ocrx_word' id='word_1_17' title='bbox 2590 476 2896 534; x_wconf 88' lang='lat' dir='ltr'>scolastico</span> <span class='ocrx_word' id='word_1_18' title='bbox 2926 478 3250 553; x_wconf 88' lang='lat' dir='ltr'>pedagogio</span> <span class='ocrx_word' id='word_1_19' title='bbox 3272 476 3598 535; x_wconf 85' lang='lat' dir='ltr'>amicaliter</span> 
     </span>
    </p>
   </div>
   <div class='ocr_carea' id='block_1_5' title="bbox 196 564 863 622">
    <p class='ocr_par' dir='ltr' id='par_1_5' title="bbox 196 564 863 622">
     <span class='ocr_line' id='line_1_5' title="bbox 196 564 863 622; baseline -0.001 0"><span class='ocrx_word' id='word_1_20' title='bbox 196 568 333 622; x_wconf 88' lang='lat' dir='ltr'>dans</span> <span class='ocrx_word' id='word_1_21' title='bbox 363 564 446 620; x_wconf 87' lang='lat' dir='ltr'>les</span> <span class='ocrx_word' id='word_1_22' title='bbox 480 567 863 621; x_wconf 79' lang='lat' dir='ltr'>monasteres.</span> 
     </span>
    </p>
   </div>
   <div class='ocr_carea' id='block_1_6' title="bbox 464 668 1365 714">
    <p class='ocr_par' dir='ltr' id='par_1_6' title="bbox 464 668 1365 714">
     <span class='ocr_line' id='line_1_6' title="bbox 464 668 1365 714; baseline 0.001 -6"><span class='ocrx_word' id='word_1_23' title='bbox 464 708 473 714; x_wconf 77' lang='grc'>,</span> <span class='ocrx_word' id='word_1_24' title='bbox 641 670 959 709; x_wconf 74' lang='lat' dir='ltr'>INDICULUM</span> <span class='ocrx_word' id='word_1_25' title='bbox 986 668 1058 710; x_wconf 76' lang='lat' dir='ltr'>AD</span> <span class='ocrx_word' id='word_1_26' title='bbox 1081 670 1365 709; x_wconf 77' lang='grc' dir='ltr'>ΛΒΒΑΤΕΜ.</span> 
     </span>
    </p>
   </div>
   <div class='ocr_carea' id='block_1_7' title="bbox 255 741 1831 814">
    <p class='ocr_par' dir='ltr' id='par_1_7' title="bbox 255 741 1831 814">
     <span class='ocr_line' id='line_1_7' title="bbox 255 741 1831 814; baseline -0.001 -17"><span class='ocrx_word' id='word_1_27' title='bbox 255 742 581 799; x_wconf 80' lang='lat' dir='ltr'>Venerabili</span> <span class='ocrx_word' id='word_1_28' title='bbox 612 743 734 799; x_wconf 88' lang='lat' dir='ltr'>viro</span> <span class='ocrx_word' id='word_1_29' title='bbox 766 747 824 798; x_wconf 92' lang='lat' dir='ltr'>et</span> <span class='ocrx_word' id='word_1_30' title='bbox 854 743 1011 798; x_wconf 87' lang='lat' dir='ltr'>omni</span> <span class='ocrx_word' id='word_1_31' title='bbox 1038 744 1296 799; x_wconf 88' lang='lat' dir='ltr'>caritatis</span> <span class='ocrx_word' id='word_1_32' title='bbox 1317 759 1515 799; x_wconf 88' lang='lat' dir='ltr'>amore</span> <span class='ocrx_word' id='word_1_33' title='bbox 1534 741 1831 814; x_wconf 85' lang='lat' dir='ltr'>diligendo</span> 
     </span>
    </p>
   </div>
   <div class='ocr_carea' id='block_1_8' title="bbox 187 830 1830 904">
    <p class='ocr_par' dir='ltr' id='par_1_8' title="bbox 187 830 1830 904">
     <span class='ocr_line' id='line_1_8' title="bbox 187 830 1830 904; baseline -0.002 -16"><span class='ocrx_word' id='word_1_34' title='bbox 187 833 275 889; x_wconf 92' lang='lat' dir='ltr'>illo</span> <span class='ocrx_word' id='word_1_35' title='bbox 306 833 399 887; x_wconf 86' lang='lat' dir='ltr'>Dei</span> <span class='ocrx_word' id='word_1_36' title='bbox 433 836 728 888; x_wconf 93' lang='lat' dir='ltr'>annuente</span> <span class='ocrx_word' id='word_1_37' title='bbox 760 832 948 904; x_wconf 89' lang='lat' dir='ltr'>gratia</span> <span class='ocrx_word' id='word_1_38' title='bbox 977 832 1198 903; x_wconf 80' lang='lat' dir='ltr'>abbati,</span> <span class='ocrx_word' id='word_1_39' title='bbox 1233 832 1326 888; x_wconf 90' lang='lat' dir='ltr'>ille</span> <span class='ocrx_word' id='word_1_40' title='bbox 1347 833 1497 887; x_wconf 90' lang='lat' dir='ltr'>dono</span> <span class='ocrx_word' id='word_1_41' title='bbox 1521 836 1575 886; x_wconf 91' lang='lat' dir='ltr'>et</span> <span class='ocrx_word' id='word_1_42' title='bbox 1602 830 1830 887; x_wconf 88' lang='lat' dir='ltr'>miseri-</span> 
     </span>
    </p>
   </div>
   <div class='ocr_carea' id='block_1_9' title="bbox 189 920 1831 994">
    <p class='ocr_par' dir='ltr' id='par_1_9' title="bbox 189 920 1831 994">
     <span class='ocr_line' id='line_1_9' title="bbox 189 920 1831 994; baseline -0.003 -16"><span class='ocrx_word' id='word_1_43' title='bbox 189 922 375 978; x_wconf 77' lang='lat' dir='ltr'>cordia</span> <span class='ocrx_word' id='word_1_44' title='bbox 402 921 503 977; x_wconf 85' lang='lat' dir='ltr'>Dei</span> <span class='ocrx_word' id='word_1_45' title='bbox 532 921 815 993; x_wconf 81' lang='lat' dir='ltr'>largiente</span> <span class='ocrx_word' id='word_1_46' title='bbox 847 921 1028 976; x_wconf 81' lang='lat' dir='ltr'>abbas</span> <span class='ocrx_word' id='word_1_47' title='bbox 1063 938 1375 994; x_wconf 78' lang='lat' dir='ltr'>perennem</span> <span class='ocrx_word' id='word_1_48' title='bbox 1412 920 1469 975; x_wconf 92' lang='lat' dir='ltr'>in</span> <span class='ocrx_word' id='word_1_49' title='bbox 1503 920 1619 975; x_wconf 92' lang='lat' dir='ltr'>Deo</span> <span class='ocrx_word' id='word_1_50' title='bbox 1666 920 1831 975; x_wconf 90' lang='lat' dir='ltr'>Patre</span> 
     </span>
    </p>
   </div>
   <div class='ocr_carea' id='block_1_10' title="bbox 191 1008 1828 1083">
    <p class='ocr_par' dir='ltr' id='par_1_10' title="bbox 191 1008 1828 1083">
     <span class='ocr_line' id='line_1_10' title="bbox 191 1008 1828 1083; baseline -0.002 -17"><span class='ocrx_word' id='word_1_51' title='bbox 191 1011 453 1067; x_wconf 77' lang='lat' dir='ltr'>salutem.</span> <span class='ocrx_word' id='word_1_52' title='bbox 506 1011 830 1083; x_wconf 86' lang='lat' dir='ltr'>Cognoscat</span> <span class='ocrx_word' id='word_1_53' title='bbox 875 1012 1213 1066; x_wconf 87' lang='lat' dir='ltr'>fraternitas</span> <span class='ocrx_word' id='word_1_54' title='bbox 1261 1015 1451 1065; x_wconf 85' lang='lat' dir='ltr'>vestra</span> <span class='ocrx_word' id='word_1_55' title='bbox 1494 1010 1551 1063; x_wconf 92' lang='lat' dir='ltr'>in</span> <span class='ocrx_word' id='word_1_56' title='bbox 1599 1008 1828 1063; x_wconf 79' lang='lat' dir='ltr'>Christo</span> 
     </span>
    </p>
   </div>
   <div class='ocr_carea' id='block_1_11' title="bbox 185 1096 1826 1171">
    <p class='ocr_par' dir='ltr' id='par_1_11' title="bbox 185 1096 1826 1171">
     <span class='ocr_line' id='line_1_11' title="bbox 185 1096 1826 1171; baseline -0.003 -16"><span class='ocrx_word' id='word_1_57' title='bbox 185 1098 459 1155; x_wconf 87' lang='lat' dir='ltr'>oracionis</span> <span class='ocrx_word' id='word_1_58' title='bbox 491 1098 673 1153; x_wconf 80' lang='lat' dir='ltr'>nostri</span> <span class='ocrx_word' id='word_1_59' title='bbox 705 1099 968 1155; x_wconf 90' lang='lat' dir='ltr'>studium</span> <span class='ocrx_word' id='word_1_60' title='bbox 991 1098 1085 1154; x_wconf 91' lang='lat' dir='ltr'>die</span> <span class='ocrx_word' id='word_1_61' title='bbox 1111 1104 1405 1171; x_wconf 88' lang='lat' dir='ltr'>noctuque</span> <span class='ocrx_word' id='word_1_62' title='bbox 1428 1114 1531 1170; x_wconf 92' lang='lat' dir='ltr'>pro</span> <span class='ocrx_word' id='word_1_63' title='bbox 1555 1098 1717 1152; x_wconf 87' lang='lat' dir='ltr'>vobis</span> <span class='ocrx_word' id='word_1_64' title='bbox 1738 1096 1826 1151; x_wconf 93' lang='lat' dir='ltr'>in-</span> 
     </span>
    </p>
   </div>
   <div class='ocr_carea' id='block_1_12' title="bbox 185 1185 1829 1260">
    <p class='ocr_par' dir='ltr' id='par_1_12' title="bbox 185 1185 1829 1260">
     <span class='ocr_line' id='line_1_12' title="bbox 185 1185 1829 1260; baseline -0.002 -16"><span class='ocrx_word' id='word_1_65' title='bbox 185 1188 510 1244; x_wconf 85' lang='lat' dir='ltr'>desinenter</span> <span class='ocrx_word' id='word_1_66' title='bbox 536 1193 754 1253; x_wconf 89' lang='lat' dir='ltr'>actum,</span> <span class='ocrx_word' id='word_1_67' title='bbox 790 1191 1055 1260; x_wconf 88' lang='lat' dir='ltr'>petentes</span> <span class='ocrx_word' id='word_1_68' title='bbox 1081 1193 1145 1243; x_wconf 91' lang='lat' dir='ltr'>ut</span> <span class='ocrx_word' id='word_1_69' title='bbox 1175 1193 1231 1243; x_wconf 91' lang='lat' dir='ltr'>et</span> <span class='ocrx_word' id='word_1_70' title='bbox 1261 1188 1443 1260; x_wconf 85' lang='lat' dir='ltr'>hujus</span> <span class='ocrx_word' id='word_1_71' title='bbox 1472 1188 1585 1242; x_wconf 88' lang='lat' dir='ltr'>vite</span> <span class='ocrx_word' id='word_1_72' title='bbox 1609 1186 1688 1241; x_wconf 89' lang='lat' dir='ltr'>ita</span> <span class='ocrx_word' id='word_1_73' title='bbox 1709 1185 1829 1242; x_wconf 85' lang='lat' dir='ltr'>feli-</span> 
     </span>
    </p>
   </div>
   <div class='ocr_carea' id='block_1_13' title="bbox 185 1274 1823 1349">
    <p class='ocr_par' dir='ltr' id='par_1_13' title="bbox 185 1274 1823 1349">
     <span class='ocr_line' id='line_1_13' title="bbox 185 1274 1823 1349; baseline -0.002 -16"><span class='ocrx_word' id='word_1_74' title='bbox 185 1278 314 1333; x_wconf 89' lang='lat' dir='ltr'>citer</span> <span class='ocrx_word' id='word_1_75' title='bbox 334 1276 392 1332; x_wconf 90' lang='lat' dir='ltr'>in</span> <span class='ocrx_word' id='word_1_76' title='bbox 410 1275 653 1332; x_wconf 89' lang='lat' dir='ltr'>Domino</span> <span class='ocrx_word' id='word_1_77' title='bbox 672 1277 963 1349; x_wconf 89' lang='lat' dir='ltr'>peragatis</span> <span class='ocrx_word' id='word_1_78' title='bbox 983 1293 1243 1346; x_wconf 87' lang='lat' dir='ltr'>cursum,</span> <span class='ocrx_word' id='word_1_79' title='bbox 1270 1282 1559 1349; x_wconf 80' lang='lat' dir='ltr'>quatenus</span> <span class='ocrx_word' id='word_1_80' title='bbox 1580 1274 1823 1332; x_wconf 86' lang='lat' dir='ltr'>valeatis</span> 
     </span>
    </p>
   </div>
   <div class='ocr_carea' id='block_1_14' title="bbox 186 1364 1821 1438">
    <p class='ocr_par' dir='ltr' id='par_1_14' title="bbox 186 1364 1821 1438">
     <span class='ocr_line' id='line_1_14' title="bbox 186 1364 1821 1438; baseline 0 -19"><span class='ocrx_word' id='word_1_81' title='bbox 186 1370 382 1421; x_wconf 62' lang='lat' dir='ltr'>aeterne</span> <span class='ocrx_word' id='word_1_82' title='bbox 410 1365 609 1420; x_wconf 87' lang='lat' dir='ltr'>venire</span> <span class='ocrx_word' id='word_1_83' title='bbox 640 1364 932 1420; x_wconf 87' lang='lat' dir='ltr'>felicitatis</span> <span class='ocrx_word' id='word_1_84' title='bbox 966 1365 1275 1438; x_wconf 85' lang='lat' dir='ltr'>premium.</span> <span class='ocrx_word' id='word_1_85' title='bbox 1322 1364 1542 1420; x_wconf 85' lang='lat' dir='ltr'>Deinde</span> <span class='ocrx_word' id='word_1_86' title='bbox 1589 1380 1821 1419; x_wconf 87' lang='lat' dir='ltr'>ammo-</span> 
     </span>
    </p>
   </div>
   <div class='ocr_carea' id='block_1_15' title="bbox 183 1451 1816 1526">
    <p class='ocr_par' dir='ltr' id='par_1_15' title="bbox 183 1451 1816 1526">
     <span class='ocr_line' id='line_1_15' title="bbox 183 1451 1816 1526; baseline -0.002 -17"><span class='ocrx_word' id='word_1_87' title='bbox 183 1458 370 1509; x_wconf 90' lang='lat' dir='ltr'>nentes</span> <span class='ocrx_word' id='word_1_88' title='bbox 392 1458 456 1509; x_wconf 92' lang='lat' dir='ltr'>ut</span> <span class='ocrx_word' id='word_1_89' title='bbox 472 1454 654 1509; x_wconf 83' lang='lat' dir='ltr'>nostri</span> <span class='ocrx_word' id='word_1_90' title='bbox 678 1470 965 1509; x_wconf 89' lang='lat' dir='ltr'>memores</span> <span class='ocrx_word' id='word_1_91' title='bbox 983 1471 1111 1510; x_wconf 91' lang='lat' dir='ltr'>esse</span> <span class='ocrx_word' id='word_1_92' title='bbox 1133 1452 1455 1526; x_wconf 83' lang='lat' dir='ltr'>dignemini</span> <span class='ocrx_word' id='word_1_93' title='bbox 1481 1454 1538 1508; x_wconf 92' lang='lat' dir='ltr'>in</span> <span class='ocrx_word' id='word_1_94' title='bbox 1562 1451 1816 1521; x_wconf 81' lang='lat' dir='ltr'>Christo,</span> 
     </span>
    </p>
   </div>
   <div class='ocr_carea' id='block_1_16' title="bbox 180 1541 1824 1613">
    <p class='ocr_par' dir='ltr' id='par_1_16' title="bbox 180 1541 1824 1613">
     <span class='ocr_line' id='line_1_16' title="bbox 180 1541 1824 1613; baseline -0.002 -16"><span class='ocrx_word' id='word_1_95' title='bbox 180 1548 231 1597; x_wconf 88' lang='lat' dir='ltr'>et</span> <span class='ocrx_word' id='word_1_96' title='bbox 258 1541 468 1597; x_wconf 89' lang='lat' dir='ltr'>librum</span> <span class='ocrx_word' id='word_1_97' title='bbox 503 1545 573 1597; x_wconf 85' lang='lat' dir='ltr'>De</span> <span class='ocrx_word' id='word_1_98' title='bbox 602 1544 818 1598; x_wconf 56' lang='lat' dir='ltr'>raritate</span> <span class='ocrx_word' id='word_1_99' title='bbox 849 1544 947 1597; x_wconf 77' lang='lat' dir='ltr'>Dei</span> <span class='ocrx_word' id='word_1_100' title='bbox 976 1543 1185 1599; x_wconf 79' lang='lat' dir='ltr'>obnixe</span> <span class='ocrx_word' id='word_1_101' title='bbox 1234 1542 1569 1613; x_wconf 82' lang='lat' dir='ltr'>ﬂagitamus</span> <span class='ocrx_word' id='word_1_102' title='bbox 1606 1544 1824 1612; x_wconf 82' lang='lat' dir='ltr'>prestet</span> 
     </span>
    </p>
   </div>
   <div class='ocr_carea' id='block_1_17' title="bbox 183 1630 1821 1703">
    <p class='ocr_par' dir='ltr' id='par_1_17' title="bbox 183 1630 1821 1703">
     <span class='ocr_line' id='line_1_17' title="bbox 183 1630 1821 1703; baseline -0.001 -18"><span class='ocrx_word' id='word_1_103' title='bbox 183 1630 336 1685; x_wconf 90' lang='lat' dir='ltr'>nobis</span> <span class='ocrx_word' id='word_1_104' title='bbox 368 1630 584 1686; x_wconf 87' lang='lat' dir='ltr'>caritas</span> <span class='ocrx_word' id='word_1_105' title='bbox 618 1632 867 1703; x_wconf 86' lang='lat' dir='ltr'>pectoris</span> <span class='ocrx_word' id='word_1_106' title='bbox 899 1632 1103 1698; x_wconf 86' lang='lat' dir='ltr'>vestri;</span> <span class='ocrx_word' id='word_1_107' title='bbox 1138 1649 1240 1703; x_wconf 91' lang='lat' dir='ltr'>per</span> <span class='ocrx_word' id='word_1_108' title='bbox 1272 1632 1552 1686; x_wconf 89' lang='lat' dir='ltr'>nuncium</span> <span class='ocrx_word' id='word_1_109' title='bbox 1578 1636 1637 1685; x_wconf 90' lang='lat' dir='ltr'>et</span> <span class='ocrx_word' id='word_1_110' title='bbox 1687 1647 1821 1701; x_wconf 92' lang='lat' dir='ltr'>por-</span> 
     </span>
    </p>
   </div>
   <div class='ocr_carea' id='block_1_18' title="bbox 178 1718 1821 1793">
    <p class='ocr_par' dir='ltr' id='par_1_18' title="bbox 178 1718 1821 1793">
     <span class='ocr_line' id='line_1_18' title="bbox 178 1718 1821 1793; baseline -0.001 -19"><span class='ocrx_word' id='word_1_111' title='bbox 178 1725 407 1776; x_wconf 84' lang='lat' dir='ltr'>tatorcm</span> <span class='ocrx_word' id='word_1_112' title='bbox 441 1719 691 1776; x_wconf 90' lang='lat' dir='ltr'>istorum</span> <span class='ocrx_word' id='word_1_113' title='bbox 725 1721 958 1792; x_wconf 81' lang='lat' dir='ltr'>apicum</span> <span class='ocrx_word' id='word_1_114' title='bbox 991 1720 1293 1793; x_wconf 85' lang='lat' dir='ltr'>pervenire</span> <span class='ocrx_word' id='word_1_115' title='bbox 1326 1718 1712 1790; x_wconf 85' lang='lat' dir='ltr'>taciatjussio</span> <span class='ocrx_word' id='word_1_116' title='bbox 1732 1734 1821 1772; x_wconf 84' lang='lat' dir='ltr'>ve-</span> 
     </span>
    </p>
   </div>
   <div class='ocr_carea' id='block_1_19' title="bbox 179 1808 1818 1881">
    <p class='ocr_par' dir='ltr' id='par_1_19' title="bbox 179 1808 1818 1881">
     <span class='ocr_line' id='line_1_19' title="bbox 179 1808 1818 1881; baseline 0 -18"><span class='ocrx_word' id='word_1_117' title='bbox 179 1814 307 1877; x_wconf 89' lang='lat' dir='ltr'>stra,</span> <span class='ocrx_word' id='word_1_118' title='bbox 339 1808 533 1864; x_wconf 86' lang='lat' dir='ltr'>ethoc</span> <span class='ocrx_word' id='word_1_119' title='bbox 563 1808 801 1881; x_wconf 89' lang='lat' dir='ltr'>vulgare</span> <span class='ocrx_word' id='word_1_120' title='bbox 850 1810 1217 1881; x_wconf 87' lang='lat' dir='ltr'>proverbium</span> <span class='ocrx_word' id='word_1_121' title='bbox 1269 1809 1594 1865; x_wconf 86' lang='lat' dir='ltr'>secundum</span> <span class='ocrx_word' id='word_1_122' title='bbox 1638 1808 1818 1879; x_wconf 88' lang='lat' dir='ltr'>hujus</span> 
     </span>
    </p>
   </div>
   <div class='ocr_carea' id='block_1_20' title="bbox 180 1896 1386 1970">
    <p class='ocr_par' dir='ltr' id='par_1_20' title="bbox 180 1896 1386 1970">
     <span class='ocr_line' id='line_1_20' title="bbox 180 1896 1386 1970; baseline 0 -17"><span class='ocrx_word' id='word_1_123' title='bbox 180 1896 508 1953; x_wconf 81' lang='lat' dir='ltr'>rusticitatis</span> <span class='ocrx_word' id='word_1_124' title='bbox 538 1896 801 1969; x_wconf 81' lang='lat' dir='ltr'>linguam</span> <span class='ocrx_word' id='word_1_125' title='bbox 834 1898 1087 1970; x_wconf 90' lang='lat' dir='ltr'>accipias</span> <span class='ocrx_word' id='word_1_126' title='bbox 1118 1902 1174 1953; x_wconf 87' lang='lat' dir='ltr'>et</span> <span class='ocrx_word' id='word_1_127' title='bbox 1203 1897 1386 1953; x_wconf 88' lang='lat' dir='ltr'>scias:</span> 
     </span>
    </p>
   </div>
   <div class='ocr_carea' id='block_1_21' title="bbox 243 1985 1744 2058">
    <p class='ocr_par' dir='ltr' id='par_1_21' title="bbox 243 1985 1744 2058">
     <span class='ocr_line' id='line_1_21' title="bbox 243 1985 1744 2058; baseline 0.002 -21"><span class='ocrx_word' id='word_1_128' title='bbox 243 2009 267 2037; x_wconf 85' lang='grc'>‹‹</span> <span class='ocrx_word' id='word_1_129' title='bbox 296 1986 380 2041; x_wconf 89' lang='lat' dir='ltr'>Sit</span> <span class='ocrx_word' id='word_1_130' title='bbox 409 1985 571 2042; x_wconf 90' lang='lat' dir='ltr'>salus</span> <span class='ocrx_word' id='word_1_131' title='bbox 602 1991 776 2058; x_wconf 89' lang='lat' dir='ltr'>atque</span> <span class='ocrx_word' id='word_1_132' title='bbox 807 1987 984 2042; x_wconf 89' lang='lat' dir='ltr'>decus</span> <span class='ocrx_word' id='word_1_133' title='bbox 1018 1992 1209 2042; x_wconf 84' lang='lat' dir='ltr'>tecum</span> <span class='ocrx_word' id='word_1_134' title='bbox 1244 1986 1454 2058; x_wconf 90' lang='lat' dir='ltr'>pietate</span> <span class='ocrx_word' id='word_1_135' title='bbox 1482 1990 1744 2057; x_wconf 90' lang='lat' dir='ltr'>paterna,</span> 
     </span>
    </p>
   </div>
   <div class='ocr_carea' id='block_1_22' title="bbox 275 2074 1783 2147">
    <p class='ocr_par' dir='ltr' id='par_1_22' title="bbox 275 2074 1783 2147">
     <span class='ocr_line' id='line_1_22' title="bbox 275 2074 1783 2147; baseline -0.001 -16"><span class='ocrx_word' id='word_1_136' title='bbox 275 2097 301 2124; x_wconf 77' lang='grc' dir='ltr'><strong><em>α</em></strong></span> <span class='ocrx_word' id='word_1_137' title='bbox 331 2074 417 2131; x_wconf 89' lang='lat' dir='ltr'>Sit</span> <span class='ocrx_word' id='word_1_138' title='bbox 447 2075 554 2130; x_wconf 92' lang='lat' dir='ltr'>tibi</span> <span class='ocrx_word' id='word_1_139' title='bbox 588 2076 896 2147; x_wconf 83' lang='lat' dir='ltr'>paciﬁcum</span> <span class='ocrx_word' id='word_1_140' title='bbox 929 2079 1165 2147; x_wconf 87' lang='lat' dir='ltr'>tempus</span> <span class='ocrx_word' id='word_1_141' title='bbox 1196 2080 1253 2131; x_wconf 92' lang='lat' dir='ltr'>et</span> <span class='ocrx_word' id='word_1_142' title='bbox 1276 2090 1450 2131; x_wconf 90' lang='lat' dir='ltr'>omne</span> <span class='ocrx_word' id='word_1_143' title='bbox 1487 2075 1726 2130; x_wconf 90' lang='lat' dir='ltr'>bonum.</span> <span class='ocrx_word' id='word_1_144' title='bbox 1754 2096 1783 2122; x_wconf 90' lang='grc'>››</span> 
     </span>
    </p>
   </div>
   <div class='ocr_carea' id='block_1_23' title="bbox 871 2164 1105 2219">
    <p class='ocr_par' dir='ltr' id='par_1_23' title="bbox 871 2164 1105 2219">
     <span class='ocr_line' id='line_1_23' title="bbox 871 2164 1105 2219; baseline 0.004 -1"><span class='ocrx_word' id='word_1_145' title='bbox 871 2164 1105 2219; x_wconf 73' lang='lat' dir='ltr'><strong>XXXIX.</strong></span> 
     </span>
    </p>
   </div>
   <div class='ocr_carea' id='block_1_24' title="bbox 794 2270 1183 2309">
    <p class='ocr_par' dir='ltr' id='par_1_24' title="bbox 794 2270 1183 2309">
     <span class='ocr_line' id='line_1_24' title="bbox 794 2270 1183 2309; baseline -0.003 0"><span class='ocrx_word' id='word_1_146' title='bbox 794 2270 865 2309; x_wconf 78' lang='lat' dir='ltr'>AD</span> <span class='ocrx_word' id='word_1_147' title='bbox 897 2270 1183 2308; x_wconf 68' lang='lat' dir='ltr'>ABBAThM.</span> 
     </span>
    </p>
   </div>
   <div class='ocr_carea' id='block_1_25' title="bbox 243 2340 1824 2415">
    <p class='ocr_par' dir='ltr' id='par_1_25' title="bbox 243 2340 1824 2415">
     <span class='ocr_line' id='line_1_25' title="bbox 243 2340 1824 2415; baseline -0.001 -18"><span class='ocrx_word' id='word_1_148' title='bbox 243 2340 336 2397; x_wconf 90' lang='lat' dir='ltr'>Ille</span> <span class='ocrx_word' id='word_1_149' title='bbox 367 2341 632 2415; x_wconf 82' lang='lat' dir='ltr'>exiguus,</span> <span class='ocrx_word' id='word_1_150' title='bbox 669 2341 751 2396; x_wconf 90' lang='lat' dir='ltr'>illi</span> <span class='ocrx_word' id='word_1_151' title='bbox 784 2342 977 2397; x_wconf 89' lang='lat' dir='ltr'>abbati</span> <span class='ocrx_word' id='word_1_152' title='bbox 1004 2346 1059 2396; x_wconf 90' lang='lat' dir='ltr'>et</span> <span class='ocrx_word' id='word_1_153' title='bbox 1083 2342 1411 2396; x_wconf 87' lang='lat' dir='ltr'>amicorum</span> <span class='ocrx_word' id='word_1_154' title='bbox 1431 2357 1697 2396; x_wconf 88' lang='lat' dir='ltr'>meorum</span> <span class='ocrx_word' id='word_1_155' title='bbox 1724 2341 1824 2395; x_wconf 87' lang='lat' dir='ltr'>ka-</span> 
     </span>
    </p>
   </div>
   <div class='ocr_carea' id='block_1_26' title="bbox 177 2429 1827 2504">
    <p class='ocr_par' dir='ltr' id='par_1_26' title="bbox 177 2429 1827 2504">
     <span class='ocr_line' id='line_1_26' title="bbox 177 2429 1827 2504; baseline 0 -19"><span class='ocrx_word' id='word_1_156' title='bbox 177 2430 394 2486; x_wconf 88' lang='lat' dir='ltr'>rissimo</span> <span class='ocrx_word' id='word_1_157' title='bbox 426 2430 724 2504; x_wconf 86' lang='lat' dir='ltr'>copiosam</span> <span class='ocrx_word' id='word_1_158' title='bbox 758 2431 817 2485; x_wconf 90' lang='lat' dir='ltr'>in</span> <span class='ocrx_word' id='word_1_159' title='bbox 848 2431 1076 2486; x_wconf 85' lang='lat' dir='ltr'>Christo</span> <span class='ocrx_word' id='word_1_160' title='bbox 1106 2429 1592 2501; x_wconf 84' lang='lat' dir='ltr'>salutem.Recepi</span> <span class='ocrx_word' id='word_1_161' title='bbox 1639 2433 1827 2485; x_wconf 84' lang='lat' dir='ltr'>vestro</span> 
     </span>
    </p>
   </div>
   <div class='ocr_carea' id='block_1_27' title="bbox 178 2517 1829 2592">
    <p class='ocr_par' dir='ltr' id='par_1_27' title="bbox 178 2517 1829 2592">
     <span class='ocr_line' id='line_1_27' title="bbox 178 2517 1829 2592; baseline 0 -19"><span class='ocrx_word' id='word_1_162' title='bbox 178 2518 489 2576; x_wconf 90' lang='lat' dir='ltr'>dulcedinis</span> <span class='ocrx_word' id='word_1_163' title='bbox 516 2519 827 2587; x_wconf 84' lang='lat' dir='ltr'>litterulas,</span> <span class='ocrx_word' id='word_1_164' title='bbox 849 2536 996 2592; x_wconf 90' lang='lat' dir='ltr'>quas</span> <span class='ocrx_word' id='word_1_165' title='bbox 1016 2536 1257 2592; x_wconf 86' lang='lat' dir='ltr'>presens</span> <span class='ocrx_word' id='word_1_166' title='bbox 1276 2517 1422 2574; x_wconf 90' lang='lat' dir='ltr'>lator</span> <span class='ocrx_word' id='word_1_167' title='bbox 1441 2517 1750 2585; x_wconf 87' lang='lat' dir='ltr'>detulerat,</span> <span class='ocrx_word' id='word_1_168' title='bbox 1773 2523 1829 2573; x_wconf 88' lang='lat' dir='ltr'>et</span> 
     </span>
    </p>
   </div>
   <div class='ocr_carea' id='block_1_28' title="bbox 177 2605 1826 2682">
    <p class='ocr_par' dir='ltr' id='par_1_28' title="bbox 177 2605 1826 2682">
     <span class='ocr_line' id='line_1_28' title="bbox 177 2605 1826 2682; baseline 0.002 -23"><span class='ocrx_word' id='word_1_169' title='bbox 177 2605 417 2664; x_wconf 83' lang='lat' dir='ltr'>intellexi</span> <span class='ocrx_word' id='word_1_170' title='bbox 463 2626 694 2682; x_wconf 86' lang='lat' dir='ltr'>queque</span> <span class='ocrx_word' id='word_1_171' title='bbox 742 2609 1141 2665; x_wconf 88' lang='lat' dir='ltr'>continebant.</span> <span class='ocrx_word' id='word_1_172' title='bbox 1200 2609 1309 2663; x_wconf 79' lang='lat' dir='ltr'>Sed</span> <span class='ocrx_word' id='word_1_173' title='bbox 1362 2607 1591 2663; x_wconf 89' lang='lat' dir='ltr'>mittam</span> <span class='ocrx_word' id='word_1_174' title='bbox 1638 2607 1826 2673; x_wconf 82' lang='lat' dir='ltr'>vobis,</span> 
     </span>
    </p>
   </div>
   <div class='ocr_carea' id='block_1_29' title="bbox 183 2695 1831 2770">
    <p class='ocr_par' dir='ltr' id='par_1_29' title="bbox 183 2695 1831 2770">
     <span class='ocr_line' id='line_1_29' title="bbox 183 2695 1831 2770; baseline -0.001 -19"><span class='ocrx_word' id='word_1_175' title='bbox 183 2710 304 2752; x_wconf 90' lang='lat' dir='ltr'>cum</span> <span class='ocrx_word' id='word_1_176' title='bbox 336 2698 507 2755; x_wconf 91' lang='lat' dir='ltr'>citius</span> <span class='ocrx_word' id='word_1_177' title='bbox 542 2702 762 2770; x_wconf 89' lang='lat' dir='ltr'>potero,</span> <span class='ocrx_word' id='word_1_178' title='bbox 798 2696 965 2753; x_wconf 90' lang='lat' dir='ltr'>illum</span> <span class='ocrx_word' id='word_1_179' title='bbox 998 2713 1374 2753; x_wconf 90' lang='lat' dir='ltr'>communem</span> <span class='ocrx_word' id='word_1_180' title='bbox 1423 2695 1675 2763; x_wconf 79' lang='lat' dir='ltr'>fidelem,</span> <span class='ocrx_word' id='word_1_181' title='bbox 1728 2714 1831 2768; x_wconf 92' lang='lat' dir='ltr'>per</span> 
     </span>
    </p>
   </div>
   <div class='ocr_carea' id='block_1_30' title="bbox 185 2785 1829 2859">
    <p class='ocr_par' dir='ltr' id='par_1_30' title="bbox 185 2785 1829 2859">
     <span class='ocr_line' id='line_1_30' title="bbox 185 2785 1829 2859; baseline 0 -19"><span class='ocrx_word' id='word_1_182' title='bbox 185 2802 346 2856; x_wconf 88' lang='lat' dir='ltr'>quem</span> <span class='ocrx_word' id='word_1_183' title='bbox 372 2787 765 2843; x_wconf 90' lang='lat' dir='ltr'>conditionem</span> <span class='ocrx_word' id='word_1_184' title='bbox 793 2787 1068 2842; x_wconf 91' lang='lat' dir='ltr'>emtionis</span> <span class='ocrx_word' id='word_1_185' title='bbox 1092 2786 1454 2859; x_wconf 89' lang='lat' dir='ltr'>pelliciarum</span> <span class='ocrx_word' id='word_1_186' title='bbox 1479 2789 1535 2841; x_wconf 92' lang='lat' dir='ltr'>et</span> <span class='ocrx_word' id='word_1_187' title='bbox 1556 2785 1689 2851; x_wconf 91' lang='lat' dir='ltr'>alia,</span> <span class='ocrx_word' id='word_1_188' title='bbox 1716 2802 1829 2857; x_wconf 92' lang='lat' dir='ltr'>quc</span> 
     </span>
    </p>
   </div>
   <div class='ocr_carea' id='block_1_31' title="bbox 189 2874 1832 2944">
    <p class='ocr_par' dir='ltr' id='par_1_31' title="bbox 189 2874 1832 2944">
     <span class='ocr_line' id='line_1_31' title="bbox 189 2874 1832 2944; baseline 0.001 -17"><span class='ocrx_word' id='word_1_189' title='bbox 189 2874 433 2944; x_wconf 86' lang='lat' dir='ltr'>voluero,</span> <span class='ocrx_word' id='word_1_190' title='bbox 465 2876 840 2932; x_wconf 91' lang='lat' dir='ltr'>rcmandabo.</span> <span class='ocrx_word' id='word_1_191' title='bbox 878 2874 1148 2931; x_wconf 85' lang='lat' dir='ltr'>Gratulor</span> <span class='ocrx_word' id='word_1_192' title='bbox 1169 2874 1324 2931; x_wconf 91' lang='lat' dir='ltr'>enim</span> <span class='ocrx_word' id='word_1_193' title='bbox 1350 2874 1521 2929; x_wconf 82' lang='lat' dir='ltr'>modo</span> <span class='ocrx_word' id='word_1_194' title='bbox 1543 2879 1737 2930; x_wconf 88' lang='lat' dir='ltr'>certus</span> <span class='ocrx_word' id='word_1_195' title='bbox 1761 2874 1832 2929; x_wconf 88' lang='lat' dir='ltr'>de</span> 
     </span>
    </p>
   </div>
   <div class='ocr_carea' id='block_1_32' title="bbox 190 2961 1831 3038">
    <p class='ocr_par' dir='ltr' id='par_1_32' title="bbox 190 2961 1831 3038">
     <span class='ocr_line' id='line_1_32' title="bbox 190 2961 1831 3038; baseline 0.001 -21"><span class='ocrx_word' id='word_1_196' title='bbox 190 2966 283 3018; x_wconf 88' lang='lat' dir='ltr'>tua</span> <span class='ocrx_word' id='word_1_197' title='bbox 307 2964 610 3038; x_wconf 87' lang='lat' dir='ltr'>sospitate,</span> <span class='ocrx_word' id='word_1_198' title='bbox 644 2980 819 3036; x_wconf 89' lang='lat' dir='ltr'>quam</span> <span class='ocrx_word' id='word_1_199' title='bbox 853 2970 1093 3020; x_wconf 88' lang='lat' dir='ltr'>actenus</span> <span class='ocrx_word' id='word_1_200' title='bbox 1132 2965 1410 3037; x_wconf 88' lang='lat' dir='ltr'>ignorans</span> <span class='ocrx_word' id='word_1_201' title='bbox 1454 2961 1641 3018; x_wconf 91' lang='lat' dir='ltr'>multo</span> <span class='ocrx_word' id='word_1_202' title='bbox 1679 2963 1831 3019; x_wconf 89' lang='lat' dir='ltr'>tedio</span> 
     </span>
    </p>
   </div>
   <div class='ocr_carea' id='block_1_33' title="bbox 187 3051 1831 3125">
    <p class='ocr_par' dir='ltr' id='par_1_33' title="bbox 187 3051 1831 3125">
     <span class='ocr_line' id='line_1_33' title="bbox 187 3051 1831 3125; baseline 0.001 -20"><span class='ocrx_word' id='word_1_203' title='bbox 187 3051 442 3125; x_wconf 85' lang='lat' dir='ltr'>sicutpro</span> <span class='ocrx_word' id='word_1_204' title='bbox 462 3053 745 3109; x_wconf 90' lang='lat' dir='ltr'>unanimo</span> <span class='ocrx_word' id='word_1_205' title='bbox 763 3053 949 3108; x_wconf 89' lang='lat' dir='ltr'>amico</span> <span class='ocrx_word' id='word_1_206' title='bbox 969 3054 1232 3108; x_wconf 88' lang='lat' dir='ltr'>adfectus</span> <span class='ocrx_word' id='word_1_207' title='bbox 1250 3069 1404 3107; x_wconf 88' lang='lat' dir='ltr'>sum.</span> <span class='ocrx_word' id='word_1_208' title='bbox 1429 3052 1616 3116; x_wconf 87' lang='lat' dir='ltr'>Queso</span> <span class='ocrx_word' id='word_1_209' title='bbox 1636 3056 1831 3107; x_wconf 91' lang='lat' dir='ltr'>tamen</span> 
     </span>
    </p>
   </div>
   <div class='ocr_carea' id='block_1_34' title="bbox 187 3141 1824 3213">
    <p class='ocr_par' dir='ltr' id='par_1_34' title="bbox 187 3141 1824 3213">
     <span class='ocr_line' id='line_1_34' title="bbox 187 3141 1824 3213; baseline 0.001 -20"><span class='ocrx_word' id='word_1_210' title='bbox 187 3144 333 3197; x_wconf 90' lang='lat' dir='ltr'>tuam</span> <span class='ocrx_word' id='word_1_211' title='bbox 367 3143 740 3199; x_wconf 87' lang='lat' dir='ltr'>dulcedinem</span> <span class='ocrx_word' id='word_1_212' title='bbox 771 3142 1070 3198; x_wconf 85' lang='lat' dir='ltr'>caritatem</span> <span class='ocrx_word' id='word_1_213' title='bbox 1104 3147 1169 3197; x_wconf 90' lang='lat' dir='ltr'>ut</span> <span class='ocrx_word' id='word_1_214' title='bbox 1195 3141 1559 3213; x_wconf 84' lang='lat' dir='ltr'>frequentius</span> <span class='ocrx_word' id='word_1_215' title='bbox 1587 3141 1824 3213; x_wconf 89' lang='lat' dir='ltr'>scriptis</span> 
     </span>
    </p>
   </div>
   <div class='ocr_carea' id='block_1_35' title="bbox 185 3212 1893 3303">
    <p class='ocr_par' dir='ltr' id='par_1_35' title="bbox 185 3212 1893 3303">
     <span class='ocr_line' id='line_1_35' title="bbox 185 3212 1893 3303; baseline 0.001 -19"><span class='ocrx_word' id='word_1_216' title='bbox 185 3235 238 3285; x_wconf 86' lang='lat' dir='ltr'>et</span> <span class='ocrx_word' id='word_1_217' title='bbox 265 3230 457 3288; x_wconf 85' lang='lat' dir='ltr'>missis</span> <span class='ocrx_word' id='word_1_218' title='bbox 491 3236 696 3287; x_wconf 90' lang='lat' dir='ltr'>mutuo</span> <span class='ocrx_word' id='word_1_219' title='bbox 726 3248 832 3286; x_wconf 89' lang='lat' dir='ltr'>nos</span> <span class='ocrx_word' id='word_1_220' title='bbox 866 3232 1190 3298; x_wconf 87' lang='lat' dir='ltr'>visitemur,</span> <span class='ocrx_word' id='word_1_221' title='bbox 1241 3212 1313 3286; x_wconf 89' lang='lat' dir='ltr'>et</span> <span class='ocrx_word' id='word_1_222' title='bbox 1345 3247 1460 3286; x_wconf 91' lang='lat' dir='ltr'>non</span> <span class='ocrx_word' id='word_1_223' title='bbox 1507 3212 1820 3303; x_wconf 82' lang='lat' dir='ltr'>sejungant</span> <span class='ocrx_word' id='word_1_224' title='bbox 1848 3212 1893 3280; x_wconf 68' lang='grc' dir='ltr'>α</span> 
     </span>
    </p>
   </div>
   <div class='ocr_carea' id='block_1_36' title="bbox 183 3316 1824 3392">
    <p class='ocr_par' dir='ltr' id='par_1_36' title="bbox 183 3316 1824 3392">
     <span class='ocr_line' id='line_1_36' title="bbox 183 3316 1824 3392; baseline 0.001 -20"><span class='ocrx_word' id='word_1_225' title='bbox 183 3316 347 3392; x_wconf 86' lang='lat' dir='ltr'>longa</span> <span class='ocrx_word' id='word_1_226' title='bbox 375 3326 663 3376; x_wconf 90' lang='lat' dir='ltr'>terrarum</span> <span class='ocrx_word' id='word_1_227' title='bbox 689 3320 907 3391; x_wconf 89' lang='lat' dir='ltr'>spacia,</span> <span class='ocrx_word' id='word_1_228' title='bbox 938 3336 1086 3391; x_wconf 91' lang='lat' dir='ltr'>quos</span> <span class='ocrx_word' id='word_1_229' title='bbox 1112 3319 1328 3375; x_wconf 87' lang='lat' dir='ltr'>Christi</span> <span class='ocrx_word' id='word_1_230' title='bbox 1352 3318 1530 3375; x_wconf 86' lang='lat' dir='ltr'>nectit</span> <span class='ocrx_word' id='word_1_231' title='bbox 1551 3336 1736 3375; x_wconf 89' lang='lat' dir='ltr'>amor.</span> <span class='ocrx_word' id='word_1_232' title='bbox 1758 3320 1824 3374; x_wconf 86' lang='lat' dir='ltr'>Et</span> 
     </span>
    </p>
   </div>
   <div class='ocr_carea' id='block_1_37' title="bbox 185 3407 1824 3479">
    <p class='ocr_par' dir='ltr' id='par_1_37' title="bbox 185 3407 1824 3479">
     <span class='ocr_line' id='line_1_37' title="bbox 185 3407 1824 3479; baseline 0.001 -18"><span class='ocrx_word' id='word_1_233' title='bbox 185 3424 312 3478; x_wconf 88' lang='lat' dir='ltr'>rogo</span> <span class='ocrx_word' id='word_1_234' title='bbox 343 3414 396 3465; x_wconf 93' lang='lat' dir='ltr'>te</span> <span class='ocrx_word' id='word_1_235' title='bbox 427 3414 492 3465; x_wconf 92' lang='lat' dir='ltr'>ut</span> <span class='ocrx_word' id='word_1_236' title='bbox 522 3408 785 3465; x_wconf 86' lang='lat' dir='ltr'>istoriam</span> <span class='ocrx_word' id='word_1_237' title='bbox 819 3410 988 3464; x_wconf 90' lang='lat' dir='ltr'>dictis</span> <span class='ocrx_word' id='word_1_238' title='bbox 1020 3425 1230 3464; x_wconf 88' lang='lat' dir='ltr'>nomen</span> <span class='ocrx_word' id='word_1_239' title='bbox 1264 3409 1336 3463; x_wconf 80' lang='lat' dir='ltr'>De</span> <span class='ocrx_word' id='word_1_240' title='bbox 1363 3409 1501 3465; x_wconf 77' lang='lat' dir='ltr'>bello</span> <span class='ocrx_word' id='word_1_241' title='bbox 1523 3407 1824 3479; x_wconf 81' lang='lat' dir='ltr'>Gregorum</span> 
     </span>
    </p>
   </div>
   <div class='ocr_carea' id='block_1_38' title="bbox 182 3496 1822 3571">
    <p class='ocr_par' dir='ltr' id='par_1_38' title="bbox 182 3496 1822 3571">
     <span class='ocr_line' id='line_1_38' title="bbox 182 3496 1822 3571; baseline 0 -20"><span class='ocrx_word' id='word_1_242' title='bbox 182 3504 228 3551; x_wconf 75' lang='lat' dir='ltr'>et</span> <span class='ocrx_word' id='word_1_243' title='bbox 258 3499 633 3564; x_wconf 84' lang='lat' dir='ltr'>Troianorum,</span> <span class='ocrx_word' id='word_1_244' title='bbox 668 3515 846 3571; x_wconf 88' lang='lat' dir='ltr'>quam</span> <span class='ocrx_word' id='word_1_245' title='bbox 876 3514 1052 3570; x_wconf 88' lang='lat' dir='ltr'>penes</span> <span class='ocrx_word' id='word_1_246' title='bbox 1086 3503 1138 3552; x_wconf 92' lang='lat' dir='ltr'>te</span> <span class='ocrx_word' id='word_1_247' title='bbox 1160 3496 1450 3563; x_wconf 88' lang='lat' dir='ltr'>novimus,</span> <span class='ocrx_word' id='word_1_248' title='bbox 1477 3497 1822 3553; x_wconf 89' lang='lat' dir='ltr'>transscribi</span> 
     </span>
    </p>
   </div>
   <div class='ocr_carea' id='block_1_39' title="bbox 176 3584 1823 3660">
    <p class='ocr_par' dir='ltr' id='par_1_39' title="bbox 176 3584 1823 3660">
     <span class='ocr_line' id='line_1_39' title="bbox 176 3584 1823 3660; baseline 0.002 -22"><span class='ocrx_word' id='word_1_249' title='bbox 176 3584 375 3655; x_wconf 88' lang='lat' dir='ltr'>jubeas</span> <span class='ocrx_word' id='word_1_250' title='bbox 405 3593 462 3644; x_wconf 91' lang='lat' dir='ltr'>et</span> <span class='ocrx_word' id='word_1_251' title='bbox 495 3605 597 3660; x_wconf 90' lang='lat' dir='ltr'>per</span> <span class='ocrx_word' id='word_1_252' title='bbox 629 3592 1020 3643; x_wconf 90' lang='lat' dir='ltr'>memoratum</span> <span class='ocrx_word' id='word_1_253' title='bbox 1055 3590 1111 3642; x_wconf 89' lang='lat' dir='ltr'>et</span> <span class='ocrx_word' id='word_1_254' title='bbox 1152 3603 1523 3641; x_wconf 90' lang='lat' dir='ltr'>communem</span> <span class='ocrx_word' id='word_1_255' title='bbox 1572 3585 1823 3650; x_wconf 84' lang='lat' dir='ltr'>ﬁdelem,</span> 
     </span>
    </p>
   </div>
   <div class='ocr_carea' id='block_1_40' title="bbox 184 3674 1823 3746">
    <p class='ocr_par' dir='ltr' id='par_1_40' title="bbox 184 3674 1823 3746">
     <span class='ocr_line' id='line_1_40' title="bbox 184 3674 1823 3746; baseline 0.002 -20"><span class='ocrx_word' id='word_1_256' title='bbox 184 3690 307 3732; x_wconf 91' lang='lat' dir='ltr'>cum</span> <span class='ocrx_word' id='word_1_257' title='bbox 339 3678 408 3732; x_wconf 89' lang='lat' dir='ltr'>ad</span> <span class='ocrx_word' id='word_1_258' title='bbox 442 3695 546 3733; x_wconf 93' lang='lat' dir='ltr'>vos</span> <span class='ocrx_word' id='word_1_259' title='bbox 569 3677 804 3744; x_wconf 85' lang='lat' dir='ltr'>misero,</span> <span class='ocrx_word' id='word_1_260' title='bbox 831 3675 998 3731; x_wconf 88' lang='lat' dir='ltr'>nobis</span> <span class='ocrx_word' id='word_1_261' title='bbox 1015 3674 1349 3742; x_wconf 89' lang='lat' dir='ltr'>remittatis,</span> <span class='ocrx_word' id='word_1_262' title='bbox 1375 3674 1823 3746; x_wconf 90' lang='lat' dir='ltr'>quianusquam</span> 
     </span>
    </p>
   </div>
   <div class='ocr_carea' id='block_1_41' title="bbox 184 3761 1825 3836">
    <p class='ocr_par' dir='ltr' id='par_1_41' title="bbox 184 3761 1825 3836">
     <span class='ocr_line' id='line_1_41' title="bbox 184 3761 1825 3836; baseline 0.002 -21"><span class='ocrx_word' id='word_1_263' title='bbox 184 3762 335 3820; x_wconf 77' lang='lat' dir='ltr'>illam</span> <span class='ocrx_word' id='word_1_264' title='bbox 370 3767 521 3822; x_wconf 89' lang='lat' dir='ltr'>inter</span> <span class='ocrx_word' id='word_1_265' title='bbox 553 3771 785 3821; x_wconf 90' lang='lat' dir='ltr'>nostros</span> <span class='ocrx_word' id='word_1_266' title='bbox 816 3764 1074 3821; x_wconf 87' lang='lat' dir='ltr'>invenire</span> <span class='ocrx_word' id='word_1_267' title='bbox 1106 3765 1425 3836; x_wconf 86' lang='lat' dir='ltr'>possimus.</span> <span class='ocrx_word' id='word_1_268' title='bbox 1450 3761 1588 3819; x_wconf 89' lang='lat' dir='ltr'>Vale</span> <span class='ocrx_word' id='word_1_269' title='bbox 1611 3763 1669 3818; x_wconf 93' lang='lat' dir='ltr'>in</span> <span class='ocrx_word' id='word_1_270' title='bbox 1711 3764 1825 3818; x_wconf 87' lang='lat' dir='ltr'>Du-</span> 
     </span>
    </p>
   </div>
   <div class='ocr_carea' id='block_1_42' title="bbox 186 3853 1827 3925">
    <p class='ocr_par' dir='ltr' id='par_1_42' title="bbox 186 3853 1827 3925">
     <span class='ocr_line' id='line_1_42' title="bbox 186 3853 1827 3925; baseline 0.001 -19"><span class='ocrx_word' id='word_1_271' title='bbox 186 3853 355 3921; x_wconf 90' lang='lat' dir='ltr'>mino,</span> <span class='ocrx_word' id='word_1_272' title='bbox 371 3854 717 3911; x_wconf 85' lang='lat' dir='ltr'>dulcissime</span> <span class='ocrx_word' id='word_1_273' title='bbox 735 3855 928 3922; x_wconf 84' lang='lat' dir='ltr'>frater,</span> <span class='ocrx_word' id='word_1_274' title='bbox 951 3854 1112 3924; x_wconf 86' lang='lat' dir='ltr'>m[e]i</span> <span class='ocrx_word' id='word_1_275' title='bbox 1133 3870 1365 3925; x_wconf 90' lang='lat' dir='ltr'>semper</span> <span class='ocrx_word' id='word_1_276' title='bbox 1386 3868 1489 3925; x_wconf 88' lang='lat' dir='ltr'>per</span> <span class='ocrx_word' id='word_1_277' title='bbox 1506 3857 1559 3907; x_wconf 88' lang='lat' dir='ltr'>te</span> <span class='ocrx_word' id='word_1_278' title='bbox 1578 3857 1827 3924; x_wconf 90' lang='lat' dir='ltr'>tuosque</span> 
     </span>
    </p>
   </div>
   <div class='ocr_carea' id='block_1_43' title="bbox 183 3939 1828 4016">
    <p class='ocr_par' dir='ltr' id='par_1_43' title="bbox 183 3939 1828 4016">
     <span class='ocr_line' id='line_1_43' title="bbox 183 3939 1828 4016; baseline 0.001 -21"><span class='ocrx_word' id='word_1_279' title='bbox 183 3939 425 4015; x_wconf 84' lang='lat' dir='ltr'>benigne</span> <span class='ocrx_word' id='word_1_280' title='bbox 454 3960 680 3999; x_wconf 89' lang='lat' dir='ltr'>memor</span> <span class='ocrx_word' id='word_1_281' title='bbox 699 3947 755 3999; x_wconf 88' lang='lat' dir='ltr'>et</span> <span class='ocrx_word' id='word_1_282' title='bbox 778 3943 1114 4016; x_wconf 87' lang='lat' dir='ltr'>diligentem</span> <span class='ocrx_word' id='word_1_283' title='bbox 1137 3947 1189 3998; x_wconf 89' lang='lat' dir='ltr'>te</span> <span class='ocrx_word' id='word_1_284' title='bbox 1206 3942 1406 4015; x_wconf 79' lang='lat' dir='ltr'>dilige,</span> <span class='ocrx_word' id='word_1_285' title='bbox 1430 3946 1487 3998; x_wconf 92' lang='lat' dir='ltr'>et</span> <span class='ocrx_word' id='word_1_286' title='bbox 1504 3941 1656 3998; x_wconf 91' lang='lat' dir='ltr'>Deus</span> <span class='ocrx_word' id='word_1_287' title='bbox 1669 3941 1828 4014; x_wconf 89' lang='lat' dir='ltr'>pacis</span> 
     </span>
    </p>
   </div>
   <div class='ocr_carea' id='block_1_44' title="bbox 187 4026 826 4107">
    <p class='ocr_par' dir='ltr' id='par_1_44' title="bbox 187 4026 826 4107">
     <span class='ocr_line' id='line_1_44' title="bbox 187 4026 826 4107; baseline 0.006 -22"><span class='ocrx_word' id='word_1_288' title='bbox 187 4026 239 4085; x_wconf 86' lang='lat' dir='ltr'>te</span> <span class='ocrx_word' id='word_1_289' title='bbox 267 4035 560 4090; x_wconf 87' lang='lat' dir='ltr'>custodiat</span> <span class='ocrx_word' id='word_1_290' title='bbox 590 4035 826 4107; x_wconf 87' lang='lat' dir='ltr'>ubique.</span> 
     </span>
    </p>
   </div>
   <div class='ocr_carea' id='block_1_45' title="bbox 420 4122 1060 4177">
    <p class='ocr_par' dir='ltr' id='par_1_45' title="bbox 420 4122 1060 4177">
     <span class='ocr_line' id='line_1_45' title="bbox 420 4122 1060 4177; baseline 0 0"><span class='ocrx_word' id='word_1_291' title='bbox 420 4128 443 4148; x_wconf 83' lang='lat'><strong><em>°</em></strong></span> <span class='ocrx_word' id='word_1_292' title='bbox 952 4122 1060 4177; x_wconf 80' lang='lat' dir='ltr'>XL.</span> 
     </span>
    </p>
   </div>
   <div class='ocr_carea' id='block_1_46' title="bbox 786 4212 1225 4283">
    <p class='ocr_par' dir='ltr' id='par_1_46' title="bbox 786 4212 1225 4283">
     <span class='ocr_line' id='line_1_46' title="bbox 786 4212 1225 4283; baseline -0.002 -16"><span class='ocrx_word' id='word_1_293' title='bbox 786 4212 936 4283; x_wconf 71' lang='lat' dir='ltr'>[Sine</span> <span class='ocrx_word' id='word_1_294' title='bbox 956 4213 1199 4267; x_wconf 81' lang='lat' dir='ltr'>rubrica.</span> <span class='ocrx_word' id='word_1_295' title='bbox 1217 4212 1225 4277; x_wconf 81' lang='grc'>1</span> 
     </span>
    </p>
   </div>
   <div class='ocr_carea' id='block_1_47' title="bbox 254 4297 1832 4357">
    <p class='ocr_par' dir='ltr' id='par_1_47' title="bbox 254 4297 1832 4357">
     <span class='ocr_line' id='line_1_47' title="bbox 254 4297 1832 4357; baseline -0.001 -2"><span class='ocrx_word' id='word_1_296' title='bbox 254 4299 498 4357; x_wconf 90' lang='lat' dir='ltr'>Domino</span> <span class='ocrx_word' id='word_1_297' title='bbox 529 4299 843 4357; x_wconf 84' lang='lat' dir='ltr'>venerabili</span> <span class='ocrx_word' id='word_1_298' title='bbox 876 4300 959 4357; x_wconf 90' lang='lat' dir='ltr'>illi</span> <span class='ocrx_word' id='word_1_299' title='bbox 992 4298 1188 4356; x_wconf 87' lang='lat' dir='ltr'>abbati</span> <span class='ocrx_word' id='word_1_300' title='bbox 1218 4303 1275 4353; x_wconf 91' lang='lat' dir='ltr'>et</span> <span class='ocrx_word' id='word_1_301' title='bbox 1306 4298 1588 4354; x_wconf 79' lang='lat' dir='ltr'>fratribus</span> <span class='ocrx_word' id='word_1_302' title='bbox 1612 4297 1832 4354; x_wconf 90' lang='lat' dir='ltr'>Insula-</span> 
     </span>
    </p>
   </div>
   <div class='ocr_carea' id='block_1_48' title="bbox 189 4385 1835 4463">
    <p class='ocr_par' dir='ltr' id='par_1_48' title="bbox 189 4385 1835 4463">
     <span class='ocr_line' id='line_1_48' title="bbox 189 4385 1835 4463; baseline 0.002 -24"><span class='ocrx_word' id='word_1_303' title='bbox 189 4389 464 4447; x_wconf 90' lang='lat' dir='ltr'>nensibus</span> <span class='ocrx_word' id='word_1_304' title='bbox 490 4391 661 4463; x_wconf 85' lang='grc'>(190),</span> <span class='ocrx_word' id='word_1_305' title='bbox 694 4388 793 4445; x_wconf 90' lang='lat' dir='ltr'>ille</span> <span class='ocrx_word' id='word_1_306' title='bbox 824 4389 925 4444; x_wconf 91' lang='lat' dir='ltr'>Dei</span> <span class='ocrx_word' id='word_1_307' title='bbox 959 4388 1110 4443; x_wconf 83' lang='lat' dir='ltr'>dono</span> <span class='ocrx_word' id='word_1_308' title='bbox 1142 4386 1323 4442; x_wconf 88' lang='lat' dir='ltr'>abbas</span> <span class='ocrx_word' id='word_1_309' title='bbox 1364 4385 1635 4442; x_wconf 87' lang='lat' dir='ltr'>salutem.</span> <span class='ocrx_word' id='word_1_310' title='bbox 1677 4387 1835 4443; x_wconf 87' lang='lat' dir='ltr'>Sciat</span> 
     </span>
    </p>
   </div>
   <div class='ocr_carea' id='block_1_49' title="bbox 188 4473 1833 4552">
    <p class='ocr_par' dir='ltr' id='par_1_49' title="bbox 188 4473 1833 4552">
     <span class='ocr_line' id='line_1_49' title="bbox 188 4473 1833 4552; baseline 0.002 -25"><span class='ocrx_word' id='word_1_311' title='bbox 188 4473 451 4536; x_wconf 87' lang='lat' dir='ltr'>inmensa</span> <span class='ocrx_word' id='word_1_312' title='bbox 482 4480 802 4552; x_wconf 85' lang='lat' dir='ltr'>paternitas</span> <span class='ocrx_word' id='word_1_313' title='bbox 832 4482 1026 4533; x_wconf 86' lang='lat' dir='ltr'>vestra</span> <span class='ocrx_word' id='word_1_314' title='bbox 1055 4476 1211 4548; x_wconf 88' lang='lat' dir='ltr'>quod</span> <span class='ocrx_word' id='word_1_315' title='bbox 1262 4474 1480 4547; x_wconf 88' lang='lat' dir='ltr'>ubique</span> <span class='ocrx_word' id='word_1_316' title='bbox 1531 4476 1588 4530; x_wconf 91' lang='lat' dir='ltr'>in</span> <span class='ocrx_word' id='word_1_317' title='bbox 1639 4480 1833 4532; x_wconf 89' lang='lat' dir='ltr'>vestro</span> 
     </span>
    </p>
   </div>
   <div class='ocr_carea' id='block_1_50' title="bbox 1944 565 3108 625">
    <p class='ocr_par' dir='ltr' id='par_1_50' title="bbox 1944 565 3108 625">
     <span class='ocr_line' id='line_1_50' title="bbox 1944 565 3108 625; baseline 0.004 -5"><span class='ocrx_word' id='word_1_318' title='bbox 1944 565 2222 622; x_wconf 90' lang='lat' dir='ltr'>docendo.</span> <span class='ocrx_word' id='word_1_319' title='bbox 2256 566 2410 621; x_wconf 90' lang='lat' dir='ltr'>Bene</span> <span class='ocrx_word' id='word_1_320' title='bbox 2438 565 2622 623; x_wconf 89' lang='lat' dir='ltr'>valete</span> <span class='ocrx_word' id='word_1_321' title='bbox 2651 583 2943 624; x_wconf 89' lang='lat' dir='ltr'>memores</span> <span class='ocrx_word' id='word_1_322' title='bbox 2974 569 3108 625; x_wconf 89' lang='lat' dir='ltr'>mei.</span> 
     </span>
    </p>
   </div>
   <div class='ocr_carea' id='block_1_51' title="bbox 2698 657 2835 712">
    <p class='ocr_par' dir='ltr' id='par_1_51' title="bbox 2698 657 2835 712">
     <span class='ocr_line' id='line_1_51' title="bbox 2698 657 2835 712; baseline 0 0"><span class='ocrx_word' id='word_1_323' title='bbox 2698 657 2835 712; x_wconf 77' lang='lat' dir='ltr'>XLI.</span> 
     </span>
    </p>
   </div>
   <div class='ocr_carea' id='block_1_52' title="bbox 2540 727 3001 800">
    <p class='ocr_par' dir='ltr' id='par_1_52' title="bbox 2540 727 3001 800">
     <span class='ocr_line' id='line_1_52' title="bbox 2540 727 3001 800; baseline 0.004 -17"><span class='ocrx_word' id='word_1_324' title='bbox 2540 727 2692 797; x_wconf 80' lang='lat' dir='ltr'>[Sine</span> <span class='ocrx_word' id='word_1_325' title='bbox 2732 729 3001 800; x_wconf 82' lang='lat' dir='ltr'>rubrica.]</span> 
     </span>
    </p>
   </div>
   <div class='ocr_carea' id='block_1_53' title="bbox 2012 805 3595 883">
    <p class='ocr_par' dir='ltr' id='par_1_53' title="bbox 2012 805 3595 883">
     <span class='ocr_line' id='line_1_53' title="bbox 2012 805 3595 883; baseline 0.003 -22"><span class='ocrx_word' id='word_1_326' title='bbox 2012 805 2365 863; x_wconf 91' lang='lat' dir='ltr'>Dulcissimo</span> <span class='ocrx_word' id='word_1_327' title='bbox 2399 806 2457 862; x_wconf 90' lang='lat' dir='ltr'>in</span> <span class='ocrx_word' id='word_1_328' title='bbox 2489 807 2720 864; x_wconf 89' lang='lat' dir='ltr'>Christo</span> <span class='ocrx_word' id='word_1_329' title='bbox 2746 809 3470 883; x_wconf 89' lang='lat' dir='ltr'>patriilliarchiepiscopo,</span> <span class='ocrx_word' id='word_1_330' title='bbox 3495 807 3595 865; x_wconf 89' lang='lat' dir='ltr'>ille</span> 
     </span>
    </p>
   </div>
   <div class='ocr_carea' id='block_1_54' title="bbox 1941 896 3592 956">
    <p class='ocr_par' dir='ltr' id='par_1_54' title="bbox 1941 896 3592 956">
     <span class='ocr_line' id='line_1_54' title="bbox 1941 896 3592 956; baseline 0.004 -8"><span class='ocrx_word' id='word_1_331' title='bbox 1941 911 2056 949; x_wconf 90' lang='lat' dir='ltr'>non</span> <span class='ocrx_word' id='word_1_332' title='bbox 2106 896 2308 952; x_wconf 90' lang='lat' dir='ltr'>merito</span> <span class='ocrx_word' id='word_1_333' title='bbox 2355 896 2539 953; x_wconf 89' lang='lat' dir='ltr'>abbas</span> <span class='ocrx_word' id='word_1_334' title='bbox 2586 914 2885 955; x_wconf 88' lang='lat' dir='ltr'>summam</span> <span class='ocrx_word' id='word_1_335' title='bbox 2935 898 2993 955; x_wconf 92' lang='lat' dir='ltr'>in</span> <span class='ocrx_word' id='word_1_336' title='bbox 3040 899 3290 956; x_wconf 89' lang='lat' dir='ltr'>Domino</span> <span class='ocrx_word' id='word_1_337' title='bbox 3338 898 3592 954; x_wconf 85' lang='lat' dir='ltr'>salutem</span> 
     </span>
    </p>
   </div>
   <div class='ocr_carea' id='block_1_55' title="bbox 1937 984 3591 1059">
    <p class='ocr_par' dir='ltr' id='par_1_55' title="bbox 1937 984 3591 1059">
     <span class='ocr_line' id='line_1_55' title="bbox 1937 984 3591 1059; baseline 0.001 -22"><span class='ocrx_word' id='word_1_338' title='bbox 1937 987 2118 1054; x_wconf 85' lang='lat' dir='ltr'>Optat.</span> <span class='ocrx_word' id='word_1_339' title='bbox 2154 984 2329 1040; x_wconf 87' lang='lat' dir='ltr'>Misso</span> <span class='ocrx_word' id='word_1_340' title='bbox 2358 1002 2459 1057; x_wconf 91' lang='lat' dir='ltr'>per</span> <span class='ocrx_word' id='word_1_341' title='bbox 2487 985 2656 1041; x_wconf 91' lang='lat' dir='ltr'>illum</span> <span class='ocrx_word' id='word_1_342' title='bbox 2688 987 3136 1059; x_wconf 89' lang='lat' dir='ltr'>peripateticum</span> <span class='ocrx_word' id='word_1_343' title='bbox 3169 986 3358 1043; x_wconf 84' lang='lat' dir='ltr'>littere</span> <span class='ocrx_word' id='word_1_344' title='bbox 3386 989 3591 1043; x_wconf 64' lang='lat' dir='ltr'>vestra:</span> 
     </span>
    </p>
   </div>
   <div class='ocr_carea' id='block_1_56' title="bbox 1937 1071 3591 1150">
    <p class='ocr_par' dir='ltr' id='par_1_56' title="bbox 1937 1071 3591 1150">
     <span class='ocr_line' id='line_1_56' title="bbox 1937 1071 3591 1150; baseline 0.002 -25"><span class='ocrx_word' id='word_1_345' title='bbox 1937 1071 2101 1142; x_wconf 91' lang='lat' dir='ltr'>prius</span> <span class='ocrx_word' id='word_1_346' title='bbox 2134 1072 2514 1130; x_wconf 83' lang='lat' dir='ltr'>fundamenta</span> <span class='ocrx_word' id='word_1_347' title='bbox 2536 1076 2788 1146; x_wconf 88' lang='lat' dir='ltr'>quedam</span> <span class='ocrx_word' id='word_1_348' title='bbox 2810 1074 2870 1131; x_wconf 90' lang='lat' dir='ltr'>in</span> <span class='ocrx_word' id='word_1_349' title='bbox 2894 1075 3062 1132; x_wconf 89' lang='lat' dir='ltr'>nobis</span> <span class='ocrx_word' id='word_1_350' title='bbox 3083 1075 3299 1150; x_wconf 87' lang='lat' dir='ltr'>gaudio</span> <span class='ocrx_word' id='word_1_351' title='bbox 3322 1072 3505 1131; x_wconf 91' lang='lat' dir='ltr'>nostri</span> <span class='ocrx_word' id='word_1_352' title='bbox 3520 1073 3591 1129; x_wconf 88' lang='lat' dir='ltr'>de</span> 
     </span>
    </p>
   </div>
   <div class='ocr_carea' id='block_1_57' title="bbox 1937 1158 3594 1237">
    <p class='ocr_par' dir='ltr' id='par_1_57' title="bbox 1937 1158 3594 1237">
     <span class='ocr_line' id='line_1_57' title="bbox 1937 1158 3594 1237; baseline 0.004 -24"><span class='ocrx_word' id='word_1_353' title='bbox 1937 1158 2207 1216; x_wconf 88' lang='lat' dir='ltr'>sanitatis</span> <span class='ocrx_word' id='word_1_354' title='bbox 2226 1165 2427 1218; x_wconf 78' lang='lat' dir='ltr'>vestrae</span> <span class='ocrx_word' id='word_1_355' title='bbox 2448 1162 2660 1219; x_wconf 92' lang='lat' dir='ltr'>indicio</span> <span class='ocrx_word' id='word_1_356' title='bbox 2684 1169 3096 1237; x_wconf 91' lang='lat' dir='ltr'>conceptorum</span> <span class='ocrx_word' id='word_1_357' title='bbox 3114 1162 3347 1231; x_wconf 90' lang='lat' dir='ltr'>letetur,</span> <span class='ocrx_word' id='word_1_358' title='bbox 3366 1163 3467 1220; x_wconf 89' lang='lat' dir='ltr'>sed</span> <span class='ocrx_word' id='word_1_359' title='bbox 3489 1179 3594 1235; x_wconf 89' lang='lat' dir='ltr'>per</span> 
     </span>
    </p>
   </div>
   <div class='ocr_carea' id='block_1_58' title="bbox 1934 1246 3588 1321">
    <p class='ocr_par' dir='ltr' id='par_1_58' title="bbox 1934 1246 3588 1321">
     <span class='ocr_line' id='line_1_58' title="bbox 1934 1246 3588 1321; baseline 0.004 -21"><span class='ocrx_word' id='word_1_360' title='bbox 1934 1246 2102 1303; x_wconf 90' lang='lat' dir='ltr'>illum</span> <span class='ocrx_word' id='word_1_361' title='bbox 2121 1248 2348 1305; x_wconf 84' lang='lat' dir='ltr'>ﬁdelem</span> <span class='ocrx_word' id='word_1_362' title='bbox 2362 1254 2642 1317; x_wconf 90' lang='lat' dir='ltr'>vestrum,</span> <span class='ocrx_word' id='word_1_363' title='bbox 2663 1256 2929 1307; x_wconf 90' lang='lat' dir='ltr'>nostrum</span> <span class='ocrx_word' id='word_1_364' title='bbox 2948 1254 3144 1308; x_wconf 87' lang='lat' dir='ltr'>autem</span> <span class='ocrx_word' id='word_1_365' title='bbox 3159 1250 3440 1321; x_wconf 90' lang='lat' dir='ltr'>amicum,</span> <span class='ocrx_word' id='word_1_366' title='bbox 3458 1250 3588 1307; x_wconf 88' lang='lat' dir='ltr'>viva</span> 
     </span>
    </p>
   </div>
   <div class='ocr_carea' id='block_1_59' title="bbox 1936 1339 3586 1411">
    <p class='ocr_par' dir='ltr' id='par_1_59' title="bbox 1936 1339 3586 1411">
     <span class='ocr_line' id='line_1_59' title="bbox 1936 1339 3586 1411; baseline 0.004 -22"><span class='ocrx_word' id='word_1_367' title='bbox 1936 1352 2074 1392; x_wconf 87' lang='lat' dir='ltr'>voce</span> <span class='ocrx_word' id='word_1_368' title='bbox 2102 1339 2374 1411; x_wconf 80' lang='lat' dir='ltr'>energies</span> <span class='ocrx_word' id='word_1_369' title='bbox 2406 1340 2659 1410; x_wconf 88' lang='lat' dir='ltr'>quedam</span> <span class='ocrx_word' id='word_1_370' title='bbox 2688 1339 3012 1397; x_wconf 90' lang='lat' dir='ltr'>similitudo</span> <span class='ocrx_word' id='word_1_371' title='bbox 3043 1341 3364 1398; x_wconf 89' lang='lat' dir='ltr'>eorundem</span> <span class='ocrx_word' id='word_1_372' title='bbox 3398 1339 3586 1396; x_wconf 83' lang='lat' dir='ltr'>fabri-</span> 
     </span>
    </p>
   </div>
   <div class='ocr_carea' id='block_1_60' title="bbox 1932 1427 3589 1503">
    <p class='ocr_par' dir='ltr' id='par_1_60' title="bbox 1932 1427 3589 1503">
     <span class='ocr_line' id='line_1_60' title="bbox 1932 1427 3589 1503; baseline 0.005 -24"><span class='ocrx_word' id='word_1_373' title='bbox 1932 1440 2061 1480; x_wconf 85' lang='lat' dir='ltr'>cam</span> <span class='ocrx_word' id='word_1_374' title='bbox 2091 1427 2441 1498; x_wconf 90' lang='lat' dir='ltr'>gaudiorum</span> <span class='ocrx_word' id='word_1_375' title='bbox 2474 1445 2589 1484; x_wconf 89' lang='lat' dir='ltr'>non</span> <span class='ocrx_word' id='word_1_376' title='bbox 2623 1429 2992 1486; x_wconf 89' lang='lat' dir='ltr'>mediocriter</span> <span class='ocrx_word' id='word_1_377' title='bbox 3012 1430 3225 1486; x_wconf 89' lang='lat' dir='ltr'>erexit:</span> <span class='ocrx_word' id='word_1_378' title='bbox 3253 1446 3356 1503; x_wconf 90' lang='lat' dir='ltr'>pro</span> <span class='ocrx_word' id='word_1_379' title='bbox 3377 1429 3589 1487; x_wconf 80' lang='lat' dir='ltr'>vestris</span> 
     </span>
    </p>
   </div>
   <div class='ocr_carea' id='block_1_61' title="bbox 1932 1514 3588 1591">
    <p class='ocr_par' dir='ltr' id='par_1_61' title="bbox 1932 1514 3588 1591">
     <span class='ocr_line' id='line_1_61' title="bbox 1932 1514 3588 1591; baseline 0.003 -23"><span class='ocrx_word' id='word_1_380' title='bbox 1932 1514 2089 1570; x_wconf 87' lang='lat' dir='ltr'>enim</span> <span class='ocrx_word' id='word_1_381' title='bbox 2124 1516 2420 1588; x_wconf 89' lang='lat' dir='ltr'>prosperis</span> <span class='ocrx_word' id='word_1_382' title='bbox 2452 1534 2568 1572; x_wconf 90' lang='lat' dir='ltr'>non</span> <span class='ocrx_word' id='word_1_383' title='bbox 2604 1516 2799 1574; x_wconf 91' lang='lat' dir='ltr'>minus</span> <span class='ocrx_word' id='word_1_384' title='bbox 2830 1536 3006 1591; x_wconf 89' lang='lat' dir='ltr'>quam</span> <span class='ocrx_word' id='word_1_385' title='bbox 3038 1518 3257 1575; x_wconf 88' lang='lat' dir='ltr'>nostris</span> <span class='ocrx_word' id='word_1_386' title='bbox 3278 1515 3588 1574; x_wconf 90' lang='lat' dir='ltr'>hilaresci-</span> 
     </span>
    </p>
   </div>
   <div class='ocr_carea' id='block_1_62' title="bbox 1931 1603 3587 1672">
    <p class='ocr_par' dir='ltr' id='par_1_62' title="bbox 1931 1603 3587 1672">
     <span class='ocr_line' id='line_1_62' title="bbox 1931 1603 3587 1672; baseline 0.002 -15"><span class='ocrx_word' id='word_1_387' title='bbox 1931 1619 2084 1658; x_wconf 90' lang='lat' dir='ltr'>mus.</span> <span class='ocrx_word' id='word_1_388' title='bbox 2116 1603 2187 1657; x_wconf 92' lang='lat' dir='ltr'>Ut</span> <span class='ocrx_word' id='word_1_389' title='bbox 2206 1604 2497 1672; x_wconf 90' lang='lat' dir='ltr'>jussistis,</span> <span class='ocrx_word' id='word_1_390' title='bbox 2533 1605 2856 1661; x_wconf 90' lang='lat' dir='ltr'>scutarium</span> <span class='ocrx_word' id='word_1_391' title='bbox 2889 1610 2945 1661; x_wconf 91' lang='lat' dir='ltr'>et</span> <span class='ocrx_word' id='word_1_392' title='bbox 2978 1606 3245 1662; x_wconf 72' lang='lat' dir='ltr'>cerevisa:</span> <span class='ocrx_word' id='word_1_393' title='bbox 3298 1606 3587 1662; x_wconf 92' lang='lat' dir='ltr'>confecto-</span> 
     </span>
    </p>
   </div>
   <div class='ocr_carea' id='block_1_63' title="bbox 1930 1694 3590 1767">
    <p class='ocr_par' dir='ltr' id='par_1_63' title="bbox 1930 1694 3590 1767">
     <span class='ocr_line' id='line_1_63' title="bbox 1930 1694 3590 1767; baseline 0.004 -23"><span class='ocrx_word' id='word_1_394' title='bbox 1930 1707 2075 1759; x_wconf 89' lang='lat' dir='ltr'>rem,</span> <span class='ocrx_word' id='word_1_395' title='bbox 2130 1696 2462 1764; x_wconf 86' lang='lat' dir='ltr'>ceteraque,</span> <span class='ocrx_word' id='word_1_396' title='bbox 2514 1697 2682 1765; x_wconf 71' lang='lat' dir='ltr'>[quae]</span> <span class='ocrx_word' id='word_1_397' title='bbox 2740 1694 3107 1767; x_wconf 89' lang='lat' dir='ltr'>potuerimus</span> <span class='ocrx_word' id='word_1_398' title='bbox 3158 1695 3231 1751; x_wconf 90' lang='lat' dir='ltr'>ad</span> <span class='ocrx_word' id='word_1_399' title='bbox 3283 1694 3590 1753; x_wconf 87' lang='lat' dir='ltr'>servicium</span> 
     </span>
    </p>
   </div>
   <div class='ocr_carea' id='block_1_64' title="bbox 1927 1781 3586 1860">
    <p class='ocr_par' dir='ltr' id='par_1_64' title="bbox 1927 1781 3586 1860">
     <span class='ocr_line' id='line_1_64' title="bbox 1927 1781 3586 1860; baseline 0.003 -27"><span class='ocrx_word' id='word_1_400' title='bbox 1927 1784 2209 1845; x_wconf 89' lang='lat' dir='ltr'>vestrum,</span> <span class='ocrx_word' id='word_1_401' title='bbox 2246 1798 2349 1853; x_wconf 91' lang='lat' dir='ltr'>per</span> <span class='ocrx_word' id='word_1_402' title='bbox 2379 1781 2630 1837; x_wconf 90' lang='lat' dir='ltr'>missum</span> <span class='ocrx_word' id='word_1_403' title='bbox 2663 1786 2929 1838; x_wconf 88' lang='lat' dir='ltr'>nostrum</span> <span class='ocrx_word' id='word_1_404' title='bbox 2962 1801 3099 1839; x_wconf 91' lang='lat' dir='ltr'>cum</span> <span class='ocrx_word' id='word_1_405' title='bbox 3131 1782 3233 1839; x_wconf 89' lang='lat' dir='ltr'>illo</span> <span class='ocrx_word' id='word_1_406' title='bbox 3277 1783 3586 1860; x_wconf 80' lang='lat' dir='ltr'>directuri;</span> 
     </span>
    </p>
   </div>
   <div class='ocr_carea' id='block_1_65' title="bbox 1847 1843 3590 1944">
    <p class='ocr_par' dir='ltr' id='par_1_65' title="bbox 1847 1843 3590 1944">
     <span class='ocr_line' id='line_1_65' title="bbox 1847 1843 3590 1944; baseline 0.002 -20"><span class='ocrx_word' id='word_1_407' title='bbox 1847 1843 1895 1910; x_wconf 81' lang='grc' dir='ltr'><strong>Β</strong></span> <span class='ocrx_word' id='word_1_408' title='bbox 1929 1868 2005 1924; x_wconf 90' lang='lat' dir='ltr'>ad</span> <span class='ocrx_word' id='word_1_409' title='bbox 2022 1868 2284 1924; x_wconf 89' lang='lat' dir='ltr'>subitum</span> <span class='ocrx_word' id='word_1_410' title='bbox 2311 1869 2468 1925; x_wconf 89' lang='lat' dir='ltr'>enim</span> <span class='ocrx_word' id='word_1_411' title='bbox 2494 1870 2869 1942; x_wconf 88' lang='lat' dir='ltr'>nequivimus</span> <span class='ocrx_word' id='word_1_412' title='bbox 2890 1888 2977 1938; x_wconf 89' lang='lat' dir='ltr'>ea,</span> <span class='ocrx_word' id='word_1_413' title='bbox 3002 1888 3115 1944; x_wconf 90' lang='lat' dir='ltr'>que</span> <span class='ocrx_word' id='word_1_414' title='bbox 3134 1843 3590 1943; x_wconf 60' lang='lat' dir='ltr'>imperastis,in:</span> 
     </span>
    </p>
   </div>
   <div class='ocr_carea' id='block_1_66' title="bbox 1929 1956 3594 2034">
    <p class='ocr_par' dir='ltr' id='par_1_66' title="bbox 1929 1956 3594 2034">
     <span class='ocr_line' id='line_1_66' title="bbox 1929 1956 3594 2034; baseline 0.004 -24"><span class='ocrx_word' id='word_1_415' title='bbox 1929 1956 2149 2025; x_wconf 88' lang='lat' dir='ltr'>venire,</span> <span class='ocrx_word' id='word_1_416' title='bbox 2181 1958 2321 2029; x_wconf 89' lang='lat' dir='ltr'>quia</span> <span class='ocrx_word' id='word_1_417' title='bbox 2351 1958 2804 2015; x_wconf 88' lang='lat' dir='ltr'>incommodatis</span> <span class='ocrx_word' id='word_1_418' title='bbox 2835 1960 3119 2033; x_wconf 90' lang='lat' dir='ltr'>temporis</span> <span class='ocrx_word' id='word_1_419' title='bbox 3164 1959 3327 2028; x_wconf 90' lang='lat' dir='ltr'>mali,</span> <span class='ocrx_word' id='word_1_420' title='bbox 3376 1976 3488 2034; x_wconf 88' lang='lat' dir='ltr'>que</span> <span class='ocrx_word' id='word_1_421' title='bbox 3537 1964 3594 2016; x_wconf 88' lang='lat' dir='ltr'>et</span> 
     </span>
    </p>
   </div>
   <div class='ocr_carea' id='block_1_67' title="bbox 1933 2044 3501 2121">
    <p class='ocr_par' dir='ltr' id='par_1_67' title="bbox 1933 2044 3501 2121">
     <span class='ocr_line' id='line_1_67' title="bbox 1933 2044 3501 2121; baseline 0.004 -23"><span class='ocrx_word' id='word_1_422' title='bbox 1933 2044 2101 2101; x_wconf 89' lang='lat' dir='ltr'>vobis</span> <span class='ocrx_word' id='word_1_423' title='bbox 2135 2044 2405 2101; x_wconf 89' lang='lat' dir='ltr'>nonnihil</span> <span class='ocrx_word' id='word_1_424' title='bbox 2436 2047 2638 2109; x_wconf 80' lang='lat' dir='ltr'>officit.</span> <span class='ocrx_word' id='word_1_425' title='bbox 2670 2047 2837 2104; x_wconf 91' lang='lat' dir='ltr'>nobis</span> <span class='ocrx_word' id='word_1_426' title='bbox 2864 2049 3102 2106; x_wconf 92' lang='lat' dir='ltr'>obsistit</span> <span class='ocrx_word' id='word_1_427' title='bbox 3126 2048 3186 2105; x_wconf 91' lang='lat' dir='ltr'>in</span> <span class='ocrx_word' id='word_1_428' title='bbox 3208 2048 3501 2121; x_wconf 88' lang='lat' dir='ltr'>plurimis.</span> 
     </span>
    </p>
   </div>
   <div class='ocr_carea' id='block_1_68' title="bbox 2078 2133 3304 2209">
    <p class='ocr_par' dir='ltr' id='par_1_68' title="bbox 2078 2133 3304 2209">
     <span class='ocr_line' id='line_1_68' title="bbox 2078 2133 3304 2209; baseline 0.004 -20"><span class='ocrx_word' id='word_1_429' title='bbox 2078 2135 2227 2206; x_wconf 89' lang='lat' dir='ltr'>Ergo</span> <span class='ocrx_word' id='word_1_430' title='bbox 2260 2133 2551 2190; x_wconf 90' lang='lat' dir='ltr'>salutetur</span> <span class='ocrx_word' id='word_1_431' title='bbox 2572 2140 2764 2192; x_wconf 90' lang='lat' dir='ltr'>vestro</span> <span class='ocrx_word' id='word_1_432' title='bbox 2794 2137 3143 2209; x_wconf 87' lang='lat' dir='ltr'>prudentius</span> <span class='ocrx_word' id='word_1_433' title='bbox 3186 2154 3304 2206; x_wconf 91' lang='lat' dir='ltr'>ore,</span> 
     </span>
    </p>
   </div>
   <div class='ocr_carea' id='block_1_69' title="bbox 2144 2223 3373 2298">
    <p class='ocr_par' dir='ltr' id='par_1_69' title="bbox 2144 2223 3373 2298">
     <span class='ocr_line' id='line_1_69' title="bbox 2144 2223 3373 2298; baseline 0.004 -21"><span class='ocrx_word' id='word_1_434' title='bbox 2144 2223 2403 2279; x_wconf 86' lang='lat' dir='ltr'>Antistes</span> <span class='ocrx_word' id='word_1_435' title='bbox 2436 2229 2647 2280; x_wconf 76' lang='lat' dir='ltr'>nostra:</span> <span class='ocrx_word' id='word_1_436' title='bbox 2678 2242 2815 2298; x_wconf 88' lang='lat' dir='ltr'>pars</span> <span class='ocrx_word' id='word_1_437' title='bbox 2847 2226 3113 2298; x_wconf 91' lang='lat' dir='ltr'>preciosa</span> <span class='ocrx_word' id='word_1_438' title='bbox 3142 2226 3373 2283; x_wconf 71' lang='lat' dir='ltr'>animae.</span> 
     </span>
    </p>
   </div>
   <div class='ocr_carea' id='block_1_70' title="bbox 2075 2310 3374 2388">
    <p class='ocr_par' dir='ltr' id='par_1_70' title="bbox 2075 2310 3374 2388">
     <span class='ocr_line' id='line_1_70' title="bbox 2075 2310 3374 2388; baseline 0.003 -22"><span class='ocrx_word' id='word_1_439' title='bbox 2075 2310 2293 2366; x_wconf 83' lang='lat' dir='ltr'>Felices</span> <span class='ocrx_word' id='word_1_440' title='bbox 2326 2311 2420 2367; x_wconf 89' lang='lat' dir='ltr'>ille</span> <span class='ocrx_word' id='word_1_441' title='bbox 2452 2312 2669 2385; x_wconf 89' lang='lat' dir='ltr'>quibus</span> <span class='ocrx_word' id='word_1_442' title='bbox 2699 2317 2788 2369; x_wconf 87' lang='lat' dir='ltr'>est</span> <span class='ocrx_word' id='word_1_443' title='bbox 2818 2313 2924 2371; x_wconf 90' lang='lat' dir='ltr'>hec</span> <span class='ocrx_word' id='word_1_444' title='bbox 2954 2314 3143 2387; x_wconf 87' lang='lat' dir='ltr'>gratia</span> <span class='ocrx_word' id='word_1_445' title='bbox 3173 2314 3374 2388; x_wconf 90' lang='lat' dir='ltr'>plebes</span> 
     </span>
    </p>
   </div>
   <div class='ocr_carea' id='block_1_71' title="bbox 2147 2399 3394 2460">
    <p class='ocr_par' dir='ltr' id='par_1_71' title="bbox 2147 2399 3394 2460">
     <span class='ocr_line' id='line_1_71' title="bbox 2147 2399 3394 2460; baseline 0.002 -6"><span class='ocrx_word' id='word_1_446' title='bbox 2147 2399 2218 2455; x_wconf 96' lang='lat' dir='ltr'>Ut</span> <span class='ocrx_word' id='word_1_447' title='bbox 2248 2405 2441 2457; x_wconf 89' lang='lat' dir='ltr'>tantos</span> <span class='ocrx_word' id='word_1_448' title='bbox 2470 2400 2726 2457; x_wconf 90' lang='lat' dir='ltr'>habeant</span> <span class='ocrx_word' id='word_1_449' title='bbox 2753 2401 2902 2459; x_wconf 91' lang='lat' dir='ltr'>lucis</span> <span class='ocrx_word' id='word_1_450' title='bbox 2934 2404 2993 2458; x_wconf 89' lang='lat' dir='ltr'>in</span> <span class='ocrx_word' id='word_1_451' title='bbox 3026 2420 3157 2459; x_wconf 89' lang='lat' dir='ltr'>arce</span> <span class='ocrx_word' id='word_1_452' title='bbox 3187 2401 3394 2460; x_wconf 82' lang='lat' dir='ltr'>duces!</span> 
     </span>
    </p>
   </div>
   <div class='ocr_carea' id='block_1_72' title="bbox 2078 2489 3517 2564">
    <p class='ocr_par' dir='ltr' id='par_1_72' title="bbox 2078 2489 3517 2564">
     <span class='ocr_line' id='line_1_72' title="bbox 2078 2489 3517 2564; baseline 0.003 -21"><span class='ocrx_word' id='word_1_453' title='bbox 2078 2489 2237 2545; x_wconf 84' lang='lat' dir='ltr'>State</span> <span class='ocrx_word' id='word_1_454' title='bbox 2264 2489 2441 2545; x_wconf 80' lang='lat' dir='ltr'>simul</span> <span class='ocrx_word' id='word_1_455' title='bbox 2475 2490 2673 2557; x_wconf 84' lang='lat' dir='ltr'>fortes,</span> <span class='ocrx_word' id='word_1_456' title='bbox 2707 2495 2963 2564; x_wconf 86' lang='lat' dir='ltr'>pugnate</span> <span class='ocrx_word' id='word_1_457' title='bbox 2989 2490 3262 2560; x_wconf 89' lang='lat' dir='ltr'>viriliter,</span> <span class='ocrx_word' id='word_1_458' title='bbox 3288 2496 3355 2548; x_wconf 92' lang='lat' dir='ltr'>ut</span> <span class='ocrx_word' id='word_1_459' title='bbox 3374 2491 3517 2547; x_wconf 91' lang='lat' dir='ltr'>dum</span> 
     </span>
    </p>
   </div>
   <div class='ocr_carea' id='block_1_73' title="bbox 2151 2578 3372 2654">
    <p class='ocr_par' dir='ltr' id='par_1_73' title="bbox 2151 2578 3372 2654">
     <span class='ocr_line' id='line_1_73' title="bbox 2151 2578 3372 2654; baseline 0.003 -21"><span class='ocrx_word' id='word_1_460' title='bbox 2151 2578 2424 2651; x_wconf 79' lang='lat' dir='ltr'>Regnetis</span> <span class='ocrx_word' id='word_1_461' title='bbox 2452 2596 2684 2652; x_wconf 89' lang='lat' dir='ltr'>semper</span> <span class='ocrx_word' id='word_1_462' title='bbox 2712 2596 2859 2653; x_wconf 90' lang='lat' dir='ltr'>quos</span> <span class='ocrx_word' id='word_1_463' title='bbox 2892 2580 3046 2637; x_wconf 88' lang='lat' dir='ltr'>alitis</span> <span class='ocrx_word' id='word_1_464' title='bbox 3077 2581 3372 2654; x_wconf 90' lang='lat' dir='ltr'>gregibus.</span> 
     </span>
    </p>
   </div>
   <div class='ocr_carea' id='block_1_74' title="bbox 2080 2667 3519 2738">
    <p class='ocr_par' dir='ltr' id='par_1_74' title="bbox 2080 2667 3519 2738">
     <span class='ocr_line' id='line_1_74' title="bbox 2080 2667 3519 2738; baseline 0.003 -17"><span class='ocrx_word' id='word_1_465' title='bbox 2080 2667 2218 2721; x_wconf 87' lang='lat' dir='ltr'>Esto</span> <span class='ocrx_word' id='word_1_466' title='bbox 2252 2667 2364 2722; x_wconf 89' lang='lat' dir='ltr'>mei</span> <span class='ocrx_word' id='word_1_467' title='bbox 2397 2684 2706 2737; x_wconf 88' lang='lat' dir='ltr'>memores,</span> <span class='ocrx_word' id='word_1_468' title='bbox 2741 2685 2874 2725; x_wconf 91' lang='lat' dir='ltr'>sum</span> <span class='ocrx_word' id='word_1_469' title='bbox 2904 2669 3114 2738; x_wconf 89' lang='lat' dir='ltr'>vestri;</span> <span class='ocrx_word' id='word_1_470' title='bbox 3150 2670 3331 2727; x_wconf 90' lang='lat' dir='ltr'>debeo</span> <span class='ocrx_word' id='word_1_471' title='bbox 3352 2668 3519 2726; x_wconf 88' lang='lat' dir='ltr'>vobis</span> 
     </span>
    </p>
   </div>
   <div class='ocr_carea' id='block_1_75' title="bbox 2153 2756 3252 2830">
    <p class='ocr_par' dir='ltr' id='par_1_75' title="bbox 2153 2756 3252 2830">
     <span class='ocr_line' id='line_1_75' title="bbox 2153 2756 3252 2830; baseline 0.005 -21"><span class='ocrx_word' id='word_1_472' title='bbox 2153 2756 2222 2810; x_wconf 88' lang='lat' dir='ltr'>Et</span> <span class='ocrx_word' id='word_1_473' title='bbox 2249 2773 2421 2812; x_wconf 84' lang='lat' dir='ltr'>voveo</span> <span class='ocrx_word' id='word_1_474' title='bbox 2454 2760 2644 2812; x_wconf 91' lang='lat' dir='ltr'>totum</span> <span class='ocrx_word' id='word_1_475' title='bbox 2675 2757 2955 2830; x_wconf 90' lang='lat' dir='ltr'>quicquid</span> <span class='ocrx_word' id='word_1_476' title='bbox 2987 2776 3252 2816; x_wconf 90' lang='lat' dir='ltr'>amore...</span> 
     </span>
    </p>
   </div>
   <div class='ocr_carea' id='block_1_76' title="bbox 2010 2842 2231 2900">
    <p class='ocr_par' dir='ltr' id='par_1_76' title="bbox 2010 2842 2231 2900">
     <span class='ocr_line' id='line_1_76' title="bbox 2010 2842 2231 2900; baseline 0.014 -4"><span class='ocrx_word' id='word_1_477' title='bbox 2010 2842 2231 2900; x_wconf 89' lang='lat' dir='ltr'>Valete.</span> 
     </span>
    </p>
   </div>
   <div class='ocr_carea' id='block_1_77' title="bbox 2685 2917 2849 2973">
    <p class='ocr_par' dir='ltr' id='par_1_77' title="bbox 2685 2917 2849 2973">
     <span class='ocr_line' id='line_1_77' title="bbox 2685 2917 2849 2973; baseline -0.006 0"><span class='ocrx_word' id='word_1_478' title='bbox 2685 2917 2849 2973; x_wconf 88' lang='lat' dir='ltr'><strong>XLII.</strong></span> 
     </span>
    </p>
   </div>
   <div class='ocr_carea' id='block_1_78' title="bbox 2551 2988 2983 3062">
    <p class='ocr_par' dir='ltr' id='par_1_78' title="bbox 2551 2988 2983 3062">
     <span class='ocr_line' id='line_1_78' title="bbox 2551 2988 2983 3062; baseline 0.007 -20"><span class='ocrx_word' id='word_1_479' title='bbox 2551 2988 2705 3059; x_wconf 85' lang='lat' dir='ltr'>[Sine</span> <span class='ocrx_word' id='word_1_480' title='bbox 2741 2990 2983 3062; x_wconf 79' lang='lat' dir='ltr'>rubrica]</span> 
     </span>
    </p>
   </div>
   <div class='ocr_carea' id='block_1_79' title="bbox 2012 3065 3593 3136">
    <p class='ocr_par' dir='ltr' id='par_1_79' title="bbox 2012 3065 3593 3136">
     <span class='ocr_line' id='line_1_79' title="bbox 2012 3065 3593 3136; baseline 0.004 -16"><span class='ocrx_word' id='word_1_481' title='bbox 2012 3065 2306 3121; x_wconf 89' lang='lat' dir='ltr'>Familiari</span> <span class='ocrx_word' id='word_1_482' title='bbox 2342 3070 2539 3122; x_wconf 88' lang='lat' dir='ltr'>nostro</span> <span class='ocrx_word' id='word_1_483' title='bbox 2569 3069 2784 3124; x_wconf 92' lang='lat' dir='ltr'>domno</span> <span class='ocrx_word' id='word_1_484' title='bbox 2812 3068 2917 3136; x_wconf 90' lang='lat' dir='ltr'>illi,</span> <span class='ocrx_word' id='word_1_485' title='bbox 2952 3068 3045 3125; x_wconf 91' lang='lat' dir='ltr'>illc</span> <span class='ocrx_word' id='word_1_486' title='bbox 3096 3074 3282 3127; x_wconf 91' lang='lat' dir='ltr'>vester</span> <span class='ocrx_word' id='word_1_487' title='bbox 3330 3073 3593 3127; x_wconf 88' lang='lat' dir='ltr'>eternam</span> 
     </span>
    </p>
   </div>
   <div class='ocr_carea' id='block_1_80' title="bbox 1940 3153 3597 3231">
    <p class='ocr_par' dir='ltr' id='par_1_80' title="bbox 1940 3153 3597 3231">
     <span class='ocr_line' id='line_1_80' title="bbox 1940 3153 3597 3231; baseline 0.003 -22"><span class='ocrx_word' id='word_1_488' title='bbox 1940 3153 2000 3209; x_wconf 92' lang='lat' dir='ltr'>in</span> <span class='ocrx_word' id='word_1_489' title='bbox 2031 3154 2281 3209; x_wconf 87' lang='lat' dir='ltr'>Christo.</span> <span class='ocrx_word' id='word_1_490' title='bbox 2330 3155 2613 3228; x_wconf 89' lang='lat' dir='ltr'>Suscepta</span> <span class='ocrx_word' id='word_1_491' title='bbox 2657 3156 2905 3229; x_wconf 85' lang='lat' dir='ltr'>epistola</span> <span class='ocrx_word' id='word_1_492' title='bbox 2950 3161 3144 3213; x_wconf 88' lang='lat' dir='ltr'>vestra</span> <span class='ocrx_word' id='word_1_493' title='bbox 3190 3174 3381 3231; x_wconf 90' lang='lat' dir='ltr'>nuper</span> <span class='ocrx_word' id='word_1_494' title='bbox 3426 3159 3597 3221; x_wconf 77' lang='lat' dir='ltr'>nobis</span> 
     </span>
    </p>
   </div>
   <div class='ocr_carea' id='block_1_81' title="bbox 1930 3243 3593 3319">
    <p class='ocr_par' dir='ltr' id='par_1_81' title="bbox 1930 3243 3593 3319">
     <span class='ocr_line' id='line_1_81' title="bbox 1930 3243 3593 3319; baseline 0.002 -19"><span class='ocrx_word' id='word_1_495' title='bbox 1930 3243 2301 3308; x_wconf 89' lang='lat' dir='ltr'>transmissa,</span> <span class='ocrx_word' id='word_1_496' title='bbox 2334 3243 2392 3299; x_wconf 90' lang='lat' dir='ltr'>in</span> <span class='ocrx_word' id='word_1_497' title='bbox 2426 3244 2646 3317; x_wconf 88' lang='lat' dir='ltr'>apertis</span> <span class='ocrx_word' id='word_1_498' title='bbox 2672 3246 2854 3317; x_wconf 84' lang='lat' dir='ltr'>gavisi</span> <span class='ocrx_word' id='word_1_499' title='bbox 2888 3262 3119 3314; x_wconf 90' lang='lat' dir='ltr'>sumus,</span> <span class='ocrx_word' id='word_1_500' title='bbox 3145 3246 3203 3301; x_wconf 90' lang='lat' dir='ltr'>in</span> <span class='ocrx_word' id='word_1_501' title='bbox 3224 3246 3440 3319; x_wconf 90' lang='lat' dir='ltr'>topicis</span> <span class='ocrx_word' id='word_1_502' title='bbox 3459 3263 3593 3303; x_wconf 89' lang='lat' dir='ltr'>vero</span> 
     </span>
    </p>
   </div>
   <div class='ocr_carea' id='block_1_82' title="bbox 1932 3332 3591 3406">
    <p class='ocr_par' dir='ltr' id='par_1_82' title="bbox 1932 3332 3591 3406">
     <span class='ocr_line' id='line_1_82' title="bbox 1932 3332 3591 3406; baseline 0.001 -17"><span class='ocrx_word' id='word_1_503' title='bbox 1932 3350 2174 3389; x_wconf 85' lang='lat' dir='ltr'>acumen</span> <span class='ocrx_word' id='word_1_504' title='bbox 2192 3332 2408 3406; x_wconf 85' lang='lat' dir='ltr'>ingenii</span> <span class='ocrx_word' id='word_1_505' title='bbox 2423 3332 2817 3401; x_wconf 90' lang='lat' dir='ltr'>laudavimus,</span> <span class='ocrx_word' id='word_1_506' title='bbox 2838 3335 3107 3390; x_wconf 88' lang='lat' dir='ltr'>obtantes</span> <span class='ocrx_word' id='word_1_507' title='bbox 3125 3336 3425 3391; x_wconf 88' lang='lat' dir='ltr'>communi</span> <span class='ocrx_word' id='word_1_508' title='bbox 3452 3352 3591 3392; x_wconf 89' lang='lat' dir='ltr'>con-</span> 
     </span>
    </p>
   </div>
   <div class='ocr_carea' id='block_1_83' title="bbox 1929 3422 3590 3496">
    <p class='ocr_par' dir='ltr' id='par_1_83' title="bbox 1929 3422 3590 3496">
     <span class='ocr_line' id='line_1_83' title="bbox 1929 3422 3590 3496; baseline 0.001 -18"><span class='ocrx_word' id='word_1_509' title='bbox 1929 3422 2127 3495; x_wconf 88' lang='lat' dir='ltr'>loquio</span> <span class='ocrx_word' id='word_1_510' title='bbox 2176 3423 2279 3477; x_wconf 87' lang='lat' dir='ltr'>hec</span> <span class='ocrx_word' id='word_1_511' title='bbox 2326 3422 2534 3495; x_wconf 83' lang='lat' dir='ltr'>exponi</span> <span class='ocrx_word' id='word_1_512' title='bbox 2580 3423 2951 3496; x_wconf 90' lang='lat' dir='ltr'>quandoque.</span> <span class='ocrx_word' id='word_1_513' title='bbox 3006 3423 3242 3481; x_wconf 89' lang='lat' dir='ltr'>Interim</span> <span class='ocrx_word' id='word_1_514' title='bbox 3293 3440 3427 3481; x_wconf 89' lang='lat' dir='ltr'>cum</span> <span class='ocrx_word' id='word_1_515' title='bbox 3489 3425 3590 3481; x_wconf 90' lang='lat' dir='ltr'>Dei</span> 
     </span>
    </p>
   </div>
   <div class='ocr_carea' id='block_1_84' title="bbox 1933 3511 3588 3583">
    <p class='ocr_par' dir='ltr' id='par_1_84' title="bbox 1933 3511 3588 3583">
     <span class='ocr_line' id='line_1_84' title="bbox 1933 3511 3588 3583; baseline 0.001 -16"><span class='ocrx_word' id='word_1_516' title='bbox 1933 3511 2311 3567; x_wconf 89' lang='lat' dir='ltr'>amminiculo</span> <span class='ocrx_word' id='word_1_517' title='bbox 2340 3512 2682 3583; x_wconf 91' lang='lat' dir='ltr'>sospitatem</span> <span class='ocrx_word' id='word_1_518' title='bbox 2714 3516 2976 3567; x_wconf 82' lang='lat' dir='ltr'>nostram</span> <span class='ocrx_word' id='word_1_519' title='bbox 3001 3512 3286 3570; x_wconf 83' lang='lat' dir='ltr'>dinoscite</span> <span class='ocrx_word' id='word_1_520' title='bbox 3305 3517 3588 3570; x_wconf 84' lang='lat' dir='ltr'>vestram-</span> 
     </span>
    </p>
   </div>
   <div class='ocr_carea' id='block_1_85' title="bbox 1931 3598 3590 3672">
    <p class='ocr_par' dir='ltr' id='par_1_85' title="bbox 1931 3598 3590 3672">
     <span class='ocr_line' id='line_1_85' title="bbox 1931 3598 3590 3672; baseline 0.002 -18"><span class='ocrx_word' id='word_1_521' title='bbox 1931 3618 2046 3672; x_wconf 88' lang='lat' dir='ltr'>que</span> <span class='ocrx_word' id='word_1_522' title='bbox 2079 3601 2252 3656; x_wconf 89' lang='lat' dir='ltr'>nobis</span> <span class='ocrx_word' id='word_1_523' title='bbox 2283 3601 2517 3655; x_wconf 86' lang='lat' dir='ltr'>domum</span> <span class='ocrx_word' id='word_1_524' title='bbox 2551 3600 2852 3668; x_wconf 89' lang='lat' dir='ltr'>intimate;</span> <span class='ocrx_word' id='word_1_525' title='bbox 2887 3598 3012 3657; x_wconf 88' lang='lat' dir='ltr'>dies</span> <span class='ocrx_word' id='word_1_526' title='bbox 3040 3605 3129 3657; x_wconf 91' lang='lat' dir='ltr'>est</span> <span class='ocrx_word' id='word_1_527' title='bbox 3159 3600 3318 3657; x_wconf 89' lang='lat' dir='ltr'>enim</span> <span class='ocrx_word' id='word_1_528' title='bbox 3367 3601 3590 3659; x_wconf 87' lang='lat' dir='ltr'>obtabi-</span> 
     </span>
    </p>
   </div>
   <div class='ocr_carea' id='block_1_86' title="bbox 1932 3688 3593 3762">
    <p class='ocr_par' dir='ltr' id='par_1_86' title="bbox 1932 3688 3593 3762">
     <span class='ocr_line' id='line_1_86' title="bbox 1932 3688 3593 3762; baseline 0.002 -19"><span class='ocrx_word' id='word_1_529' title='bbox 1932 3688 2030 3756; x_wconf 89' lang='lat' dir='ltr'>lis,</span> <span class='ocrx_word' id='word_1_530' title='bbox 2064 3706 2178 3761; x_wconf 89' lang='lat' dir='ltr'>quo</span> <span class='ocrx_word' id='word_1_531' title='bbox 2211 3690 2384 3745; x_wconf 88' lang='lat' dir='ltr'>vestri</span> <span class='ocrx_word' id='word_1_532' title='bbox 2417 3693 2865 3762; x_wconf 88' lang='lat' dir='ltr'>vestrorumque</span> <span class='ocrx_word' id='word_1_533' title='bbox 2895 3689 3146 3746; x_wconf 89' lang='lat' dir='ltr'>salutem</span> <span class='ocrx_word' id='word_1_534' title='bbox 3178 3691 3384 3747; x_wconf 89' lang='lat' dir='ltr'>audire</span> <span class='ocrx_word' id='word_1_535' title='bbox 3404 3706 3593 3747; x_wconf 84' lang='lat' dir='ltr'>mere-</span> 
     </span>
    </p>
   </div>
   <div class='ocr_carea' id='block_1_87' title="bbox 1934 3778 3590 3851">
    <p class='ocr_par' dir='ltr' id='par_1_87' title="bbox 1934 3778 3590 3851">
     <span class='ocr_line' id='line_1_87' title="bbox 1934 3778 3590 3851; baseline 0.002 -19"><span class='ocrx_word' id='word_1_536' title='bbox 1934 3783 2242 3833; x_wconf 89' lang='lat' dir='ltr'>mur.Dum</span> <span class='ocrx_word' id='word_1_537' title='bbox 2262 3778 2831 3851; x_wconf 83' lang='lat' dir='ltr'>ﬂagitamuslargam</span> <span class='ocrx_word' id='word_1_538' title='bbox 2850 3779 3299 3836; x_wconf 88' lang='lat' dir='ltr'>benivolentiam</span> <span class='ocrx_word' id='word_1_539' title='bbox 3312 3785 3590 3848; x_wconf 88' lang='lat' dir='ltr'>vestram,</span> 
     </span>
    </p>
   </div>
   <div class='ocr_carea' id='block_1_88' title="bbox 1936 3867 3590 3943">
    <p class='ocr_par' dir='ltr' id='par_1_88' title="bbox 1936 3867 3590 3943">
     <span class='ocr_line' id='line_1_88' title="bbox 1936 3867 3590 3943; baseline 0.004 -23"><span class='ocrx_word' id='word_1_540' title='bbox 1936 3871 2019 3935; x_wconf 91' lang='lat' dir='ltr'>ut,</span> <span class='ocrx_word' id='word_1_541' title='bbox 2053 3867 2101 3922; x_wconf 89' lang='lat' dir='ltr'>si</span> <span class='ocrx_word' id='word_1_542' title='bbox 2135 3867 2253 3923; x_wconf 92' lang='lat' dir='ltr'>ullo</span> <span class='ocrx_word' id='word_1_543' title='bbox 2285 3868 2458 3923; x_wconf 90' lang='lat' dir='ltr'>modo</span> <span class='ocrx_word' id='word_1_544' title='bbox 2491 3867 2615 3923; x_wconf 81' lang='lat' dir='ltr'>fieri</span> <span class='ocrx_word' id='word_1_545' title='bbox 2644 3867 2850 3934; x_wconf 89' lang='lat' dir='ltr'>valeat,</span> <span class='ocrx_word' id='word_1_546' title='bbox 2883 3885 3018 3925; x_wconf 91' lang='lat' dir='ltr'>cum</span> <span class='ocrx_word' id='word_1_547' title='bbox 3049 3868 3250 3942; x_wconf 88' lang='lat' dir='ltr'>gerulo</span> <span class='ocrx_word' id='word_1_548' title='bbox 3300 3867 3590 3943; x_wconf 88' lang='lat' dir='ltr'>presentis</span> 
     </span>
    </p>
   </div>
   <div class='ocr_carea' id='block_1_89' title="bbox 1938 3955 3595 4028">
    <p class='ocr_par' dir='ltr' id='par_1_89' title="bbox 1938 3955 3595 4028">
     <span class='ocr_line' id='line_1_89' title="bbox 1938 3955 3595 4028; baseline 0.004 -20"><span class='ocrx_word' id='word_1_549' title='bbox 1938 3955 2218 4028; x_wconf 83' lang='lat' dir='ltr'>pittacioli</span> <span class='ocrx_word' id='word_1_550' title='bbox 2252 3956 2549 4012; x_wconf 88' lang='lat' dir='ltr'>Matheum</span> <span class='ocrx_word' id='word_1_551' title='bbox 2581 3956 2920 4013; x_wconf 85' lang='lat' dir='ltr'>vitrearium</span> <span class='ocrx_word' id='word_1_552' title='bbox 2951 3958 3121 4015; x_wconf 91' lang='lat' dir='ltr'>nobis</span> <span class='ocrx_word' id='word_1_553' title='bbox 3144 3958 3595 4026; x_wconf 82' lang='lat' dir='ltr'>transmittatis,</span> 
     </span>
    </p>
   </div>
   <div class='ocr_carea' id='block_1_90' title="bbox 1939 4045 3600 4122">
    <p class='ocr_par' dir='ltr' id='par_1_90' title="bbox 1939 4045 3600 4122">
     <span class='ocr_line' id='line_1_90' title="bbox 1939 4045 3600 4122; baseline 0.003 -22"><span class='ocrx_word' id='word_1_554' title='bbox 1939 4048 2230 4117; x_wconf 88' lang='lat' dir='ltr'>quatenus</span> <span class='ocrx_word' id='word_1_555' title='bbox 2273 4045 2346 4101; x_wconf 90' lang='lat' dir='ltr'>ad</span> <span class='ocrx_word' id='word_1_556' title='bbox 2398 4045 2703 4102; x_wconf 90' lang='lat' dir='ltr'>basilicam</span> <span class='ocrx_word' id='word_1_557' title='bbox 2751 4046 2947 4102; x_wconf 85' lang='lat' dir='ltr'>Sancti</span> <span class='ocrx_word' id='word_1_558' title='bbox 2995 4047 3115 4103; x_wconf 86' lang='lat' dir='ltr'>Viti</span> <span class='ocrx_word' id='word_1_559' title='bbox 3165 4052 3387 4122; x_wconf 81' lang='lat' dir='ltr'>martyr</span> <span class='ocrx_word' id='word_1_560' title='bbox 3443 4047 3600 4120; x_wconf 81' lang='grc'>(191)</span> 
     </span>
    </p>
   </div>
   <div class='ocr_carea' id='block_1_91' title="bbox 1939 4133 3602 4206">
    <p class='ocr_par' dir='ltr' id='par_1_91' title="bbox 1939 4133 3602 4206">
     <span class='ocr_line' id='line_1_91' title="bbox 1939 4133 3602 4206; baseline 0.002 -16"><span class='ocrx_word' id='word_1_561' title='bbox 1939 4146 2172 4190; x_wconf 89' lang='lat' dir='ltr'>summe</span> <span class='ocrx_word' id='word_1_562' title='bbox 2204 4133 2455 4189; x_wconf 81' lang='lat' dir='ltr'>fenestra</span> <span class='ocrx_word' id='word_1_563' title='bbox 2495 4134 2791 4206; x_wconf 81' lang='lat' dir='ltr'>exemplar</span> <span class='ocrx_word' id='word_1_564' title='bbox 2833 4137 3087 4191; x_wconf 87' lang='lat' dir='ltr'>ostentet</span> <span class='ocrx_word' id='word_1_565' title='bbox 3132 4134 3442 4192; x_wconf 83' lang='lat' dir='ltr'>infantulis</span> <span class='ocrx_word' id='word_1_566' title='bbox 3489 4152 3602 4192; x_wconf 87' lang='lat' dir='ltr'>no-</span> 
     </span>
    </p>
   </div>
   <div class='ocr_carea' id='block_1_92' title="bbox 1939 4221 3603 4295">
    <p class='ocr_par' dir='ltr' id='par_1_92' title="bbox 1939 4221 3603 4295">
     <span class='ocr_line' id='line_1_92' title="bbox 1939 4221 3603 4295; baseline 0.002 -17"><span class='ocrx_word' id='word_1_567' title='bbox 1939 4221 2099 4288; x_wconf 87' lang='lat' dir='ltr'>stris,</span> <span class='ocrx_word' id='word_1_568' title='bbox 2129 4222 2448 4294; x_wconf 88' lang='lat' dir='ltr'>statimque</span> <span class='ocrx_word' id='word_1_569' title='bbox 2480 4226 2612 4295; x_wconf 91' lang='lat' dir='ltr'>post</span> <span class='ocrx_word' id='word_1_570' title='bbox 2641 4224 2967 4280; x_wconf 89' lang='lat' dir='ltr'>ebdomade</span> <span class='ocrx_word' id='word_1_571' title='bbox 3002 4224 3183 4280; x_wconf 90' lang='lat' dir='ltr'>unius</span> <span class='ocrx_word' id='word_1_572' title='bbox 3212 4241 3454 4281; x_wconf 91' lang='lat' dir='ltr'>cursum</span> <span class='ocrx_word' id='word_1_573' title='bbox 3504 4241 3603 4281; x_wconf 87' lang='lat' dir='ltr'>re-</span> 
     </span>
    </p>
   </div>
   <div class='ocr_carea' id='block_1_93' title="bbox 1942 4309 3599 4382">
    <p class='ocr_par' dir='ltr' id='par_1_93' title="bbox 1942 4309 3599 4382">
     <span class='ocr_line' id='line_1_93' title="bbox 1942 4309 3599 4382; baseline 0 -17"><span class='ocrx_word' id='word_1_574' title='bbox 1942 4326 2137 4365; x_wconf 90' lang='lat' dir='ltr'>meare</span> <span class='ocrx_word' id='word_1_575' title='bbox 2166 4310 2396 4381; x_wconf 90' lang='lat' dir='ltr'>poterit.</span> <span class='ocrx_word' id='word_1_576' title='bbox 2430 4314 2618 4382; x_wconf 85' lang='lat' dir='ltr'>Super</span> <span class='ocrx_word' id='word_1_577' title='bbox 2648 4309 2959 4367; x_wconf 87' lang='lat' dir='ltr'>fraterculo</span> <span class='ocrx_word' id='word_1_578' title='bbox 3002 4313 3198 4365; x_wconf 89' lang='lat' dir='ltr'>autem</span> <span class='ocrx_word' id='word_1_579' title='bbox 3247 4314 3448 4366; x_wconf 89' lang='lat' dir='ltr'>nostro</span> <span class='ocrx_word' id='word_1_580' title='bbox 3498 4309 3599 4366; x_wconf 90' lang='lat' dir='ltr'>illo</span> 
     </span>
    </p>
   </div>
   <div class='ocr_carea' id='block_1_94' title="bbox 1943 4397 3599 4470">
    <p class='ocr_par' dir='ltr' id='par_1_94' title="bbox 1943 4397 3599 4470">
     <span class='ocr_line' id='line_1_94' title="bbox 1943 4397 3599 4470; baseline 0.001 -16"><span class='ocrx_word' id='word_1_581' title='bbox 1943 4397 2149 4454; x_wconf 89' lang='lat' dir='ltr'>obnixe</span> <span class='ocrx_word' id='word_1_582' title='bbox 2164 4397 2540 4470; x_wconf 88' lang='lat' dir='ltr'>deposcimus</span> <span class='ocrx_word' id='word_1_583' title='bbox 2561 4403 2626 4454; x_wconf 89' lang='lat' dir='ltr'>ut</span> <span class='ocrx_word' id='word_1_584' title='bbox 2646 4398 2821 4456; x_wconf 89' lang='lat' dir='ltr'>liceat</span> <span class='ocrx_word' id='word_1_585' title='bbox 2842 4415 2978 4456; x_wconf 87' lang='lat' dir='ltr'>eum</span> <span class='ocrx_word' id='word_1_586' title='bbox 2997 4399 3166 4455; x_wconf 88' lang='lat' dir='ltr'>beato</span> <span class='ocrx_word' id='word_1_587' title='bbox 3190 4397 3275 4453; x_wconf 90' lang='lat' dir='ltr'>illi</span> <span class='ocrx_word' id='word_1_588' title='bbox 3300 4415 3599 4455; x_wconf 89' lang='lat' dir='ltr'>commen-</span> 
     </span>
    </p>
   </div>
   <div class='ocr_carea' id='block_1_95' title="bbox 1944 4486 3598 4561">
    <p class='ocr_par' dir='ltr' id='par_1_95' title="bbox 1944 4486 3598 4561">
     <span class='ocr_line' id='line_1_95' title="bbox 1944 4486 3598 4561; baseline 0.002 -19"><span class='ocrx_word' id='word_1_589' title='bbox 1944 4486 2068 4542; x_wconf 90' lang='lat' dir='ltr'>dari</span> <span class='ocrx_word' id='word_1_590' title='bbox 2097 4486 2392 4541; x_wconf 90' lang='lat' dir='ltr'>destinare</span> <span class='ocrx_word' id='word_1_591' title='bbox 2423 4503 2558 4543; x_wconf 88' lang='lat' dir='ltr'>cum</span> <span class='ocrx_word' id='word_1_592' title='bbox 2591 4488 2771 4545; x_wconf 87' lang='lat' dir='ltr'>altero</span> <span class='ocrx_word' id='word_1_593' title='bbox 2819 4487 3137 4555; x_wconf 89' lang='lat' dir='ltr'>infantulo,</span> <span class='ocrx_word' id='word_1_594' title='bbox 3186 4504 3299 4561; x_wconf 89' lang='lat' dir='ltr'>que</span> <span class='ocrx_word' id='word_1_595' title='bbox 3348 4504 3486 4544; x_wconf 91' lang='lat' dir='ltr'>eum</span> <span class='ocrx_word' id='word_1_596' title='bbox 3538 4488 3598 4545; x_wconf 89' lang='lat' dir='ltr'>in</span> 
     </span>
    </p>
   </div>
   <div class='ocr_carea' id='block_1_96' title="bbox 186 4564 3597 4650">
    <p class='ocr_par' dir='ltr' id='par_1_96' title="bbox 186 4564 3597 4650">
     <span class='ocr_line' id='line_1_96' title="bbox 186 4564 3597 4650; baseline 0 -32"><span class='ocrx_word' id='word_1_597' title='bbox 186 4565 397 4624; x_wconf 87' lang='lat' dir='ltr'>solacio</span> <span class='ocrx_word' id='word_1_598' title='bbox 423 4568 681 4635; x_wconf 80' lang='lat' dir='ltr'>conﬁdo,</span> <span class='ocrx_word' id='word_1_599' title='bbox 711 4566 795 4623; x_wconf 87' lang='lat' dir='ltr'>vel</span> <span class='ocrx_word' id='word_1_600' title='bbox 830 4566 913 4621; x_wconf 93' lang='lat' dir='ltr'>uti</span> <span class='ocrx_word' id='word_1_601' title='bbox 944 4564 1234 4621; x_wconf 90' lang='lat' dir='ltr'>darethoc</span> <span class='ocrx_word' id='word_1_602' title='bbox 1256 4564 1459 4620; x_wconf 85' lang='lat' dir='ltr'>sedulo</span> <span class='ocrx_word' id='word_1_603' title='bbox 1481 4564 1540 4619; x_wconf 90' lang='lat' dir='ltr'>in</span> <span class='ocrx_word' id='word_1_604' title='bbox 1563 4568 1695 4620; x_wconf 91' lang='lat' dir='ltr'>actu</span> <span class='ocrx_word' id='word_1_605' title='bbox 1715 4568 1831 4620; x_wconf 88' lang='lat' dir='ltr'>tam</span> <span class='ocrx_word' id='word_1_606' title='bbox 1864 4582 1910 4647; x_wconf 74' lang='grc' dir='ltr'>ι)</span> <span class='ocrx_word' id='word_1_607' title='bbox 1941 4576 2066 4632; x_wconf 78' lang='lat' dir='ltr'>suis</span> <span class='ocrx_word' id='word_1_608' title='bbox 2096 4579 2388 4648; x_wconf 80' lang='lat' dir='ltr'>procuret,</span> <span class='ocrx_word' id='word_1_609' title='bbox 2423 4579 2481 4630; x_wconf 88' lang='lat' dir='ltr'>et</span> <span class='ocrx_word' id='word_1_610' title='bbox 2509 4578 2745 4648; x_wconf 88' lang='lat' dir='ltr'>quando</span> <span class='ocrx_word' id='word_1_611' title='bbox 2778 4577 3097 4650; x_wconf 79' lang='lat' dir='ltr'>qualiterve</span> <span class='ocrx_word' id='word_1_612' title='bbox 3121 4577 3436 4633; x_wconf 59' lang='lat' dir='ltr'>transmitti</span> <span class='ocrx_word' id='word_1_613' title='bbox 3495 4578 3597 4634; x_wconf 70' lang='lat' dir='ltr'>de-</span> 
     </span>
    </p>
   </div>
   <div class='ocr_carea' id='block_1_97' title="bbox 189 4652 1833 4730">
    <p class='ocr_par' dir='ltr' id='par_1_97' title="bbox 189 4652 1833 4730">
     <span class='ocr_line' id='line_1_97' title="bbox 189 4652 1833 4730; baseline 0 -22"><span class='ocrx_word' id='word_1_614' title='bbox 189 4653 395 4712; x_wconf 89' lang='lat' dir='ltr'>divinis</span> <span class='ocrx_word' id='word_1_615' title='bbox 425 4674 599 4730; x_wconf 83' lang='lat' dir='ltr'>quam</span> <span class='ocrx_word' id='word_1_616' title='bbox 644 4655 931 4712; x_wconf 90' lang='lat' dir='ltr'>forasticis</span> <span class='ocrx_word' id='word_1_617' title='bbox 979 4655 1173 4709; x_wconf 90' lang='lat' dir='ltr'>rebus.</span> <span class='ocrx_word' id='word_1_618' title='bbox 1226 4653 1356 4708; x_wconf 84' lang='lat' dir='ltr'>Misi</span> <span class='ocrx_word' id='word_1_619' title='bbox 1403 4658 1599 4709; x_wconf 89' lang='lat' dir='ltr'>autem</span> <span class='ocrx_word' id='word_1_620' title='bbox 1650 4652 1833 4709; x_wconf 90' lang='lat' dir='ltr'>libros</span> 
     </span>
    </p>
   </div>
   <div class='ocr_carea' id='block_1_98' title="bbox 189 4742 1835 4818">
    <p class='ocr_par' dir='ltr' id='par_1_98' title="bbox 189 4742 1835 4818">
     <span class='ocr_line' id='line_1_98' title="bbox 189 4742 1835 4818; baseline 0.001 -23"><span class='ocrx_word' id='word_1_621' title='bbox 189 4749 406 4801; x_wconf 85' lang='lat' dir='ltr'>vestros</span> <span class='ocrx_word' id='word_1_622' title='bbox 423 4749 494 4802; x_wconf 89' lang='lat' dir='ltr'>ad</span> <span class='ocrx_word' id='word_1_623' title='bbox 512 4746 813 4818; x_wconf 89' lang='lat' dir='ltr'>preprium</span> <span class='ocrx_word' id='word_1_624' title='bbox 838 4745 1034 4799; x_wconf 90' lang='lat' dir='ltr'>sinum</span> <span class='ocrx_word' id='word_1_625' title='bbox 1058 4742 1458 4815; x_wconf 85' lang='lat' dir='ltr'>applicandos,</span> <span class='ocrx_word' id='word_1_626' title='bbox 1491 4759 1593 4814; x_wconf 87' lang='lat' dir='ltr'>pro</span> <span class='ocrx_word' id='word_1_627' title='bbox 1617 4742 1835 4813; x_wconf 90' lang='lat' dir='ltr'>quibus</span> 
     </span>
    </p>
   </div>
   <div class='ocr_carea' id='block_1_99' title="bbox 190 4829 1837 4901">
    <p class='ocr_par' dir='ltr' id='par_1_99' title="bbox 190 4829 1837 4901">
     <span class='ocr_line' id='line_1_99' title="bbox 190 4829 1837 4901; baseline 0 -16"><span class='ocrx_word' id='word_1_628' title='bbox 190 4834 401 4901; x_wconf 87' lang='lat' dir='ltr'>gratias</span> <span class='ocrx_word' id='word_1_629' title='bbox 435 4835 735 4890; x_wconf 78' lang='lat' dir='ltr'>inmensas</span> <span class='ocrx_word' id='word_1_630' title='bbox 766 4835 951 4889; x_wconf 90' lang='lat' dir='ltr'>refero</span> <span class='ocrx_word' id='word_1_631' title='bbox 981 4831 1207 4889; x_wconf 89' lang='lat' dir='ltr'>caritati</span> <span class='ocrx_word' id='word_1_632' title='bbox 1241 4833 1443 4886; x_wconf 61' lang='lat' dir='ltr'>vestrae</span> <span class='ocrx_word' id='word_1_633' title='bbox 1474 4829 1557 4885; x_wconf 91' lang='lat' dir='ltr'>vel</span> <span class='ocrx_word' id='word_1_634' title='bbox 1610 4830 1734 4885; x_wconf 90' lang='lat' dir='ltr'>tibi.</span> <span class='ocrx_word' id='word_1_635' title='bbox 1769 4831 1837 4885; x_wconf 85' lang='lat' dir='ltr'>Et</span> 
     </span>
    </p>
   </div>
   <div class='ocr_carea' id='block_1_100' title="bbox 193 4918 1837 4993">
    <p class='ocr_par' dir='ltr' id='par_1_100' title="bbox 193 4918 1837 4993">
     <span class='ocr_line' id='line_1_100' title="bbox 193 4918 1837 4993; baseline 0 -20"><span class='ocrx_word' id='word_1_636' title='bbox 193 4936 292 4988; x_wconf 88' lang='lat' dir='ltr'>pro</span> <span class='ocrx_word' id='word_1_637' title='bbox 322 4922 480 4978; x_wconf 91' lang='lat' dir='ltr'>omni</span> <span class='ocrx_word' id='word_1_638' title='bbox 515 4922 903 4979; x_wconf 88' lang='lat' dir='ltr'>benivolentia</span> <span class='ocrx_word' id='word_1_639' title='bbox 931 4938 1067 4993; x_wconf 87' lang='lat' dir='ltr'>erga</span> <span class='ocrx_word' id='word_1_640' title='bbox 1091 4937 1183 4975; x_wconf 91' lang='lat' dir='ltr'>me</span> <span class='ocrx_word' id='word_1_641' title='bbox 1206 4919 1460 4991; x_wconf 82' lang='lat' dir='ltr'>inpensa</span> <span class='ocrx_word' id='word_1_642' title='bbox 1482 4935 1656 4989; x_wconf 90' lang='lat' dir='ltr'>posco</span> <span class='ocrx_word' id='word_1_643' title='bbox 1683 4923 1764 4983; x_wconf 90' lang='lat' dir='ltr'>ut,</span> <span class='ocrx_word' id='word_1_644' title='bbox 1789 4918 1837 4975; x_wconf 89' lang='lat' dir='ltr'>si</span> 
     </span>
    </p>
   </div>
   <div class='ocr_carea' id='block_1_101' title="bbox 195 5006 1836 5083">
    <p class='ocr_par' dir='ltr' id='par_1_101' title="bbox 195 5006 1836 5083">
     <span class='ocr_line' id='line_1_101' title="bbox 195 5006 1836 5083; baseline 0.001 -22"><span class='ocrx_word' id='word_1_645' title='bbox 195 5007 309 5065; x_wconf 92' lang='lat' dir='ltr'>ullo</span> <span class='ocrx_word' id='word_1_646' title='bbox 341 5012 511 5067; x_wconf 90' lang='lat' dir='ltr'>modo</span> <span class='ocrx_word' id='word_1_647' title='bbox 543 5012 666 5068; x_wconf 81' lang='lat' dir='ltr'>ﬁeri</span> <span class='ocrx_word' id='word_1_648' title='bbox 699 5010 906 5077; x_wconf 87' lang='lat' dir='ltr'>valeat,</span> <span class='ocrx_word' id='word_1_649' title='bbox 929 5013 1059 5083; x_wconf 90' lang='lat' dir='ltr'>post</span> <span class='ocrx_word' id='word_1_650' title='bbox 1083 5008 1450 5064; x_wconf 89' lang='lat' dir='ltr'>festivitatem</span> <span class='ocrx_word' id='word_1_651' title='bbox 1475 5007 1661 5062; x_wconf 89' lang='lat' dir='ltr'>sancti</span> <span class='ocrx_word' id='word_1_652' title='bbox 1681 5006 1836 5062; x_wconf 90' lang='lat' dir='ltr'>illius</span> 
     </span>
    </p>
   </div>
   <div class='ocr_carea' id='block_1_102' title="bbox 186 5094 1839 5168">
    <p class='ocr_par' dir='ltr' id='par_1_102' title="bbox 186 5094 1839 5168">
     <span class='ocr_line' id='line_1_102' title="bbox 186 5094 1839 5168; baseline 0.001 -18"><span class='ocrx_word' id='word_1_653' title='bbox 186 5095 622 5165; x_wconf 88' lang='lat' dir='ltr'>jubeatisillum</span> <span class='ocrx_word' id='word_1_654' title='bbox 639 5099 931 5157; x_wconf 90' lang='lat' dir='ltr'>medicum</span> <span class='ocrx_word' id='word_1_655' title='bbox 954 5098 1025 5153; x_wconf 90' lang='lat' dir='ltr'>ad</span> <span class='ocrx_word' id='word_1_656' title='bbox 1042 5114 1134 5153; x_wconf 89' lang='lat' dir='ltr'>me</span> <span class='ocrx_word' id='word_1_657' title='bbox 1154 5095 1371 5161; x_wconf 89' lang='lat' dir='ltr'>venire,</span> <span class='ocrx_word' id='word_1_658' title='bbox 1388 5094 1527 5168; x_wconf 87' lang='lat' dir='ltr'>quia</span> <span class='ocrx_word' id='word_1_659' title='bbox 1547 5095 1839 5167; x_wconf 90' lang='lat' dir='ltr'>adjutorio</span> 
     </span>
    </p>
   </div>
   <div class='ocr_carea' id='block_1_103' title="bbox 195 5184 1837 5262">
    <p class='ocr_par' dir='ltr' id='par_1_103' title="bbox 195 5184 1837 5262">
     <span class='ocr_line' id='line_1_103' title="bbox 195 5184 1837 5262; baseline 0.002 -24"><span class='ocrx_word' id='word_1_660' title='bbox 195 5185 318 5254; x_wconf 83' lang='lat' dir='ltr'>ejus</span> <span class='ocrx_word' id='word_1_661' title='bbox 348 5187 599 5262; x_wconf 87' lang='lat' dir='ltr'>indigeo.</span> <span class='ocrx_word' id='word_1_662' title='bbox 632 5189 742 5246; x_wconf 85' lang='lat' dir='ltr'>Sed</span> <span class='ocrx_word' id='word_1_663' title='bbox 774 5193 830 5243; x_wconf 89' lang='lat' dir='ltr'>et</span> <span class='ocrx_word' id='word_1_664' title='bbox 857 5187 1073 5243; x_wconf 90' lang='lat' dir='ltr'>domno</span> <span class='ocrx_word' id='word_1_665' title='bbox 1105 5184 1188 5240; x_wconf 91' lang='lat' dir='ltr'>illi</span> <span class='ocrx_word' id='word_1_666' title='bbox 1220 5185 1441 5257; x_wconf 85' lang='lat' dir='ltr'>gratias</span> <span class='ocrx_word' id='word_1_667' title='bbox 1486 5184 1692 5241; x_wconf 81' lang='lat' dir='ltr'>referte</span> <span class='ocrx_word' id='word_1_668' title='bbox 1734 5202 1837 5257; x_wconf 92' lang='lat' dir='ltr'>pro</span> 
     </span>
    </p>
   </div>
   <div class='ocr_carea' id='block_1_104' title="bbox 193 5272 1835 5348">
    <p class='ocr_par' dir='ltr' id='par_1_104' title="bbox 193 5272 1835 5348">
     <span class='ocr_line' id='line_1_104' title="bbox 193 5272 1835 5348; baseline -0.001 -19"><span class='ocrx_word' id='word_1_669' title='bbox 193 5272 500 5334; x_wconf 85' lang='lat' dir='ltr'>fraterculo</span> <span class='ocrx_word' id='word_1_670' title='bbox 532 5294 661 5335; x_wconf 88' lang='lat' dir='ltr'>meo</span> <span class='ocrx_word' id='word_1_671' title='bbox 691 5276 812 5343; x_wconf 93' lang='lat' dir='ltr'>illo,</span> <span class='ocrx_word' id='word_1_672' title='bbox 846 5274 1006 5348; x_wconf 90' lang='lat' dir='ltr'>quia,</span> <span class='ocrx_word' id='word_1_673' title='bbox 1040 5278 1104 5330; x_wconf 91' lang='lat' dir='ltr'>ut</span> <span class='ocrx_word' id='word_1_674' title='bbox 1133 5291 1168 5329; x_wconf 90' lang='lat' dir='ltr'>a</span> <span class='ocrx_word' id='word_1_675' title='bbox 1196 5273 1586 5330; x_wconf 84' lang='lat' dir='ltr'>referentibus</span> <span class='ocrx_word' id='word_1_676' title='bbox 1618 5273 1835 5343; x_wconf 90' lang='lat' dir='ltr'>audivi,</span> 
     </span>
    </p>
   </div>
   <div class='ocr_carea' id='block_1_105' title="bbox 202 5410 211 5417">
    <p class='ocr_par' dir='ltr' id='par_1_105' title="bbox 202 5410 211 5417">
     <span class='ocr_line' id='line_1_105' title="bbox 202 5410 211 5417; baseline 0 0"><span class='ocrx_word' id='word_1_677' title='bbox 202 5410 211 5417; x_wconf 71' lang='grc' dir='ltr'><strong><em>ο</em></strong></span> 
     </span>
    </p>
   </div>
   <div class='ocr_carea' id='block_1_106' title="bbox 262 5413 1838 5491">
    <p class='ocr_par' dir='ltr' id='par_1_106' title="bbox 262 5413 1838 5491">
     <span class='ocr_line' id='line_1_106' title="bbox 262 5413 1838 5491; baseline -0.002 -19"><span class='ocrx_word' id='word_1_678' title='bbox 262 5416 407 5491; x_wconf 81' lang='grc'>(190)</span> <span class='ocrx_word' id='word_1_679' title='bbox 436 5419 520 5476; x_wconf 83' lang='grc' dir='ltr'><strong>οη</strong></span> <span class='ocrx_word' id='word_1_680' title='bbox 554 5417 843 5491; x_wconf 82' lang='lat' dir='ltr'>désignait</span> <span class='ocrx_word' id='word_1_681' title='bbox 869 5415 1017 5491; x_wconf 77' lang='lat' dir='ltr'>ainsi</span> <span class='ocrx_word' id='word_1_682' title='bbox 1046 5413 1132 5491; x_wconf 81' lang='lat' dir='ltr'>les</span> <span class='ocrx_word' id='word_1_683' title='bbox 1164 5413 1390 5470; x_wconf 91' lang='lat' dir='ltr'>moines</span> <span class='ocrx_word' id='word_1_684' title='bbox 1424 5415 1494 5471; x_wconf 89' lang='lat' dir='ltr'>de</span> <span class='ocrx_word' id='word_1_685' title='bbox 1512 5414 1838 5491; x_wconf 38' lang='lat' dir='ltr'>Alieichnau</span> 
     </span>
    </p>
   </div>
   <div class='ocr_carea' id='block_1_107' title="bbox 196 5484 1842 5547">
    <p class='ocr_par' dir='ltr' id='par_1_107' title="bbox 196 5484 1842 5547">
     <span class='ocr_line' id='line_1_107' title="bbox 196 5484 1842 5547; baseline -0.001 -6"><span class='ocrx_word' id='word_1_686' title='bbox 196 5486 228 5538; x_wconf 68' lang='grc' dir='ltr'><strong>ὲ</strong></span> <span class='ocrx_word' id='word_1_687' title='bbox 257 5484 428 5546; x_wconf 81' lang='lat' dir='ltr'>cause</span> <span class='ocrx_word' id='word_1_688' title='bbox 459 5492 528 5547; x_wconf 91' lang='lat' dir='ltr'>de</span> <span class='ocrx_word' id='word_1_689' title='bbox 557 5491 614 5546; x_wconf 91' lang='lat' dir='ltr'>la</span> <span class='ocrx_word' id='word_1_690' title='bbox 640 5484 915 5545; x_wconf 61' lang='lat' dir='ltr'>situation</span> <span class='ocrx_word' id='word_1_691' title='bbox 949 5487 1018 5542; x_wconf 91' lang='lat' dir='ltr'>de</span> <span class='ocrx_word' id='word_1_692' title='bbox 1049 5484 1177 5540; x_wconf 89' lang='lat' dir='ltr'>leur</span> <span class='ocrx_word' id='word_1_693' title='bbox 1205 5491 1470 5541; x_wconf 90' lang='lat' dir='ltr'>couvent.</span> <span class='ocrx_word' id='word_1_694' title='bbox 1504 5485 1587 5541; x_wconf 91' lang='lat' dir='ltr'>Cf.</span> <span class='ocrx_word' id='word_1_695' title='bbox 1639 5486 1842 5541; x_wconf 83' lang='lat' dir='ltr'>Mabil-</span> 
     </span>
    </p>
   </div>
   <div class='ocr_carea' id='block_1_108' title="bbox 195 5553 1659 5629">
    <p class='ocr_par' dir='ltr' id='par_1_108' title="bbox 195 5553 1659 5629">
     <span class='ocr_line' id='line_1_108' title="bbox 195 5553 1659 5629; baseline 0.002 -20"><span class='ocrx_word' id='word_1_696' title='bbox 195 5553 312 5621; x_wconf 83' lang='lat' dir='ltr'>Ion,</span> <span class='ocrx_word' id='word_1_697' title='bbox 342 5564 579 5618; x_wconf 77' lang='lat' dir='ltr'>Annales</span> <span class='ocrx_word' id='word_1_698' title='bbox 609 5560 668 5615; x_wconf 92' lang='lat'>0.</span> <span class='ocrx_word' id='word_1_699' title='bbox 702 5560 756 5615; x_wconf 91' lang='lat' dir='ltr'>S.</span> <span class='ocrx_word' id='word_1_700' title='bbox 787 5561 873 5624; x_wconf 90' lang='lat' dir='ltr'>B.,</span> <span class='ocrx_word' id='word_1_701' title='bbox 907 5563 1048 5613; x_wconf 88' lang='lat' dir='ltr'>tom.</span> <span class='ocrx_word' id='word_1_702' title='bbox 1076 5556 1145 5621; x_wconf 88' lang='lat' dir='ltr'><strong>II,</strong></span> <span class='ocrx_word' id='word_1_703' title='bbox 1175 5558 1442 5629; x_wconf 10' lang='lat' dir='ltr'>pag.r375</span> <span class='ocrx_word' id='word_1_704' title='bbox 1461 5561 1518 5629; x_wconf 82' lang='lat' dir='ltr'>et</span> <span class='ocrx_word' id='word_1_705' title='bbox 1537 5558 1659 5612; x_wconf 82' lang='grc'>485.</span> 
     </span>
    </p>
   </div>
   <div class='ocr_carea' id='block_1_109' title="bbox 265 5625 1839 5704">
    <p class='ocr_par' dir='ltr' id='par_1_109' title="bbox 265 5625 1839 5704">
     <span class='ocr_line' id='line_1_109' title="bbox 265 5625 1839 5704; baseline -0.001 -18"><span class='ocrx_word' id='word_1_706' title='bbox 265 5631 411 5704; x_wconf 88' lang='grc'>(191)</span> <span class='ocrx_word' id='word_1_707' title='bbox 446 5631 742 5689; x_wconf 88' lang='lat' dir='ltr'>Plusieurs</span> <span class='ocrx_word' id='word_1_708' title='bbox 773 5630 1135 5686; x_wconf 75' lang='lat' dir='ltr'>monasteres</span> <span class='ocrx_word' id='word_1_709' title='bbox 1165 5625 1280 5683; x_wconf 70' lang='lat' dir='ltr'>ent</span> <span class='ocrx_word' id='word_1_710' title='bbox 1296 5628 1387 5684; x_wconf 83' lang='lat' dir='ltr'>été</span> <span class='ocrx_word' id='word_1_711' title='bbox 1419 5627 1531 5684; x_wconf 89' lang='lat' dir='ltr'>mis</span> <span class='ocrx_word' id='word_1_712' title='bbox 1550 5644 1687 5685; x_wconf 86' lang='lat' dir='ltr'>sous</span> <span class='ocrx_word' id='word_1_713' title='bbox 1710 5625 1839 5684; x_wconf 88' lang='lat' dir='ltr'>l’in-</span> 
     </span>
    </p>
   </div>
   <div class='ocr_carea' id='block_1_110' title="bbox 513 5753 973 5830">
    <p class='ocr_par' dir='ltr' id='par_1_110' title="bbox 513 5753 973 5830">
     <span class='ocr_line' id='line_1_110' title="bbox 513 5753 973 5830; baseline -0.009 -8"><span class='ocrx_word' id='word_1_714' title='bbox 513 5759 778 5822; x_wconf 78' lang='lat' dir='ltr'>PATROL.</span> <span class='ocrx_word' id='word_1_715' title='bbox 823 5753 973 5830; x_wconf 71' lang='lat' dir='ltr'>CLI,</span> 
     </span>
    </p>
   </div>
   <div class='ocr_carea' id='block_1_111' title="bbox 1942 4662 3600 4739">
    <p class='ocr_par' dir='ltr' id='par_1_111' title="bbox 1942 4662 3600 4739">
     <span class='ocr_line' id='line_1_111' title="bbox 1942 4662 3600 4739; baseline 0.002 -20"><span class='ocrx_word' id='word_1_716' title='bbox 1942 4666 2075 4720; x_wconf 89' lang='lat' dir='ltr'>beat</span> <span class='ocrx_word' id='word_1_717' title='bbox 2103 4663 2460 4719; x_wconf 86' lang='lat' dir='ltr'>remandate.</span> <span class='ocrx_word' id='word_1_718' title='bbox 2495 4663 2574 4719; x_wconf 91' lang='lat' dir='ltr'>De</span> <span class='ocrx_word' id='word_1_719' title='bbox 2607 4664 2801 4722; x_wconf 92' lang='lat' dir='ltr'>mellis</span> <span class='ocrx_word' id='word_1_720' title='bbox 2829 4683 2964 4722; x_wconf 91' lang='lat' dir='ltr'>vero</span> <span class='ocrx_word' id='word_1_721' title='bbox 2995 4662 3315 4739; x_wconf 87' lang='lat' dir='ltr'>opulentia,</span> <span class='ocrx_word' id='word_1_722' title='bbox 3348 4682 3466 4739; x_wconf 91' lang='lat' dir='ltr'>qua</span> <span class='ocrx_word' id='word_1_723' title='bbox 3495 4683 3600 4723; x_wconf 81' lang='lat' dir='ltr'>vos</span> 
     </span>
    </p>
   </div>
   <div class='ocr_carea' id='block_1_112' title="bbox 1944 4751 3599 4828">
    <p class='ocr_par' dir='ltr' id='par_1_112' title="bbox 1944 4751 3599 4828">
     <span class='ocr_line' id='line_1_112' title="bbox 1944 4751 3599 4828; baseline 0.002 -19"><span class='ocrx_word' id='word_1_724' title='bbox 1944 4751 2206 4825; x_wconf 83' lang='lat' dir='ltr'>adjuvari</span> <span class='ocrx_word' id='word_1_725' title='bbox 2240 4752 2577 4824; x_wconf 88' lang='lat' dir='ltr'>poposcitis,</span> <span class='ocrx_word' id='word_1_726' title='bbox 2613 4754 2819 4811; x_wconf 91' lang='lat' dir='ltr'>scitote</span> <span class='ocrx_word' id='word_1_727' title='bbox 2850 4772 2958 4811; x_wconf 88' lang='lat' dir='ltr'>nos</span> <span class='ocrx_word' id='word_1_728' title='bbox 2988 4754 3206 4827; x_wconf 89' lang='lat' dir='ltr'>gratias</span> <span class='ocrx_word' id='word_1_729' title='bbox 3241 4772 3372 4812; x_wconf 86' lang='lat' dir='ltr'>rara</span> <span class='ocrx_word' id='word_1_730' title='bbox 3417 4772 3599 4828; x_wconf 89' lang='lat' dir='ltr'>quam</span> 
     </span>
    </p>
   </div>
   <div class='ocr_carea' id='block_1_113' title="bbox 1945 4840 3599 4915">
    <p class='ocr_par' dir='ltr' id='par_1_113' title="bbox 1945 4840 3599 4915">
     <span class='ocr_line' id='line_1_113' title="bbox 1945 4840 3599 4915; baseline 0.002 -18"><span class='ocrx_word' id='word_1_731' title='bbox 1945 4859 2046 4899; x_wconf 91' lang='lat' dir='ltr'>vos</span> <span class='ocrx_word' id='word_1_732' title='bbox 2063 4841 2157 4915; x_wconf 90' lang='lat' dir='ltr'>plu</span> <span class='ocrx_word' id='word_1_733' title='bbox 2170 4859 2231 4896; x_wconf 90' lang='lat' dir='ltr'>ra</span> <span class='ocrx_word' id='word_1_734' title='bbox 2249 4840 2558 4896; x_wconf 86' lang='lat' dir='ltr'>extendere</span> <span class='ocrx_word' id='word_1_735' title='bbox 2578 4841 2753 4898; x_wconf 88' lang='lat' dir='ltr'>velle:</span> <span class='ocrx_word' id='word_1_736' title='bbox 2780 4844 2992 4899; x_wconf 89' lang='lat' dir='ltr'>mittite</span> <span class='ocrx_word' id='word_1_737' title='bbox 3010 4844 3291 4900; x_wconf 90' lang='lat' dir='ltr'>nuncium</span> <span class='ocrx_word' id='word_1_738' title='bbox 3316 4849 3599 4912; x_wconf 90' lang='lat' dir='ltr'>vestrum,</span> 
     </span>
    </p>
   </div>
   <div class='ocr_carea' id='block_1_114' title="bbox 1947 4928 3605 5004">
    <p class='ocr_par' dir='ltr' id='par_1_114' title="bbox 1947 4928 3605 5004">
     <span class='ocr_line' id='line_1_114' title="bbox 1947 4928 3605 5004; baseline 0.003 -19"><span class='ocrx_word' id='word_1_739' title='bbox 1947 4931 2046 5004; x_wconf 90' lang='lat' dir='ltr'>qui</span> <span class='ocrx_word' id='word_1_740' title='bbox 2078 4930 2277 4985; x_wconf 81' lang='lat' dir='ltr'>decem</span> <span class='ocrx_word' id='word_1_741' title='bbox 2310 4928 2485 4985; x_wconf 92' lang='lat' dir='ltr'>siclas</span> <span class='ocrx_word' id='word_1_742' title='bbox 2517 4929 2710 4986; x_wconf 89' lang='lat' dir='ltr'>mellis</span> <span class='ocrx_word' id='word_1_743' title='bbox 2741 4932 2993 5003; x_wconf 87' lang='lat' dir='ltr'>perferat</span> <span class='ocrx_word' id='word_1_744' title='bbox 3022 4931 3219 4989; x_wconf 91' lang='lat' dir='ltr'>vobis.</span> <span class='ocrx_word' id='word_1_745' title='bbox 3252 4931 3403 4990; x_wconf 89' lang='lat' dir='ltr'>Bene</span> <span class='ocrx_word' id='word_1_746' title='bbox 3420 4933 3605 4991; x_wconf 88' lang='lat' dir='ltr'>valete</span> 
     </span>
    </p>
   </div>
   <div class='ocr_carea' id='block_1_115' title="bbox 1947 5018 2736 5091">
    <p class='ocr_par' dir='ltr' id='par_1_115' title="bbox 1947 5018 2736 5091">
     <span class='ocr_line' id='line_1_115' title="bbox 1947 5018 2736 5091; baseline -0.006 -14"><span class='ocrx_word' id='word_1_747' title='bbox 1947 5036 2179 5091; x_wconf 90' lang='lat' dir='ltr'>semper</span> <span class='ocrx_word' id='word_1_748' title='bbox 2210 5033 2499 5073; x_wconf 89' lang='lat' dir='ltr'>memores</span> <span class='ocrx_word' id='word_1_749' title='bbox 2530 5018 2736 5074; x_wconf 90' lang='lat' dir='ltr'>nostri.</span> 
     </span>
    </p>
   </div>
   <div class='ocr_carea' id='block_1_116' title="bbox 2693 5106 2880 5162">
    <p class='ocr_par' dir='ltr' id='par_1_116' title="bbox 2693 5106 2880 5162">
     <span class='ocr_line' id='line_1_116' title="bbox 2693 5106 2880 5162; baseline -0.005 -1"><span class='ocrx_word' id='word_1_750' title='bbox 2693 5106 2880 5162; x_wconf 85' lang='lat' dir='ltr'>XLIII.</span> 
     </span>
    </p>
   </div>
   <div class='ocr_carea' id='block_1_117' title="bbox 2541 5176 2989 5249">
    <p class='ocr_par' dir='ltr' id='par_1_117' title="bbox 2541 5176 2989 5249">
     <span class='ocr_line' id='line_1_117' title="bbox 2541 5176 2989 5249; baseline -0.004 -16"><span class='ocrx_word' id='word_1_751' title='bbox 2541 5177 2694 5249; x_wconf 83' lang='lat' dir='ltr'>[Sine</span> <span class='ocrx_word' id='word_1_752' title='bbox 2720 5176 2989 5247; x_wconf 84' lang='lat' dir='ltr'>rubrica.]</span> 
     </span>
    </p>
   </div>
   <div class='ocr_carea' id='block_1_118' title="bbox 2022 5230 3607 5338">
    <p class='ocr_par' dir='ltr' id='par_1_118' title="bbox 2022 5230 3607 5338">
     <span class='ocr_line' id='line_1_118' title="bbox 2022 5230 3607 5338; baseline 0.002 -13"><span class='ocrx_word' id='word_1_753' title='bbox 2022 5267 2262 5325; x_wconf 90' lang='lat' dir='ltr'>Domino</span> <span class='ocrx_word' id='word_1_754' title='bbox 2292 5281 2425 5322; x_wconf 89' lang='lat' dir='ltr'>vere</span> <span class='ocrx_word' id='word_1_755' title='bbox 2472 5265 2789 5322; x_wconf 88' lang='lat' dir='ltr'>venerabili</span> <span class='ocrx_word' id='word_1_756' title='bbox 2839 5265 3110 5338; x_wconf 90' lang='lat' dir='ltr'>patrique</span> <span class='ocrx_word' id='word_1_757' title='bbox 3157 5269 3473 5328; x_wconf 86' lang='lat' dir='ltr'>karissimo</span> <span class='ocrx_word' id='word_1_758' title='bbox 3521 5230 3607 5328; x_wconf 74' lang='lat' dir='ltr'>ill1</span> 
     </span>
    </p>
   </div>
   <div class='ocr_carea' id='block_1_119' title="bbox 3048 5406 3060 5423">
    <p class='ocr_par' dir='ltr' id='par_1_119' title="bbox 3048 5406 3060 5423">
     <span class='ocr_line' id='line_1_119' title="bbox 3048 5406 3060 5423; baseline 0 0"><span class='ocrx_word' id='word_1_759' title='bbox 3048 5406 3060 5423; x_wconf 75' lang='grc' dir='ltr'><strong>Ι</strong></span> 
     </span>
    </p>
   </div>
   <div class='ocr_carea' id='block_1_120' title="bbox 1946 5406 3610 5533">
    <p class='ocr_par' dir='ltr' id='par_1_120' title="bbox 1946 5406 3610 5533">
     <span class='ocr_line' id='line_1_120' title="bbox 1946 5406 3610 5533; baseline 0.002 -67"><span class='ocrx_word' id='word_1_760' title='bbox 1946 5408 2212 5466; x_wconf 88' lang='lat' dir='ltr'>vocation</span> <span class='ocrx_word' id='word_1_761' title='bbox 2246 5407 2319 5464; x_wconf 90' lang='lat' dir='ltr'>de</span> <span class='ocrx_word' id='word_1_762' title='bbox 2350 5406 2511 5491; x_wconf 76' lang='lat' dir='ltr'>saint</span> <span class='ocrx_word' id='word_1_763' title='bbox 2532 5407 2681 5475; x_wconf 80' lang='lat' dir='ltr'>Vite;</span> <span class='ocrx_word' id='word_1_764' title='bbox 2707 5410 2990 5490; x_wconf 69' lang='lat' dir='ltr'>petit-etre</span> <span class='ocrx_word' id='word_1_765' title='bbox 3013 5406 3253 5533; x_wconf 58' lang='lat' dir='ltr'>sagit-il</span> <span class='ocrx_word' id='word_1_766' title='bbox 3272 5414 3343 5470; x_wconf 91' lang='lat' dir='ltr'>ici</span> <span class='ocrx_word' id='word_1_767' title='bbox 3365 5414 3435 5470; x_wconf 93' lang='lat' dir='ltr'>de</span> <span class='ocrx_word' id='word_1_768' title='bbox 3459 5406 3610 5470; x_wconf 85' lang='lat' dir='ltr'>celui</span> 
     </span>
     <span class='ocr_line' id='line_1_121' title="bbox 1948 5478 3607 5533; baseline 0 0"><span class='ocrx_word' id='word_1_769' title='bbox 1948 5484 2021 5533; x_wconf 88' lang='lat' dir='ltr'>de</span> <span class='ocrx_word' id='word_1_770' title='bbox 2050 5485 2263 5533; x_wconf 91' lang='lat' dir='ltr'>Corvev</span> <span class='ocrx_word' id='word_1_771' title='bbox 2292 5478 2547 5533; x_wconf 76' lang='lat' dir='ltr'>(Corbem</span> <span class='ocrx_word' id='word_1_772' title='bbox 2576 5486 2760 5533; x_wconf 70' lang='lat' dir='ltr'>nova)-</span> <span class='ocrx_word' id='word_1_773' title='bbox 2791 5496 2888 5533; x_wconf 81' lang='lat' dir='ltr'>aui</span> <span class='ocrx_word' id='word_1_774' title='bbox 2922 5479 3096 5533; x_wconf 82' lang='lat' dir='ltr'>nossé</span> <span class='ocrx_word' id='word_1_775' title='bbox 3145 5487 3229 5533; x_wconf 77' lang='lat' dir='ltr'>ait</span> <span class='ocrx_word' id='word_1_776' title='bbox 3250 5483 3337 5533; x_wconf 70' lang='lat' dir='ltr'>las</span> <span class='ocrx_word' id='word_1_777' title='bbox 3354 5484 3607 5533; x_wconf 76' lang='lat' dir='ltr'>mlimms</span> 
     </span>
    </p>
   </div>
   <div class='ocr_carea' id='block_1_121' title="bbox 1948 5478 3607 5561">
    <p class='ocr_par' dir='ltr' id='par_1_121' title="bbox 1948 5478 3607 5561">
     <span class='ocr_line' id='line_1_122' title="bbox 1948 5478 3607 5561; baseline 0.003 -24"><span class='ocrx_word' id='word_1_778' title='bbox 1948 5484 2021 5561; x_wconf 80' lang='lat' dir='ltr'>de</span> <span class='ocrx_word' id='word_1_779' title='bbox 2050 5485 2263 5561; x_wconf 79' lang='lat' dir='ltr'>Corvey</span> <span class='ocrx_word' id='word_1_780' title='bbox 2292 5478 2547 5561; x_wconf 72' lang='lat' dir='ltr'>(Corbeia</span> <span class='ocrx_word' id='word_1_781' title='bbox 2576 5478 2760 5552; x_wconf 80' lang='lat' dir='ltr'>nova),</span> <span class='ocrx_word' id='word_1_782' title='bbox 2791 5479 2888 5554; x_wconf 89' lang='lat' dir='ltr'>qui</span> <span class='ocrx_word' id='word_1_783' title='bbox 2922 5478 3229 5552; x_wconf 86' lang='lat' dir='ltr'>possédait</span> <span class='ocrx_word' id='word_1_784' title='bbox 3250 5483 3337 5543; x_wconf 89' lang='lat' dir='ltr'>les</span> <span class='ocrx_word' id='word_1_785' title='bbox 3354 5484 3607 5559; x_wconf 90' lang='lat' dir='ltr'>reliques</span> 
     </span>
    </p>
   </div>
   <div class='ocr_carea' id='block_1_122' title="bbox 1949 5553 2495 5629">
    <p class='ocr_par' dir='ltr' id='par_1_122' title="bbox 1949 5553 2495 5629">
     <span class='ocr_line' id='line_1_123' title="bbox 1949 5553 2495 5629; baseline -0.002 -20"><span class='ocrx_word' id='word_1_786' title='bbox 1949 5553 2027 5609; x_wconf 89' lang='lat' dir='ltr'>du</span> <span class='ocrx_word' id='word_1_787' title='bbox 2061 5553 2144 5607; x_wconf 91' lang='lat' dir='ltr'>sai</span> <span class='ocrx_word' id='word_1_788' title='bbox 2153 5556 2219 5606; x_wconf 91' lang='lat' dir='ltr'>nt</span> <span class='ocrx_word' id='word_1_789' title='bbox 2252 5556 2495 5629; x_wconf 81' lang='lat' dir='ltr'>martyr.</span> 
     </span>
    </p>
   </div>
   <div class='ocr_carea' id='block_1_123' title="bbox 3212 5752 3295 5823">
    <p class='ocr_par' dir='ltr' id='par_1_123' title="bbox 3212 5752 3295 5823">
     <span class='ocr_line' id='line_1_124' title="bbox 3212 5752 3295 5823; baseline 0.024 -2"><span class='ocrx_word' id='word_1_790' title='bbox 3212 5752 3295 5823; x_wconf 80' lang='grc'>46</span> 
     </span>
    </p>
   </div>
  </div>
