3900 6224
311 340 460 403 1451

1585 335 1926 400 ΑΡΡΕΝῘ).
1969 331 2073 397 AD
2116 336 2306 399 SEC.
2353 335 2430 401 X.

3559 335 3720 400 1452

311 471 530 540 abbati,
564 469 663 527 ille
691 469 938 544 exiguus
969 475 1026 527 et
1055 474 1320 544 peccator
1349 476 1608 528 eternam
1632 471 1690 526 in
1713 472 1957 527 Domino
1989 474 2043 538 Α
2071 473 2259 543 cupio.
2296 473 2461 528 Nunc
2490 486 2625 526 vero
2655 471 2727 526 de
2759 470 3150 542 presentibus,
3175 485 3288 542 que
3305 485 3494 543 nuper
3512 469 3724 526 direxi-

310 565 471 632 optat
491 560 764 617 salutem.
780 561 890 616 Diu
912 560 1282 633 multumque
1306 561 1487 633 hujus
1504 559 1706 616 mundi
1731 560 1961 615 notissi-

309 648 426 704 mis
441 649 1267 722 perturbationibusagitatus,
1284 649 1468 705 vicem
1482 649 1736 705 debitam
1751 649 1959 704 vestris

309 737 609 794 beneficiis
640 755 743 810 per
771 738 1092 811 condignas
1114 737 1444 811 graciarum
1468 738 1730 794 acciones
1754 754 1926 809 repen
1953 772 1958 776 -

309 826 445 882 dere
475 827 702 883 mutuis
733 827 957 896 distuli,
991 827 1266 900 quoniam
1292 831 1349 881 et
1370 827 1494 899 ipse
1517 826 1806 899 angustie,
1835 827 1960 897 qui-

309 915 422 972 bus
444 920 583 972 tunc
607 917 868 984 tenebar,
895 933 1026 972 cum
1049 916 1259 972 vestris
1281 915 1545 988 adprime
1571 915 1804 972 solaciis
1828 915 1961 970 sub-

308 1004 550 1074 levarer,
611 1005 894 1062 hactenus
947 1022 1040 1060 me
1098 1005 1461 1077 premebant,
1521 1008 1578 1060 et
1642 1004 1959 1060 necessitas

310 1093 673 1166 paupertatis
705 1093 906 1166 pocius
933 1093 1164 1165 placare
1201 1094 1470 1150 inimicos
1515 1110 1693 1166 quam
1740 1092 1959 1148 amicos

311 1183 552 1256 cogebat
580 1183 802 1239 sedare.
837 1183 1004 1238 Nunc
1037 1199 1188 1250 vero,
1222 1183 1468 1239 Domino
1499 1182 1734 1237 tandem
1755 1180 1961 1236 labori-

310 1271 422 1327 bus
453 1271 672 1329 nostris
699 1271 936 1344 aliquod
969 1273 1265 1345 prestante
1296 1273 1581 1339 levamen,
1627 1270 1787 1325 nolui
1828 1269 1956 1325 diu-

311 1361 460 1431 cius,
493 1377 565 1418 ne
596 1361 863 1434 ingratus
891 1362 1138 1425 viderer,
1174 1361 1436 1417 debitum
1463 1358 1843 1416 salutacionis
1865 1375 1957 1414 me

309 1466 526 1506 munus
555 1449 882 1519 obmittere,
917 1468 1032 1523 quo
1064 1449 1415 1523 intelligeret
1435 1448 1746 1522 prudentia
1769 1453 1958 1503 vestre

306 1538 638 1596 dilectionis
669 1540 936 1596 ardorem
968 1540 1028 1595 in
1056 1539 1241 1595 nostri
1272 1539 1465 1595 cordis
1497 1537 1663 1593 arula
1699 1538 1966 1609 sopitum-

306 1628 510 1700 pocius
542 1645 718 1701 quam
749 1629 1092 1685 extinctum.
1128 1628 1314 1700 Igitur
1345 1626 1672 1700 dignemini
1710 1643 1801 1681 me
1834 1631 1953 1680 tam

308 1717 540 1790 ﬁdelem
570 1717 736 1774 vobis
768 1721 1037 1790 reputare
1067 1733 1244 1788 quam
1278 1721 1470 1772 vestra
1500 1715 1711 1772 meruit
1741 1715 1954 1770 sancti-

306 1807 478 1862 tudo:
495 1806 775 1879 quicquid
792 1807 851 1861 in
866 1823 959 1861 me
978 1806 1169 1861 vivum
1190 1810 1296 1873 est,
1321 1823 1436 1861 non
1457 1805 1734 1860 dubitetis
1747 1802 1954 1859 vestris

2070 561 2198 630 stis,
2233 561 2576 616 muneribus
2610 560 2929 616 immensas
2962 560 3349 633 copiosasque
3373 559 3599 633 gratias
3613 559 3723 614 ref-

2071 650 2209 714 fero,
2243 666 2356 722 que
2383 667 2475 705 me
2505 650 2584 706 ita
2615 651 2686 704 ad
2718 655 2976 705 vestrum
3033 653 3490 722 provocaverunt
3540 649 3722 705 servi-

2068 740 2236 804 lium,
2269 743 2334 794 ut
2363 738 2530 806 nulli,
2563 744 2798 812 excepto
2831 739 3080 809 seniore,
3114 755 3208 794 me
3239 738 3495 812 amplius
3539 755 3722 811 quam

2067 828 2230 883 vobis
2260 827 2506 884 delectet
2536 829 2772 896 servire,
2805 833 2860 883 et
2891 829 2940 882 si
2963 827 3189 900 aliquid
3217 832 3417 884 nostre
3441 826 3723 899 parvitati

2067 923 2255 973 vestra
2287 917 2576 990 sagacitas
2609 918 2916 989 injungere
2946 916 3280 985 decreverit,
3333 917 3616 972 devotum
3664 915 3725 971 in

2068 1007 2368 1072 omnibus,
2386 1007 2608 1062 favente
2622 1006 2890 1072 Domino,
2906 1006 3176 1078 reperiet.
3192 1006 3421 1078 Equum
3437 1021 3723 1078 namque,

2068 1112 2240 1167 quem
2265 1097 2488 1151 dudum
2504 1096 2627 1167 jam
2653 1095 2969 1163 direxistis,
2995 1094 3130 1151 licet
3150 1095 3226 1151 sit
3245 1095 3434 1151 bonus
3457 1094 3532 1150 ad
3547 1110 3722 1167 opus,

2068 1190 2261 1240 tamen
2295 1186 2450 1257 quod
2482 1184 2810 1257 optavimus
2841 1201 2954 1240 non
2989 1185 3132 1240 adeo
3162 1183 3325 1239 utilis
3343 1183 3542 1239 habet.
3569 1183 3724 1247 Qua-

2067 1278 2305 1346 propter
2335 1274 2678 1346 dignitatem
2711 1274 2967 1347 petimus
2996 1277 3248 1328 vestram
3273 1276 3336 1327 ut
3358 1272 3520 1328 omni
3545 1271 3722 1326 indu-

2067 1363 2210 1418 stria
2239 1363 2526 1435 optimum
2558 1363 2833 1435 deinceps
2871 1362 3127 1418 invenire
3170 1361 3480 1430 studeatis,
3532 1364 3600 1416 ut
3650 1359 3722 1416 ad

2067 1469 2234 1523 opus,
2268 1451 2622 1523 quod,elegi,
2657 1452 2734 1507 sit
2763 1452 2976 1524 aptius,
3000 1455 3058 1507 et
3077 1451 3246 1507 nobis
3267 1451 3626 1523 quandoque
3651 1449 3723 1504 ad

2066 1540 2448 1611 equitandum
2481 1539 2793 1595 utilitatem
2825 1539 3011 1612 possit
3055 1543 3337 1612 prestare.
3389 1539 3498 1593 Per
3547 1553 3722 1610 regu-

2068 1627 2188 1682 lum
2207 1630 2353 1699 (192)
2376 1630 2571 1700 itaque
2595 1629 2830 1684 scedule
2852 1628 3031 1700 hujus
3055 1626 3336 1700 quicquid
3359 1627 3430 1682 de
3452 1643 3520 1683 ac
3543 1643 3726 1682 causa

2065 1718 2549 1773 vestrainvenerit
2568 1718 2840 1773 voluntas
2861 1718 3203 1773 remandare
3225 1720 3443 1772 curate.
3467 1715 3721 1784 Vestris,

2066 1807 2479 1873 sacratissime,
2515 1807 2766 1879 denique
2797 1807 3097 1861 committo
3121 1805 3412 1879 precibus,
3438 1823 3591 1878 quas
3618 1821 3724 1877 pro

308 1910 401 1949 me
429 1893 519 1950 vel
551 1893 885 1966 mancipare
917 1893 1197 1950 serviciis.
1232 1894 1362 1949 Misi
1413 1897 1600 1949 vestre
1647 1892 1956 1948 karissime
1986 1892 2031 1908 ”
2063 1895 2243 1962 vobis,
2279 1895 2412 1950 licet
2445 1895 2692 1967 peccatis
2725 1894 3098 1951 obstantibus
3123 1894 3383 1962 inutiles,
3409 1894 3482 1949 ad
3511 1893 3722 1949 mundi

307 1982 644 2056 paternitati
670 2000 878 2056 parvas
908 1983 1231 2056 e[ulo]gias,
1261 1984 1318 2038 id
1341 1987 1430 2039 est
1447 1983 1879 2054 manutergium
1901 1987 1958 2036 et
2066 1990 2430 2055 regnatorem
2449 2002 2538 2039 me
2554 1984 2793 2039 tundere
2809 1984 3029 2055 absque
3043 1982 3359 2039 difliculate
3377 1981 3725 2040 scitote.Va-

308 2073 621 2144 pectinem,
655 2090 770 2128 non
806 2089 922 2145 quo
948 2072 1054 2129 hec
1085 2072 1263 2145 digna
1292 2071 1500 2128 vestris
1548 2072 1955 2144 conspectibus
2065 2073 2768 2129 leatsanctissimavcstra
2790 2071 2994 2145 religio
3018 2088 3122 2145 per
3140 2072 3482 2128 innumeros
3508 2087 3720 2126 annos.

298 2161 651 2232 judicarem,
686 2162 788 2217 sed
821 2177 934 2233 quo
957 2161 1375 2234 conprobarem
1398 2161 1609 2217 melius
1634 2177 1760 2218 esse
1781 2177 1956 2233 parvo

307 2266 485 2322 quam
518 2247 680 2306 nullo
710 2250 953 2323 pignore
985 2249 1355 2306 dilectionem
1398 2254 1663 2306 mutuam
1713 2251 1957 2305 demon-

307 2345 518 2396 strare.
552 2339 705 2395 Bene
735 2355 837 2394 vos
869 2339 928 2394 in
960 2339 1206 2395 Domino
1239 2351 1469 2411 semper
1498 2347 1632 2410 opto
1680 2338 1870 2394 valere
1902 2343 1959 2394 et

309 2427 493 2485 nostri
524 2427 583 2483 in
599 2427 971 2484 oracionibus
987 2427 1169 2483 sacris
1183 2445 1471 2484 memores
1487 2445 1614 2484 esse
1632 2444 1643 2482 :
1671 2427 1846 2483 talem
1865 2444 1958 2482 me

309 2520 574 2589 reputate
606 2516 839 2590 qualem
873 2534 964 2572 me
994 2517 1158 2573 vobis
1188 2517 1510 2573 debitorem
1544 2517 1787 2585 fecistis,
1821 2517 1960 2588 quia

305 2605 439 2663 talis
451 2606 753 2664 vobiscum
769 2606 1002 2679 qualem
1017 2607 1442 2664 amicissimum
1459 2607 1818 2663 amicissimo
1830 2623 1960 2662 esse

307 2698 554 2766 oportet.

1041 2782 1233 2838 XLIV.

909 2872 1061 2942 [Sine
1097 2872 1366 2942 rubrica.J

389 2960 491 3017 Ille
522 2963 735 3016 sanctae
766 2959 876 3015 illae
907 2959 1161 3017 ecclesia:
1194 2961 1437 3016 humilis
1481 2961 1776 3027 contistes,
1827 2977 1961 3032 pro-

318 3048 659 3106 beatissimo
687 3065 753 3104 ac
779 3049 1248 3122 prestantissimo
1281 3050 1626 3122 dignissime
1651 3049 1814 3104 fratri
1839 3049 1961 3105 viro

312 3136 398 3192 illi
425 3137 624 3194 abbati
654 3139 1001 3210 cunctisque
1043 3139 1327 3195 fratribus
1371 3138 1616 3195 Domino
1659 3138 1960 3195 vobiscum

310 3226 704 3282 militantibus
726 3227 1014 3299 presentis
1036 3228 1346 3300 futureque
1368 3227 1663 3284 felicitatis
1682 3228 1953 3285 salutem.
1987 3210 2030 3278 ί]

307 3315 648 3372 Sanctitatis
678 3319 865 3372 vestre
896 3315 1204 3388 epistolam
1244 3316 1586 3390 relegentes,
1637 3317 1956 3372 admodum

308 3404 532 3461 fuimus
569 3405 774 3478 gavisi,
825 3405 964 3478 quia
1005 3409 1199 3462 textus
1247 3406 1434 3478 ipsius
1486 3410 1740 3462 vestram
1789 3406 1957 3462 nobis

307 3494 564 3551 ostendit
584 3494 927 3566 sospitatem
949 3500 1126 3567 atque
1147 3495 1617 3552 benivolentiam.
1642 3496 1804 3561 Quod
1825 3512 1957 3552 vero

308 3582 685 3656 signiﬁcastis
705 3584 776 3640 de
798 3583 1069 3656 pellibus,
1098 3588 1269 3640 antea
1289 3585 1526 3640 omnino
1549 3584 1659 3639 fuit
1678 3583 1956 3640 intiman-

306 3673 470 3744 dum,
502 3689 569 3729 eo
601 3674 756 3745 quod
789 3672 972 3729 multo
1006 3673 1200 3728 carius
1231 3677 1493 3746 tempore
1523 3674 1736 3730 hiemis
1777 3690 1956 3744 quam

307 3761 510 3818 estatis
523 3765 815 3818 emantur.
833 3763 1106 3819 Attamen
1126 3763 1568 3819 transmisimus
1586 3763 1756 3818 modo
1770 3766 1957 3817 vestre

305 3848 638 3924 largissime
660 3851 888 3906 caritati
921 3851 1136 3923 vigenti
1165 3855 1222 3907 et
1251 3851 1512 3924 quinque
1543 3851 1745 3924 pelles,
1788 3850 1960 3922 plura

307 3938 598 4012 largituri,
617 3940 667 3996 si
689 3945 844 3996 Deus
865 3940 1041 3996 vitam
1064 3940 1376 4011 locumque
1398 3941 1569 3996 nobis
1583 3939 1953 3996 concesserit.

306 4027 569 4099 Denique
599 4045 908 4101 precamur
939 4033 1002 4084 ut
1022 4029 1259 4084 fratrem
1279 4028 1467 4095 illum,
1493 4045 1626 4084 mox
1647 4046 1762 4101 quo
1781 4026 1961 4084 facul-

305 4119 396 4172 tas
428 4115 722 4182 adriserit,
755 4117 947 4183 nobis,
979 4117 1135 4173 sicut
1165 4115 1406 4188 polliciti
1448 4117 1611 4185 estis,
1664 4117 1957 4173 admittite

305 4220 377 4260 ne
411 4203 715 4261 ditl‘eratis.
750 4205 965 4273 Valete,
1001 4206 1208 4262 fratres
1239 4223 1462 4274 omnes,
1489 4211 1690 4262 nostra
1710 4205 1956 4262 invicem

301 4293 634 4360 salutando,
667 4297 724 4350 et
753 4298 818 4350 ut
848 4295 1031 4352 nostri
1067 4295 1219 4350 inter
1247 4311 1484 4367 precum
1531 4311 1773 4350 suarum
1823 4298 1956 4350 vota

301 4382 635 4440 meminerit
665 4382 970 4440 humiliter
999 4401 1269 4456 exposco.

1049 4472 1209 4528 XLV.

751 4577 1076 4618 INDICULUM
1106 4578 1179 4616 AD
1209 4578 1492 4618 ABBATEM.

369 4647 543 4704 Mella
571 4649 724 4722 geris
753 4653 948 4706 tecum
974 4650 1205 4706 firmato
1235 4649 1488 4722 gluttine
1518 4654 1707 4721 septa;

437 4736 644 4794 Dulcia
673 4755 787 4811 que
818 4739 1050 4795 dederis
1081 4739 1215 4812 quis
1241 4739 1428 4812 cupis,
1461 4743 1554 4795 ast
1576 4739 1719 4794 mihi
1737 4755 1873 4794 non.

362 4825 786 4883 Probatissimo
826 4845 892 4883 ac
939 4828 1120 4883 divini
1173 4827 1366 4884 cultus
1407 4827 1640 4901 ingenio
1685 4828 1950 4900 adprime

293 4913 570 4972 decenter
589 4916 857 4972 decorate
882 4915 966 4971 illi
988 4917 1391 4990 insignissimo
1413 4916 1498 4972 illi
1521 4916 1736 4982 abbati,
1763 4933 1949 4988 quan-

297 5019 476 5075 quam
507 5003 838 5060 immeritus
870 5001 1203 5078 episcopus,
1237 5023 1382 5077 quas
1413 5005 1614 5077 lingua
1660 5004 1946 5076 explicare

292 5107 408 5147 non
423 5090 662 5157 sufficit,
678 5091 898 5148 salutes
912 5093 1260 5150 obtat.'Cum
1283 5094 1439 5149 enim
1463 5093 1718 5149 assiduis
1741 5095 1946 5149 vestris

291 5178 652 5251 accumuler,
681 5198 746 5237 eo
777 5180 989 5254 longus
1020 5183 1229 5254 dignas
1265 5198 1487 5254 nequeo
1514 5182 1585 5236 de
1613 5184 1773 5236 tante
1795 5181 1941 5236 cari-
1975 5209 1977 5211 -

286 5269 427 5324 tatis
467 5268 675 5324 ardore
721 5272 1036 5342 rependere
1083 5275 1318 5344 grates;
1371 5270 1473 5326 sed
1521 5269 1661 5341 quia
1711 5269 1942 5326 debitas

285 5355 617 5426 persolvere
649 5359 878 5427 delicio,
895 5360 1019 5430 jam
1042 5377 1189 5432 quas
1207 5359 1391 5415 habes
1411 5359 1467 5412 in
1487 5375 1588 5414 ara
1604 5357 1796 5414 cordis
1809 5375 1941 5414 sen-

283 5458 385 5498 sus
416 5443 760 5515 perquirens
791 5448 1091 5520 repererit,
1125 5447 1284 5502 omni
1317 5447 1596 5504 aviditate
1626 5447 1940 5517 rependere

353 5611 504 5688 (192)
535 5613 580 5669 Il
611 5617 733 5674 faut
761 5619 1152 5678 évidemment
1179 5621 1434 5695 corriger
1469 5623 1749 5697 gerulum.

2795 2206 2981 2261 XLVI.

2677 2297 2824 2362 [Sine
2865 2295 3108 2366 rubrica]

2141 2426 2631 2484 Reverentissimo
2658 2444 2725 2484 ac
2756 2444 2886 2484 vere
2936 2427 3278 2485 beatissimo
3322 2427 3495 2500 patri,
3543 2445 3719 2500 quem

2068 2517 2252 2590 gratia
2286 2515 2487 2570 sedulo
2519 2516 2782 2572 caritatis
2812 2515 3154 2588 amplector,
3181 2515 3264 2571 illi
3297 2516 3518 2589 insigni
3542 2518 3720 2572 abba-

2068 2611 2192 2661 tum
2225 2605 2444 2670 abbati,
2468 2603 2563 2660 ille
2589 2604 2724 2660 licet
2746 2605 3055 2660 inmeritus
3075 2604 3387 2678 episcopus
3407 2605 3723 2677 praesentia

2069 2695 2379 2765 futuraque
2411 2694 2740 2766 perenniter
2769 2694 2986 2766 gaudia
3014 2698 3194 2766 optat.
3227 2694 3376 2758 Quia
3406 2693 3597 2750 literis
3645 2694 3722 2750 si-

2069 2783 2346 2855 gniﬁcare
2373 2782 2684 2838 studuistis
2716 2783 2853 2838 totis
2883 2799 2986 2838 vos
3027 2783 3230 2839 ardere
3273 2783 3612 2856 praecordiis
3659 2786 3723 2840 ut

2069 2871 2293 2928 vincolo
2316 2872 2576 2927 caritatis
2607 2877 2817 2928 nostrae
2865 2876 3071 2928 vestrae
3121 2872 3531 2928 adnecteretur
3580 2871 3722 2928 dile-

2070 2962 2270 3025 ctioni,
2305 2961 2559 3016 maxima
2588 2960 2836 3017 interius
2865 2961 3238 3033 exteriusque
3258 2960 3452 3017 leticia
3472 2959 3723 3020 exilara-

2069 3055 2166 3106 tus
2198 3049 2400 3122 utique
2430 3066 2584 3115 sum,
2619 3053 2675 3104 et
2705 3055 2770 3104 ut
2799 3054 2956 3105 sator
2976 3065 3171 3105 rerum
3193 3049 3251 3105 id
3275 3049 3398 3106 fieri
3422 3050 3722 3121 permittat

2069 3139 2207 3194 totis
2236 3142 2441 3211 exopto
2472 3138 2811 3211 gemitibus.
2843 3137 3081 3211 Eulogie
3103 3154 3357 3209 namque
3379 3142 3560 3210 atque
3581 3139 3721 3194 adeo

2069 3227 2402 3300 gratissime
2430 3227 2684 3293 fuerunt,
2718 3243 2830 3298 que
2861 3227 3036 3282 etiam
3069 3227 3116 3282 si
3151 3226 3375 3282 modice
3424 3227 3639 3295 forent,
3688 3243 3722 3282 a

2068 3317 2238 3371 nobis
2267 3332 2370 3388 pro
2402 3315 2656 3387 magnis,
2690 3314 2828 3387 quia
2857 3332 2891 3370 a
2917 3315 3082 3370 vobis
3104 3315 3338 3384 directe,
3359 3314 3569 3387 utique
3591 3332 3720 3371 sus-

2066 3405 2413 3477 ciperentur.
2447 3404 2555 3458 Sed
2589 3420 2705 3475 quo
2760 3403 3033 3475 deinceps
3083 3421 3198 3475 prae
3253 3419 3390 3475 pare
3437 3420 3545 3459 vos
3593 3403 3718 3476 plu-

2067 3494 2218 3549 rima
2244 3493 2475 3557 vellem,
2510 3492 2559 3548 si
2590 3491 2984 3548 familiaritate
3016 3492 3232 3564 perfrui
3267 3493 3440 3549 nobis
3468 3492 3626 3561 licet,
3665 3497 3717 3549 et

2068 3587 2266 3638 nostra
2292 3580 2530 3638 scedula
2562 3581 2886 3654 personuit,
2907 3585 3098 3637 vestra
3117 3598 3210 3637 me
3236 3582 3380 3637 adeo
3396 3582 3716 3648 concussit,

2068 3672 2200 3744 quis
2231 3687 2336 3744 ego
2357 3688 2488 3727 sum
2508 3671 2607 3742 qui
2628 3668 2844 3725 talibus
2863 3670 3158 3742 tantisque
3177 3669 3444 3742 patribus
3466 3670 3717 3743 parvita-

2067 3761 2142 3816 tis
2175 3777 2267 3816 me
2298 3760 2584 3830 denegare
2617 3758 3094 3826 familiaritatem,
3128 3775 3263 3814 cum
3296 3758 3507 3832 pocius
3531 3763 3717 3816 vestre

2067 3848 2324 3905 caritatis
2356 3848 2651 3921 indigeam
2684 3846 2991 3912 solacium,
3025 3863 3276 3920 quorum
3309 3847 3590 3918 precibus
3627 3863 3719 3903 me

2066 3937 2359 3995 sublevari
2377 3938 2629 4009 denique
2650 3953 2764 3991 non
2789 3935 3044 4008 ambigo.
3065 3935 3144 3991 De
3159 3936 3444 3992 beneficio
3465 3951 3720 4008 namque

2065 4044 2170 4100 per
2185 4026 2466 4082 nuncium
2483 4043 2670 4098 nuper
2684 4025 2934 4081 missum
2949 4042 3054 4081 nos
3070 4025 3414 4097 promisisse
3433 4024 3715 4082 asseritis:

2065 4117 2319 4190 proiecto
2351 4114 2495 4170 nihil
2521 4115 2953 4182 mandavimus,
2974 4115 3074 4170 sed
3097 4131 3242 4186 puer
3254 4113 3510 4185 juvenili
3535 4114 3720 4170 adhuc

2066 4222 2242 4262 sensu
2272 4205 2589 4276 depressus
2619 4203 2758 4259 talia
2790 4220 2904 4258 non
2921 4204 3130 4274 jussus
3161 4203 3456 4276 promisit,
3492 4220 3605 4276 que
3651 4219 3719 4259 ex

2065 4299 2262 4350 nostro
2294 4311 2408 4349 non
2433 4292 2692 4364 suscepit
2720 4292 2984 4365 imperio.
3018 4293 3292 4348 Precibus
3323 4292 3718 4349 sanctissimis

2062 4383 2270 4440 vestris
2301 4398 2394 4438 me
2426 4381 2772 4438 inmanitate
2798 4380 3033 4437 sceleris
3065 4381 3412 4455 languidum
3446 4380 3718 4438 commit-

2062 4478 2182 4529 tere
2213 4471 2402 4528 ﬁdens
2432 4472 2504 4527 de
2531 4476 2724 4527 vestra
2755 4470 2995 4527 caritate
3029 4487 3344 4543 praesumo;
3369 4487 3538 4527 meas
3560 4487 3718 4527 nam-

1978 4578 2026 4644 D
2055 4579 2168 4635 que
2199 4577 2303 4633 pro
2335 4559 2501 4616 vobis
2527 4559 2666 4616 licet
2692 4558 2840 4615 viles
2873 4559 2944 4614 ad
2977 4559 3292 4615 Dominum
3313 4559 3564 4616 fundere
3587 4575 3718 4632 pro-

2057 4652 2150 4706 cul
2209 4647 2388 4703 dubio
2450 4663 2667 4703 cernuo
2720 4646 2934 4701 abhinc
2995 4645 3212 4718 poplite
3269 4663 3386 4702 non
3447 4647 3710 4703 cessabo.

2059 4736 2410 4794 Munuscula
2438 4740 2646 4792 vestrae
2677 4735 2812 4790 licet
2833 4734 3061 4792 modica
3083 4734 3399 4808 dirigimus
3421 4734 3714 4807 dignitati,

2058 4844 2172 4900 que
2202 4830 2395 4882 vestra
2426 4824 2809 4880 sublimitatis
2839 4841 2942 4897 pro
2985 4839 3198 4900 magno
3249 4824 3552 4897 suscipere
3598 4839 3715 4880 non

2057 4899 2316 4984 recuset;
2352 4914 2465 4970 nisi
2495 4914 2652 4969 enim
2684 4913 2848 4968 vobis
2878 4899 3212 4984 injunc'tum
3235 4913 3509 4984 partibus
3529 4913 3716 4986 gratia

2056 5006 2348 5062 instauret
2375 5004 2502 5068 iter,
2536 5003 2761 5071 majora
2791 5002 2997 5074 utique
3027 5002 3489 5058 destinarentur.
3533 5002 3712 5058 Mitti-

2058 5111 2190 5148 mus
2223 5109 2475 5164 namque
2505 5091 2759 5146 banriles
2791 5095 3044 5164 quatuor
3072 5090 3203 5158 olei,
3229 5091 3301 5146 ad
3325 5090 3713 5148 calciamenta

2051 5181 2415 5238 conﬁcienda
2446 5179 2716 5252 hyrcinas
2746 5178 2927 5251 pelles
2957 5196 3078 5248 sex,
3104 5179 3286 5235 libras
3315 5181 3548 5254 argenti
3567 5184 3705 5236 tres.

2049 5268 2246 5325 Faciat
2274 5285 2376 5324 vos
2407 5284 2603 5324 rerum
2635 5271 2795 5323 sator
2819 5267 2993 5325 rectis
3022 5272 3356 5341 presentem
3382 5270 3707 5342 transigere

2048 5357 2353 5431 gressibus
2380 5355 2560 5411 vitam
2590 5359 2648 5411 et
2680 5355 2939 5412 futuram
2965 5373 3099 5413 cum
3126 5357 3352 5415 sanctis
3373 5356 3709 5416 eternaliter

2049 5445 2292 5520 perfrui.
2327 5445 2480 5500 Bene
2511 5444 2570 5499 in
2601 5443 2827 5502 Christo
2856 5445 3058 5503 valete.
