3900 6224
205 325 362 392 1453

916 460 1126 518 XLVII.

781 554 788 619 ί
804 546 840 602 5
851 553 939 606 ind
970 553 1208 608 rubrica.
1248 555 1259 608 !

264 655 370 711 Vir
400 655 496 710 ille
526 657 791 728 exiguus,
827 657 922 713 illo
967 660 1156 714 Strabi
1218 662 1364 730 (193)
1397 678 1506 716 suo
1569 661 1840 717 salutem.

198 744 516 802 Fraterille
550 761 817 802 remeans
854 765 886 804 a
915 748 1099 814 vobis,
1148 756 1386 806 auctore
1437 756 1571 818 Deo,
1633 752 1703 806 ad
1739 768 1844 807 nos

196 851 385 905 usque
418 833 642 890 inlesus
675 838 958 906 pervenit,
994 843 1049 892 et
1078 855 1343 907 munera,
1407 856 1518 912 que
1577 840 1842 910 misistis,

193 923 360 978 valde
388 923 560 978 nobis
592 929 759 996 grata
789 925 1018 981 adtulit.
1072 927 1184 982 Sed
1219 928 1531 1001 impetrato
1585 947 1652 984 cx
1684 935 1845 1002 parte

194 1030 298 1085 pro
319 1029 436 1085 quo
455 1019 691 1068 venerat
717 1015 974 1086 negocia,
996 1019 1050 1070 et
1071 1031 1184 1070 non
1201 1018 1390 1088 potuit
1406 1017 1570 1072 illum
1591 1017 1846 1090 amplius

190 1101 554 1173 tenere,quia
569 1101 1023 1158 festinabatante
1040 1104 1290 1160 hiemem
1314 1108 1609 1178 proprium
1628 1107 1846 1163 intrare

191 1189 386 1246 solum
420 1195 476 1246 et
504 1207 573 1245 ea
604 1207 717 1262 que
748 1191 967 1248 deferet
996 1193 1161 1248 vobis
1193 1200 1539 1250 monstrare.
1575 1196 1684 1251 Sed
1709 1195 1848 1267 quia

192 1296 308 1336 non
343 1279 503 1352 potui
526 1279 690 1335 vobis
712 1297 824 1352 que
841 1281 1136 1337 volueram
1157 1287 1212 1338 et
1234 1300 1345 1356 que
1371 1285 1579 1340 vestris
1601 1284 1842 1358 dignum

189 1359 460 1424 dextram
490 1371 884 1439 presentanda
933 1371 1344 1444 conspectibus
1398 1374 1646 1442 mittere,
1708 1391 1841 1429 cum

192 1458 370 1513 citius
399 1456 672 1514 manibus
705 1459 921 1514 nostris
952 1475 1019 1514 ea
1055 1461 1334 1516 Dominus
1367 1463 1839 1531 commodaverit,

186 1547 367 1602 vestri
395 1551 460 1602 ut
491 1552 688 1620 potero
721 1565 823 1619 per
879 1548 1048 1604 illum
1105 1551 1492 1607 memorabor.
1547 1552 1839 1607 Cetterum

188 1635 401 1694 nolens
436 1641 825 1692 memoratum
861 1637 1096 1693 fratrem
1121 1656 1366 1695 vacuum
1394 1641 1464 1694 ad
1489 1657 1587 1695 vos
1611 1640 1835 1706 reverti,

187 1725 356 1781 missi
393 1741 495 1798 per
524 1725 690 1781 illum
723 1725 1091 1799 vobistapete
1110 1745 1292 1784 unum
1315 1730 1634 1795 obtemum,
1661 1734 1832 1799 cujus

1499 327 1899 398 FORMULIE
1945 328 2326 397 VETERES.

1877 471 1930 534 Α
1961 467 2080 522 cias
2110 467 2364 539 denique
2395 465 2562 522 referi
2594 464 2722 522 ideo
2779 464 3116 538 paternitati
3175 469 3404 534 vestrae,
3453 466 3606 538 quod

3455 335 3610 397 “54

1957 573 2069 611 non
2121 555 2313 611 solum
2373 556 2569 610 divino
2625 572 2824 612 verum
2885 558 2940 610 et
2985 556 3270 628 corporali
3325 554 3608 612 solamine

1955 661 2061 700 nos
2093 644 2296 700 sedulo
2350 643 2692 711 sublevatis,
2755 648 2812 698 et
2868 661 2971 714 pro
3029 646 3350 700 asumendo
3397 644 3606 700 ammi-

1953 732 2167 788 nuculo
2199 733 2585 788 indeficiendo
2644 733 3056 804 permaneatis,
3108 732 3284 788 sicuti
3339 733 3605 804 nuperri-

1955 839 2046 877 me
2079 822 2317 888 fecistis,
2353 821 2519 876 ilium
2550 877 2555 881 ,
2582 821 2877 877 medicum
2940 822 3108 877 nobis
3163 821 3602 891 transmisistis,

1953 910 2052 982 qui
2087 916 2248 966 tanto
2279 911 2472 966 studio
2502 913 2559 965 et
2618 911 2826 966 affectu
2887 910 3332 966 infirmitatibus
3391 909 3607 966 nostris

1954 1016 2274 1071 conpassus
2307 1004 2414 1069 est,
2442 1004 2507 1054 ut
2533 999 2754 1055 obtime
2787 1001 2936 1054 senti
2971 1016 3170 1055 remus
3201 999 3357 1072 quod
3378 1002 3611 1056 avestra

1954 1088 2340 1144 benivolentia
2370 1090 2538 1144 nobis
2561 1088 2886 1145 destinatus
2939 1094 3046 1145 est.
3103 1092 3485 1162 Quapropter,
3545 1093 3611 1143 ut

1955 1176 2152 1232 sciatis
2186 1177 2418 1248 qualem
2451 1179 2604 1250 apud
2637 1195 2743 1233 nos
2775 1178 3324 1250 optinuitgratiam,
3351 1177 3606 1251 petimus

1957 1268 2017 1319 ut
2051 1271 2251 1320 nostra
2281 1283 2346 1321 ex
2379 1271 2540 1338 parte
2567 1267 2756 1338 primo
2789 1267 3070 1322 fratribus
3099 1267 3232 1322 dein
3256 1271 3313 1321 et
3342 1266 3453 1339 ipsi
3514 1266 3603 1322 in-

1954 1370 2189 1410 mensas
2227 1357 2444 1427 gratias
2475 1355 2735 1410 referetis
2765 1372 2868 1427 pro
2899 1354 3414 1411 communilabore
3435 1358 3491 1411 et
3512 1373 3604 1412 sa-

1952 1442 2091 1498 lute.
2125 1446 2410 1511 Ceterum,
2446 1443 2524 1498 mi
2556 1444 2791 1499 domine
2823 1448 3007 1515 pater,
3043 1444 3092 1500 si
3121 1448 3327 1501 vestrae
3386 1444 3604 1500 mentis

1949 1531 2025 1586 sit
2056 1531 2255 1603 aliqua
2285 1531 2581 1587 vicinitate
2615 1532 2695 1587 ire
2723 1533 2794 1587 ab
2813 1532 3128 1588 videndum
3156 1533 3442 1588 domnum
3466 1549 3600 1588 con-

1951 1620 2240 1675 seniorem
2273 1623 2562 1687 nostrum,
2597 1637 2668 1676 ne
2698 1620 3071 1676 transmeatis
3105 1637 3230 1688 nos,
3291 1620 3432 1692 quia
3475 1623 3598 1674 tam

1945 1725 2048 1780 ego
2072 1725 2248 1780 quam
2280 1725 2483 1764 omnes
2517 1709 2722 1764 fratres
2753 1709 2936 1765 nostri
2969 1707 3136 1764 valde
3174 1709 3444 1782 cupimus
3481 1707 3602 1764 uti-

187 1815 452 1871 sessione
478 1815 711 1887 pociora
742 1832 843 1870 vos
877 1815 1086 1872 melius
1116 1817 1361 1873 delectet
1417 1821 1735 1890 expectare.
1772 1819 1838 1874 Et

2007 1796 2033 1851 :l
2067 1797 2135 1851 ad
2171 1814 2354 1852 unum
2389 1801 2776 1864 momentum,
2804 1797 3112 1869 conloquio
3143 1801 3352 1853 vestro.
3407 1801 3474 1851 Et
3530 1813 3602 1851 ne

186 1903 439 1959 salutate
470 1919 675 1958 omnes
709 1904 914 1959 fratres
948 1909 1201 1974 nostros,
1238 1905 1554 1962 monachos
1571 1905 1836 1962 videlicet

185 1991 417 2048 cenobii
445 1992 643 2059 vestri,
673 1997 729 2047 et
762 1997 822 2047 ut
849 1992 961 2048 mei
994 1994 1051 2049 in
1084 1993 1320 2049 illorum
1351 1994 1534 2050 sacris
1565 1995 1836 2050 orationi-

184 2081 296 2137 bus
325 2085 386 2137 et
425 2081 846 2136 sacrificiorum
906 2081 1300 2138 oblationibus
1362 2101 1650 2140 memores
1707 2100 1836 2140 esse

183 2170 507 2242 dignentur
536 2170 806 2242 precibus
829 2171 1044 2242 quibus
1073 2171 1277 2227 valetis
1316 2173 1642 2228 admonete.
1677 2173 1836 2228 Licet

181 2259 342 2315 enim
373 2258 557 2331 aliqui
590 2259 1058 2331 pr0pinquorum
1095 2277 1359 2317 meorum
1394 2261 1543 2316 inter
1573 2279 1671 2318 eos
1697 2279 1832 2318 con-

177 2348 393 2404 versati
424 2346 543 2404 illis
573 2347 932 2405 devotissimi
965 2350 1318 2416 exstiterint,
1348 2368 1462 2405 non
1485 2351 1682 2408 minus
1700 2368 1831 2424 pro-

178 2437 270 2492 cul
305 2438 487 2493 dubio
516 2437 574 2492 in
608 2454 809 2492 eorum
844 2437 1218 2507 utilitatibus,
1253 2444 1486 2495 auctore
1518 2440 1654 2506 Deo,
1715 2441 1834 2495 vita

179 2527 414 2592 comite,
451 2526 839 2599 profecturus,
873 2527 921 2581 si
952 2527 1260 2595 voluerint,
1284 2545 1387 2599 pro
1411 2529 1633 2583 viribus
1655 2545 1829 2600 spon-

181 2616 396 2670 demus
427 2632 591 2680 esse;
625 2618 866 2686 teraque
888 2613 979 2670 his
1010 2614 1145 2670 licet
1195 2614 1406 2671 litteris
1438 2633 1551 2671 non
1588 2618 1830 2672 manda-

179 2721 338 2775 mus,
374 2703 536 2758 fratri
564 2702 745 2759 nostri
780 2703 944 2759 vobis
976 2703 1223 2759 dicenda
1280 2721 1442 2760 more
1501 2705 1826 2776 posuimus.

179 2792 345 2861 Vale,
379 2793 702 2848 amicorum
734 2809 999 2850 meorum
1033 2793 1392 2859 dulcissime,
1419 2799 1475 2849 et
1505 2811 1708 2849 omnes
1730 2796 1829 2866 qui

179 2886 376 2937 tecum
411 2885 548 2937 sunt
566 2880 887 2953 plurimum
911 2881 968 2935 in
988 2881 1232 2937 Domino
1257 2899 1269 2948 ;
1293 2885 1350 2936 et
1372 2899 1505 2936 cum
1531 2881 1724 2937 locum
1745 2881 1830 2937 ci-

175 2971 292 3026 tius
311 2969 626 3035 inveneris,
647 2969 970 3025 cristallum
991 2970 1175 3042 pietas
1197 2970 1436 3041 majoris
1459 2988 1634 3042 quam
1661 2971 1830 3026 modo

177 3059 430 3115 miseras
461 3063 520 3114 et
551 3075 768 3113 cornua
797 3058 992 3113 bicina
1025 3059 1253 3114 mittere
1281 3059 1470 3126 nobis,
1509 3063 1574 3114 ut
1621 3063 1677 3114 et
1726 3077 1832 3115 nos

177 3149 308 3214 tibi,
329 3147 378 3204 si
397 3147 670 3215 volueris,
686 3165 813 3218 quae
827 3151 1028 3204 nostra
1041 3148 1198 3220 regio
1214 3148 1475 3204 abundat
1490 3147 1674 3203 indesi
1687 3165 1825 3203 nen-

179 3243 267 3294 ter
289 3235 544 3292 mittam.

887 3342 1126 3398 XLVIII.

793 3431 940 3498 [Si-ne
979 3431 1223 3503 rubrica]

248 3538 372 3607 Ille,
406 3555 512 3594 suo
544 3537 643 3593 illo
686 3541 968 3593 eternam.
1005 3543 1183 3594 Posco
1243 3539 1564 3594 fraternum
1629 3544 1831 3611 pectus

181 3635 445 3695 vestrum
477 3627 560 3682 uti
585 3627 767 3683 nostri
801 3631 1256 3699 nostrorumque
1286 3628 1346 3681 in
1382 3628 1637 3699 presenti
1683 3645 1832 3699 qua-

178 3716 734 3789 dragesimavesitris
751 3716 1128 3772 oracionibus
1159 3717 1285 3787 conj
1298 3717 1569 3789 ungendo
1596 3716 1828 3772 instan-

186 3806 303 3861 tius
322 3804 669 3861 memoriam
701 3804 949 3872 faciatis,
973 3805 1059 3860 vel
1078 3805 1156 3860 uti
1175 3809 1231 3860 et
1247 3823 1352 3861 nos
1366 3823 1469 3877 pro
1485 3805 1647 3861 vobis
1661 3811 1716 3860 et
1732 3822 1834 3877 pro

185 3895 464 3950 omnibus
489 3895 696 3950 vestris
727 3910 898 3966 agere
929 3893 1202 3966 cupimus
1237 3912 1369 3949 cum
1403 3894 1677 3950 omnibus
1702 3911 1836 3949 nos-

186 3984 314 4040 tris.
349 3984 420 4038 Et
439 3983 575 4054 quia
601 4000 706 4039 nos
728 3987 899 4038 tenus
921 3983 1119 4038 venire
1136 3983 1474 4050 distulistis,
1498 3984 1839 4039 remandate

187 4073 428 4145 quando
462 4072 671 4127 iterum
705 4072 933 4127 mansio
964 4073 1057 4127 bis
1081 4073 1206 4143 jam
1241 4073 1403 4128 vobis
1435 4079 1638 4146 parata
1665 4072 1839 4128 tercio

187 4162 451 4234 paranda
483 4161 594 4228 sit;
620 4161 1113 4232 equanimemque
1139 4161 1326 4216 virum
1352 4162 1574 4232 queris,
1598 4162 1698 4234 qui
1725 4179 1844 4218 una

188 4251 283 4306 die
315 4250 373 4306 id
408 4249 675 4322 precipis,
711 4250 866 4322 quod
902 4249 996 4304 die
1020 4249 1523 4304 alterointerdicis
1547 4267 1559 4304 :
1587 4267 1844 4322 namque

190 4341 239 4396 si
263 4344 388 4395 tam
411 4338 618 4394 rabula
637 4355 796 4411 apes,
819 4343 883 4394 ut
913 4344 976 4394 tu
1008 4337 1059 4393 is
1088 4338 1260 4409 (194),
1284 4338 1550 4406 fuissem,
1575 4337 1844 4394 aculeum

192 4429 552 4502 quandoque
581 4427 670 4483 vel
701 4426 986 4484 avolando
1008 4427 1316 4483 senssises.
1343 4427 1610 4482 Ceterum
1635 4425 1847 4482 obnixe

190 4518 570 4591 deposcimus
600 4521 665 4572 ut
693 4516 744 4572 si
775 4516 896 4572 ulla
914 4515 1158 4572 facultas
1177 4515 1272 4583 sit,
1309 4533 1414 4588 pro
1439 4515 1663 4571 semine
1681 4516 1846 4588 poryi

194 4624 304 4662 nos
336 4605 646 4678 adjuvetis,
682 4606 820 4678 quia
850 4606 908 4660 in
943 4609 1064 4660 tota
1091 4606 1334 4660 Francia
1380 4621 1484 4659 nec
1537 4604 1607 4659 ad
1643 4621 1855 4676 conpa-

194 4697 446 4752 randum
471 4693 696 4765 aliquid
721 4694 1064 4766 hujusmodi
1093 4695 1207 4749 aud
1231 4693 1582 4749 invenimus.
1605 4692 1689 4748 Ad
1717 4691 1853 4748 ulti-

194 4803 434 4841 mum...
469 4783 812 4840 Straboni...
846 4782 1066 4855 gratias
1096 4783 1280 4862 refero
1339 4800 1442 4856 pro
1501 4781 1853 4838 munusculo

194 4891 324 4942 suo,
360 4891 475 4946 quo
509 4872 701 4928 solent
731 4872 930 4927 stolidi
951 4871 1010 4926 in
1035 4872 1210 4927 domo
1236 4871 1456 4945 vagari.
1476 4871 1707 4945 Optime
1727 4870 1854 4927 vale

198 4964 259 5018 in
291 4962 568 5018 eucharia
590 4962 711 5017 Dei.
979 4980 983 4983 '

934 5067 1127 5123 XLIX.

809 5156 961 5228 [Si-ne
984 5155 1250 5228 rubrica.]

279 5265 600 5323 Karissimo
633 5264 955 5338 preceptori
988 5264 1203 5318 domno
1234 5261 1334 5318 illo
1368 5262 1584 5329 abbati,
1626 5262 1723 5318 ille
1754 5264 1855 5319 ab-

205 5357 312 5412 bas
342 5373 479 5411 cum
505 5354 786 5410 fratribus
810 5356 1071 5420 sternam
1090 5351 1148 5406 in
1171 5349 1402 5406 Christo
1424 5349 1696 5407 salutem.
1723 5353 1860 5408 Gra-

275 5480 402 5548 (493
457 5479 532 5534 Le
602 5492 852 5532 ersonna
895 5492 924 5531 e
957 5473 1197 5546 désigné
1229 5473 1301 5528 ici
1349 5491 1440 5530 me
1502 5477 1688 5546 parait
1738 5477 1859 5531 étre

281 5481 506 5606 celebre
539 5494 821 5604 \R’alatrid
855 5491 1104 5604 gtrabon
1139 5545 1284 5599 abbé
1339 5546 1411 5600 de
1461 5545 1777 5602 Reichnau.
1813 5546 1857 5602 ll

203 5549 259 5606 le
281 5545 506 5606 celebre
539 5545 821 5604 Walatrid
856 5545 1111 5604 Straboni
1139 5545 1284 5599 abbé
1339 5546 1411 5600 de
1461 5545 1777 5602 R’eichnau.
1813 5546 1857 5602 ll

206 5628 296 5680 est
327 5637 537 5681 encore
570 5619 842 5694 question
865 5619 935 5676 de
956 5617 1038 5674 lui
1064 5616 1212 5673 dans
1229 5614 1285 5672 la
1302 5615 1548 5674 formule
1569 5617 1854 5676 suivantu.

1949 1885 2126 1958 phobi
2161 1887 2480 1944 adventum
2513 1885 2828 1958 impediat;
2859 1886 3131 1941 Bahchus
3162 1886 3315 1957 apud
3347 1902 3454 1940 nos
3495 1885 3604 1940 hoc

1945 1992 2098 2030 anno
2121 1975 2267 2030 obiit
2288 1993 2420 2030 cum
2445 1976 2679 2041 Cerere;
2705 1979 2934 2030 tantum
2955 1974 3144 2031 facilis
3165 1974 3361 2046 palma
3380 1977 3597 2040 restat;

1943 2062 2029 2118 vel
2055 2064 2126 2118 ad
2158 2063 2266 2118 hoc
2295 2065 2503 2131 veniet,
2540 2068 2606 2118 ut
2635 2063 2877 2119 discatis
2908 2062 3160 2136 qualiter
3190 2080 3318 2119 eam
3377 2061 3495 2119 obti
3511 2078 3602 2117 me

1943 2150 2226 2206 domitare
2258 2151 2520 2207 valeatis.
2585 2152 2801 2207 Sancta
2855 2155 2912 2207 et
2969 2152 3319 2207 inconcussa
3373 2150 3589 2205 caritas

1943 2245 2240 2296 conservet
2271 2258 2371 2296 vos
2402 2239 2583 2295 nostri
2609 2240 2988 2295 memorando
3015 2255 3267 2310 semper,
3291 2255 3482 2295 amen.

2731 2329 2788 2383 L.

2542 2418 2694 2488 [Sine
2718 2416 2985 2487 rubrica.]

2011 2511 2183 2561 Sacro
2216 2506 2335 2561 viro
2366 2506 2578 2562 studiis
2609 2506 3026 2561 sacratissimis
3052 2506 3275 2562 intento
3306 2504 3404 2560 illo
3437 2520 3590 2560 reve-

1943 2596 2278 2671 rentissimo
2311 2595 2526 2663 abbati,
2554 2594 2647 2649 ille
2669 2595 2910 2650 infimus
2940 2595 3347 2651 ministrorum
3369 2593 3589 2650 Christi

1944 2684 2180 2739 famulis
2212 2683 2708 2739 interminabilem
2742 2684 2800 2738 in
2833 2683 3080 2740 Domino
3110 2688 3244 2756 opto
3275 2682 3589 2739 beatitudi-

1942 2791 2096 2829 nem.
2132 2772 2507 2836 Multimodas
2537 2773 2868 2845 graciarum
2917 2772 3120 2829 laudes
3162 2776 3350 2829 vestre
3405 2772 3592 2828 refero

1941 2862 2233 2918 sanctitati
2250 2879 2352 2934 pro
2369 2879 2608 2917 munere
2624 2863 2775 2934 quod
2793 2861 3062 2918 misistis.
3078 2862 3357 2934 Magnum
3374 2860 3594 2916 etenim

1941 2951 2237 3023 quoddam
2270 2955 2459 3007 vestra
2499 2951 2751 3024 benigna
2795 2950 3010 3006 caritas
3059 2951 3130 3006 de
3181 2949 3403 3005 vilitate
3451 2964 3597 3004 meae

1941 3055 2202 3111 persona:
2231 3039 2446 3094 sentire
2476 3039 2678 3104 voluit,
2711 3039 2801 3093 cui
2836 3040 2895 3094 in
2930 3055 3108 3110 regna
3137 3037 3320 3094 altera
3369 3053 3592 3093 munus

1942 3126 2150 3182 deferri
2173 3126 2374 3195 jussit.
2413 3126 2626 3181 Littere
2649 3125 2941 3197 siquidem
2961 3124 3284 3195 prudentiae
3302 3128 3506 3179 vestrae
3529 3123 3590 3178 in

1858 3197 1900 3263 C
1938 3215 2038 3271 illo
2068 3215 2314 3271 kalende
2345 3231 2448 3286 per
2479 3215 2680 3270 horam
2714 3230 2928 3269 nonam
2962 3212 3080 3268 diei
3108 3212 3178 3268 ad
3203 3228 3296 3267 me
3319 3227 3594 3283 pervene-

1939 3309 2095 3371 runt,
2128 3309 2186 3359 et
2217 3304 2411 3359 senior
2439 3321 2604 3359 meus
2634 3303 2692 3358 in
2726 3301 2842 3358 illis
2872 3300 3139 3364 kalendis
3170 3300 3230 3354 in
3257 3300 3386 3355 istis
3408 3300 3588 3372 parti-

1938 3395 2050 3451 bus
2080 3395 2187 3448 iter
2206 3392 2542 3464 arripiebat.
2574 3392 2651 3446 De
2673 3391 2831 3448 vasis
2853 3407 3007 3459 vero,
3033 3407 3159 3462 quae
3180 3388 3430 3461 petistis,
3457 3405 3592 3444 mox

1941 3483 2227 3538 sollicitus
2259 3481 2342 3535 fui
2372 3482 2540 3552 cujus
2579 3479 2808 3554 generis
2859 3495 2988 3535 esse
3031 3479 3329 3542 deberent,
3380 3477 3588 3544 ferrea,

1915 3571 2113 3627 .testia
2144 3588 2214 3626 an
2249 3569 2508 3642 lapidea;
2544 3567 2893 3641 interrogavi
2927 3582 3181 3638 namque
3198 3565 3431 3621 cuidam
3451 3565 3592 3620 arti-

1945 3657 2033 3712 t‘ici
2064 3662 2262 3712 nostro
2294 3661 2419 3728 qam
2451 3660 2648 3711 essent
2678 3659 2735 3710 et
2779 3655 2877 3710 ubi
2923 3653 3181 3709 invenire
3232 3652 3592 3725 potuissent;

1945 3746 2044 3818 qui
2077 3746 2222 3800 dixit
2253 3763 2318 3800 ea
2348 3762 2415 3800 ex
2448 3749 2608 3816 petra
2643 3742 2811 3816 nigra
2832 3743 2954 3798 fieri
2980 3741 3145 3797 venis
3171 3740 3482 3798 subrubeis
3504 3740 3593 3796 in-

1944 3833 2251 3900 termixtis,
2286 3849 2395 3905 que
2426 3833 2598 3903 vulgo
2629 3832 2785 3904 apud
2819 3849 2924 3887 nos
2957 3831 3169 3903 lapidee
3192 3834 3497 3897 vocantur,
3539 3833 3597 3884 et

1946 3925 2017 3979 ad
2049 3924 2329 3979 Sanctum
2361 3921 2706 3978 Mauricium
2730 3921 3109 3976 inveniuntur
3137 3923 3260 3989 ;est
3279 3919 3435 3974 enim
3457 3916 3600 3973 illuc

1948 4015 2019 4069 ab
2051 4030 2116 4067 eo
2147 4011 2273 4068 loco
2302 4013 2400 4068 ubi
2435 4017 2573 4067 tunc
2604 4027 2841 4066 eramus
2871 4010 2980 4066 iter
3009 4009 3190 4064 trium
3233 4007 3484 4075 dierum,
3544 4009 3603 4064 et

1951 4102 2165 4157 idcirco
2198 4101 2532 4156 nullatenus
2565 4117 2633 4157 ea
2652 4101 2960 4172 adquirere
2983 4099 3165 4171 potui.
3192 4098 3252 4154 Si
3269 4114 3400 4153 vero
3418 4094 3600 4169 signi-

1951 4191 2262 4246 ﬁcaveritis
2292 4205 2404 4262 que
2436 4189 2521 4244 vel
2563 4190 2718 4260 quod
2760 4206 2888 4245 esse
2945 4189 3217 4256 debeant,
3277 4203 3412 4242 cum
3471 4201 3605 4258 spa-

1953 4279 2107 4335 cium
2158 4280 2436 4345 habuero,
2483 4279 2811 4347 jussionem
2861 4281 3112 4332 vestram
3164 4277 3336 4345 juxta
3393 4273 3606 4328 virium

1956 4368 2403 4440 possibilitatem
2437 4367 2494 4420 in
2539 4365 2628 4419 his
2660 4370 2832 4436 atque
2863 4363 2993 4420 aliis
3017 4364 3188 4418 rebus
3213 4360 3608 4417 libentissime

1957 4455 2234 4527 implebo.
2268 4455 2414 4526 Opto
2445 4471 2546 4509 vos
2579 4454 2634 4508 in
2672 4454 2916 4509 Domino
2948 4451 3047 4506 diu
3104 4450 3349 4505 feliciter
3397 4448 3608 4518 valere,

1885 4568 1930 4631 Π
1965 4544 2336 4600 sanctissime
2367 4548 2548 4615 pater.

2570 4720 2723 4792 [Sine
2739 4720 3004 4792 rubrica.]

2034 4811 2131 4867 Ille
2161 4826 2411 4882 superne
2440 4809 2730 4882 largitatis
2761 4825 3003 4864 munere
3035 4805 3281 4863 humilis
3341 4804 3610 4874 antistes,

1961 4899 2046 4955 illi
2078 4899 2241 4954 fratri
2273 4898 2584 4953 karissimo
2619 4897 3076 4969 multimodeque
3107 4894 3268 4951 cultu
3294 4895 3513 4968 sophia;
3539 4894 3615 4950 si-

1966 4988 2088 5046 mul
2117 4993 2173 5044 et
2201 4989 2404 5044 decore
2436 4986 2766 5043 sanctitatis
2797 4986 2994 5042 abbati
3026 4983 3429 5056 comptissimo
3489 5001 3614 5056 pre-

1965 5078 2146 5136 sentis
2177 5095 2242 5132 ac
2273 5077 2530 5132 futuram
2589 5076 2817 5148 COpiam
2877 5074 3168 5132 felicitatis
3223 5073 3284 5129 in
3347 5073 3610 5129 Domino.

1965 5166 2301 5224 Multifariis
2332 5165 2510 5238 igitur
2531 5182 2633 5238 pro
2664 5170 2852 5220 vestre
2911 5163 3225 5236 conspicue
3282 5161 3613 5218 devocionis

1966 5255 2265 5314 beneﬁciis
2297 5253 2583 5328 plurimas
2613 5271 2720 5310 nos
2741 5255 2938 5326 sepius
2957 5254 3169 5310 referre
3190 5251 3409 5325 gratias
3445 5267 3615 5322 opor-
3683 5327 3685 5329 ι

1967 5351 2068 5403 tet.
2099 5347 2521 5402 Verumtamen
2554 5349 2754 5399 vestrae
2784 5342 3188 5416 copiosissime
3241 5339 3616 5397 commodum

2041 5472 2189 5542 (194)
2221 5470 2293 5526 Le
2327 5464 2651 5542 manuscrit
2680 5470 2870 5526 donne
2899 5471 3004 5525 tuis
3034 5485 3105 5524 en
3152 5485 3230 5523 un
3289 5463 3416 5521 seul
3470 5467 3619 5539 met;

1969 5541 2121 5600 mais
2151 5542 2191 5599 il
2236 5544 2381 5608 (aut,
2409 5542 2470 5616 je
2499 5541 2672 5610 crois,
2705 5542 2810 5600 lire
2841 5551 2897 5600 tu
2918 5543 2964 5599 is
2998 5557 3144 5614 pour
3175 5548 3233 5598 tu
3259 5553 3332 5596 es.
