3900 6224
286 340 444 402 “55

1569 345 1910 408 APPEND.
1955 344 2060 408 AD
2103 345 2292 410 SEO.
2337 345 2410 408 X.

3535 339 3703 409 “56

288 477 626 549 putavimus
683 477 955 536 intimare
1013 478 1416 549 benivolentia,
1479 479 1633 552 quod
1694 480 1930 536 fratrem
1960 481 2015 548 Α
2041 485 2189 547 tum,
2224 479 2474 554 qualiter
2503 481 2686 536 Deum
2721 480 2956 554 agnosci
2977 497 3043 536 ac
3063 479 3268 536 timere
3283 477 3549 535 valeatet
3564 477 3701 550 ejus

286 569 545 622 vestrum
577 567 755 624 nimis
787 569 1130 644 flagrantem
1157 569 1446 625 desiderio
1473 569 1778 624 nobiscum
1799 568 1935 625 reti-

288 670 423 711 nere
447 657 849 728 nequivimus:
875 663 1070 715 vestra
1087 658 1408 732 plurimum
1433 658 1544 713 frui
1569 659 1940 714 desiderabat

287 745 600 816 presentia.
617 745 897 811 Quocirca
910 753 1162 804 vestram
1180 747 1348 819 subpl
1360 748 1521 802 iciter
1535 749 1935 819 gratissimam

287 834 589 904 poscimus
620 836 1062 910 fraternitatem,
1096 842 1161 893 ut
1190 838 1262 893 ab
1295 853 1491 893 amore
1541 836 1640 892 Dei
1693 838 1938 908 ejusque

289 923 643 982 confessoris
674 927 966 983 Ambrosii
997 930 1189 983 vestra
1219 943 1450 982 summa
1481 943 1614 981 cum
1638 926 1827 998 gratia
1866 924 1937 979 ad

292 1029 399 1069 nos
413 1030 546 1070 eum
567 1032 742 1088 quam
760 1017 948 1072 tocius
967 1016 1261 1072 remittere
1277 1015 1622 1088 dignemini,
1647 1019 1938 1087 quatenus

292 1103 448 1174 quod
478 1103 642 1160 deest
673 1105 833 1178 operi
863 1105 1008 1162 bene
1035 1109 1198 1178 cepto
1217 1104 1638 1178 perﬁciaturab
1661 1103 1939 1176 ipso.Nos

294 1189 477 1264 igitur
506 1207 740 1266 semper
764 1197 822 1250 et
850 1194 1068 1266 ubique
1126 1211 1334 1250 sumus
1390 1197 1577 1249 vestre
1635 1193 1942 1247 dumtaxat

292 1281 696 1338 amantissime
718 1283 942 1338 caritati
963 1300 1217 1357 congrue
1245 1300 1452 1354 nempe
1471 1281 1937 1337 vicissitudinem

291 1368 553 1437 reddere,
587 1370 636 1426 si
669 1371 810 1443 quid
833 1375 1022 1428 vestre
1053 1371 1402 1443 benignitati
1435 1369 1764 1443 largissime
1815 1367 1938 1440 pla-

292 1457 479 1514 cuerit
495 1458 663 1516 nobis
685 1459 1010 1533 injungere.
1034 1459 1233 1516 Valete
1256 1459 1438 1514 nostri
1462 1476 1692 1532 semper
1717 1474 1942 1513 memor

294 1545 353 1601 in
383 1547 673 1616 oracione,
707 1566 739 1604 ο
773 1548 1096 1623 dignssime
1127 1549 1321 1605 frater.

1057 1666 1172 1722 LII.

893 1751 1045 1826 [Sine
1074 1751 1345 1823 rubrica,]

366 1856 502 1914 Viro
532 1857 766 1931 egregio
793 1863 967 1931 atque
1001 1860 1272 1932 prudenti
1307 1858 1392 1914 illi
1454 1857 1944 1923 reverentissimo,
1977 1855 2025 1920 B

299 1944 394 2002 ille
423 1947 484 2002 in
506 1946 752 2004 Domino
777 1947 1050 2006 salutem.
1083 1949 1332 2004 Obsecro
1365 1949 1665 2004 caritatem
1688 1951 1942 2001 vestram

298 2038 364 2089 ut
395 2033 565 2096 illum
597 2053 845 2108 puerum
877 2041 1143 2110 nepotem
1178 2037 1262 2092 illi
1294 2037 1549 2110 episcopi
1581 2036 1652 2091 ad
1679 2034 1943 2091 studium

297 2123 560 2180 discendi
591 2125 1071 2183 acriusincitetis.
1088 2126 1588 2197 Poteratnamque
1610 2124 1778 2180 illum
1802 2123 1942 2180 alibi

296 2213 369 2270 ad
401 2213 786 2268 erudiendum
818 2214 1176 2287 ubicumque
1206 2215 1378 2270 vellet
1400 2215 1669 2286 dirigere,
1689 2213 1790 2268 sed
1816 2228 1944 2268 meo

298 2302 552 2358 maximo
582 2306 776 2358 ortatu
808 2302 1019 2359 vestris
1051 2320 1184 2359 eum
1217 2301 1548 2374 disciplinis
1581 2301 1824 2358 tradidit
1854 2302 1946 2356 in-

295 2391 618 2447 buendum.
652 2393 1014 2465 Quapropter
1043 2397 1176 2464 peto
1237 2397 1302 2447 ut
1349 2391 1624 2464 deinceps
1684 2389 1946 2445 adhibito

298 2480 492 2536 studio
523 2485 785 2538 nostram
817 2481 992 2538 etiam
1013 2483 1122 2538 sibi
1142 2483 1295 2554 apud
1313 2499 1414 2538 vos
1431 2480 1646 2537 sentiat
1669 2479 1947 2552 prodesse

297 2569 643 2641 peticionem
661 2588 674 2638 ;
693 2575 749 2627 et
777 2571 1133 2642 ubicumque
1159 2569 1459 2643 peragitis,
1482 2569 1785 2625 vobiscum
1811 2585 1946 2624 eum

296 2657 380 2713 ire
413 2658 749 2731 permittite;
777 2661 1101 2715 mercedem
1119 2677 1252 2716 vero
1269 2659 1442 2714 vestri
1469 2657 1705 2724 laboris,
1729 2661 1951 2729 quanta

299 2762 428 2802 esse
460 2746 519 2802 in
550 2748 808 2820 presenti
859 2753 1071 2822 potest,
1105 2765 1210 2820 ego
1273 2749 1611 2820 rependam.
1665 2745 1948 2802 Noveritis

299 2835 479 2892 etiam
511 2836 651 2908 quia
683 2836 779 2893 ille
802 2836 1099 2894 hominem
1123 2837 1310 2910 ipsius
1343 2837 1508 2910 pueri
1567 2836 1722 2908 apud
1781 2834 1947 2890 illum

299 2923 638 2996 episcopum
696 2931 1038 2982 excusatum
1098 2927 1322 2994 habeo;
1383 2926 1630 2998 ideoque
1691 2929 1822 2997 peto
1885 2930 1952 2980 ut

299 3013 520 3086 ipsum,
538 3013 630 3069 cui
645 3014 932 3071 molestus
946 3015 1135 3070 extitit
1150 3015 1210 3071 in
1232 3019 1486 3071 vestram
1508 3014 1699 3070 venire
1723 3013 1950 3069 faciatis

300 3102 679 3175 presentiam,
709 3101 828 3176 [ad]
861 3105 1230 3160 concordiam
1263 3121 1361 3160 eos
1393 3105 1672 3172 reducite,
1715 3119 1950 3159 verum-

299 3196 498 3248 tamen
526 3196 720 3248 reatus
751 3193 843 3248 sui
867 3195 1255 3266 penitenciam
1281 3198 1464 3267 gerat,
1480 3194 1652 3266 juxta
1668 3193 1823 3266 quod
1846 3210 1946 3249 vo-

302 3281 395 3337 bis
423 3281 615 3338 visum
647 3281 840 3338 fuerit.

1056 3390 1200 3446 LIII.

907 3477 1060 3553 [Sine
1078 3479 1346 3554 rubrz'ca.]

377 3594 580 3652 Petrus
601 3596 749 3669 (l95)
771 3594 966 3652 divino
989 3597 1170 3652 fretus
1193 3596 1414 3653 auxilio
1430 3594 1673 3652 humilis
1695 3595 1814 3664 ille,
1836 3594 1946 3664 illi,

303 3683 514 3742 dilecto
543 3684 709 3740 fratri
740 3684 1149 3741 multimodam
1174 3685 1229 3739 in
1253 3686 1491 3740 Domino
1512 3689 1648 3757 opto
1670 3683 1946 3740 salutem.

299 3772 446 3830 Cum
475 3777 668 3830 vestra
695 3773 968 3847 denique,
992 3773 1322 3841 karissime,
1342 3773 1622 3846 sospitate
1642 3777 1762 3828 tam
1782 3771 1949 3828 missi

297 3862 670 3934 prmsentiam
704 3879 882 3934 quam
905 3863 1082 3918 vestri
1105 3861 1434 3918 dulcissimi
1456 3861 1804 3916 intimamur
1824 3863 1946 3934 api-

295 3965 410 4018 ces,
443 3949 733 4006 immensa
762 3965 865 4022 per
893 3950 1090 4006 omnia
1101 3951 1493 4021 jocundantes
1518 3967 1727 4007 sumus
1745 3950 1948 4023 repleti

294 4036 510 4106 leticia,
543 4037 786 4109 insuper
815 4040 971 4111 quod
1004 4044 1060 4095 et
1089 4045 1347 4095 vestrum
1373 4039 1635 4095 studium
1667 4056 1733 4096 ac
1781 4040 1944 4112 pium

295 4142 436 4198 erga
466 4125 988 4199 puerulum,quem
1022 4127 1080 4183 in
1098 4127 1346 4184 Domino
1379 4127 1944 4200 accepistis,sincero

294 4214 624 4272 sentiamus
653 4214 817 4289 diligi
849 4217 1077 4272 affectu.
1113 4217 1190 4272 Ea
1222 4216 1400 4290 igitur
1455 4217 1880 4290 karissimeque
1911 4237 1946 4274 a

292 4305 464 4360 nobis
493 4304 832 4378 indaganda
859 4311 1052 4362 vestra
1085 4307 1330 4379 requirit
1360 4307 1652 4362 industria
1684 4309 1824 4379 quid
1861 4308 1945 4363 in-

291 4391 574 4450 ﬁlosoﬁca
602 4393 867 4450 doctrina
899 4396 1061 4468 prius
1079 4395 1290 4466 quidve
1309 4412 1562 4468 sequens
1579 4396 1650 4451 ad
1669 4396 1940 4452 eumdem

289 4481 656 4554 inpuendum
684 4482 938 4540 indolem
1001 4484 1309 4541 manifeste
1372 4501 1648 4557 ponerem
1707 4483 1941 4542 indiciis

2045 571 2287 642 adsequi
2320 571 2600 626 mandata
2627 571 3020 643 concupiscat,
3057 573 3114 625 et
3145 572 3208 624 ut
3255 567 3450 624 omnis
3499 571 3702 624 vestra

2043 659 2356 715 lamlabilis
2381 661 2588 715 docma
2617 659 2676 714 in
2707 660 2957 716 eundem
2989 658 3048 714 in
3083 674 3255 714 evum
3270 657 3474 713 ﬂoreat
3491 660 3550 712 et
3567 670 3704 712 om-

2048 750 2221 804 nibus
2251 749 2562 804 manifesta
2578 765 2680 822 per
2710 765 2845 804 eum
2877 747 3095 820 ubique
3116 747 3238 815 fiat,
3262 763 3491 803 necnon
3516 745 3702 802 etiam

2049 840 2118 894 de
2150 838 2445 911 geminato
2473 837 2690 893 talento
2713 838 3005 910 premium
3030 837 3102 892 ab
3125 853 3212 906 eo,
3238 835 3337 908 qui
3358 834 3539 903 dedit,
3561 833 3708 890 reci-

2048 927 2243 1000 piatis,
2284 933 2340 982 et
2370 944 2404 982 a
2437 926 2606 982 nobis
2629 926 2874 999 dignum
2896 944 3000 999 per
3018 926 3219 982 omnia
3237 923 3590 997 obsequium
3615 939 3708 978 ca-

2055 1017 2248 1090 piatis.
2278 1017 2458 1072 Parva
2477 1015 2658 1086 igitur
2677 1033 2922 1071 munera
2943 1013 3252 1071 karissime
3272 1019 3462 1070 vestre
3483 1012 3704 1068 direxi-

2049 1103 2484 1175 musalmitati.
2514 1103 2811 1176 Rogamus
2843 1105 3097 1176 denique
3118 1107 3183 1159 ut
3214 1119 3300 1172 ea,
3339 1119 3452 1176 que
3512 1101 3704 1158 missa

2049 1199 2206 1262 sunt,
2239 1194 2476 1249 caritate
2506 1198 2836 1249 sumantur.
2871 1193 3014 1250 Vere
3046 1191 3282 1266 quidem
3315 1191 3486 1264 plura
3547 1189 3704 1246 mitti

2048 1284 2432 1351 decrevimus,
2458 1281 2558 1338 sed
2583 1297 2653 1336 ne
2679 1282 2890 1339 itinera
2910 1279 3702 1339 ablatafuissenttimuinus.

2049 1373 2190 1427 Cum
2216 1374 2412 1446 itaque
2444 1373 2895 1446 nos,utjussum
2915 1374 3024 1438 est,
3057 1369 3230 1426 citius
3245 1369 3604 1442 obsequium
3625 1366 3706 1441 pii

2051 1465 2282 1535 augusti
2305 1458 3330 1537 properamus,vestrampresentiam
3345 1457 3704 1532 requirinon

2050 1554 2400 1622 omittimus,
2427 1559 2484 1610 et
2517 1572 2603 1623 ea,
2630 1569 2742 1626 que
2764 1553 2998 1618 desunt,
3024 1547 3284 1622 subpleri
3307 1548 3367 1604 in
3390 1546 3705 1614 omnibus,

2051 1647 2116 1696 ut
2145 1643 2388 1715 dignum
2423 1647 2532 1709 est,
2565 1647 2924 1713 satagemus.
2955 1643 3033 1694 De
3064 1638 3242 1694 fratre
3265 1636 3540 1693 videlicet
3587 1633 3708 1702 illo,

2051 1731 2120 1784 de
2153 1747 2268 1802 quo
2303 1729 2627 1785 mandastis
2658 1733 2724 1784 ut
2749 1727 2976 1783 alienus
3035 1725 3106 1781 de
3162 1723 3288 1780 loco
3345 1723 3460 1780 isto
3519 1724 3707 1790 fieret,

2057 1819 2403 1891 usquedum
2440 1837 2545 1874 nos
2571 1818 2666 1873 hic
2719 1815 3047 1884 veniamus,
3108 1830 3384 1886 rogamus
3442 1818 3511 1868 ut
3561 1826 3708 1884 pene

2053 1927 2155 1964 vos
2186 1914 2448 1976 maneat;
2485 1924 2640 1975 cum,
2658 1906 2774 1962 Deo
2797 1903 3304 1971 auxiliante,venti
3320 1903 3632 1970 fuerimus,
3653 1905 3711 1956 et

2059 1998 2240 2053 istum
2275 1998 2566 2052 aufrimus
2623 2000 2680 2051 et
2720 1997 3083 2066 exceptorem
3124 1992 3436 2048 nobiscum
3464 1989 3708 2047 deduci-

2055 2087 2280 2142 mus.In
2311 2087 2681 2153 omnibus,ut
2697 2101 2800 2156 per
2819 2100 2919 2139 vos
2934 2082 3192 2149 ﬁdimus,
3217 2081 3419 2154 agitis:
3439 2079 3589 2146 vale,
3621 2078 3710 2134 vir

2053 2176 2155 2232 Dei
2189 2175 2311 2231 vale
2341 2180 2398 2231 et
2424 2179 2716 2230 memento
2749 2171 2884 2227 mei.

2808 2261 2951 2316 LIV.

2662 2353 2814 2424 [Sine
2853 2350 3098 2420 rubrica]

2127 2443 2448 2500 Carissimo
2467 2441 2660 2498 abbati
2686 2439 2766 2496 illi
2791 2441 2891 2511 [et]
2909 2437 3186 2495 omnibus
3209 2436 3356 2504 suis,
3388 2435 3707 2492 sincellites

2057 2532 2154 2588 ille
2187 2549 2527 2588 mansuram
2563 2531 2619 2584 in
2646 2527 2943 2585 Salvatore
2968 2527 3237 2583 salutem.
3263 2526 3386 2582 Non
3409 2543 3514 2582 vos
3534 2525 3708 2582 latere

2059 2622 2328 2694 suspicor
2351 2621 2502 2692 quod
2523 2622 2793 2674 manente
2808 2615 3387 2688 domnoimperatore
3401 2613 3503 2670 illo
3516 2614 3703 2670 novis-

2058 2712 2204 2767 sime
2235 2712 2385 2782 apud
2422 2709 2582 2764 illam
2612 2707 2808 2761 villam
2851 2723 2965 2760 non
2997 2704 3167 2776 longe
3216 2721 3250 2758 a
3303 2703 3468 2759 vobis
3519 2701 3704 2758 consi-

2058 2805 2271 2866 stente,
2302 2801 2650 2871 provocante
2679 2799 2878 2850 vestra:
2909 2792 3209 2868 religionis
3241 2792 3420 2860 fama,
3445 2795 3700 2848 vestrum

2060 2889 2206 2945 mihi
2238 2888 2412 2944 libuit
2442 2885 2603 2942 adire
2660 2883 2990 2940 cmnobium
3024 2881 3281 2954 illucque
3327 2881 3590 2953 perveni.
3641 2880 3705 2935 Et

2058 2980 2182 3036 visa
2213 2975 2642 3050 benignissima
2671 2977 2866 3030 vestra
2895 2972 3225 3036 sanctitate,
3262 2969 3486 3042 placuit
3502 2974 3570 3025 ut
3595 2985 3702 3037 me,

2059 3065 2326 3141 quamvis
2349 3064 2665 3122 sceleribus
2687 3060 3045 3135 squalidum,
3068 3058 3244 3116 vestri
3262 3061 3703 3130 vestrorumque

2065 3157 2461 3214 conmendare
2496 3155 2598 3224 [m]
2625 3150 3020 3218 oracionibus,
3045 3149 3198 3222 quod
3226 3152 3283 3204 et
3305 3165 3408 3203 vos
3429 3151 3488 3204 et
3509 3146 3702 3214 vestri,

1975 3227 2018 3293 C
2057 3244 2476 3302 sicutcaritatis
2495 3241 2645 3316 pleni
2657 3240 3102 3313 ,benignissimo
3117 3236 3461 3310 suscepistis
3475 3236 3700 3292 affectu.

2060 3337 2165 3392 Pro
2194 3351 2312 3407 qua
2341 3348 2605 3399 munera,
2639 3330 2780 3403 quia
2808 3329 2974 3384 vobis
2991 3325 3344 3400 condignam
3366 3341 3702 3380 remunera-

2058 3425 2285 3480 cioncm
2319 3420 2622 3477 reddidere
2655 3416 3190 3491 nequeo,maximas
3208 3420 3404 3470 tamen
3437 3415 3700 3469 devotas-

2057 3530 2170 3586 que
2201 3515 2414 3586 grates,
2449 3512 2735 3581 quantum
2767 3505 3238 3579 quivero,referre
3261 3519 3376 3558 non
3409 3502 3696 3569 dill‘eram;

2057 3609 2114 3659 et
2142 3617 2297 3657 nunc
2323 3599 2488 3655 vobis
2517 3597 2645 3669 lego
2676 3595 2921 3668 triginta
2949 3593 3166 3650 solidos
3193 3591 3446 3665 argenti,
3479 3589 3696 3664 ﬂagito—

2059 3709 2169 3764 que
2202 3707 2421 3763 pronus
2455 3693 2510 3751 ct
2541 3686 2836 3742 sumissus
2867 3699 3041 3756 posco
3062 3686 3119 3738 et
3141 3680 3347 3738 aclinis
3377 3679 3608 3753 postulo
3636 3687 3699 3734 ut

2059 3781 2117 3835 in
2148 3784 2342 3834 vestra
2371 3775 2764 3833 solertissime
2799 3775 3135 3846 permaneat
3168 3769 3441 3826 oracione
3471 3767 3697 3839 illaejus

2056 3867 2341 3924 memoria
2369 3865 2579 3932 nostri,
2612 3867 2670 3918 et
2698 3879 2824 3935 ego,
2853 3865 3162 3934 quamtum
3195 3863 3420 3931 potero,
3446 3857 3694 3912 inconta—

2057 3957 2340 4012 minatam
2360 3953 2669 4009 nobiscum
2693 3951 3014 4007 observabo
3036 3946 3393 4004 amicitia.Et
3423 3945 3482 4001 in
3505 3945 3693 4001 leudes

2055 4045 2273 4102 nostris
2303 4048 2360 4098 et
2388 4043 2520 4115 equi
2556 4042 2764 4096 fierent
2794 4037 2933 4095 fessi
2964 4038 3036 4094 ob
3077 4036 3403 4093 nimitatem
3454 4033 3690 4101 itineris,

2055 4133 2206 4206 quod
2252 4149 2360 4188 nos
2389 4131 2499 4187 hoc
2524 4146 2678 4186 anno
2712 4129 2959 4184 Romam
2987 4127 3180 4183 eundo
3203 4126 3508 4197 Romaque
3537 4123 3692 4179 rede-

2053 4223 2210 4279 undo
2229 4221 2584 4295 peregimus,
2611 4217 2772 4274 nullo
2789 4217 2963 4272 modo
2985 4215 3251 4272 omittere
3271 4214 3572 4270 vobiscum
3590 4209 3693 4267 col-

2053 4311 2214 4386 loqui
2247 4326 2567 4384 pacemque
2607 4324 2741 4364 cum
2764 4307 2912 4362 meis
2933 4305 3220 4378 patribus,
3244 4302 3346 4376 qui
3371 4303 3483 4359 sub
3505 4305 3691 4358 vestra

2050 4401 2396 4474 paternitate
2422 4400 2662 4471 degunt,
2704 4399 2974 4452 mutuam
3014 4394 3247 4450 habere.
3309 4396 3388 4449 De
3448 4403 3688 4465 quorum

2051 4490 2399 4547 salubritate
2415 4492 2472 4543 et
2490 4484 2711 4543 salubri
2733 4483 3119 4558 prosperitate
3135 4485 3192 4538 et
3210 4481 3282 4538 de
3301 4483 3497 4536 vestra
3515 4491 3689 4548 queso

288 4569 474 4626 Immo
492 4571 739 4628 dubium
765 4589 878 4628 non
903 4577 991 4628 est
1012 4591 1111 4629 vos
1134 4590 1237 4646 per
1256 4573 1474 4641 omnia,
1500 4578 1566 4629 ut
1585 4574 1818 4646 sapiens
1839 4591 1933 4630 ar-
1967 4599 2014 4664 Ι)
2049 4580 2358 4644 rescribas,
2391 4576 2449 4631 ni
2505 4591 2675 4649 grave
2707 4573 2926 4629 fuerint
2954 4570 3244 4628 calamum
3278 4569 3543 4642 tinguere
3574 4565 3688 4621 tin-

287 4659 597 4729 chitectus,
630 4659 1012 4716 fundamenta
1041 4662 1206 4734 prius
1234 4678 1473 4738 ponere,
1495 4660 1825 4718 hacdeinde
1847 4662 1933 4718 Ia-

284 4747 509 4804 bricam
543 4748 602 4804 in
635 4747 819 4804 altum
851 4767 919 4806 ex
948 4750 1194 4808 diversis
1221 4749 1520 4824 lapidibus
1543 4750 1723 4806 attolli
1767 4752 1936 4808 Cum-

283 4852 351 4892 ea
380 4837 479 4909 qui
510 4836 937 4894 incrementum
969 4840 1070 4895 dat
1099 4856 1379 4896 mensura
1428 4838 1698 4895 hediﬁcio
1751 4841 1933 4897 credi-

284 4941 420 4982 mus
447 4925 695 4998 operari.
725 4925 915 4982 Vestri
951 4928 1128 5000 igitur
1143 4927 1366 4984 arbitrii
1391 4928 1591 4984 omnia
1611 4928 1934 4986 ordinanda

283 5013 629 5082 sanctimus,
661 5015 800 5088 quid
835 5015 998 5088 prius
1027 5017 1100 5073 de
1131 5017 1343 5073 divinis
1373 5017 1536 5074 libris
1561 5017 1646 5074 vel
1669 5024 1932 5090 postmo-

282 5103 426 5158 dum
458 5103 530 5159 de
560 5103 871 5177 gentilium
902 5105 1119 5162 fabulis
1149 5105 1472 5162 dedicenda
1511 5107 1656 5162 sint.
1718 5105 1790 5162 Ut
1837 5107 1932 5180 pio

281 5191 564 5264 magistro
594 5190 876 5249 melliiluo
902 5194 1052 5266 patri
1085 5194 1339 5267 petimus
1369 5198 1433 5250 ut
1463 5211 1602 5250 cura
1630 5195 1934 5252 incumbat

281 5296 396 5335 non
429 5279 660 5336 modica
689 5279 747 5335 in
779 5284 1008 5338 tantum
1039 5288 1104 5338 ut
1134 5283 1420 5356 puerulus
1477 5283 1600 5355 ipse
1658 5284 1930 5356 notrique

278 5367 496 5423 amoris
514 5367 725 5424 unicus
747 5369 806 5424 in
819 5370 988 5427 bonis
1001 5371 1370 5428 documentis
1391 5375 1588 5426 sumat
1603 5370 1928 5428 incremen-

347 5488 497 5559 (195)
531 5488 727 5559 Pierre
754 5491 842 5546 fut
871 5492 964 5548 élu
1023 5495 1170 5550 abbé
1229 5495 1300 5551 de
1352 5493 1650 5550 Reichnau
1702 5513 1773 5552 en
1821 5499 1919 5556 78l

279 5554 696 5638 Cfilldabi‘llop,
728 5561 964 5617 Annales
994 5565 1058 5620 Ο.
1092 5567 1151 5620 S.
1185 5567 1268 5633 13.,
1302 5573 1338 5620 ι.
1373 5565 1442 5632 II,
1477 5568 1767 5638 pag._260.

347 5625 393 5710 μ
403 5626 494 5698 96)
523 5627 598 5684 Cc
621 5628 937 5691 document
963 5639 1054 5692 cst
1073 5625 1496 5693 extrememenf
1511 5625 1801 5694 curirieux
1821 5657 1928 5714 par

2045 4673 2322 4740 ctumque
2349 4666 2407 4721 in
2432 4663 2677 4720 vitulino
2708 4679 2915 4734 campo
2945 4660 3236 4733 ovinoque
3285 4657 3532 4714 trahere.
3570 4695 3582 4709 .
3617 4694 3633 4709 .
3669 4695 3682 4709 .

2116 4791 2347 4848 Premia
2375 4787 2641 4862 perpetui
2668 4783 2966 4862 sumpturi
2996 4783 3257 4862 maxima
3277 4780 3462 4856 regni,

2213 4853 2433 4933 Estqui
2463 4853 2583 4915 vita
2613 4858 2759 4933 suis,
2792 4853 3104 4933 Dominum
3128 4853 3318 4933 colite.
3442 4923 3488 4933 _
3643 4920 3678 4933 ι,

2116 4935 2206 4990 Me
2238 4923 2441 5006 precor
2469 4935 2526 4986 et
2549 4923 2759 5006 vestris
2793 4929 3064 5000 precibus
3089 4945 3102 4995 ;
3138 4926 3413 5006 mandate
3442 4923 3680 4979 Tonanti

2185 4996 2502 5059 Vobiscum
2533 5008 2614 5073 ut_
2627 4996 2852 5072 partem
2884 5015 3063 5073 regna
3087 4997 3203 5072 poli
3228 4996 3478 5070 capiam.

2115 5083 2260 5133 Kere
2288 5073 2418 5148 kyri
2449 5071 2700 5146 agapite.

2448 5185 2464 5194 ’
2807 5195 2920 5251 LV.

2395 5301 2720 5343 mmCULUM
2758 5301 2832 5340 Αι)
2869 5298 3130 5342 meum
3162 5283 3332 5356 (196).

2111 5379 2209 5436 Ille
2239 5377 2486 5450 exiguus
2527 5373 2720 5442 levita,
2779 5372 2880 5431 illo
2939 5372 3213 5430 salutem.
3269 5375 3414 5428 Cum
3469 5367 3676 5425 amicos

2034 5504 2120 5560 les
2151 5500 2655 5573 renseignements
2677 5497 2816 5573 qu_‘il
2837 5498 3028 5573 donne
3048 5515 3151 5554 sur
3165 5495 3224 5552 la
3243 5493 3520 5573 situation
3532 5489 3673 5573 poli-

2036 5576 2217 5649 tique.
2246 5562 2385 5649 Bien
2407 5568 2551 5649 gu’il
2584 5585 2658 5649 ne
2683 5562 2797 5624 soit
2826 5572 3117 5649 peut-etre
3157 5584 3311 5649 pas“
3333 5562 3580 5649 possible
3605 5562 3676 5618 de

2037 5635 2389 5704 déterminer
2407 5635 2492 5699 les
2522 5635 2894 5698 événements
2922 5635 3261 5715 auxquel’sil
3283 5635 3390 5694 fait
3411 5635 3670 5702 allusion,
