3900 6224
220 400 380 467 1457

1512 408 1914 475 FORMUL/E
1956 410 2342 480 VETERES.

3466 380 3627 478 l458

215 541 456 599 caritate
479 539 809 613 visitamus,
840 542 1104 603 debitum
1134 561 1413 603 mansure
1441 547 1726 603 mercedis
1748 546 1853 603 im-
1882 548 1938 616 Α
1970 566 2085 605 non
2109 550 2299 607 adhuc
2330 547 2658 607 monachus
2685 550 2896 608 sternte
2927 544 3221 610 felicitatis
3252 544 3511 625 implore
3530 568 3625 608 sa-

209 629 486 704 plemus;
519 650 653 689 cum
681 638 879 690 autem
912 635 987 691 de
1020 638 1093 707 [e]
1114 652 1283 691 orum
1321 636 1601 709 sospitate
1632 637 1873 710 perqui-

209 738 374 777 remu
386 739 439 790 s,
452 738 557 795 per
572 722 925 779 missionum
939 730 1273 781 nostrarum
1302 726 1540 781 effectus
1554 742 1831 782 curamus
1853 743 1865 794 ;

204 827 342 866 cum
398 810 640 867 illorum
700 811 854 868 bona
891 813 1087 869 videre
1120 818 1175 869 et
1206 815 1405 870 audire
1436 815 1864 880 desideramus,

205 899 526 973 participes
559 901 813 958 maxime
844 902 1100 959 caritatis
1143 898 1548 959 incunctanter
1592 903 1863 970 efﬁcitur,

204 987 252 1044 si
280 993 503 1058 autem,
528 991 684 1062 quod
717 992 889 1059 absit,
922 992 1160 1049 sinistre
1190 992 1523 1066 oppinionis
1550 993 1619 1049 de
1649 992 1865 1051 amico.

209 1095 343 1133 rum
377 1078 650 1135 societate
680 1076 841 1136 fama
855 1082 1266 1153 percrebuerit,
1282 1083 1606 1139 secundum
1625 1087 1857 1154 aposto-

201 1168 327 1224 lum
371 1184 383 1224 :
426 1170 558 1237 Quis
615 1170 951 1241 inﬁrmatur,
1009 1179 1061 1226 et
1104 1188 1200 1241 ego
1259 1188 1371 1227 non
1422 1173 1697 1243 inﬁrmor,
1732 1175 1851 1242 quis

204 1258 643 1328 scandalizatur,
676 1262 727 1315 et
755 1275 850 1330 ego
878 1275 989 1315 non
1022 1276 1170 1316 uror.
1205 1263 1326 1327 Qua
1368 1278 1472 1333 pro
1530 1277 1709 1316 causa
1746 1261 1854 1317 hoc

204 1351 399 1404 totum
453 1347 710 1405 scribere
766 1350 1145 1405 commodum
1203 1351 1503 1416 duximus,
1537 1355 1850 1422 quatenus,

203 1441 495 1510 quantum
526 1438 599 1494 ad
631 1437 1004 1495 dominorum
1031 1438 1121 1494 vel
1153 1440 1478 1495 amicorum
1524 1442 1849 1496 vestrorum

202 1543 447 1583 causam
477 1531 838 1600 exspectant,
871 1526 931 1582 in
965 1528 1160 1585 futuro
1192 1532 1508 1585 maximam
1568 1530 1852 1587 adibeatis

199 1615 516 1683 cautelam,
540 1632 611 1671 ne
643 1616 983 1688 forte,quod
1017 1617 1169 1673 Deus
1198 1634 1313 1673 non
1346 1618 1628 1690 paciatur,
1644 1617 1849 1674 electio

199 1705 407 1761 domni
438 1704 807 1778 imperatoris
838 1705 897 1760 in
930 1709 1124 1761 vestra
1146 1723 1324 1762 causa
1343 1706 1850 1763 frustretur.Misi-

200 1811 339 1850 mus
371 1793 548 1850 etiam
577 1793 865 1850 vasallum
907 1798 1173 1850 nostrum
1228 1795 1397 1851 illum
1454 1796 1845 1863 amicabilem,

199 1882 624 1984 caritatemque
654 1900 983 1983 tprecamur
1114 1885 1365 1984 benigne
1427 1885 1763 1957 suscipiatis
1792 1889 1850 1941 et
1878 1919 1925 1984 Β

198 1989 343 2046 erga
362 1971 552 2039 illum,
569 1971 927 2044 ubicumque
957 1972 1596 2046 indiguerit,agatis,et
1626 1974 1844 2044 locum,

197 2061 300 2117 ubi
336 2060 523 2117 nostri
543 2060 751 2117 caballi
772 2078 900 2117 esse
930 2061 1079 2116 infra
1103 2067 1353 2118 vestram
1385 2067 1729 2135 potestatem
1759 2063 1846 2119 vel

195 2150 484 2224 quicquid
501 2150 716 2206 habere
739 2151 1005 2219 debeant,
1021 2151 1452 2220 demonstretis,
1478 2156 1768 2224 quatenus
1788 2153 1846 2208 in

193 2241 294 2295 via
326 2257 437 2296 nos
461 2241 532 2296 de
588 2238 680 2294 his
737 2244 959 2297 certum
1011 2241 1251 2297 reddere
1298 2241 1487 2298 valeat
1514 2246 1570 2297 et
1621 2242 1848 2298 efﬁcere

196 2330 361 2403 apud
392 2327 820 2385 mansionarios
850 2329 1050 2385 domni
1081 2329 1589 2403 imperatoris,qui
1608 2331 1665 2386 in
1689 2330 1846 2397 villa,

198 2436 381 2491 quem
413 2418 597 2475 Domo
628 2423 857 2484 vocant,
891 2421 1126 2491 propter
1155 2419 1491 2490 injunctum
1524 2420 1692 2475 nobis
1715 2420 1848 2476 offi-

196 2509 361 2565 cium
394 2508 763 2563 mansionem
795 2523 1114 2579 congruam
1147 2509 1400 2580 presenti
1424 2508 1849 2565 nostrihomini

195 2598 447 2664 tribuat,
480 2595 748 2669 qualiter,
783 2612 918 2651 cum
950 2597 1023 2652 ad
1056 2614 1161 2652 nos
1190 2598 1433 2665 venerit,
1468 2615 1581 2653 non
1614 2616 1719 2654 nos
1745 2615 1848 2671 pro

194 2687 306 2743 hoc
341 2685 659 2743 sollicitum
691 2686 912 2742 reddat.
939 2686 1083 2743 Cum
1114 2688 1273 2743 enim
1304 2687 1411 2744 hec
1440 2687 1636 2744 omnia
1659 2692 1852 2745 vestra

195 2777 417 2834 caritas
472 2774 816 2847 impleverit,
842 2775 1145 2843 remittito,
1177 2793 1379 2849 queso,
1404 2777 1574 2833 nobis
1606 2794 1847 2849 presen-

193 2872 315 2922 tem
350 2869 618 2922 nostrum
649 2865 922 2933 missum,
956 2865 1296 2922 intimantes
1329 2867 1607 2939 quicquid
1642 2866 1848 2923 exinde

191 2959 395 3012 vestra
417 2953 649 3011 bonitas
682 2954 897 3010 fecerit.
932 2954 1011 3010 De
1042 2955 1210 3011 novis
1233 2957 1428 3011 causis
1452 2954 1595 3011 nihil
1619 2956 1692 3011 ad
1725 2973 1847 3029 pre-

189 3062 332 3102 sens
364 3043 648 3099 mandare
672 3042 990 3116 possimus,
1026 3042 1139 3098 nisi
1171 3044 1312 3115 quia
1343 3043 1468 3099 Elia
1499 3048 1661 3100 extra
1688 3044 1847 3116 pala-

190 3134 354 3191 cium
369 3136 427 3189 et
441 3131 586 3188 mihi
599 3132 669 3188 de
681 3132 809 3203 ejus
821 3131 1064 3188 servicio
1080 3149 1502 3205 usquequaque
1516 3134 1847 3204 injunctum

190 3228 302 3289 est,
339 3226 398 3278 et
427 3221 525 3277 ille
556 3221 781 3276 dudum
809 3224 998 3277 vester
1026 3238 1191 3277 come
1212 3221 1430 3293 recepit
1460 3239 1629 3278 suam
1657 3221 1845 3293 alode;

1978 637 2183 695 lutem.
2216 640 2379 707 Quod
2436 643 2680 697 actenus
2737 641 3072 714 paternitati
3129 645 3331 699 vestra:
3376 639 3623 697 minime

1976 728 2184 802 scripsi
2210 733 2268 785 et
2294 728 2435 801 quid
2486 730 2641 785 circa
2701 747 2796 787 me
2853 736 3123 805 ageretur
3149 730 3471 787 evidentius
3501 746 3618 786 non

1974 817 2710 891 significavi,difﬁcultates
2741 823 2798 876 et
2818 838 2934 876 non
2960 819 3286 877 voluntates
3316 836 3493 876 causa
3520 835 3617 875 ex-

1971 907 2158 974 stitit;
2194 907 2244 963 si
2275 907 2431 963 enim
2457 909 2827 980 oportunitas
2860 909 3096 977 sineret,
3112 910 3374 965 obtarem
3394 908 3619 964 creber-

1968 996 2114 1053 rime
2134 997 2297 1053 vobis
2318 997 2591 1071 conloqui
2616 1003 2673 1054 ct
2696 998 2804 1054 hoc
2836 1015 3007 1071 posse
3032 1000 3274 1056 daretur
3304 996 3617 1054 difficulta-

1966 1089 2084 1141 tem
2114 1085 2271 1160 longi
2312 1087 2538 1143 itineris
2587 1088 2828 1161 perpeti.
2872 1088 3176 1161 Siquidem
3232 1086 3403 1144 valde
3447 1085 3614 1142 doleo

1964 1176 2121 1247 quod
2152 1192 2284 1232 cum
2315 1176 2599 1232 monacho
2629 1182 2840 1247 vestro,
2873 1193 3048 1250 quem
3079 1178 3152 1233 ad
3182 1176 3353 1233 illum
3384 1175 3613 1248 episco-

1964 1281 2105 1337 pum
2140 1264 2406 1333 misistis,
2428 1282 2532 1321 nec
2556 1265 2716 1338 loqui
2745 1282 2937 1338 neque
2966 1266 3039 1322 ab
3070 1265 3173 1322 illo
3198 1264 3487 1322 sciscitari
3517 1264 3613 1320 de-

1964 1353 2339 1409 siderabilem
2372 1355 2670 1427 sospitatis
2698 1358 2901 1411 vestrae
2927 1353 3374 1428 prosperitatem
3431 1353 3607 1410 valui.

1962 1442 2137 1499 Scitis
2158 1443 2315 1498 enim
2338 1443 2477 1516 quia
2496 1447 2627 1515 post
2649 1443 2876 1500 obitum
2890 1444 3055 1503 bonae
3071 1444 3369 1517 beataeque
3390 1458 3611 1499 memo-

1961 1532 2058 1587 riae
2080 1531 2279 1588 domni
2301 1536 2357 1588 et
2372 1532 2553 1605 patris
2574 1533 2761 1589 nostri
2785 1533 3134 1589 venerabilis
3160 1532 3320 1590 illius
3376 1532 3608 1588 abbatis

1960 1620 2203 1677 minime
2216 1622 2287 1677 ad
2299 1638 2421 1689 vos,
2442 1621 2937 1693 quemadmodum
2975 1621 3153 1687 volui,
3170 1620 3401 1678 mittere
3418 1621 3604 1694 potui,

1960 1714 2026 1765 ut
2044 1711 2175 1782 ejus
2192 1710 2535 1766 memoriam
2556 1710 2616 1765 in
2639 1710 2853 1767 vestris
2875 1710 3058 1767 sacris
3090 1711 3463 1767 oracionibus
3471 1711 3607 1781 jure

1959 1816 2025 1855 ac
2054 1799 2148 1872 pie
2204 1800 2506 1855 recordare
2562 1798 2955 1872 dignaremini
2991 1817 3004 1856 :
3042 1800 3197 1854 unde
3253 1800 3448 1866 modo,
3472 1798 3609 1855 licet

1958 1894 2326 1957 sero,vestrze
2348 1887 2700 1960 benignitati
2718 1892 2837 1944 tres
2873 1889 3099 1961 argenti
3119 1887 3301 1943 libras
3323 1887 3512 1953 mitto,
3542 1891 3609 1944 ut

1958 1977 2051 2033 his
2080 1977 2371 2050 susceptis
2400 1977 2794 2046 refectionem,
2821 1981 2994 2049 prout
3023 1977 3288 2049 potestis,
3322 1976 3602 2032 fratribus

1956 2067 2302 2140 preparctis,
2336 2071 2394 2123 et
2424 2067 2579 2139 quod
2613 2066 2869 2123 defuerit
2895 2082 2964 2121 ex
2994 2070 3215 2135 nostro,
3238 2082 3360 2134 vos,
3375 2068 3442 2121 ut
3469 2064 3604 2121 sub-

1957 2155 2185 2227 pliciter
2212 2159 2365 2227 peto,
2398 2154 2771 2227 adimpleatis
2817 2170 2886 2210 ex
2932 2158 3144 2210 vestro.
3181 2154 3251 2209 Ut
3293 2170 3424 2209 vere
3478 2154 3605 2226 ipse

1957 2245 2215 2300 confisus
2241 2249 2331 2299 est
2360 2248 2417 2299 et
2448 2260 2554 2299 nos
2586 2243 2805 2299 obtime
2844 2242 3220 2311 conﬁdimus,
3254 2241 3603 2299 memoriam

1958 2334 2049 2389 sui
2079 2333 2281 2389 crebro
2312 2332 2527 2388 habere
2557 2331 2876 2404 dignentur
2904 2331 3115 2387 fratres
3142 2330 3264 2385 vice
3292 2347 3403 2386 sua
3431 2334 3489 2386 et
3509 2346 3607 2386 no-

1958 2427 2080 2479 stra
2107 2420 2355 2477 exortari
2374 2420 2790 2493 deprecarique
2806 2419 3153 2493 dignemini.
3179 2418 3280 2475 Ille
3292 2419 3470 2475 etiam
3501 2437 3607 2475 no-

1959 2511 2094 2568 bilis
2115 2510 2370 2567 vasallus
2391 2509 2572 2580 illius,
2597 2510 2696 2582 qui
2722 2509 2776 2565 ei
2805 2508 3013 2565 ceteris
3044 2507 3353 2564 amabilior
3396 2508 3605 2577 extitit,

1957 2618 2061 2657 vos
2090 2600 2257 2656 valde
2288 2599 2506 2655 salutat
2534 2603 2592 2654 et
2612 2596 3022 2671 precaturipse
3055 2614 3173 2653 una
3203 2613 3434 2653 mecum
3451 2595 3609 2669 (licet

1958 2689 2226 2746 habeatis
2279 2704 2413 2744 eum
2471 2687 2860 2761 incognitum,
2892 2690 3092 2743 tamen
3124 2690 3182 2742 et
3226 2685 3521 2742 habebitis
3550 2688 3610 2742 et

1957 2778 2189 2835 habetis
2220 2794 2451 2849 semper
2479 2776 2799 2848 devotum),
2818 2779 2884 2832 ut
2902 2773 3609 2848 nihilominussuidigne-

1959 2868 2104 2923 mini
2136 2868 2352 2923 habere
2383 2865 2752 2921 memoriam.
2784 2865 2904 2938 Ego
2929 2863 3201 2936 equidem
3239 2863 3336 2920 ille
3367 2868 3608 2936 paratus

1959 2973 2092 3013 sum
2121 2956 2290 3011 vobis
2322 2956 2381 3010 in
2399 2955 2514 3023 his,
2531 2970 2645 3027 que
2668 2954 2824 3026 apud
2845 2970 2953 3009 nos
2974 2953 3189 3009 melius
3208 2952 3609 3023 inveniuntur,

1956 3044 2366 3103 venerabiliter
2390 3048 2567 3116 atque
2598 3042 2989 3099 amicabiliter
3014 3040 3293 3098 obediens
3340 3040 3608 3113 obsequi,

1958 3135 2041 3190 ita
2068 3138 2266 3190 tamen
2290 3136 2356 3188 ut
2384 3133 2567 3189 abbas
2598 3133 2910 3203 prepotens
2940 3129 3217 3202 pauperis
3247 3145 3363 3184 non
3404 3128 3608 3185 oblivi-

1960 3228 2160 3281 scatur
2188 3238 2201 3277 :
2236 3239 2340 3278 vos
2371 3237 2627 3293 namque
2657 3236 2726 3275 ea
2755 3235 2883 3291 qua:
2914 3216 2975 3272 in
3007 3216 3223 3274 divinis
3251 3215 3425 3273 cultis
3473 3220 3612 3289 apta

190 3312 432 3369 videtur
453 3310 1411 3383 mihiejusrecuperacioneinfans
1426 3311 1848 3379 adhuc,tamen
1880 3287 1922 3354 (ἶ
1963 3317 2317 3384 sunt,penes
2339 3327 2440 3366 vos
2457 3314 2515 3365 et
2542 3309 2602 3364 in
2631 3307 2929 3380 regionem
2954 3310 3213 3363 vestram
3254 3303 3507 3374 habetis,
3540 3321 3613 3362 ex

195 3406 288 3458 est
320 3400 704 3457 comendatus
719 3399 953 3455 attoniti
974 3398 1195 3466 comiti,
1220 3403 1277 3455 et
1297 3398 1575 3471 quoniam
1599 3417 1696 3457 rex
1714 3400 1851 3456 mis-

197 3509 301 3549 sos
321 3507 466 3547 suos
488 3488 636 3562 patri
660 3505 765 3544 suo
788 3486 886 3543 illo
911 3487 1292 3544 kalendarum
1317 3489 1669 3545 marciarum
1697 3490 1849 3546 dire-

195 3581 302 3649 xit,
327 3579 448 3636 tria
478 3576 732 3649 capitula
762 3593 974 3650 rogans
1009 3594 1021 3631 :
1052 3577 1242 3648 primo
1274 3582 1340 3632 ut
1363 3577 1560 3633 liceret
1588 3579 1641 3633 ei
1667 3578 1852 3634 homi-

197 3670 315 3737 nis,
347 3685 498 3742 quos
529 3667 666 3723 hinc
714 3666 975 3734 adduxit,
1005 3682 1205 3723 secum
1238 3666 1410 3722 abere
1440 3672 1498 3722 et
1522 3666 1667 3739 ipsis
1698 3667 1852 3724 infra

195 3764 472 3817 nostrum
505 3772 750 3830 regnum
778 3755 902 3811 suis
932 3754 1407 3828 proprietatibus,
1443 3772 1750 3828 quousque
1779 3756 1852 3812 si-

195 3850 325 3906 mul
345 3864 483 3905 cum
505 3846 679 3901 fratre
700 3844 940 3901 veniens
961 3861 1060 3900 eos
1083 3844 1282 3900 domni
1305 3844 1674 3917 imperatoris
1688 3846 1851 3901 obtu-

190 3941 358 3997 tibus
377 3938 760 4010 presentaret;
787 3934 1043 3990 secundo
1068 3938 1132 3988 ut
1147 3933 1427 3989 terminos
1450 3933 1562 3989 sibi
1581 3951 1616 3990 a
1635 3935 1850 3991 donmo

192 4030 557 4102 imperatore
579 4039 888 4079 concessos
910 4039 1015 4078 nec
1039 4023 1195 4078 idem
1217 4022 1537 4095 imperator
1568 4023 1657 4079 vel
1675 4023 1850 4079 etiam

192 4116 490 4176 exercitus
507 4114 635 4185 ejus
659 4111 992 4168 insidiando
1014 4111 1331 4177 invaderet,
1349 4129 1535 4185 usque
1549 4113 1619 4168 ad
1640 4129 1852 4169 memo-

194 4211 399 4264 ratum
424 4202 618 4260 fratris
641 4206 697 4258 et
718 4201 809 4258 sui
832 4202 902 4256 ad
927 4204 1151 4273 patrem
1176 4201 1488 4256 adventum
1518 4219 1531 4269 ;
1564 4202 1734 4257 tertio
1756 4202 1855 4257 ab-

195 4296 455 4354 solveret
475 4292 667 4361 illum,
692 4295 983 4363 quatenus
1008 4290 1207 4346 liceret
1235 4289 1286 4345 ei
1320 4290 1561 4345 instanti
1600 4292 1853 4362 quadra-

194 4384 434 4461 gesima
488 4398 594 4455 pro
644 4380 937 4436 communi
996 4379 1184 4436 salute
1228 4380 1621 4434 decertaretur
1653 4398 1665 4435 :
1700 4381 1855 4436 unde

195 4476 712 4547 responsum.Nos
742 4474 962 4535 autem,
990 4468 1038 4524 si
1066 4485 1269 4524 eorum
1300 4468 1547 4523 relatum
1580 4470 1858 4540 comperi-

199 4580 366 4630 mus,
398 4564 589 4617 vestre
645 4557 875 4615 caritati
933 4558 1267 4631 significare
1319 4557 1672 4626 curavimus,
1706 4561 1771 4612 ut
1801 4563 1860 4614 et

1960 3403 2175 3474 quibus
2202 3399 2373 3456 nobis
2403 3397 2688 3455 solacium
2719 3397 2960 3468 prebere
3008 3394 3276 3468 potestis,
3309 3396 3377 3449 ut
3424 3394 3611 3450 sacris

1958 3490 2131 3547 lineis
2152 3488 2364 3555 induti,
2389 3487 2645 3559 quando,
2665 3485 2801 3541 licet
2821 3484 3157 3557 indigni,ad
3171 3486 3611 3539 sacrosanctum

1962 3580 2143 3637 altare
2173 3577 2532 3644 accedimus,
2558 3573 2904 3631 memoriam
2935 3572 3115 3630 vestri
3143 3570 3616 3638 habentes,sicut

1961 3673 2018 3725 et
2047 3685 2147 3724 vos
2168 3665 2372 3733 nostri,
2388 3663 2739 3737 propensius
2761 3661 3017 3719 oracioni
3048 3660 3484 3730 incumbamus,
3508 3676 3612 3732 pro

1962 3756 2307 3815 salubritate
2323 3759 2515 3810 vestra
2539 3752 2765 3808 Domini
2787 3749 3253 3807 misericordiam
3283 3751 3609 3811 exerentes.

1961 3847 2065 3902 Est
2094 3845 2273 3902 etiam
2305 3842 2463 3900 aliud
2494 3841 2661 3897 valde
2690 3840 3062 3913 precipuum,
3095 3839 3251 3912 quod
3283 3836 3383 3911 [si]
3413 3842 3613 3894 nostra

1963 3933 2257 4007 parvitati,
2290 3932 2442 3988 sicut
2471 3930 2813 4004 promittere
2840 3927 3067 4002 dignati
3097 3927 3257 3995 estis,
3274 3926 3611 3999 impendere

1961 4019 2662 4087 studueritis,maximam
2693 4022 2751 4075 et
2779 4022 3040 4075 eternam
3056 4016 3222 4074 vobis
3249 4015 3405 4089 apud
3426 4018 3610 4072 Deum

1962 4111 2208 4185 proinde
2264 4109 2589 4182 adquiretis
2645 4108 2996 4176 mercedem,
3028 4106 3257 4164 scilicet
3309 4109 3376 4161 ut
3429 4102 3612 4160 libros

1963 4199 2162 4256 domni
2194 4198 2376 4267 illius,
2399 4215 2548 4270 quos
2572 4198 2633 4252 in
2668 4199 2978 4269 Eptaticum
3005 4200 3063 4251 et
3084 4194 3144 4249 in
3178 4192 3615 4250 Machabazorum

1963 4293 2114 4360 gesta
2145 4287 2494 4359 composuit,
2522 4286 2690 4341 nobis
2734 4284 3119 4354 transcriptos
3151 4280 3398 4337 mittatis
3430 4298 3444 4349 ;
3476 4284 3534 4335 et
3563 4279 3615 4335 si

1966 4376 2210 4450 quilibet
2240 4392 2416 4447 penes
2448 4392 2556 4430 nos
2588 4372 2823 4437 fuerint,
2840 4372 3057 4443 quibus
3088 4369 3294 4440 indi[g]
3325 4367 3493 4436 eatis,
3508 4384 3616 4424 nos

1963 4464 2128 4521 vobis
2152 4463 2424 4519 similiter
2447 4462 2854 4532 transcriptos,
2883 4459 2932 4515 si
2953 4463 3150 4514 tamen
3183 4456 3267 4512 ita
3291 4455 3492 4524 vultis,
3518 4455 3618 4512 des

1966 4552 2267 4610 votissime
2299 4552 2626 4607 mittemus.
2662 4551 2818 4606 Deus
2847 4547 3217 4619 omnipotens
3243 4561 3345 4601 vos
3393 4543 3620 4600 incolu-

195 4671 309 4710 vos
340 4668 447 4724 pro
505 4648 803 4705 communi
864 4647 1105 4702 caritate
1163 4650 1219 4703 et
1258 4646 1454 4703 debita
1485 4647 1598 4702 fide
1627 4647 1860 4702 Domini
1916 4656 2124 4721 Dmem
2148 4657 2252 4712 pro
2283 4639 2453 4695 nobis
2485 4642 2752 4695 orantem
2784 4642 2841 4694 et
2869 4653 2972 4709 pro
3010 4633 3178 4692 vobis
3207 4631 3454 4690 feliciter
3483 4648 3622 4689 con-

200 4737 678 4800 misericordiam
712 4736 1001 4803 indefessa
1030 4734 1330 4807 implorari
1374 4735 1623 4803 faciatis,
1656 4740 1857 4809 quate.

200 4849 325 4890 nus
356 4827 645 4887 Dominus
701 4842 919 4892 rerum,
952 4824 1003 4881 si
1060 4823 1187 4879 ﬁeri
1243 4823 1361 4880 ullo
1418 4825 1590 4881 modo
1648 4829 1859 4898 potest,

200 4917 590 4979 concordiam
620 4918 678 4971 et
707 4913 960 4970 ecclesiae
1020 4930 1138 4969 suae
1192 4912 1481 4968 unitatem
1532 4914 1861 4971 misericor-

199 5011 366 5068 diter
393 5005 609 5079 largire
637 5004 931 5075 dignetur.
964 5003 1119 5058 Deus
1149 5005 1206 5057 te
1258 5002 1554 5057 custodiat
1611 5019 1863 5076 semper,

204 5091 690 5156 ammantissime
720 5092 895 5147 frater
923 5094 982 5147 et
1007 5095 1191 5163 pater,
1222 5090 1282 5145 in
1309 5089 1585 5145 omnibus
1646 5109 1866 5148 memo-

277 5201 443 5242 mus.

989 5266 1123 5322 LVI.

816 5358 927 5426 [AD]
970 5372 1252 5411 ABBA’I‘EM.

286 5449 452 5509 Patri
473 5451 530 5505 et
548 5445 787 5504 domino
809 5444 1007 5501 abbati
1042 5443 1129 5500 illi
1154 5442 1460 5500 carissimo
1504 5442 1600 5499 ille
1631 5443 1875 5499 humilis

1971 4746 2200 4789 servare
2229 4729 2523 4801 dignetur.

2703 4816 2868 4871 LVII.

2395 4921 2722 4961 INDICULUM
2759 4920 2831 4960 AD
2869 4916 3156 4957 ABBATEM.

2047 4995 2544 5057 Reverendissimo
2558 4994 2796 5050 domino
2816 4990 3086 5065 patrique
3105 4986 3338 5064 egregio
3359 4987 3466 5055 illi,
3491 5002 3630 5042 cun-

1979 5095 2205 5147 ctorum
2236 5101 2535 5143 servorum
2570 5083 2669 5140 Dei
2701 5082 2946 5139 ultimus
2975 5083 3283 5151 vesterque
3306 5078 3434 5149 jam
3483 5074 3626 5132 olim

1981 5179 2257 5237 alumnus
2286 5175 2383 5232 ille
2401 5173 2682 5246 indignus
2703 5172 2763 5227 in
2782 5185 2947 5227 roseo
2967 5166 3183 5224 Christi
3204 5164 3492 5238 sanguine
3506 5179 3630 5236 pre-

1983 5273 2117 5342 opto
2149 5261 2761 5323 salutem.Reminisci
2800 5254 3094 5316 conlibeat
3141 5253 3391 5342 almitati
3439 5254 3631 5342 vestre

1977 5340 2334 5429 jamdudum
2358 5350 2661 5426 peticionis
2675 5366 2835 5417 meae,
2850 5362 3031 5419 quam
3047 5361 3164 5401 non
3188 5341 3381 5429 solum
3394 5355 3516 5429 ore,
3524 5340 3631 5429 sed

1986 5427 2057 5501 ex
2113 5445 2308 5512 corde,
2342 5443 2443 5499 sed
2503 5441 2630 5515 ipso
2691 5452 2926 5511 corpore
2948 5435 3266 5508 prostrato,
3294 5427 3639 5503 plenissime

207 5650 288 5690 on
320 5628 627 5685 reconnait
651 5624 977 5697 cependant
998 5621 1140 5694 qu’il
1166 5619 1335 5693 s’agit
1356 5618 1528 5675 d’une
1563 5620 1665 5675 des
1702 5619 1917 5692 phases
1957 5622 2029 5678 de
2057 5622 2115 5678 la
2145 5621 2291 5678 lutte
2317 5623 2572 5693 engagée
2614 5624 2809 5677 conlre
2855 5613 3029 5672 Louis
3056 5612 3110 5672 le
3140 5604 3506 5671 Débonnaire
3538 5621 3644 5679 par

208 5720 314 5762 ses
350 5699 607 5757 enfants.
