3900 6224
253 390 408 472 1459

1527 394 1861 467 APPEND-
1911 403 2014 467 AD
2059 401 2253 467 SEC.
2301 373 2374 465 x.

3496 396 3672 468 “60.

247 543 413 599 vobis
442 540 692 598 ostendi.
723 540 868 598 Nam
899 540 1056 614 quod
1090 544 1228 596 tunc
1277 537 1724 612 prmeentialiter
1778 537 1890 608 egi,
1921 539 1976 608 Α
2005 534 2399 592 calamitatem
2427 549 2761 608 perorresco
2793 533 3020 601 mundi,
3042 531 3144 590 sed
3169 505 3375 606 fugere
3405 532 3656 600 conabo,

251 647 408 687 nunc
463 630 698 698 iterum,
731 631 946 686 absens
999 647 1261 702 corpore,
1306 629 1407 684 sed
1461 643 1716 698 przesens
1773 625 1892 698 spi-

249 720 388 785 ritu,
421 721 626 776 eadem
684 719 1027 792 subpliciter
1069 735 1172 792 per
1194 717 1468 772 vitarium
1497 732 1692 770 meum
1728 713 1894 769 illum

251 809 610 866 omnimodis
641 813 858 882 repeto,
889 812 1180 880 quatenus
1214 805 1356 860 mihi
1405 819 1663 860 annuere
1693 802 1896 872 digne-

251 897 617 965 mini,siba3c
637 897 906 954 voluntas
935 913 1067 952 mea
1096 911 1274 968 penes
1302 911 1404 950 vos
1435 891 1666 964 impleri
1701 895 1896 964 queat,

253 1003 361 1042 nec
388 1003 478 1043 ne.
503 987 612 1043 Sed
644 987 850 1043 scitote
883 985 1023 1058 quia
1051 984 1345 1058 plerisque
1376 983 1437 1038 in
1467 981 1610 1038 locis
1641 981 1714 1036 ab
1752 979 1901 1052 ipsis

255 1075 431 1132 etiam
464 1075 944 1132 archimandritis
976 1073 1190 1147 oppida
1225 1089 1334 1127 sua
1364 1087 1601 1127 sursum
1633 1069 1804 1141 (197),
1838 1071 1905 1123 ut

258 1163 455 1220 seculo
485 1163 759 1220 derelicto
790 1163 986 1219 saltim
1019 1162 1214 1238 nudus
1245 1161 1354 1238 sub
1391 1157 1732 1216 monachico
1765 1173 1902 1214 con-

257 1251 592 1309 versacione
608 1253 878 1324 degerem
897 1251 1052 1324 apud
1072 1249 1224 1306 illos.
1251 1251 1324 1304 At
1337 1265 1441 1320 ego
1454 1247 1743 1304 honorum
1761 1245 1906 1302 nulli

261 1345 503 1398 actenus
525 1341 842 1398 adsensum
868 1339 1315 1412 pra’bui,nequc
1340 1337 1600 1392 facturus
1619 1353 1772 1402 sum,
1795 1335 1905 1391 Do-

260 1431 423 1486 mino
476 1428 626 1485 nihil
677 1427 1018 1501 sospitatem
1077 1427 1446 1492 concedente,
1479 1425 1670 1497 quoad
1724 1439 1908 1496 usque

261 1518 640 1591 responsione
659 1522 852 1574 vestra
878 1515 1418 1590 recrear,vel,quod
1452 1515 1624 1583 absit,
1647 1513 1905 1584 dejiciar.

263 1608 410 1666 Sitio
431 1608 587 1664 enim
618 1607 784 1664 valde
815 1605 1041 1662 auditui
1063 1624 1098 1662 υ,
1116 1605 1280 1661 vobis
1302 1603 1585 1671 veniente,
1605 1602 1906 1675 quoniam,

264 1700 330 1752 ut
347 1696 632 1768 scriptum
653 1700 762 1764 est,
786 1698 1105 1752 vulneratus
1127 1695 1359 1750 caritate
1379 1696 1556 1749 vestra
1585 1707 1680 1762 ego
1708 1707 1832 1746 sum
1860 1694 1911 1745 et

263 1784 385 1840 ideo
403 1800 588 1840 amore
611 1784 847 1856 langueo
881 1783 1056 1854 (198).
1085 1783 1269 1839 Maria
1289 1781 1454 1854 prius
1478 1779 1767 1853 peccatrix
1795 1779 1909 1833 hu-

264 1871 487 1928 militer
517 1873 588 1928 ad
621 1873 799 1946 pedes
830 1872 1014 1928 Jbesu
1063 1871 1332 1940 accessit,
1365 1869 1626 1926 lacrimis
1678 1867 1908 1941 rigavit,

266 1959 496 2033 capillis
526 1960 694 2017 tersit
721 1959 983 2017 osculata
1011 1960 1260 2032 vestigia
1281 1961 1409 2031 ejus
1433 1977 1446 2028 ;
1481 1963 1716 2030 propter
1756 1957 1912 2029 quod

267 2048 485 2106 meruit
503 2047 708 2105 audire
730 2048 980 2105 Domino
1005 2048 1270 2104 dicente:
1296 2049 1534 2103 Dimissa
1561 2054 1689 2102 sunt
1715 2047 1769 2102 ei
1790 2062 1916 2117 pec-

265 2141 392 2194 cata
418 2139 616 2204 multa,
649 2139 910 2209 quoniam
951 2137 1151 2193 dilexit
1179 2138 1439 2192 multum.
1472 2136 1638 2206 (l99).
1671 2135 1804 2190 Ideo
1857 2133 1915 2190 in

269 2226 380 2283 hac
401 2230 563 2298 parte
581 2225 846 2298 exemplo
868 2225 951 2281 uti
978 2225 1122 2282 mihi
1145 2240 1382 2281 necesse
1413 2229 1504 2280 est
1525 2224 1726 2296 pocius
1737 2239 1916 2296 quam

267 2313 429 2371 illius
453 2313 730 2382 Pharisei,
751 2313 854 2388 qui
874 2317 1217 2387 arroganter
1236 2313 1429 2386 ipsum
1457 2313 1672 2368 fontem
1698 2311 1920 2369 miseri-

271 2402 465 2462 cordis
493 2402 808 2459 Dominum
869 2402 1242 2476 reprehendit
1270 2402 1471 2458 dicens
1505 2419 1518 2458 :
1551 2403 1674 2469 Hic,
1703 2403 1752 2456 si
1783 2404 1916 2458 esset

265 2491 552 2566 propheta,
574 2494 738 2548 sciret
793 2493 980 2565 utique
1007 2507 1110 2564 que
1167 2495 1219 2548 et
1249 2492 1427 2564 qualis
1455 2499 1532 2548 est
1561 2491 1782 2558 mulier,
1816 2507 1922 2563 que

269 2582 448 2653 tangit
500 2598 650 2651 eum,
677 2583 811 2655 quia
864 2583 1140 2652 peccatrix
1159 2589 1237 2637 est
1267 2581 1436 2652 (200).
1471 2581 1616 2636 Nam
1665 2597 1788 2648 vos,
1818 2579 1918 2652 qui

270 2669 408 2726 huic
429 2671 650 2726 mundo
671 2670 828 2726 exuti
857 2673 913 2725 et
932 2668 1096 2743 digni
1119 2670 1261 2725 estis
1283 2669 1463 2725 evecti
1494 2673 1560 2724 ut
1591 2670 1773 2724 nardo
1794 2667 1916 2741 spi-‘

271 2763 402 2816 cato
431 2759 622 2831 capud
654 2759 1073 2831 perungueatis
1105 2757 1728 2830 D0mini,oportunum
1756 2757 1920 2814 vobis

271 2847 649 2921 cogitandum
665 2853 755 2905 est
777 2852 844 2903 ut
863 2846 1010 2902 illud
1042 2846 1263 2902 dictum
1292 2845 1516 2902 Domini
1547 2852 1922 2902 conservetur

271 2952 308 2992 a
333 2934 500 2991 vobis
525 2952 538 2990 :
562 2937 739 2990 Estote
764 2951 893 3003 ergo
911 2933 1306 3000 misericordes,
1324 2935 1466 2990 sicut
1493 2942 1544 2990 et
1569 2942 1726 3006 pater
1753 2939 1922 2992 vester

272 3025 587 3080 misericors
615 3031 694 3080 est
725 3024 898 3095 (201),
931 3024 1026 3094 qui
1052 3023 1220 3080 solem
1247 3039 1409 3080 suum
1437 3025 1582 3080 oriri
1605 3025 1741 3096 facit
1759 3041 1922 3096 super

275 3113 437 3170 bonos
465 3120 518 3168 et
547 3113 722 3168 malos
753 3116 805 3168 et
829 3113 974 3185 pluit
1001 3128 1167 3184 super
1190 3114 1369 3184 justas
1399 3117 1449 3168 et
1481 3114 1715 3184 injustas
1747 3115 1916 3185 (202).

275 3203 348 3258 At
376 3217 498 3270 vos,
532 3201 634 3274 qui
665 3201 852 3258 instar
880 3204 1172 3258 astrorum
1205 3201 1304 3256 Dei
1339 3201 1588 3257 rutilans
1633 3199 1918 3274 inlu[mi]-

2005 625 2075 681 ab
2097 641 2186 691 eo,
2220 641 2286 680 ac
2320 629 2499 680 Deum
2531 623 2814 680 veraciter
2843 639 3045 696 quero,
3079 621 3234 678 sicut
3256 621 3338 678 ait
3366 620 3662 678 Dominus

2004 711 2272 769 Christus
2305 729 2318 769 :
2351 715 2526 768 Petite
2579 715 2629 768 et
2685 715 2984 784 accipietis,
3017 713 3227 783 querite
3253 715 3308 767 et
3337 712 3659 778 invenietis,

2002 803 2248 874 pulesate
2267 811 2317 858 et
2337 803 2616 875 aperietur
2637 803 2783 858 vobis
2804 818 2825 863 .·
2847 803 3024 857 omnis
3051 801 3202 857 enim
3231 800 3327 871 qui
3351 801 3490 872 petit
3518 801 3668 855 acci-
3705 846 3708 850 .
3791 813 3794 817 ‘

2008 892 2108 964 pit,
2141 899 2192 947 et
2223 894 2320 962 qui
2346 891 2526 964 querit
2544 892 2774 957 invenit,
2807 893 2860 945 et
2889 890 3144 962 pulsanti
3171 889 3453 960 aperietur
3485 889 3666 960 (206),

2007 988 2059 1036 et
2107 995 2218 1034 non
2269 979 2422 1035 dabit
2477 979 2568 1034 illi
2617 995 2678 1035 eo
2729 977 2871 1052 quod
2907 979 3118 1034 amicus
3169 991 3288 1050 ejus
3314 977 3407 1042 sit,
3435 983 3668 1048 propter

2011 1069 2422 1140 improbitatem
2478 1071 2662 1123 tamen
2705 1067 2824 1139 ejus
2850 1071 3031 1138 surget
3058 1071 3110 1122 et
3133 1065 3286 1122 dabit
3313 1066 3367 1120 ei
3402 1063 3670 1138 quicquid

2012 1159 2378 1213 necessarium
2403 1156 2651 1212 habuerit
2681 1156 2849 1228 (207).
2884 1155 3232 1230 Magnopere
3261 1153 3431 1226 cupio
3461 1152 3523 1208 in
3553 1151 3670 1208 hac

2014 1251 2178 1320 parte
2203 1245 2418 1302 imitari
2439 1245 2782 1320 prophetam
2807 1245 3096 1300 dicentem
3121 1261 3134 1300 :
3159 1243 3198 1298 Α
3218 1243 3424 1314 ﬁnibus
3440 1241 3672 1298 terread

2015 1344 2065 1393 te
2093 1337 2352 1401 clamavi,
2380 1337 2625 1402 Domine,
2644 1335 2776 1390 dum
2807 1337 3134 1390 anxiaretur
3168 1348 3262 1388 cor
3293 1347 3477 1387 meum
3495 1331 3669 1402 (208).

2013 1423 2355 1481 Almitatem
2385 1428 2640 1481 vestram
2673 1423 2894 1479 mundo
2915 1427 2974 1479 et
2993 1421 3140 1478 mihi
3159 1420 3404 1477 minimo
3425 1435 3672 1476 succur-

2017 1517 2239 1570 rentem
2273 1512 2472 1569 divina
2502 1511 2734 1587 pietatis
2765 1511 2923 1568 calce
2952 1516 3124 1568 tenus
3140 1508 3435 1567 custodire
3465 1507 3678 1583 digne-

2019 1605 2137 1658 tur.

2745 1743 2936 1800 LVIII.

2340 1885 2664 1926 INDICULUM
2703 1885 2770 1925 ΔΙ)
2809 1884 3037 1925 AMICUM
3076 1884 3341 1924 FIDBLEM.

2098 2047 2320 2103 D'omno
2381 2045 2788 2103 reventissimo
2847 2051 3023 2119 atque
3079 2045 3387 2102 carissimo
3443 2060 3550 2102 seu
3599 2043 3676 2100 ab

2025 2136 2306 2194 omnibus
2336 2134 2634 2192 ortodoxis
2654 2135 3082 2210 amplectende,
3098 2133 3408 2208 multiplici
3431 2133 3680 2190 scientia

2026 2225 2442 2296 variarumque
2467 2223 2752 2281 virtutum
2791 2223 2988 2298 gracia
3031 2223 3341 2298 insigniter
3383 2223 3682 2288 decorata,

2027 2313 2146 2380 illo,
2182 2312 2282 2386 qui
2311 2313 2368 2368 in
2404 2312 2682 2370 omnibus
2713 2312 3004 2386 profunda
3031 2312 3278 2369 solercia
3305 2311 3415 2368 hac
3441 2326 3688 2367 summa

2025 2401 2330 2478 vigilantia
2362 2401 2693 2458 necessaria
2722 2417 2835 2474 que
2857 2401 3168 2458 animabus
3189 2404 3247 2458 et
3261 2399 3430 2457 utilia
3448 2399 3684 2472 sapien-

2025 2495 2116 2548 ter
2145 2491 2452 2560 discernis,
2476 2507 2582 2564 ego
2608 2489 2707 2547 ille
2738 2490 2985 2564 exiguus
3014 2491 3240 2548 advena
3267 2488 3506 2564 proprio
3537 2505 3684 2562 pras-

2029 2579 2140 2636 suli
2173 2577 2636 2636 sincerissimam
2669 2577 2728 2634 in
2760 2577 3002 2636 Domino
3033 2583 3148 2635 Deo
3177 2582 3376 2635 eterno
3397 2577 3678 2634 salutem.

2027 2669 2145 2740 Age
2167 2669 2316 2740 jam,
2348 2685 2382 2724 ο
2413 2683 2580 2724 meus
2607 2667 2910 2724 carissime
2941 2668 3140 2734 frater,
3175 2683 3281 2741 ego
3303 2671 3361 2723 te
3389 2666 3682 2738 sapientie

2028 2757 2280 2828 dapibus
2309 2755 2573 2829 impleari
2606 2757 2798 2830 cupio,
2831 2761 2897 2812 ut
2923 2760 2981 2813 te
3005 2756 3305 2830 palmitem
3331 2755 3468 2812 vitis
3497 2754 3682 2812 electe

2028 2843 2260 2902 celestis
2289 2849 2570 2918 expurget
2596 2844 2864 2912 colonus,
2893 2862 3028 2901 cum
3063 2844 3277 2901 divinis
3334 2844 3514 2902 fontis
3567 2845 3681 2900 im-

2029 2934 2234 2990 bribus
2265 2933 2446 2991 tueris
2467 2934 2766 2992 inroratus
2791 2953 2804 3003 ;
2833 2951 3058 3008 nosque
3086 2950 3200 2991 une
3240 2935 3432 3006 adque
3472 2933 3684 2990 eadem

2029 3022 2286 3096 paradisi
2312 3023 2622 3080 amoenitas
2643 3023 2898 3097 recipere
2913 3022 3326 3098 exopt[am]us,
3343 3027 3410 3079 ut
3427 3023 3488 3078 in
3519 3021 3688 3096 regni

2029 3111 2260 3169 celestis
2293 3111 2562 3168 libertate
2577 3113 2833 3186 gaudere
2847 3129 2982 3170 cum
3001 3112 3222 3169 sanctis
3242 3111 3303 3168 in
3324 3115 3529 3168 eterna
3547 3111 3685 3168 bea-

2032 3201 2306 3268 titudine,
2325 3201 2426 3258 ubi
2445 3200 2606 3256 nulla
2625 3205 2714 3258 est
2729 3217 2860 3258 vere
2873 3199 3302 3276 bea[ti]tudinis
3313 3200 3692 3258 formidanda

277 3291 486 3345 nantes
528 3292 769 3357 terram,
799 3287 954 3344 sicut
999 3287 1080 3343 ait
1122 3287 1405 3344 Dominus
1439 3306 1452 3343 :
1489 3288 1583 3344 Vos
1639 3288 1766 3343 estis
1823 3289 1924 3344 tua:
1955 3275 1998 3342 C
2037 3288 2472 3363 corruptio,per
2499 3289 2801 3346 caritatem
2828 3289 3013 3346 solam
3043 3289 3259 3346 Christi
3277 3289 3462 3346 Jbesu
3487 3289 3694 3346 adista

276 3377 473 3435 mundi
491 3378 666 3448 (203),
691 3377 1058 3434 considerate
1089 3376 1226 3449 quia
1253 3394 1370 3433 non
1401 3376 1592 3433 solum
1619 3375 1678 3432 in
1709 3377 1924 3434 monti-

277 3468 392 3524 bus
450 3471 509 3523 et
565 3467 812 3540 campis,
846 3465 1010 3523 silvis
1067 3470 1124 3522 et
1153 3465 1336 3538 pratis
1367 3466 1718 3533 ammnibus,
1741 3466 1840 3522 sed
1866 3466 1926 3521 in

283 3555 648 3630 palustribus
675 3561 733 3612 et
755 3555 967 3612 cloacis
991 3555 1222 3612 radiant
1247 3554 1410 3612 locis.
1435 3554 1748 3628 Apostolus
1779 3571 1926 3627 quo-

283 3661 398 3718 que
429 3645 488 3701 in
517 3644 904 3724 inferioribus)
922 3643 1620 3701 condescendensChristi
1646 3643 1927 3700 membris

282 3734 500 3808 pariter
527 3733 897 3808 compaciens
919 3733 1090 3790 dicit:
1123 3735 1188 3789 In
1215 3734 1371 3790 domo
1395 3733 1581 3790 divitis
1608 3749 1718 3788 non
1748 3734 1926 3789 solum

281 3840 452 3880 aurea
480 3827 532 3879 et
559 3831 838 3896 argentea,
867 3822 960 3879 sed
989 3830 1042 3879 et
1071 3824 1254 3894 lignea
1285 3829 1338 3878 et
1367 3823 1564 3892 ﬁctilia
1587 3830 1716 3878 sunt
1771 3838 1922 3890 vasa,

278 3915 330 3968 et
385 3911 542 3968 aliud
593 3912 812 3984 quidem
860 3927 956 3966 vas
1014 3912 1074 3966 in
1103 3910 1324 3978 honore,
1357 3911 1513 3966 aliud
1563 3913 1618 3966 in
1651 3914 1924 3966 contume-

280 4001 417 4055 liam
445 4000 617 4070 (204).
653 3999 784 4070 Ipse
815 4015 1048 4070 quoque
1075 3997 1220 4054 alias
1251 3998 1428 4053 inseri
1462 4014 1570 4054 nos
1619 3999 1924 4055 ortaturin

277 4087 493 4144 bonam
515 4085 726 4142 olivam
743 4086 890 4158 (205)
908 4109 922 4153 ;
937 4102 1074 4140 nam
1089 4085 1228 4158 quia
1246 4085 1495 4142 oleaster
1518 4085 1743 4144 inutilis
1767 4104 1924 4156 sum,

277 4175 496 4234 idcirco
523 4173 702 4232 inseri
733 4173 904 4247 cupio
933 4173 992 4229 in
1027 4174 1240 4230 bonam
1272 4173 1506 4232 olivam.
1531 4175 1780 4233 Omissis
1797 4177 1924 4248 jam

276 4265 554 4322 omnibus
575 4263 886 4320 arboribus
909 4263 1226 4338 frugistris,
1244 4264 1387 4320 adeo
1419 4281 1522 4321 vos
1552 4270 1611 4320 et
1639 4264 1926 4338 adloquar

275 4354 348 4410 de
367 4353 528 4410 ulmo
543 4357 602 4410 et
621 4351 822 4420 salice,
840 4353 982 4426 quia
1001 4369 1136 4410 cum
1151 4353 1277 4426 ipse
1300 4353 1552 4410 fructum
1577 4371 1690 4410 non
1715 4353 1922 4422 ferant,

274 4445 512 4516 portant
540 4446 736 4499 tamen
769 4442 1026 4498 fructum
1057 4441 1236 4499 simul
1283 4458 1419 4498 cum
1451 4442 1583 4499 vite.
1616 4444 1728 4500 Sed
1786 4443 1926 4517 quia

275 4531 550 4605 queritati
581 4531 725 4588 estis
756 4531 1198 4588 multitudinem
1231 4530 1428 4604 inopia
1457 4533 1778 4590 sustentari
1809 4549 1925 4589 non

273 4633 468 4692 posse,
503 4621 729 4676 confido
753 4619 816 4676 in
847 4619 1052 4687 Deum,
1087 4619 1226 4692 quia
1267 4619 1390 4692 ipse
1445 4636 1550 4676 vos
1606 4621 1926 4695 instigante

275 4713 543 4782 receptus
574 4709 737 4766 fuero
767 4724 802 4764 a
829 4708 1015 4765 vobis.
1047 4708 1170 4766 Non
1221 4725 1319 4765 ero
1348 4707 1511 4766 vobis
1558 4707 1927 4782 inplacabilis

275 4814 468 4872 neque
497 4797 750 4854 nimium
807 4803 988 4854 oneri.
1022 4797 1146 4854 Non
1179 4797 1338 4854 enim
1397 4801 1798 4870 paupertatem
1828 4797 1916 4854 vel

367 4975 490 5048 497)
525 4975 570 5033 Il
599 4976 726 5049 faut
753 4963 1200 5049 probablement
1227 4974 1700 5049 corriger_suusus
1738 4993 1880 5049 smn.

337 4976 490 5173 £497)
525 4976 570 5033 Il
599 4976 726 5058 {aut
753 4976 1200 5058 probablement
1227 4976 1482 5102 corriger
1508 4992 1700 5032 suusus
1738 4993 1880 5032 sum.

371 5049 493 5122 189)
538 5052 758 5104 Canllc.
817 5051 1120 5116 canticor.,
1177 5063 1304 5119 cap.
1362 5047 1431 5114 Ι,
1473 5047 1602 5121 §5;
1636 5063 1764 5120 cap.
1824 5047 1917 5116 1V,

341 5188 490 5264 (199)
519 5190 738 5264 Evang.
772 5205 887 5245 sec.
923 5189 1316 5264 I_l_ucam,_c‘ap.
1339 5187 1460 5256 νυ,
1491 5206 1546 5244 ν.
1577 5189 1668 5244 47.

341 5261 488 5333 (200)
509 5261 736 5333 Ibidem,
766 5277 895 5333 cap.
928 5261 1050 5333 Yll,
1079 5277 1134 5316 v.
1167 5261 1258 5333 39.

341 5330 759 5404 (201)1bidem,
791 5330 930 5404 cap.
952 5331 1135 5404 v1.0v.
1167 5332 1266 5388 36.

343 5400 486 5476 (202)
517 5404 734 5476 Evang.
763 5400 880 5458 sec:
912 5402 1276 5476 Mattheum,
1310 5417 1439 5474 cap.
1461 5400 1532 5470 V,
1561 5417 1618 5456 v.
1651 5401 1738 5456 45.

340 5472 492 5612 (203)
523 5472 748 5553 Ibidem,
785 5489 916 5544 cap.
949 5472 1016 5528 V.
1045 5491 1100 5529 ν.
1128 5475 1216 5528 14.

341 5539 464 5612 (90/1
516 5543 696 5612 Epist.
730 5542 974 5599 secund.
1006 5543 1068 5598 Β.
1096 5548 1216 5600 Pau

271 5613 307 5650 ν
341 5539 486 5659 (ξὲιι)
516 5542 696 5613 Epist.
730 5539 974 5599 secund.
1006 5543 1068 5598 Β.
1096 5542 1262 5600 Pauli
1293 5544 1366 5598 ad
1397 5541 1678 5610 Timoth.,
1703 5558 1828 5613 cap.
1847 5543 1919 5610 Il,

2035 3377 2234 3434 venire
2261 3377 2578 3436 valeamus.
2611 3381 2758 3434 Ante
2787 3377 2987 3435 omnia
3035 3379 3318 3436 debemus
3374 3379 3447 3434 ad
3509 3377 3688 3435 istam

2036 3467 2338 3524 caritatem
2371 3468 2741 3534 contendere,
2757 3471 2822 3524 ut
2851 3476 2982 3540 post
3005 3467 3270 3525 seculum
3291 3483 3539 3541 regnare
3551 3484 3690 3524 cum

2035 3555 2266 3612 Christo
2297 3573 2606 3629 possemus
2637 3556 2762 3612 sine
2793 3557 2908 3613 fine
2939 3557 2997 3612 in
3041 3561 3244 3613 eterna
3298 3556 3687 3613 beatitudine.

2035 3648 2279 3718 Propter
2305 3645 2460 3718 quod
2483 3645 2724 3702 obsecro
2754 3649 2818 3701 ut
2837 3645 3019 3716 hujus
3037 3644 3280 3718 epistole
3295 3645 3474 3702 verba
3504 3644 3691 3701 ﬁrmi-

2033 3738 2124 3791 ter
2143 3739 2199 3790 et
2219 3733 2624 3790 indubitanter
2651 3738 2872 3803 teneas,
2887 3735 3029 3808 quia
3058 3735 3190 3792 levis
3204 3742 3254 3792 et
3275 3733 3515 3806 infidelis
3532 3735 3691 3790 simi-

2035 3823 2106 3879 lis
2134 3831 2213 3879 est
2238 3823 2500 3894 ﬂuctibus
2527 3825 2702 3880 maris
2731 3825 2785 3880 ei
2812 3822 3085 3879 arundini
3140 3827 3292 3880 omni
3356 3830 3512 3879 vento
3563 3823 3690 3895 agi-

2034 3918 2146 3970 tato
2173 3913 2338 3986 (209).
2371 3913 2478 3968 Pro
2537 3911 2649 3968 hoc
2708 3913 2926 3968 suadeo
2984 3911 3112 3980 tibi,
3143 3911 3195 3968 si
3248 3911 3336 3968 vis
3391 3917 3688 3970 terrarum

2035 4001 2225 4075 spatio
2245 4000 2416 4056 divisi
2431 3999 2619 4057 simus
2632 4000 2823 4074 adque
2844 4005 3284 4074 sequestramur
3299 4000 3359 4056 in
3371 3999 3525 4057 vallo
3537 4000 3620 4073 (21
3630 4001 3690 4073 0)

2035 4095 2092 4147 et
2121 4089 2227 4146 celi
2261 4087 2519 4162 inequali
2550 4088 2784 4146 climate
2815 4089 3184 4160 dirimamus,
3219 4089 3346 4164 pari
3376 4094 3577 4148 tamen
3590 4089 3694 4146 tri-

2034 4177 2411 4236 bulacionum
2436 4179 2837 4252 depremimur
2853 4178 2994 4236 face.
3010 4179 3250 4252 Propter
3259 4178 3416 4252 quod
3430 4177 3692 4252 diligen-

2035 4268 2263 4325 tissime
2311 4268 2592 4341 deprecor
2645 4269 2748 4324 vbs
2803 4268 2890 4323 uti
2923 4267 3254 4324 orationum
3283 4272 3494 4323 mutua
3512 4267 3688 4324 vicis-

2035 4356 2293 4413 situdine
2313 4357 2539 4430 jugiter
2569 4356 2930 4426 muniamur,
2952 4374 3059 4414 nos
3090 4356 3540 4414 reminiscentes
3571 4373 3692 4414 ser-

2035 4446 2228 4503 monis
2257 4446 2512 4516 Domini,
2545 4462 2662 4519 que
2692 4445 2840 4502 dixit
2895 4447 3051 4504 sicut
3080 4446 3334 4504 senserit
3365 4462 3380 4502 :
3413 4447 3480 4502 Et
3534 4446 3688 4503 vobis

2033 4535 2172 4604 dico,
2200 4536 2284 4591 vel
2315 4543 2424 4591 tres
2451 4551 2618 4608 super
2655 4543 2860 4593 terram
2913 4536 2978 4592 de
3028 4538 3182 4592 omni
3234 4552 3294 4592 re
3347 4551 3690 4608 quacumque

1959 4644 2004 4710 Β
2031 4625 2312 4698 petierint,
2345 4625 2447 4696 ﬁat
2503 4625 2620 4680 illis
2645 4641 2679 4680 a
2703 4629 2862 4697 patre
2891 4625 3064 4697 (2H),
3097 4629 3149 4681 et
3203 4625 3439 4697 reliqua.
3473 4624 3693 4697 Optata

2034 4713 2222 4770 valere
2249 4713 2308 4768 in
2331 4712 2580 4782 Christo,
2599 4713 2769 4786 cujus
2800 4712 2912 4769 iste
2933 4713 3206 4770 celestem
3236 4711 3512 4786 sophiam
3539 4713 3688 4770 satis

2025 4801 2496 4876 amplector:ego
2528 4801 2627 4859 ille
2655 4801 3016 4876 epigrapbus
3041 4801 3239 4860 curavi
3259 4801 3687 4859 tibicarrexere

2064 4979 2246 5108 t(3‘05)
2277 4978 2461 5053 Epist.
2484 4979 2548 5036 B.
2583 4979 2746 5036 Pauli
2797 4979 2869 5037 ad
2931 4980 3202 5050 Romam,
3235 4996 3364 5054 cap.
3395 4960 3498 5049 XI,
3523 4997 3582 5036 ν.
3619 4981 3687 5036 17

2029 5069 2086 5109 θῐι
2109 5069 2200 5108 Ζυ.

2064 5123 2247 5249 ι(ξοδ)
2301 5123 2516 5196 Evang.
2578 5139 2694 5179 sec.
2757 5121 3116 5189 Matthseum,
3179 5139 3306 5196 cap.
3357 5121 3487 5192 VII,
3539 5140 3596 5179 v.
3641 5123 3680 5176 7

2029 5211 2086 5249 el.
2113 5211 2168 5249 ὅ.

2099 5266 2247 5339 (207)
2280 5264 2494 5339 Evang.
2527 5281 2644 5339 sec.
2678 5264 2918 5336 Lucam,
2951 5281 3082 5339 cap.
3114 5265 3206 5334 XI,
3235 5281 3290 5321 v.
3333 5267 3390 5322 8.

2099 5335 2249 5478 (208)
2280 5335 2497 5392 Psalm.
2530 5354 2586 5394 v.
2617 5337 2673 5414 3.

2099 5406 2227 5478 (209
2306 5407 2490 5478 Epist.
2552 5407 2611 5464 S.
2661 5441 2673 5462 .

2099 5404 2249 5482 (209)
2306 5407 2490 5478 Epist.
2552 5407 2611 5464 S.
2637 5406 2884 5482 _Jacobi,
2917 5409 2960 5478 Ι,
2990 5425 3047 5464 ν.
3081 5408 3136 5464 6.
3169 5437 3238 5450 —
3279 5404 3496 5482 Evang.
3556 5423 3672 5464 sec.

2027 5476 2387 5550 Matthaeum,
2421 5494 2546 5550 cap.
2580 5478 2680 5550 x1,
2710 5495 2764 5534 v.
2795 5481 2852 5550 Ἰ.

2099 5549 2258 5624 (210)
2279 5549 2577 5624 Pent-stre
2635 5549 2834 5606 faut-il
2882 5549 3139 5624 corriger
3194 5567 3258 5608 ce
3298 5565 3549 5624 passage
3603 5564 3672 5604 en

2027 5618 2209 5675 lisant
2229 5618 2546 5676 intervallo.

2099 5691 2248 5761 (211)
2279 5689 2494 5764 Evang.
2529 5707 2625 5748 sec
2653 5691 2967 5749 Joannem.
3001 5709 3131 5767 cap.
3163 5692 3308 5762 XVI,
3342 5711 3395 5750 v.
3427 5695 3520 5750 23.
