3900 6224
282 371 442 434 1463

283 509 550 576 Dumque
578 503 798 560 caduca
829 511 1026 561 manet
1057 506 1190 573 vita,
1225 505 1366 560 dum
1402 505 1574 559 ﬂatus
1597 503 1806 574 anclct,

285 576 555 631 Eternam
583 577 834 633 concede
865 577 1130 648 domum,
1166 579 1262 650 qui
1298 594 1507 649 regnas
1538 576 1750 648 ubique

1008 727 1198 782 LXIII.

340 831 451 888 J’ai
485 831 649 888 réuni
681 848 822 888 sous
841 848 906 887 ce
929 834 1174 887 numéro
1204 837 1262 887 et
1293 831 1376 887 les
1391 831 1653 886 suivauts
1685 847 1764 885 un
1795 847 1918 885 cer-

275 903 674 974 tainﬂnombre
705 904 777 959 de
809 903 1512 974 formulesincompletes;
1543 909 1598 957 et
1621 912 1769 974 dans
1813 901 1925 957 les-

1561 368 1902 434 APPEND.
1941 368 2050 435 AD
2093 371 2282 436 SEC.
2327 374 2404 440 X.

1955 505 2012 570 Α

3539 365 3565 430 Ι
3578 367 3700 432 464

2780 507 2966 562 LXVI.

2639 597 2793 668 [Sine
2821 595 3091 668 rubrica.]

2108 737 2372 794 Amabile
2401 739 2592 810 adque
2623 756 2738 810 pra:
2769 738 2976 795 ceteris
3007 735 3274 811 patribus
3325 735 3699 808 spiritalibus

2040 841 2074 880 a
2101 825 2271 882 nobis
2301 827 2549 882 dilectus
2581 827 2678 882 ille
2711 825 2994 896 abba,ille
3013 841 3534 882 servusservorum
3557 823 3700 880 ulti-

2039 931 2172 970 mus
2190 920 2244 970 et
2261 915 2660 972 vester-ﬁdelis
2685 916 2744 975 in
2765 916 3041 972 omnibus
3073 915 3132 970 in
3161 913 3431 970 Domino.
3449 912 3696 979 Idcirco,

277 973 1269 1077 93?}1?1°E£’9,‘1V3Efu‘ementdes
1283 973 1542 1030 ὼοάὸιθδ
1571 974 1642 1030 de
1682 973 1926 1046 phrases
2035 1003 2250 1059 domne
2272 1005 2461 1077 adque
2492 1003 2578 1060 vir
2602 973 2982 1062 beatissimus
3011 1008 3176 1077 pater
3209 1002 3432 1071 ille,ille
3481 973 3698 1075 quam;

277 1045 535 1102 initiales
566 1063 639 1102 ou
676 1045 901 1102 ﬁnales.

773 1195 966 1236 INDICU
975 1196 1096 1235 LUM
1112 1195 1184 1234 AD
1209 1195 1424 1235 REGEM.

345 1312 592 1369 Domino
613 1311 1100 1369 excellentissimo
1113 1316 1288 1386 atque
1329 1311 1922 1386 proexcellentissimo

271 1401 395 1457 viro
422 1399 674 1458 inlustro
703 1400 803 1458 illo
833 1401 954 1474 regi
984 1400 1215 1474 generis
1249 1398 1773 1468 Franchorum,cui
1815 1399 1921 1454 Do-

273 1490 473 1547 minus
501 1505 704 1546 curam
730 1489 1034 1562 regiminis
1066 1489 1354 1557 dilatavit,
1385 1507 1490 1562 ego
1510 1505 1712 1544 servus
1731 1493 1921 1544 vester

270 1583 328 1635 et
355 1578 642 1635 ommium
673 1578 936 1634 fidelium
963 1583 1300 1635 vestrorum
1333 1578 1634 1649 subjectus
1657 1581 1788 1649 peto
1803 1576 1916 1632 cle-

271 1665 552 1723 mentiam
583 1671 858 1734 vestram,
891 1666 1062 1738 quasi
1093 1667 1165 1722 ad
1197 1665 1376 1738 pedes
1405 1670 1630 1720 vestros
1661 1666 1912 1736 jaceam.

269 1756 511 1822 Quando
541 1756 686 1812 istas
718 1754 976 1811 literolas
1007 1756 1080 1811 ad
1111 1771 1214 1812 vos
1235 1755 1520 1820 venerint,
1545 1753 1825 1826 quicquid
1841 1754 1912 1809 de

269 1844 788 1911 necessitatevobis
808 1844 1194 1911 innotuerint,
1219 1843 1471 1915 benigno
1493 1845 1690 1898 animo
1711 1843 1910 1897 easdi-

268 1933 460 2007 gnetis
491 1933 694 1990 audire
717 1937 775 1990 et
795 1933 1120 1990 secundum
1161 1937 1414 1988 vestram
1453 1931 1911 1988 misericordiam

264 2023 434 2079 nobis
460 2021 824 2079 renunciare.
858 2022 1010 2078 Deus
1053 2021 1429 2094 omnipotens
1486 2037 1586 2075 rex
1644 2019 1912 2076 omnium

268 2126 473 2183 regum
534 2110 711 2166 faciat
733 2126 984 2184 regnum
1012 2115 1278 2167 vestrum
1310 2125 1438 2166 esse
1483 2109 1911 2166 incomutatum

267 2199 512 2255 omniun
543 2197 804 2255 ﬁdelium
831 2209 1160 2256 vestrorum
1195 2199 1253 2254 in
1285 2198 1474 2256 salute
1504 2215 1623 2254 suae
1672 2214 1911 2271 prospe-

267 2286 458 2346 ritatis
486 2288 762 2361 disponat
789 2288 1176 2347 stabilitatem
1191 2289 1354 2364 regni
1369 2289 1546 2346 vestri
1562 2305 1690 2345 eam
1707 2289 1826 2344 ﬁat.

991 2433 1181 2490 LXIV.

761 2539 1036 2580 INDICULU
1045 2539 1088 2578 M
1113 2539 1187 2578 AD
1219 2538 1412 2578 RBGEM

333 2647 1018 2720 Dominagloriosissime
1037 2647 1229 2720 adque
1241 2646 1782 2720 prmeellentissime
1796 2647 1910 2704 lilie

259 2737 362 2794 illa
390 2737 612 2810 regina,
641 2736 742 2794 ille
761 2754 966 2794 servus
997 2753 1299 2793 servorum
1334 2736 1786 2808 Dei.Postquam
1812 2751 1908 2792 ex-

259 2824 526 2882 cellentia
555 2829 747 2882 vestra
777 2825 1112 2882 sollicitudo
1144 2823 1304 2897 regia
1324 2827 1414 2880 est
1468 2824 1567 2879 ubi
1616 2824 1908 2896 guberna-

254 2913 741 2972 tionelaudabilis
765 2915 837 2969 ad
859 2911 1489 2986 a[ug]mentumglorie
1529 2928 1632 2969 sue
1661 2912 1905 2984 vigilan-

255 3001 419 3058 cione
447 3017 511 3058 se
523 3001 696 3058 debet
709 3005 766 3057 et
786 3001 1087 3075 providam
1111 3001 1360 3068 exibere,
1386 3005 1451 3056 ut
1469 3017 1619 3073 quos
1663 3001 1905 3058 consilio

253 3090 403 3164 regit
430 3089 682 3148 exterius
712 3091 900 3164 perire
931 3089 1178 3147 interius
1209 3106 1326 3146 non
1352 3091 1750 3162 permittat,ut
1775 3095 1908 3163 post

255 3180 436 3252 hujus
460 3180 616 3253 quod
663 3179 864 3253 geritis
920 3178 1258 3252 temporalis
1316 3180 1478 3252 regni
1539 3179 1773 3254 fastigia
1829 3181 1901 3236 ad

255 3273 475 3339 eterna,
505 3270 620 3326 Deo
645 3269 1124 3342 auctore,gaudia
1154 3268 1412 3342 possitis,
1439 3269 1658 3342 regine,
1681 3269 1900 3342 pertin-

255 3375 390 3432 gere
418 3359 838 3432 sempiterna...

995 3482 1161 3540 LXV.

639 3629 646 3635 .
700 3589 1024 3630 INDICULUM
1069 3588 1142 3628 AD
1172 3589 1455 3628 ABBATEM.

324 3717 572 3774 Domino
600 3716 912 3774 venerabili
958 3721 1134 3789 atque
1171 3715 1499 3771 honorabili
1547 3715 1629 3770 illi
1680 3716 1896 3785 abbati,

248 3805 345 3863 ille
374 3806 594 3863 donum
625 3805 728 3862 Dei
754 3810 993 3862 vocatus
1023 3803 1109 3861 sic
1143 3808 1406 3861 eternam
1439 3805 1498 3859 in
1528 3805 1776 3860 Domino
1803 3823 1894 3860 sa-

247 3893 455 3952 lutem.
487 3894 697 3951 Nostra
709 3893 1017 3950 humilitas
1035 3893 1405 3949 sanctitatem
1423 3897 1588 3948 tuam
1626 3893 1897 3964 deprecat

241 3987 308 4040 ut
333 3981 499 4039 illam
529 3999 674 4049 rem,
707 3982 810 4054 qui
839 3981 1204 4054 apellabatur
1232 3980 1467 4052 illa,per
1485 3981 1596 4036 isto
1621 3987 1889 4054 prasente

240 4071 710 4144 legatumnostro
724 4069 894 4126 nobis
913 4069 1312 4126 transmittere
1332 4085 1445 4124 non
1467 4069 1883 4140 dedicnemini,

239 4159 510 4216 videliCet
533 4159 602 4215 ad
633 4174 756 4215 rem
790 4157 1119 4215 faciendam
1147 4177 1160 4228 ;
1186 4163 1243 4214 et
1288 4175 1544 4232 cumque
1599 4161 1891 4233 perexple-

239 4253 367 4306 tum
387 4248 580 4316 fuerit,
603 4247 804 4305 statim
834 4248 906 4304 ad
937 4265 1040 4304 vos
1091 4247 1319 4304 salvum
1369 4265 1630 4306 remeare
1687 4266 1888 4306 curre-

237 4354 391 4396 mus.
419 4337 622 4396 Valete
648 4339 708 4396 in
740 4338 990 4396 Domino
1023 4352 1277 4412 semper.

2035 1092 2121 1149 vis
2137 1109 2242 1166 ego
2273 1092 2553 1166 indignus
2581 1097 2850 1165 peccator
2877 1092 3204 1149 monachus
3234 1090 3508 1166 proprius
3533 1090 3696 1146 fede-

2031 1181 2104 1237 lis
2133 1185 2192 1237 et
2222 1180 2537 1254 mi[ni]ster
2559 1181 2877 1238 salutemin
2912 1181 3161 1238 Domino
3211 1178 3558 1254 dirigimus.
3603 1183 3692 1234 De

2033 1274 2221 1326 cetero
2253 1287 2768 1344 rogamus..........

2755 1412 2976 1468 LXVII.

2666 1520 2800 1558 ITEM
2839 1519 3019 1558 ALIUM
3029 1543 3042 1558 .

2094 1624 2338 1682 Domine
2369 1625 2510 1680 mihi
2534 1630 2590 1682 et
2605 1625 2833 1683 Christo
2847 1626 3190 1698 meritisque
3204 1625 3534 1682 venerando
3562 1625 3666 1680 illo
3678 1670 3692 1692 ,

2024 1731 2129 1787 ego
2160 1713 2276 1780 ille,
2309 1731 2372 1770 ac
2404 1715 2781 1788 sicindignus
2795 1703 3688 1789 peccatoretexiguusumnium

2023 1809 2344 1860 vestrorum
2361 1804 2611 1860 salutem
2627 1805 2731 1861 tibi
2744 1804 3059 1862 amabilem
3073 1821 3310 1878 presum
3325 1803 3374 1859 si
3395 1803 3692 1861 mitterein

1941 1870 1992 1936 Β
2023 1893 2289 1950 Domino.
2324 1898 2532 1950 Precor
2571 1912 2845 1951 summan
2875 1893 3196 1950 trinitatem
3227 1892 3688 1967 inseparabilem

2028 1987 2091 2038 ut
2119 1986 2174 2038 te
2204 1989 2507 2040 conservet
2537 1983 2782 2056 ubique.
2817 1985 2896 2040 De
2927 1987 3116 2039 cetero
3135 1981 3689 2056 rogamus.....Vale

2025 2072 2080 2126 in
2116 2071 2381 2142 Domino,
2411 2071 2500 2126 vir
2517 2072 3012 2141 virtutum,decus
3047 2071 3374 2129 amicorum
3408 2075 3682 2138 tuorum,

2025 2160 2241 2234 ubique
2271 2178 2470 2231 ovans,
2502 2161 2780 2218 cdocatus
2835 2161 2894 2216 in
2924 2161 3090 2217 lhesu
3153 2161 3522 2233 redemptore
3554 2176 3682 2216 om~

2738 2321 2980 2378 LXVIII.

2636 2411 2788 2482 [Sine
2815 2412 3058 2482 rubrica]

2095 2534 2308 2592 Dilecto
2342 2533 2487 2590 mihi
2516 2535 2679 2592 fratri
2712 2539 2910 2592 nostro
2959 2534 3060 2592 illo
3091 2536 3404 2609 praeposito
3454 2541 3668 2592 sancta:

2021 2623 2532 2697 con[gre]gationis
2548 2623 2632 2679 illi
2647 2623 3011 2690 monasterii,
3029 2641 3134 2698 ego
3147 2625 3396 2680 ultimus
3425 2623 3666 2681 clientu-

2019 2712 2110 2768 lus
2122 2718 2396 2769 etservus
2414 2717 2605 2768 vester
2631 2711 2883 2768 salutem
2905 2713 3072 2769 vobis
3095 2712 3414 2769 amabilem
3449 2731 3668 2786 praesu-

2019 2801 2097 2858 mi
2115 2802 2341 2857 mittere
2363 2802 2421 2856 in
2445 2801 2688 2858 Domino
2712 2806 2910 2858 nostro
2949 2802 3122 2858 lhesu
3144 2801 3465 2869 Cbristo,et
3498 2818 3666 2874 prece

2019 2891 2172 2964 quod
2202 2890 2414 2946 caritas
2443 2895 2501 2946 et
2521 2889 2778 2946 amicitia
2806 2889 2894 2947 vel
2919 2890 3112 2962 jussio
3139 2891 3216 2946 sit
3260 2895 3457 2946 vestra
3493 2907 3668 2962 super

2017 2997 2128 3048 me,
2164 2980 2317 3036 sicut
2348 2979 2632 3036 inchoasti
2661 2983 2719 3035 et
2749 2995 2980 3053 semper
3008 2979 3203 3052 egisti,
3235 2979 3468 3036 utitain
3499 2984 3666 3035 antea

2015 3074 2119 3126 tua
2139 3069 2294 3125 bona
2323 3068 2552 3124 dilectio
2582 3073 2640 3124 et
2670 3069 2882 3124 caritas
2911 3072 3253 3142 permaneat
3283 3072 3379 3138 ;et
3406 3071 3663 3142 inquan-

2013 3162 2142 3214 tum
2174 3163 2265 3214 est
2293 3174 2504 3214 sensus
2534 3161 2637 3214 aut
2665 3157 3018 3214 intellectus.
3055 3158 3171 3214 Deo
3187 3157 3519 3230 adiuvante,
3562 3174 3662 3212 no-

1931 3238 1978 3310 C
2015 3248 2246 3304 hiscum
2277 3247 2448 3303 corde
2477 3250 2534 3302 et
2555 3263 2732 3303 sensu
2755 3247 2812 3302 in
2845 3263 3078 3320 semper
3132 3263 3228 3303 ero
3271 3252 3468 3303 tecum
3514 3263 3662 3302 com~

2017 3336 2216 3393 munis
2246 3336 2431 3392 intua
2458 3335 2772 3392 voluntate.
2790 3335 3008 3392 Iterum
3025 3335 3428 3408 atqueiterum
3451 3334 3661 3392 saluta-

2016 3442 2150 3481 mus
2179 3441 2282 3481 vos
2315 3440 2502 3497 usque
2530 3424 2602 3480 ad
2635 3425 2940 3498 gaudium.

2739 3584 2930 3640 LXIX.

2292 3692 2608 3732 INDICULUI
2641 3691 2713 3730 DE
2734 3691 2952 3730 FRATRE
2977 3690 3048 3729 AD
3080 3690 3370 3728 FRATREM.

2078 3801 2297 3858 Dilecto
2327 3801 2518 3872 adque
2538 3798 2704 3854 valde
2734 3797 2972 3854 amabili
2996 3797 3096 3853 illo
3127 3798 3186 3852 in
3216 3796 3448 3853 Christo
3467 3797 3648 3864 fratri,

2005 3891 2101 3948 ille
2120 3891 2367 3963 exiguus
2411 3893 2669 3944 eternam
2724 3888 2784 3942 in
2841 3885 3082 3942 Domino
3116 3884 3386 3942 salutem.
3455 3887 3527 3941 De
3557 3901 3646 3940 ce-

2001 3987 2124 4038 tero
2158 3995 2434 4051 rogamus
2463 3975 2826 4049 diligentiam
2853 3979 3104 4032 vestram
3156 3974 3483 4048 ut,quando
3529 3973 3648 4030 haec

2001 4066 2248 4142 epistola
2277 4067 2347 4123 ad
2373 4065 2742 4140 prmsentiam
2775 4063 3033 4120 caritatis
3065 4069 3270 4120 vestra:
3305 4063 3644 4136 pervenerit,

1999 4164 2065 4213 ut
2094 4157 2256 4213 illam
2287 4172 2526 4213 causam
2558 4155 2730 4210 nobis
2761 4152 3158 4210 transmittere
3189 4170 3306 4209 non
3368 4151 3637 4224 dedigne-

1999 4246 2163 4303 mini.
2195 4244 2336 4301 Vale
2367 4243 2557 4317 sospis
2588 4245 2778 4316 adque
2807 4241 3116 4299 incolomis
3129 4241 3434 4314 permulta
3466 4239 3644 4297 curri-

1921 4323 1971 4390 D
2003 4335 2136 4394 cula
2163 4349 2477 4392 annorum.
