3970 6188
400 398 495 465 ἶΠ
1718 404 1791 466 Β.
1834 401 2078 468 ΠΒΒΔῙ

2227 402 2234 466 ἶ
2277 402 2530 468 ΡΛΡΛΕ.

3775 387 3849 464 is

422 537 490 589 ut
518 533 713 608 ipsi-in
753 538 1062 594 stemmate
1082 537 1370 612 gentilitio
1402 535 1636 593 familia
1664 503 2064 594 Castellionea
2095 536 2152 607 Α
2179 536 2428 593 deviavit
2471 536 2621 595 alius
2649 539 2992 595 earumdem
3022 537 3300 612 partium,
3332 552 3605 611 nuperus
3636 538 3850 592 auctor

392 620 621 680 alocum
651 626 938 697 dederint,
970 627 1070 684 ubi
1103 627 1337 684 Milonis
1368 625 1610 693 ﬁlius,et
1638 624 1923 682 Guidonis
1951 627 2072 683 Ma-

426 713 622 771 nassis
648 731 716 770 ac
747 715 990 773 alterius
1023 716 1257 772 Milonis
1288 716 1466 770 frater
1492 715 1674 771 fuisse
1696 714 1929 771 dicitur.

495 804 569 859 At
596 804 928 879 refragatur
970 805 1109 861 huic
1130 802 1429 860 sententia
1451 802 1778 875 Albericus,
1812 805 1909 876 qui
1942 803 2078 861 licet

426 889 727 949 Urbanum
785 910 856 951 ea:
902 894 1097 966 Oppido
1128 891 1479 949 Castellionis
1504 908 1670 967 super
1695 892 1945 951 Numam
1972 910 2075 948 na-

429 988 546 1036 tum
576 982 780 1050 fuisse,
812 986 879 1037 ut
909 983 1125 1050 cateri,
1173 980 1497 1054 scripserit,
1532 986 1828 1038 asseverat
1854 985 2074 1051 tamen,

429 1087 498 1126 ex
518 1070 760 1143 Hugone
784 1075 841 1126 et
864 1070 1130 1127 Guidonc
1156 1070 1496 1126 auctoribus
1527 1086 1676 1143 quos
1697 1069 1918 1137 laudat,
1942 1087 2076 1127 eum

430 1157 613 1214 fuisse
663 1157 854 1214 lilium
906 1158 1131 1214 domini
1175 1159 1242 1216 de
1287 1160 1501 1229 Lageri.
1532 1158 1683 1215 Tum
1714 1159 1785 1215 de
1813 1159 2077 1232 ejusdem

431 1246 775 1318 cognatione
824 1247 1065 1304 subdit:
1117 1248 1324 1303 Habuit
1373 1248 1554 1320 (idem
1584 1246 1874 1321 Urbanus)
1906 1248 2082 1303 alium

428 1336 662 1405 fratrem
702 1335 1017 1407 Rodul/‘um,
1046 1342 1269 1407 patrem
1291 1335 1539 1405 Gerardi,
1572 1336 1728 1407 cujus
1754 1337 1907 1408 filius
1944 1337 2085 1392 alter

432 1422 702 1480 Gerardus
747 1427 936 1496 genuit
983 1416 1219 1483 Odonem
1263 1434 1481 1498 patrem
1539 1425 1726 1498 Egidii
1769 1425 1837 1482 de
1881 1426 2085 1498 Lageri

432 1513 691 1569 monachi
720 1515 1014 1583 Remensis,
1044 1516 1202 1587 cujus
1245 1531 1400 1572 soror
1429 1515 1739 1572 "creandis.
1755 1516 1866 1588 fuit
1910 1518 2087 1571 mater

437 1602 704 1670 Baldulsi,
758 1620 881 1670 seu,
916 1608 981 1659 ut
1012 1604 1188 1661 habet
1219 1605 1400 1660 codex
1432 1621 1570 1674 ms.,
1602 1604 1868 1662 Balduini
1892 1620 2085 1659 mona-

435 1692 526 1746 chi
574 1693 806 1763 Igniaci.
842 1692 1005 1749 Certe
1036 1693 1094 1748 in
1127 1692 1466 1767 Necrologio
1516 1693 1856 1750 monasterii
1887 1692 2086 1749 Molis-

439 1780 664 1837 mensis
697 1781 755 1836 in
788 1780 1107 1853 Campania
1151 1783 1319 1838 Nonis
1345 1783 1508 1838 Junii
1534 1786 1935 1838 memorantur
1954 1783 2090 1837 Heu-

438 1870 655 1926 cherius
686 1887 789 1926 seu
820 1870 1162 1940 Eucherius,
1198 1880 1252 1927 et
1299 1871 1546 1927 lsabeltis
1592 1887 1738 1927 uror
1764 1872 1901 1942 ejus,
1931 1873 2091 1943 pater

440 1961 489 2015 et
506 1964 684 2015 mater
697 1959 911 2015 domini
923 1977 1082 2033 papae
1102 1961 1327 2028 Urbani,
1348 1975 1602 2033 quorum,
1621 1965 1687 2015 ut
1708 1960 1787 2015 ibi
1820 1959 2087 2028 habetur,

443 2050 582 2107 anni
586 2051 792 2106 versari
796 2066 887 2105 um
906 2049 1160 2105 debemus
1177 2051 1359 2121 facere
1377 2047 1785 2104 solemniter.Et
1806 2047 1865 2103 in
1886 2047 2090 2103 eodem

440 2134 857 2211 Necronologio
877 2139 964 2194 die
980 2138 1327 2194 mKalendas
1339 2136 1868 2209 Augusti,Urbanus
1879 2135 2095 2193 dicitur

444 2227 629 2285 fuisse
648 2228 914 2299 ejusdem
934 2226 1051 2284 loci
1069 2228 1533 2298 congregationis,
1555 2225 1615 2281 id
1645 2228 1738 2282 est
1765 2240 2005 2298 precum
2036 2229 2094 2281 et

442 2314 937 2388 aliorum'piorum
950 2331 1193 2389 operum
1207 2314 1627 2388 particeps;sed
1641 2313 1761 2371 sive
1774 2313 2094 2371 Eucherius

443 2403 562 2467 ille,
614 2404 929 2478 Lageriaci,
974 2405 1075 2477 qui
1116 2405 1282 2461 vicus
1327 2409 1417 2459 est
1447 2403 1754 2460 Remensis
1798 2402 2090 2472 diacesis,

445 2493 742 2562 dominus,
785 2493 906 2549 sive
953 2492 1088 2549 Milo
1136 2492 1503 2550 Castellionis
1545 2491 1827 2565 toparcha
1876 2492 2093 2549 Urbani

446 2586 612 2653 pater
642 2581 837 2648 fuerit,
869 2581 1066 2653 ipsum
1099 2581 1409 2638 Bernensis
1432 2579 1746 2654 provincia
1784 2580 2093 2638 alumnum

446 2670 630 2726 fuisse
679 2668 982 2725 fatendum
1038 2673 1146 2725 est.
1179 2669 1303 2726 lmo
1332 2686 1469 2725 cum
1515 2669 1891 2743 Lageriacum
1923 2670 2095 2741 cujus

423 2758 690 2829 'domini,
727 2761 793 2814 ut
822 2758 975 2817 infra
989 2757 1276 2826 dicemus,
1301 2757 1548 2814 fortasse
1577 2773 1648 2813 ex
1672 2756 2095 2815 Castellionen-

447 2848 613 2904 sibus
655 2847 765 2904 orti
811 2851 998 2917 erant,
1036 2846 1198 2903 haud
1243 2846 1446 2920 procul
1496 2846 1568 2903 ab
1601 2846 1746 2903 urbe
1777 2847 2095 2903 Remorum

446 2936 642 3001 distet,
676 2942 732 2995 et
774 2936 970 3009 ipsum
1016 2934 1383 2993 Castellionis
1442 2939 1725 3001 castrum,
1773 2934 1908 2992 licet
1933 2939 2099 2992 extra

446 3024 743 3082 diacosim
774 3025 974 3094 situm,
1021 3025 1093 3080 ad
1142 3025 1487 3081 Remensem
1530 3028 1729 3081 tamen
1779 3023 2096 3081 Ecclesiam

447 3114 815 3188 pertinuerit,
868 3116 1114 3187 ejusque
1156 3113 1619 3171 clientes'erant
1648 3118 1704 3171 et
1743 3113 2095 3170 vicedomini

449 3202 934 3261 Castellionenses
965 3202 1274 3276 teparcha,
1305 3203 1538 3276 utrique
1568 3203 1762 3260 Remis
1803 3206 1868 3259 ut
1913 3201 2097 3277 pluri-

2182 626 2273 698 (G.
2293 626 2490 698 Vnone)
2537 626 2599 682 in
2628 627 2762 683 Vita
2782 628 2969 685 sancti
3005 626 3281 684 Germani
3309 624 3846 693 Antisiodorensis,

2183 716 2281 788 qui
2313 732 2382 772 ex
2426 717 2620 793 nescio
2667 717 2885 790 quibus
2932 715 3120 783 falsis,
3173 719 3275 773 aut
3317 714 3468 771 male
3515 713 3847 771 intellectis

2184 805 2582 862 monumentis
2601 805 2837 879 scripsit
2855 805 3073 862 Urbani
3096 805 3348 877 majores
3364 803 3723 861 monasterii
3748 804 3850 860 Re-

2182 892 2517 969 gniacensis
2562 894 2623 950 in
2679 894 2913 953 diacesi
2974 893 3443 952 Antisiodorensi
3504 891 3854 950 conditores

2184 981 2388 1039 fuisse.
2423 983 2483 1038 Id
2506 983 2726 1057 quippe
2770 983 2857 1040 vel
2878 998 2949 1040 ex
2977 983 3087 1040 hoc
3108 981 3234 1039 solo
3267 981 3435 1054 rejici
3451 980 3652 1050 debet,
3684 981 3853 1054 quod

2188 1072 2582 1144 Regniacense
2620 1074 3044 1129 monasterium
3057 1071 3279 1130 ordinis
3293 1070 3712 1129 Cisterciensis
3724 1068 3854 1126 lon-

2188 1176 2259 1234 ge
2280 1164 2411 1234 post
2446 1160 2662 1217 Urbani
2704 1161 2931 1219 obitum
2965 1164 3330 1219 exstructum
3356 1160 3552 1218 fuerit.
3582 1157 3855 1231 Denique

2190 1266 2304 1306 non
2319 1250 2617 1306 immorari
2627 1251 2796 1323 juvat
2809 1250 2868 1306 in
2883 1249 3216 1308 refellendis
3227 1250 3303 1307 iis
3314 1250 3416 1323 qui
3430 1249 3733 1315 Odonem,
3749 1240 3857 1303 Ur-

2189 1337 2407 1395 baniin
2435 1338 2689 1397 Ostiensi
2712 1340 3049 1413 episcopatu
3063 1354 3485 1408 successorem,
3518 1337 3659 1409 ejus
3674 1335 3859 1393 fuisse

2192 1430 2458 1499 nepotem
2483 1425 2774 1496 dixerunt,
2795 1443 2931 1483 cum
2963 1428 3022 1483 id
3051 1425 3211 1484 nullo
3233 1431 3607 1501 argumento,
3646 1428 3865 1498 prater

2194 1515 2451 1571 nominis
2468 1514 2937 1584 similitudinem,
2965 1517 3231 1589 probent.
3256 1515 3420 1573 Certe
3440 1515 3497 1571 id
3529 1530 3657 1571 non
3680 1513 3863 1570 habet

2194 1603 2625 1677 Baldricus,qui
2645 1604 2801 1661 hunc
2824 1604 3087 1662 Odonem
3110 1604 3173 1661 in
3191 1603 3557 1661 carminibus
3590 1606 3759 1658 tomo
3791 1600 3862 1657 IV

2192 1692 2425 1749 Chesnii
2454 1692 2723 1749 Historic.
2756 1693 3331 1765 FrancJaudatquod
3362 1707 3690 1749 commune
3722 1706 3860 1747 cum

2196 1781 2426 1838 Urbano
2457 1781 2676 1838 Odonis
2702 1798 2916 1838 nomen
2946 1780 3238 1851 habuerit,
3263 1782 3532 1838 eamdem
3570 1779 3859 1838 monachi

2194 1872 2375 1926 vitam
2408 1869 2583 1926 fuerit
2614 1872 2933 1943 professus,
2965 1871 3232 1927 eamdem
3264 1871 3462 1928 sedem
3504 1869 3855 1935 obtinuerit,

2197 1959 2465 2016 eamdem
2497 1958 2749 2032 denique
2770 1959 3114 2032 dignitatem
3136 1958 3342 2031 (istum
3357 1975 3568 2033 nempe
3580 1960 3855 2016 futurum

2197 2064 2412 2122 papam
2468 2047 2837 2120 praedicebat)
2881 2047 3191 2104 habiturus
3235 2049 3331 2115 sit,
3366 2065 3483 2104 non
3514 2047 3859 2105 omissurus

2199 2136 2825 2210 consanguineitatem,
2857 2136 2906 2191 si
2944 2135 3144 2208 aliqua
3175 2136 3864 2193 interillosintercessis-

2201 2229 2307 2282 set.
2339 2225 2539 2297 Neque
2562 2224 2739 2280 etiam
2773 2225 2830 2280 id
2849 2225 3026 2281 habet
3052 2225 3370 2282 Guibertus
3389 2224 3471 2281 lib
3500 2242 3545 2281 ιι
3582 2226 3662 2282 De
3692 2239 3868 2281 sacra

2201 2312 2585 2387 expeditione,
2619 2312 2716 2368 ubi
2743 2312 2983 2369 alterius
3003 2313 3106 2385 huj
3118 2330 3186 2369 ue
3202 2313 3423 2370 Odonis
3453 2314 3754 2369 meminit.

2273 2402 2448 2457 Porro
2488 2401 2702 2457 Urbani
2753 2406 3046 2474 parentes,
3096 2401 3434 2476 quicunque
3480 2402 3733 2458 demum
3776 2398 3865 2455 illi

2202 2490 2437 2556 fuerint,
2471 2489 2691 2546 domini
2723 2495 2891 2547 erant
2909 2489 3020 2548 vici
3052 2490 3489 2557 Bainsonensis,
3522 2491 3596 2547 ad
3631 2490 3865 2546 radices

2203 2579 2423 2636 montis
2437 2580 2496 2635 in
2518 2595 2634 2652 quo
2647 2579 2830 2635 situm
2850 2578 3320 2637 estCastellionis
3335 2579 3625 2653 oppidum
3660 2575 3861 2652 positi.

2203 2668 2367 2725 Unde
2388 2668 2523 2740 quis
2554 2670 2701 2724 forte
2721 2684 2837 2723 non
2866 2667 3161 2726 immerito
3196 2666 3601 2741 suspicabitur
3626 2683 3734 2725 eos
3750 2664 3861 2722 etsi

2204 2756 2499 2830 Lageriaci
2545 2755 2657 2813 vici
2687 2755 2980 2822 dominos,
3013 2772 3081 2812 ex
3111 2757 3291 2830 stirpe
3319 2761 3519 2813 tamen
3549 2753 3862 2813 Castellio-

2204 2845 2477 2904 nensium
2509 2844 2947 2919 toparcharum,
2980 2850 3199 2904 utmox
3222 2845 3489 2903 dicebam
3518 2843 3857 2919 prodiisse:

2203 2951 2339 2992 cum
2373 2952 2489 2991 non
2538 2935 2712 2992 modo
2758 2934 3164 3006 Bainsonium,
3214 2935 3316 2991 sed
3363 2938 3421 2991 et
3470 2934 3857 3009 Lagei-iactam

2204 3040 2439 3098 quoque
2452 3023 2608 3080 haud
2640 3022 2841 3097 procul
2863 3040 2898 3079 a
2916 3022 3361 3080 Castellionensi
3381 3023 3595 3098 oppido
3608 3022 3854 3089 distent,

2206 3120 2264 3170 et
2292 3112 2563 3169 Urbanus
2612 3112 2857 3185 passim,
2889 3115 3196 3167 auctorum
3227 3118 3350 3168 tam
3376 3116 3639 3169 veterum
3671 3123 3854 3184 quam

2205 3202 2591 3259 recentiorum
2622 3216 2933 3268 consensu,
2958 3199 3405 3257 Castellionensis
3434 3201 3630 3257 dictus
3653 3198 3853 3257 fuerit.

454 3310 618 3349 mum
652 3274 1052 3360 morabantur,
1084 3294 1156 3349 ob
1185 3292 1244 3348 id
1276 3274 1655 3365 potissimum
1706 3292 1862 3366 quod
1900 3274 2099 3349 essent
2127 3274 2170 3344 C
2207 3291 2370 3358 Quod
2400 3306 2535 3347 vero
2579 3288 2962 3345 Bainsonium
3005 3288 3078 3344 ad
3120 3287 3338 3346 Urbani
3370 3293 3645 3361 parentes
3674 3285 3855 3361 perti-

438 3383 759 3439 -Remensis
806 3381 1074 3439 Ecclesia
1120 3380 1373 3449 milites;
1429 3386 1606 3455 atque
1650 3381 1796 3438 adeo
1824 3398 1893 3438 ex
1923 3382 2100 3438 alter-

454 3471 605 3527 utris
655 3471 925 3527 Urbanus
966 3471 1027 3525 in
1078 3471 1207 3543 ipsa
1266 3471 1583 3526 Remorum
1654 3470 1883 3528 civitate
1937 3471 2098 3529 nasci

454 3559 734 3632 potuit.ld
781 3564 936 3614 certe
982 3558 1175 3613 innuit
1203 3558 1515 3614 Ordericus
1563 3557 1774 3614 Vitalis
1816 3558 1967 3614 libro
1994 3576 2097 3614 vm

451 3647 718 3703 Historia
769 3645 1192 3714 ecclesiasticae,
1246 3645 1345 3699 ubi
1402 3661 1539 3700 eum
1570 3646 1745 3701 civem
1786 3646 2099 3703 Remensem

452 3736 669 3793 diserte
698 3733 971 3808 appellat.
1023 3733 1153 3802 0do,
1198 3732 1410 3806 inquit,
1458 3734 1681 3789 natione
1736 3734 1946 3804 Gallus,
1996 3750 2097 3792 no-

452 3825 665 3880 bilitate
692 3833 744 3881 et
790 3823 1213 3880 mansuetudine
1257 3823 1462 3891 clarus,
1495 3824 1631 3878 civis
1656 3823 1949 3892 Bernensis,
1981 3828 2093 3880 etc.

519 3913 719 3987 Neque
766 3912 875 3970 hoc
925 3914 995 3969 ab
1049 3929 1115 3969 eo
1147 3916 1384 3968 auctore
1413 3915 1632 3967 temere
1662 3910 1885 3967 dictum
1913 3911 2096 3970 fuisse

438 4002 664 4076 aliquis
696 4006 877 4076 putet.
929 4001 1077 4057 Nam
1136 4004 1528 4073 praterquam
1576 3999 1731 4072 quod
1782 3999 2094 4059 0rdericus

446 4109 562 4166 pra
585 4091 809 4149 caeteris
838 4090 1226 4164 scriptoribus
1265 4092 1576 4145 accuratus
1606 4093 1665 4146 et
1692 4087 1944 4163 diligens
1981 4096 2090 4161 est,

446 4182 503 4237 id
535 4182 729 4254 ipsum
751 4199 785 4237 a
806 4181 1029 4237 Joanne
1060 4178 1341 4252 magistro
1386 4195 1514 4248 suo,
1549 4178 1747 4235 Remis
1779 4183 1935 4249 nato,
1971 4180 2091 4237 dis-

446 4286 574 4325 cere
588 4272 874 4342 potuerat,
895 4268 1131 4323 illarum
1146 4283 1342 4324 rerum
1356 4268 1535 4340 probe
1546 4265 1856 4337 instructo,
1889 4273 2092 4342 utpote

444 4358 546 4430 qui
577 4375 645 4414 ex
667 4356 1014 4414 scholastico
1059 4356 1364 4412 Remensis
1411 4355 1705 4425 Ecclesia,
1727 4356 1786 4411 in
1815 4373 2087 4429 quacum

441 4445 568 4518 ipso
616 4446 813 4502 Odone
834 4445 990 4501 haud
1012 4444 1190 4500 dubio
1206 4444 1391 4500 fuerat
1407 4446 1715 4515 educatus,
1751 4445 1942 4501 factus
1961 4445 2086 4501 Uti-

442 4533 634 4591 censis
663 4533 1007 4601 monachus,
1037 4532 1166 4604 ejus
1196 4532 1535 4588 monasterii
1569 4531 1801 4590 scholas
1825 4538 2087 4607 tempore

2209 3381 2424 3447 nuerit,
2456 3378 2553 3436 ille
2573 3378 2698 3451 ipse
2721 3382 2977 3434 testatur
3002 3376 3064 3432 in
3094 3374 3418 3449 diplomate
3445 3392 3553 3450 pro
3580 3378 3709 3450 ejus
3740 3373 3851 3430 loci

2205 3469 2488 3543 prioratu,
2512 3483 2690 3541 quem
2719 3483 2961 3524 suorum
2986 3473 3282 3538 parentum
3302 3465 3667 3538 facultatibus
3688 3464 3855 3520 dota-

2206 3563 2331 3612 tun:
2384 3556 2565 3612 fuisse
2610 3556 2841 3612 asserit.
2893 3555 3124 3611 Etenim
3174 3553 3332 3609 hunc
3386 3554 3603 3621 locum,
3675 3566 3857 3625 quem

2203 3642 2575 3700 Theobaldus
2592 3642 2973 3699 Suessionum
3005 3643 3314 3715 episcopus
3336 3638 3595 3713 primum
3618 3657 3743 3697 sua
3758 3639 3857 3695 Ec-

2204 3731 2393 3790 clesia
2435 3730 2806 3798 attribuerat,
2855 3747 2923 3787 ac
2983 3730 3360 3805 postmodum
3414 3733 3626 3803 agente
3670 3726 3854 3785 altero

2203 3821 2559 3891 Theobaldo,
2589 3820 2799 3878 comite
2819 3819 3076 3893 palatino
3096 3819 3388 3887 Trecensi,
3413 3822 3480 3874 ut
3500 3816 3676 3875 refert
3705 3815 3854 3874 Che-

2203 3909 2755 3982 snius,mon'asterio
2771 3909 3168 3967 Coinciacensi
3183 3908 3294 3966 sub
3305 3906 3512 3981 viginti
3524 3905 3852 3963 solidorum

2202 4018 2396 4058 annuo
2427 4017 2604 4057 censu
2634 3998 2934 4057 canonicis
2961 3995 3407 4055 Suessionensis
3436 3993 3705 4053 Ecclesia
3717 4010 3857 4067 per-

2201 4090 2476 4148 solvendo
2533 4088 2885 4161 subjecerat,
2948 4084 3434 4145 Cluniacensibus
3480 4080 3852 4141 conﬁrmavit

2199 4180 2479 4255 pontifex,
2502 4195 2619 4239 non
2649 4177 2825 4234 modo
2853 4177 3220 4245 auctoritate,
3252 4190 3369 4249 qua
3399 4172 3674 4248 pollebat,
3706 4186 3851 4244 apo-

2198 4267 2406 4327 stolica
2442 4286 2456 4338 ;
2489 4283 2694 4325 verum
2742 4267 2922 4323 etiam
2969 4266 3043 4322 ob
3072 4264 3316 4338 id,quod
3344 4263 3441 4319 hic
3472 4277 3685 4319 census
3720 4275 3850 4317 cum

2193 4358 2369 4432 patris
2414 4358 2506 4413 sui
2542 4371 2806 4412 consensu
2842 4353 3151 4410 institutus
3180 4353 3412 4419 fuisset,
3454 4356 3515 4408 et
3558 4349 3724 4407 locus
3754 4346 3852 4404 ille

2195 4464 2321 4503 eum
2368 4462 2439 4502 ex
2491 4448 2787 4517 parentum
2842 4445 2972 4516 jure
3011 4443 3347 4514 contingeret
3421 4436 3840 4497 Bainsonensis

2196 4539 2391 4592 autem
2413 4532 3010 4608 prioratushodiequc
3022 4529 3381 4599 subsistit,in
3397 4527 3664 4602 catalogo
3680 4541 3846 4602 gene-

443 4622 697 4678 Ordcrici
722 4621 1148 4693 regebatﬂaud
1172 4620 1426 4676 multum
1454 4621 1527 4677 ab
1550 4636 1619 4677 ea
1638 4620 1910 4694 opinione
1941 4639 2091 4680 rece-
2117 4638 2166 4704 Ι)
2198 4623 2304 4680 rali
2330 4622 2742 4681 beneﬁciorum
2772 4620 2995 4678 ordinis
3035 4616 3440 4675 Cluniacensis
3482 4616 3673 4673 Sancti
3700 4614 3853 4671 Petri

439 4711 525 4766 dit
551 4711 866 4767 Guibertus
912 4709 1213 4783 Novigenti
1262 4709 1468 4778 abbas,
1515 4712 1574 4765 et
1622 4709 1749 4783 ipse
1778 4715 2087 4769 accuratus

439 4804 660 4866 auctor,
695 4804 959 4872 tempore
978 4803 1036 4854 et
1066 4798 1192 4853 loco
1217 4798 1542 4870 proximus,
1578 4797 1679 4870 qui
1711 4799 1989 4856 Urbanum
2015 4817 2086 4857 ea:

433 4889 670 4945 Francia
699 4889 849 4943 claro
895 4904 966 4943 ea:
1007 4888 1254 4956 germine
1300 4886 1594 4942 oriundum
1623 4904 1693 4943 ex
1727 4890 2002 4946 territorio
2031 4894 2086 4947 et

433 4979 576 5034 clero
601 4978 867 5042 Remensi,
885 4980 1016 5048 post
1036 4975 1252 5031 multos
1265 4976 1483 5048 gradus
1496 4977 1565 5031 nd
1587 4976 1805 5032 summi
1830 4977 2083 5051 denique

436 5068 816 5139 pontificatus
846 5064 1070 5137 apicem
1102 5064 1412 5137 pertigisse
1433 5066 1853 5122 scribil.Exhis
1883 5074 2076 5123 autem

432 5161 589 5226 patet
619 5173 797 5227 quam
852 5154 967 5210 late
1016 5153 1356 5224 accipienda
1386 5153 1505 5210 sint
1534 5153 1817 5211 Guidonis
1845 5156 2077 5212 abbatis

431 5244 626 5311 verba,
650 5245 749 5317 qui
778 5248 934 5300 tomo
959 5241 1361 5299 lBibliotheca
1376 5242 1716 5311 Labbeana,
1750 5244 1810 5300 in
1832 5243 2076 5301 historia

429 5332 705 5387 abbatum
758 5333 943 5389 sancti
1003 5330 1277 5388 Germani
1326 5332 1821 5390 Antisiodorensis
1866 5349 1992 5406 cap.
2039 5336 2074 5389 8

429 5419 693 5492 scripsit:
718 5422 997 5478 Urbanum
1010 5424 1071 5477 in
1094 5420 1551 5477 Antisiodorcnsis
1586 5423 1823 5478 civitatis
1837 5424 2072 5494 conﬁnio

426 5512 626 5564 natum
651 5518 704 5565 et
755 5510 1043 5566 educatum
1080 5512 1271 5582 fuisse.
1320 5510 1391 5565 Et
1419 5508 1656 5581 quidem
1698 5526 1914 5585 magna
1942 5527 2072 5569 esse

427 5614 542 5653 non
588 5596 759 5654 debet
801 5613 869 5653 ea
900 5597 961 5652 in
1009 5614 1069 5654 re
1094 5600 1224 5671 ejus
1245 5597 1553 5672 scriptoris
1595 5601 1938 5673 auctoritas,
1968 5601 2070 5676 qui

426 5684 639 5751 seculo
660 5700 764 5747 xm
785 5690 1032 5746 exeunte
1048 5686 1294 5757 vivebat.
1329 5689 1404 5748 At
1446 5686 1633 5749 multo
1664 5689 1854 5770 magis
1873 5707 1909 5751 ο.
1931 5707 2068 5754 vero

2193 4712 2259 4769 de
2304 4714 2568 4769 Buissono
2616 4708 2966 4784 appellatus,
3037 4707 3280 4763 diwcesis
3335 4704 3750 4763 Suessionensis
3791 4704 3850 4760 in

2191 4802 2347 4868 Bria,
2398 4818 2501 4858 seu
2556 4800 2750 4874 potius
2791 4798 2851 4854 in
2880 4795 3221 4871 Campania,
3263 4811 3434 4870 prope
3465 4794 3850 4851 Castettionem

2189 4907 2355 4964 supra
2385 4890 2711 4947 Matronam.

2332 4980 2402 5035 II.
2442 4980 2694 5037 Urbanus
2726 4978 2905 5034 Remis
2928 4975 3187 5032 educatus
3216 4973 3316 5030 sub
3342 4973 3398 5029 S.
3427 4974 3701 5028 Brunone.

2259 5068 2519 5125 Odonem
2550 5067 2609 5122 in
2642 5065 2915 5123 Remensi
2946 5063 3226 5133 Ecclesia,
3250 5079 3378 5136 qua
3407 5065 3549 5117 tunc
3579 5063 3707 5117 erat
3720 5073 3843 5117 ma-

2185 5174 2435 5230 gnorum
2466 5156 2729 5213 virorum
2757 5154 2820 5210 in
2852 5151 3058 5209 Galliis
3079 5150 3491 5221 seminarium,
3525 5150 3842 5206 educatum

2183 5245 2365 5302 fuisse
2377 5261 2603 5302 ommes
2616 5261 2733 5300 uno
2746 5259 2844 5299 ore
2858 5239 3443 5312 fatentur;etquidem
3457 5239 3559 5297 seb
3570 5239 3842 5295 Brunone

2183 5334 2663 5409 magistro,cujus
2676 5327 3341 5401 famaillistemporibus
3353 5330 3649 5402 pertotam
3661 5325 3842 5384 Euro-

2180 5439 2318 5496 pam
2337 5421 2585 5479 celebris
2602 5419 3165 5492 erat,posteatamen
3183 5416 3370 5474 multo
3382 5413 3670 5472 illustrior
3682 5415 3839 5471 futu-

2178 5527 2404 5580 ra,cum
2419 5509 2651 5584 primus
2662 5504 2885 5564 ordinis
2904 5505 3432 5564 Carthusianorum
3445 5503 3751 5561 institutor
3776 5504 3836 5560 et

2176 5616 2389 5675 parens
2415 5599 2607 5655 factus
2637 5600 2747 5654 est.
2792 5599 2958 5653 Certe
3012 5595 3276 5653 Odonem
3313 5593 3502 5651 fuisse
3539 5588 3836 5649 Brunouis

2174 5686 2541 5767 discipulum
2570 5691 2841 5750 auctores
2866 5684 3093 5769 vulgati
3120 5682 3343 5765 passim
3353 5682 3616 5755 tradunt,
3635 5695 3823 5760 neque

3665 5972 3795 6063 ιλ.

3652 6070 3659 6079 .
3722 6066 3865 6143 Ω.-.

3828 6136 3859 6177 ἐ
