4000 6178
138 397 259 473 (‘13

1783 398 1827 465 ν

1937 399 1997 465 ι.
2242 424 2251 430 ο
3508 394 3594 466 ll

166 531 231 587 id
270 530 591 603 quisquam
613 529 1001 602 jureinticiari
1023 535 1235 603 potest,
1258 548 1392 588 cum
1426 548 1588 605 eaque
1610 536 1833 589 certum
1859 532 1919 602 Α
1947 532 2727 602 Remeusiscuramdimisit,
2756 533 2850 591 vix
2863 547 3084 590 annum
3097 530 3389 605 attigisset
3403 530 3592 588 astatis

169 620 277 690 sit,
305 620 948 689 neminedissentiente,
972 621 1375 678 etBrunonem
1394 625 1535 679 tunc
1554 622 1835 695 temporis

173 710 493 767 Remensis
524 709 793 765 Ecclesiae
811 709 1029 767 scholis
1046 711 1373 783 praefuisse,
1393 715 1452 767 et
1482 711 1783 767 Urbanum
1801 728 1836 766 a

144 846 149 849 .
176 799 400 856 teneris
429 797 490 854 in
522 799 727 855 eadem
743 797 1004 855 Ecclesia
1029 799 1212 856 fuisse
1229 799 1574 856 enutritum.
1603 800 1836 856 Utrum-

178 905 298 960 que
325 888 545 945 diserte
575 887 832 943 afﬁrmat
858 892 1024 944 vetus
1055 892 1257 946 auctor
1286 888 1467 945 libelli
1500 894 1576 945 De
1596 888 1831 945 institu-

176 978 444 1033 tionibus
474 976 1018 1045 Cartbusianorum,
1052 995 1087 1032 a
1115 977 1343 1035 Labbeo
1372 982 1533 1034 temo
1563 982 1588 1033 Ι
1620 977 1833 1033 Biblio-

169 1066 364 1122 tbecae
395 1083 555 1123 nova:
586 1083 652 1123 ex
679 1069 913 1122 vetusto
959 1067 1156 1123 codice
1208 1067 1549 1139 Remigiano
1596 1067 1829 1134 editus;

166 1157 273 1227 qui
302 1157 492 1212 etiam
522 1155 686 1210 addit
712 1155 1045 1211 Brunonem
1078 1156 1323 1212 Romam
1355 1156 1569 1213 adiisse
1614 1161 1835 1226 cogente

165 1246 418 1316 Urbano,
449 1246 603 1317 cujus
629 1244 903 1317 quondam
922 1251 1230 1318 praeceptor
1253 1247 1456 1316 fuerat.
1480 1247 1552 1301 Et
1594 1246 1832 1318 quidem

162 1335 265 1391 hic
300 1333 545 1390 libellus
574 1334 824 1389 habetur
848 1334 908 1388 in
933 1334 1128 1391 codice
1147 1351 1257 1390 ms.
1282 1335 1603 1392 Carthusia:
1633 1335 1833 1391 Porta-

163 1440 333 1494 rum,
367 1423 759 1495 quadraginta
786 1423 1017 1480 circiter
1036 1425 1206 1480 annis
1238 1428 1371 1497 post
1399 1423 1692 1480 Brunonis
1713 1424 1834 1481 obi-

166 1520 301 1569 tum
336 1516 593 1569 exarato.

236 1603 347 1657 His
377 1605 633 1674 opponet
686 1602 932 1658 fortasse
982 1619 1096 1658 non
1148 1619 1320 1658 nemo
1370 1619 1572 1660 eorum
1605 1603 1829 1675 opinio-

166 1709 304 1748 nem
339 1691 442 1763 qui
458 1692 786 1746 Brunouem
807 1690 1378 1765 quinquagenarium
1395 1692 1610 1749 obiisse
1628 1692 1834 1750 dicunt

168 1798 325 1836 anno
358 1780 521 1835 H01.
556 1778 616 1835 Si
644 1780 804 1835 enim
827 1779 1007 1836 semel
1039 1780 1095 1835 id
1140 1781 1509 1849 admittatur,
1541 1798 1676 1837 eum
1723 1781 1827 1837 Ur-

168 1871 360 1926 banus
390 1885 549 1924 anno
579 1868 672 1923 sui
705 1868 1082 1941 pontiﬁcatus
1112 1869 1459 1927 duodecimo
1489 1870 1718 1937 obierit,
1772 1875 1829 1928 et

171 1959 406 2032 quidem
434 1960 575 2013 ante
589 1956 945 2025 Brunonem,
964 1957 1249 2015 dicendus
1261 1958 1373 2015 erit
1396 1960 1525 2033 ipso
1554 1959 1826 2017 Brunone

178 2052 343 2103 aetate
368 2046 718 2119 provectior,
767 2051 871 2102 aut
914 2045 1118 2103 saltem
1169 2048 1411 2120 aequalis
1441 2049 1491 2104 ei
1525 2049 1725 2116 fuisse,
1759 2065 1825 2105 ac

174 2136 407 2209 proinde
437 2151 558 2191 non
591 2135 854 2209 potuisse
884 2137 995 2191 sub
1024 2136 1154 2209 ejus
1183 2137 1519 2210 magisterio
1547 2138 1779 2194 educari
1809 2156 1823 2205 ;

170 2230 223 2280 at
252 2225 310 2280 id
337 2224 559 2281 falsum
593 2240 725 2280 esse
756 2225 1083 2281 manifestis
1113 2227 1478 2299 argumentis
1528 2226 1693 2283 facile
1725 2228 1824 2282 de-

168 2314 529 2370 monstrabo.
868 2366 871 2367 ν

228 2404 450 2460 Verum
487 2403 839 2476 priusquam
871 2402 941 2458 de
958 2403 1430 2462 Brunoniszetate
1462 2405 1682 2478 aliquid
1706 2410 1823 2462 sta-

165 2500 434 2560 tuamus,
467 2494 587 2547 duo
619 2492 1028 2565 praemittenda
1057 2498 1215 2549 sunt.
1251 2494 1467 2563 Primo,
1511 2495 1824 2568 scriptores

168 2584 349 2638 ferme
361 2598 573 2639 omnes
584 2582 705 2637 sive
717 2581 1011 2653 antiquos,
1043 2582 1161 2638 sive
1173 2584 1544 2652 recentiores,
1558 2584 1823 2641 unanimi

163 2688 452 2729 consensu
487 2671 821 2728 Brunonem
854 2669 1070 2726 Urbani
1101 2672 1447 2743 magistrum
1471 2672 1819 2747 appellasse.

164 2762 458 2825 Secundo,
492 2758 810 2815 nonnullos
832 2759 980 2815 alios
1012 2777 1043 2816 e
1072 2761 1363 2818 Brunonis
1416 2762 1720 2835 discipulis
1748 2763 1820 2819 ad

166 2852 596 2929 episcopatum,
629 2848 861 2904 Urbano
891 2847 1083 2904 adhuc
1101 2849 1347 2920 vivente,
1371 2855 1597 2907 evectos
1617 2852 1820 2919 fuisse,

169 2940 317 3011 quod
354 2937 604 3011 proinde
632 2953 793 3008 teque
822 2937 1056 2994 Urbano
1086 2954 1152 2994 ac
1182 2938 1313 2995 istis
1342 2940 1675 3013 contingere
1721 2959 1820 3015 po-

170 3028 293 3084 tuit.
329 3029 497 3084 Sane
524 3030 748 3085 eertum
778 3030 869 3082 est
898 3027 970 3082 de
1007 3026 1207 3084 Odone
1251 3028 1604 3103 Burgundiae
1656 3031 1823 3087 ducis

174 3119 343 3172 fratre
377 3134 447 3175 ac
508 3115 1014 3190 principeeregia
1061 3116 1416 3173 Francorum
1463 3119 1665 3192 stirpe,
1721 3120 1823 3192 qui

174 3207 295 3263 licet
319 3206 574 3270 litteras,
610 3209 675 3260 ut
701 3204 953 3277 ipsemet
982 3209 1230 3261 testatus
1261 3211 1367 3274 est,
1401 3209 1513 3263 sub
1553 3208 1824 3266 Brunone

1944 639 2063 679 suae
2091 623 2445 697 vigesimum
2479 623 2891 697 quintum,aut
2920 627 3075 680 certe
3095 620 3450 695 vigesimum
3471 635 3597 677 sex-

1944 716 2093 768 tum.
2127 717 2361 769 Certum
2394 713 2609 784 quippe
2633 717 2722 769 est
2749 729 2885 769 eum
2916 712 3134 769 rexisse
3187 708 3393 768 multis
3421 707 3594 766 annis

1943 801 2174 859 scholas
2206 803 2546 869 Remenses;
2579 801 2733 873 quod
2766 800 3001 857 nonnisi
3031 802 3102 857 ad
3135 796 3471 873 quindecim
3492 800 3597 854 aut

1943 891 2250 947 duodecim
2283 908 2468 947 annos
2499 890 2728 946 extendi
2760 893 2971 962 potest,
2997 898 3052 947 et
3082 889 3169 946 sic
3194 886 3597 946 celeberrima-

1942 998 2072 1035 rum
2088 979 2297 1036 barum
2312 978 2644 1036 scholarum
2659 979 3059 1051 praefecturam
3073 977 3430 1050 suscepisset
3438 991 3592 1033 anno

1940 1070 2125 1126 atatis
2158 1086 2277 1125 suae
2310 1069 2539 1124 circiter
2596 1067 2966 1133 duodecimo,
3028 1070 3131 1121 aut
3159 1067 3233 1122 ad
3284 1079 3591 1122 summum

1943 1159 2149 1231 quinto
2180 1158 2425 1215 decimo:
2442 1157 2597 1230 quod
2620 1172 2791 1213 nemo
2818 1172 2973 1211 sane:
2985 1154 3223 1220 mentis,
3254 1157 3322 1210 ut
3350 1151 3590 1225 quidem

1942 1248 2089 1303 mihi
2119 1248 2370 1315 videtur,
2401 1246 2630 1302 dixerit.
2646 1250 2978 1301 Brunonem
3005 1259 3140 1300 vero
3156 1242 3259 1298 diu
3289 1240 3593 1299 Remensi-

1941 1339 2053 1395 bus
2083 1337 2301 1394 scholis
2332 1335 2632 1409 praefuisse
2653 1333 2888 1391 disertis
2909 1331 3104 1389 verbis
3120 1331 3421 1388 affirmant
3438 1329 3593 1388 inter

1940 1426 2089 1483 alios
2118 1428 2247 1499 ejus
2272 1426 2632 1492 laudatores,
2661 1423 2723 1479 in
2753 1422 2965 1479 rotulis
2994 1425 3128 1495 post
3164 1420 3296 1492 ejus
3337 1422 3588 1476 mortem

1941 1519 2012 1575 ad
2044 1516 2203 1573 varia
2231 1515 2359 1572 loca
2388 1512 2774 1580 transmissis,
2806 1510 3097 1569 Noliensis
3123 1506 3463 1567 monasterii
3482 1524 3589 1565 ca-

1939 1606 2134 1663 nonici
2167 1603 2484 1677 regulares,
2519 1602 2619 1674 qui
2650 1602 2770 1658 visa
2824 1598 3079 1657 schedula
3136 1614 3256 1670 quae
3301 1596 3588 1654 Brunonis

1940 1694 2388 1767 incomparabitis
2414 1690 2725 1765 philosOphi
2747 1691 2954 1748 obitum
2976 1688 3231 1760 patefecit
3248 1685 3587 1760 ingemuere

1938 1786 2011 1843 ob
2032 1783 2182 1841 tanti
2212 1782 2314 1839 viri
2347 1796 2643 1846 occasum,
2671 1780 2771 1852 qui
2794 1777 3003 1834 dudum
3030 1776 3282 1832 Ecclesia:
3307 1774 3450 1831 sedis
3478 1774 3587 1829 Re-

1937 1876 2209 1932 mensium
2238 1887 2480 1929 summus
2491 1869 2821 1925 didascatus.
2832 1908 2844 1921 .
2855 1874 2924 1923 .et
2938 1866 3193 1922 columna
3212 1866 3377 1922 totius
3391 1868 3588 1919 πιεῖνο-

1931 1965 2073 2038 polis
2087 1963 2188 2019 diu
2200 1956 2883 2019 exstiterat.Noliensibus
2894 1953 3269 2012 consentiunt
3284 1952 3475 2010 cateri
3486 1951 3586 2008 Ec-

1933 2053 2247 2110 clesiarum
2280 2053 2339 2106 et
2370 2046 2857 2106 monasteriorum
2870 2046 3190 2101 conventus
3205 2041 3268 2106 in
3287 2038 3586 2099 similibus

1936 2142 2162 2210 rotulis,
2195 2139 2294 2197 ubi
2309 2154 2443 2195 eum
2455 2135 2630 2194 variis
2659 2135 2950 2192 honorum
2962 2131 3151 2189 titulis
3172 2131 3582 2189 condecorant.

1933 2232 2099 2288 Hunc
2123 2244 2390 2302 gemmam
2435 2225 2645 2298 sophiae
2694 2222 2996 2297 appellant
3050 2219 3317 2278 canonici
3362 2219 3584 2276 Sancta:

1935 2319 2128 2376 Mariae
2160 2316 2474 2382 Blesensis;
2508 2315 2683 2370 lucem
2699 2311 3060 2370 ecclesian
3089 2306 3360 2366 monachi
3393 2304 3583 2363 Bello-

1932 2412 2209 2465 vacenses
2266 2404 2463 2461 Sancti
2528 2401 2815 2463 Luciani;
2870 2399 3244 2455 clarissimum
3285 2395 3585 2467 sophistam

1934 2498 2327 2555 Maciacenses
2356 2492 2554 2550 Sancti
2610 2488 2949 2556 Maximini;
3007 2486 3277 2545 doctorem
3303 2482 3584 2547 doctorum

1932 2589 2369 2652 Bernacenses;
2415 2583 2808 2652 magistrorum
2852 2576 3014 2632 decus
3064 2573 3365 2643 remigium
3409 2569 3585 2627 turba:

1930 2678 2206 2734 Bernensis
2237 2671 2596 2729 Parisienses
2615 2669 2839 2725 Sanctis
2855 2664 3049 2722 Marize
3069 2661 3311 2735 majoris
3327 2658 3585 2717 ecclesias

1932 2765 2217 2832 canonici;
2250 2764 2407 2819 hunc
2437 2760 2703 2815 doctrinae
2738 2755 3039 2829 praebuisse
3078 2749 3289 2808 undam
3332 2748 3588 2822 gentibus

1929 2866 1982 2915 et
2000 2857 2182 2922 cleris,
2215 2852 2383 2909 aiunt
2409 2846 2606 2905 Sancti
2637 2843 2896 2903 Gervasii
2938 2840 3333 2907 Valesienses;
3372 2839 3589 2894 cunctos

1930 2959 2212 3019 superasse
2259 2943 2364 2997 toto
2410 2940 2470 2994 in
2508 2936 2635 2993 orbe
2678 2934 2990 3003 magistros.
3049 2927 3250 2986 Sancti
3278 2923 3585 3019 ‘Timothei

1932 3016 2270 3092 Remenses:
2303 3031 2418 3101 ejus
2449 3025 2699 3082 doctrina
2728 3027 2802 3079 tot
2830 3024 2999 3094 factos
3026 3033 3139 3076 esse
3165 3016 3434 3089 sapientes
3462 3021 3593 3087 quot

1930 3140 2085 3181 mens
2112 3122 2283 3178 nescit
2311 3120 2534 3175 Sanctae
2563 3114 2751 3171 Mariis
2767 3109 3210 3184 Spulingenses;
3236 3110 3293 3164 et
3311 3102 3587 3163 monachi

1933 3212 2132 3270 Sancti
2191 3206 2409 3265 Nicolai
2462 3200 2903 3275 Andegavensis
2958 3199 3075 3270 ejus
3129 3196 3435 3253 doctrinam
3476 3198 3584 3251 toto

178 3296 370 3352 Remis
404 3276 902 3362 didicisset,anno
921 3297 1117 3351 tamen
1133 3297 1291 3363 1085,
1326 3302 1598 3353 monente
1614 3299 1823 3371 Vigue-
1853 3276 1896 3343 Ο
1932 3304 2146 3375 [algere
2173 3302 2236 3354 in
2265 3298 2408 3363 orbe,
2444 3292 2737 3363 undeejus
2757 3304 3010 3362 sequaces
3025 3302 3154 3375 esse
3185 3287 3395 3375 optant
3408 3298 3583 3339 cano-

175 3384 271 3452 rio,
307 3383 707 3456 Liugonensis
736 3382 1047 3457 episcopus
1078 3384 1267 3441 factus
1305 3390 1414 3455 est,
1466 3386 1827 3460 proindeque

180 3473 433 3530 triennio
458 3478 775 3544 antequam
808 3472 1080 3529 Urbanus
1112 3474 1392 3530 thronum
1441 3476 1826 3548 apostolicum

182 3561 619 3618 conscenderet.
653 3560 939 3617 Similiter
968 3562 1318 3619 Lambertus
1347 3563 1752 3632 Pultariensis,
1771 3570 1829 3622 et

174 3652 380 3708 Petrus
416 3651 476 3707 S.
499 3650 746 3707 Joannis
775 3649 1087 3706 Vinearum
1107 3653 1263 3724 apud
1282 3653 1625 3725 Suessiones
1648 3655 1826 3710 abba-

178 3746 281 3809 tes,
315 3739 427 3813 qui
456 3738 631 3795 etiam
659 3739 950 3795 Brunouis
981 3740 1337 3812 magisterio,
1369 3746 1435 3799 ut
1464 3742 1577 3816 ipsi
1626 3743 1830 3800 dicunt

180 3830 237 3887 in
265 3828 483 3886 rotulis
508 3831 640 3900 post
666 3832 915 3884 mortem
936 3829 1121 3884 sancti
1149 3829 1255 3884 viri
1276 3832 1667 3903 transmissis,
1691 3835 1829 3890 ado-

178 3917 462 3985 leverant,
486 3917 594 3973 has
609 3916 1179 3990 dignitates,vivente
1201 3919 1394 3975 adhuc
1414 3920 1666 3991 Urbano,
1682 3923 1828 3979 obti-

188 4010 461 4064 nuerunt.
488 4007 633 4064 Cum
662 4005 865 4078 itaque
876 4007 995 4061 haec
1009 4008 1270 4063 omnimo
1288 4008 1359 4063 de
1376 4008 1495 4065 illis
1516 4016 1672 4067 certa
1688 4011 1829 4081 sint,

184 4114 294 4154 non
325 4096 501 4152 video
516 4113 635 4167 qua
664 4094 887 4151 ratione
904 4097 1339 4168 negarenturde
1371 4098 1622 4170 Urbano,
1657 4118 1833 4173 quem

184 4203 248 4242 ex
280 4189 549 4241 veterum
579 4188 889 4240 auctorum
947 4185 1283 4242 testimonio
1338 4191 1566 4244 constat
1614 4190 1832 4245 factum

184 4274 549 4346 pontiﬁcem,
580 4288 717 4329 cum
747 4276 911 4330 a’tate
937 4274 1224 4331 mediocris
1253 4280 1428 4345 esset,
1462 4282 1521 4333 et
1548 4294 1616 4334 ea
1645 4278 1836 4337 adhuc

189 4363 431 4420 florente
456 4365 704 4418 mortem
735 4361 968 4419 obiisse.

259 4451 389 4508 Jam
418 4466 555 4509 vero
584 4450 637 4506 si
664 4450 737 4506 de
766 4451 1061 4508 Brunonis
1109 4456 1277 4509 aetate
1324 4454 1715 4528 inquiramus,
1747 4457 1839 4514 vix

189 4538 444 4595 dubitari
454 4541 654 4612 potest
674 4538 816 4610 quin
833 4538 1012 4597 vitam
1027 4539 1186 4597 ultra
1204 4542 1635 4617 quinquaginta
1653 4563 1839 4604 annos

1935 3370 2050 3449 uici
2082 3383 2432 3444 cathedralis
2462 3380 2715 3437 ecclesiae
2733 3378 2957 3433 Sanctae
2976 3373 3177 3429 Crucis
3202 3370 3581 3426 Aurelianen-

1934 3482 2038 3538 sis.
2071 3476 2302 3534 Nimius
2332 3487 2523 3529 essem
2550 3470 2609 3523 in
2636 3465 2861 3524 ceteris
2889 3461 3095 3536 elogiis
3122 3461 3253 3533 ejus
3273 3473 3580 3516 recensen-

1935 3570 2123 3626 dis.At
2153 3564 2420 3621 omittere
2449 3546 3584 3622 nonlicetcanonicorumAndegavensis

1935 3654 2202 3714 Ecclesiae
2230 3647 2581 3707 cathedralis
2609 3644 2800 3703 sancti
2844 3640 3107 3700 Mauricii
3154 3636 3584 3705 testimonium,

1938 3763 2054 3819 quo
2100 3744 2434 3798 Brunonem
2492 3738 2767 3793 asserunt
2817 3731 3172 3804 magistrum
3231 3727 3416 3819 fuisse
3469 3742 3586 3783 non

1938 3816 2275 3909 puerorum,
2307 3832 2411 3884 aut
2441 3824 2737 3883 minorum
2767 3820 3136 3909 clericorum,
3174 3818 3296 3909 sed
3328 3816 3590 3909 virorum

1938 3903 2205 3996 gravium
2235 3921 2293 3974 et
2313 3917 2439 3988 jam
2470 3914 2796 3979 doctorum,
2825 3909 2928 3983 qui
2972 3908 3084 3965 sub
3140 3923 3208 3964 eo
3262 3906 3472 3976 divina,

1939 3992 2049 4077 cst,
2108 4005 2464 4079 theologiam
2524 4000 2924 4058 addiscebant.
2986 3997 3149 4063 Quod
3207 4012 3350 4053 sane
3398 3992 3595 4066 arguit

1941 4116 2078 4157 eum
2096 4099 2224 4169 jam
2254 4100 2396 4150 tunc
2455 4094 2695 4147 maturae
2754 4088 2942 4145 (etatis
2974 4086 3157 4141 fuisse
3198 4092 3334 4138 cum
3395 4080 3594 4136 Remis

1943 4195 2079 4247 ante
2108 4201 2284 4243 suum
2318 4196 2619 4239 secessum
2668 4179 2919 4237 doceret.
2972 4174 3058 4232 En
3113 4171 3338 4244 aliquot
3386 4183 3597 4227 eorum

1940 4293 2147 4335 VCI‘SUS
2161 4317 2173 4332 .

2016 4368 2147 4439 Ejus
2175 4368 2229 4421 et
2249 4363 2458 4420 eximia
2487 4358 2796 4416 celebratur
2822 4356 3025 4428 ubique
3052 4351 3265 4425 sephia,

2018 4457 2320 4526 Ptusquam
2348 4450 2586 4506 Maronis
2616 4446 2876 4503 laudatur
2905 4445 3101 4514 lingua
3130 4439 3426 4507 Brunom's,

2022 4544 2208 4599 Gloria
2225 4541 2479 4596 Plutonis
2508 4537 2720 4593 vilescit
2746 4534 2905 4591 laude
2933 4531 3228 4589 Brunonis.

192 4629 553 4701 produxerit.
579 4627 743 4692 Quod
777 4630 841 4683 ut
868 4628 1186 4699 evincatur,
1231 4631 1420 4702 primo
1465 4637 1842 4694 statuendum
1874 4645 1923 4711 D
2023 4635 2121 4689 Hic
2146 4629 2491 4703 prwwllebat
2518 4625 2844 4692 doctoribus,
2878 4622 2967 4679 hic
2994 4620 3231 4711 faciebat

192 4724 279 4773 est
302 4721 543 4790 tempus
569 4733 686 4789 quo
717 4715 916 4773 Remis
947 4718 1152 4774 docere
1181 4719 1379 4775 desiit.
1416 4724 1579 4779 Certe
1606 4742 1676 4780 ex
1717 4730 1849 4783 (ξι-θ.
1876 4709 1901 4711 ί
2029 4722 2276 4777 Summos
2304 4718 2560 4780 doctores,
2592 4730 2705 4771 non
2728 4709 3064 4769 instituendo
3087 4711 3354 4765 minores:

190 4805 339 4877 gorii
369 4805 475 4861 VII
506 4802 735 4872 litteris,
768 4808 826 4859 et
854 4821 924 4861 ex
948 4804 1226 4862 Guiberto
1266 4806 1568 4880 Novigenti
1618 4812 1847 4881 abbate,
2031 4816 2231 4867 Doctor
2255 4807 2535 4864 doctorum
2563 4805 2673 4875 fuit
2697 4804 2806 4870 hic,
2835 4817 2946 4858 non
2974 4797 3386 4856 clericulorum.

195 4893 389 4968 colligi
422 4910 593 4966 posse
652 4893 883 4948 videtur
926 4894 1257 4952 Brunonem
1288 4896 1590 4954 Remensis
1638 4901 1850 4957 scholae
2029 4901 2167 4955 Nam
2194 4913 2294 4951 nec
2322 4895 2570 4951 honestas
2603 4894 2906 4958 verborum,
2938 4905 3037 4945 nec
3063 4889 3361 4959 gravitate:

198 4983 603 5053 prefecturam
637 4982 936 5039 dimisisse
952 4984 1257 5041 occasione
1288 4988 1593 5043 turbarum
1619 5004 1768 5060 quas
1793 4991 1850 5045 in
2032 4986 2273 5057 Sumpsit
2306 4982 2581 5038 Brunonis
2606 4981 2725 5036 nisi
2754 4980 2839 5035 vir
2860 4994 3077 5048 magnae
3101 4974 3357 5032 rationis.

196 5087 270 5128 ea
303 5071 555 5128 Ecclesia
601 5072 907 5128 Mauasses
952 5071 1430 5146 archiepiscopus
1484 5077 1849 5147 excitaverat,
2030 5076 2261 5133 Nuntiat
2290 5072 2570 5141 egregiam
2597 5068 2787 5125 divina
2814 5066 3049 5125 docendo
3075 5063 3352 5135 sophiam.

195 5159 561 5233 proindeque
618 5178 771 5217 anno
823 5161 1053 5217 circiter
1108 5142 1265 5230 1076,
1307 5142 1409 5219 aut
1458 5167 1747 5236 sequenti.
1958 5165 2106 5222 Hinc
2138 5163 2196 5218 in
2229 5159 2513 5217 Chronico
2546 5148 3408 5236 MalleacenciBrunoperfécm
3431 5142 3614 5236 Phi?“

195 5232 660 5320 quidem,iinitio
690 5250 831 5306 anui
875 5244 1034 5319 1078,
1097 5249 1421 5322 Godefridus
1465 5232 1851 5325 caricellarius,
1960 5254 2161 5325 saphus
2189 5251 2262 5307 ab
2290 5248 2620 5305 Adhemaro
2663 5244 3008 5319 appellatur;
3064 5253 3238 5312 quem
3270 5235 3424 5291 inter
3472 5232 3619 5325 alios

198 5319 492 5395 Brunouis
520 5337 580 5395 in
609 5338 832 5395 scholis
859 5339 1130 5412 regendis
1158 5344 1215 5394 et
1241 5319 1303 5394 in
1320 5340 1649 5397 cancellarii
1671 5319 1857 5416 digni-
1963 5319 2080 5399 non
2112 5337 2520 5411 Berengarius,
2553 5341 2621 5392 ut
2646 5335 2888 5408 quidam
2919 5330 3069 5387 male
3107 5325 3486 5416 intelligunt,_
3515 5319 3620 5416 sed

204 5429 324 5483 tate
350 5444 681 5497 successor,
716 5407 1068 5500 subscripsit
1095 5427 1336 5484 concilio
1358 5407 1767 5488 Suessionensi
1795 5431 1856 5489 in
1966 5429 2280 5487 Fulbertus
2304 5407 2707 5491 Uarnoteusis,
2740 5438 2893 5479 anno
2921 5420 3060 5476 1028
3075 5416 3406 5482 defunctus,
3431 5407 3622 5485 philo-

198 5531 377 5573 causa
405 5516 665 5573 ecclesiae
694 5516 893 5573 Sancti
920 5515 1201 5581 Quintini.
1252 5518 1342 5586 At,
1376 5518 1426 5574 si
1456 5519 1649 5576 Bruno
1702 5537 1857 5578 anno
1968 5516 2187 5592 sophia;
2219 5533 2337 5573 sua:
2367 5512 2657 5571 haeredem
2688 5510 3024 5582 reliquerat.

196 5605 331 5663 MOI
366 5605 941 5680 quinquagenarius,
975 5610 1038 5661 ut
1065 5605 1268 5662 volunt
1315 5607 1652 5679 adversarii,
1686 5626 1716 5666 e
1742 5610 1860 5667 vita
2037 5608 2170 5665 Jam
2190 5622 2328 5663 vero
2345 5604 2479 5679 quis
2509 5600 2719 5661 dixerit
2732 5598 3188 5668 tantumvirum,
3222 5608 3398 5669 quem
3418 5602 3626 5680 omnes

197 5672 600 5769 mutsset,
632 5672 791 5759 anno
820 5694 964 5758 4076
989 5698 1094 5757 aut
1135 5700 1434 5791 sequente,
1483 5713 1598 5779 quo
1639 5672 1859 5765 schola
1970 5698 2154 5766 ferme
2182 5672 2522 5766 Galliarum,
2553 5688 2773 5770 Anglia:
2797 5692 2857 5752 et
2904 5686 3081 5754 Italis
3126 5680 3397 5750 Ecclesia
3441 5672 3626 5742 veluti
