4000 6178
376 402 478 477 “1‘5
1510 440 1529 448 -
1696 413 1769 475 Β.
1814 392 2052 477 ΠΒΒή

2163 388 2205 474 l1
2245 409 2506 474 PAPJE.
3714 370 3804 468 rt

402 535 2047 623 celeberrimumscientiarummagistrumcertatichm-
2072 546 2127 613 Α
2225 543 2374 599 Vero
2422 542 2678 600 similius
2734 523 2842 612 est,
2904 542 3059 615 quod
3119 540 3355 615 scripsit
3406 540 3711 599 Albericas
3742 542 3808 599 in

400 638 770 707 mandarunt,
804 638 915 694 has
942 636 1146 694 laudes
1168 651 1355 693 annos
1370 634 1574 708 viginti
1595 638 1697 690 aut
1722 634 1895 706 paulo
1913 633 2046 707 plus

392 730 497 781 aut
529 727 941 784 minusnatum
968 723 1546 800 promeruisse?Quis
1575 724 1839 795 inquam,
1860 723 2047 780 sibiin

394 816 662 872 animum
690 816 986 873 induxerit
1015 816 1349 872 Brunonem
1379 829 1448 869 ea
1477 816 1641 869 astate
1666 813 1789 892 diu.
1816 811 2049 868 scholas

395 894 540 962 adeo
585 906 844 962 celebres
892 922 1026 962 cum
1075 908 1241 959 tanta
1282 901 1631 959 eruditionis
1679 906 1736 958 et
1775 901 2048 958 doctrina:

392 994 549 1050 fama
576 984 814 1065 rexisse,
853 998 920 1048 ut
935 995 1068 1065 post
1094 990 1301 1064 viginti
1324 990 1672 1047 secessionis
1684 1006 1869 1062 annos
1892 1006 2051 1045 mors

393 1085 520 1154 ejus
552 1086 833 1154 tanquam
867 1082 1134 1137 omnium
1166 1082 1474 1135 doctorum
1506 1079 1772 1152 magistri
1796 1096 1830 1134 a
1851 1078 2053 1152 pleris-

394 1186 507 1242 que
518 1171 676 1227 orbis
697 1170 1011 1226 Christiani
1034 1167 1309 1225 Ecclesiis
1323 1168 1740 1225 celebrioribus
1754 1167 2053 1241 deplorata

390 1249 589 1315 fuerit.
622 1259 904 1330 Denique,
939 1258 988 1314 si
1017 1258 1271 1314 visiones
1299 1256 1360 1314 in
1392 1262 1605 1315 nostras
1634 1274 1822 1314 causa
1858 1256 2049 1314 subsi-

394 1348 559 1403 dium
592 1349 881 1404 adducere
906 1347 1095 1416 liceat,
1121 1336 1313 1403 Bruno
1332 1364 1506 1403 senex
1523 1351 1668 1416 erat,
1692 1347 2053 1421 proindeque

396 1437 787 1509 quadraginta
816 1438 1077 1509 quinque
1108 1440 1210 1492 aut
1231 1437 1407 1492 etiam
1439 1437 2052 1509 quinquagintaannis

398 1528 606 1597 major.
621 1542 753 1581 cum
781 1526 839 1580 in
854 1525 1483 1581 Calabriamdraretur.
1511 1518 1742 1581 Etenim
1770 1524 2052 1597 Rogerius

396 1630 610 1681 comes,
645 1619 707 1670 ut
742 1614 864 1687 ipse
898 1615 956 1670 in
990 1612 1228 1688 vulgata
1270 1631 1338 1670 ea
1368 1615 1440 1670 de
1494 1631 1552 1671 re
1584 1614 1787 1671 charta
1833 1619 2050 1681 narrat,

398 1721 529 1758 cum
558 1705 814 1775 Capuam
849 1705 1143 1759 obsideret
1173 1721 1206 1760 a
1233 1721 1361 1760 sene
1388 1702 1671 1760 reverendi
1699 1705 1902 1768 vultus,
1952 1703 2053 1775 qui

398 1792 448 1846 ei
480 1790 810 1847 venerabilis
839 1793 1008 1847 Pater
1032 1793 1218 1847 Bruno
1249 1806 1378 1848 esse
1424 1791 1750 1859 videbatur,
1796 1792 2054 1847 munitus

400 1879 509 1935 fuit
540 1884 604 1935 ut
634 1882 707 1936 ab
737 1879 970 1937 insidiis
996 1880 1181 1953 Sergii
1206 1881 1515 1953 cujusdam
1545 1879 1854 1953 proditoris
1886 1895 2046 1936 cnve-

400 1973 505 2026 rct.
538 1968 844 2041 Eanibus
857 1970 1135 2026 omnibus
1146 1970 1315 2026 facile
1327 1968 1625 2041 colligitur
1643 1968 1789 2027 nihil
1812 1969 2052 2026 omnino

398 2058 684 2130 impedire
712 2059 1037 2130 quominus
1072 2058 1425 2115 admittatur
1456 2059 1791 2114 Brunonem
1834 2057 2055 2115 Urbani

400 2163 535 2202 cum
568 2147 627 2202 in
660 2146 931 2203 Remensi
965 2146 1165 2204 schola
1192 2147 1401 2203 litteris
1422 2150 1669 2214 vacaret,
1702 2147 2054 2221 magistrum

401 2236 603 2301 fuisse,
633 2236 808 2309 idque
830 2234 1211 2294 anno'saeculi
1246 2236 1541 2292 undecimi
1572 2236 1803 2292 circiter
1818 2252 2054 2310 sexage-

401 2325 575 2382 simo.-
612 2316 769 2381 Unde
790 2340 987 2381 rerum
1021 2315 1202 2382 series
1227 2324 1312 2381 sic
1341 2323 1600 2381 ordinari
1616 2329 1827 2397 potest:
1852 2326 2057 2383 (Serva-

403 2404 540 2469 sius‘
559 2422 712 2469 anno
745 2415 885 2469 1055
906 2413 1185 2469 thronum
1220 2404 1569 2470 Remensetn
1590 2414 1857 2486 adeptus,
1882 2412 2056 2486 paulo

400 2508 533 2574 post
562 2490 1065 2575 Brunonem,jam
1095 2506 1287 2572 antea,
1322 2514 1387 2557 ut
1416 2500 1717 2559 Manassae
1747 2501 2060 2559 afﬁrmavit

402 2592 460 2645 in
495 2608 603 2645 sua
650 2582 936 2663 apologis,
997 2580 1315 2647 canonieus
1364 2589 1733 2647 Coloniensis
1791 2590 2056 2648 Ecclesia:

401 2679 599 2735 Sancti
629 2668 993 2751 Chuniberti,
1026 2681 1238 2736 Remos
1268 2680 1588 2747 advocavit,
1634 2681 1806 2753 eique
1844 2676 2060 2737 collata

400 2768 729 2824 cancellarii
744 2756 1048 2843 dignitate,
1065 2786 1184 2825 suae
1200 2768 1471 2825 Ecclesiae
1500 2769 1833 2825 scholarum
1856 2784 2056 2826 curam

404 2857 798 2926 demandavit;
829 2858 1237 2914 enutrieb‘atur
1267 2862 1407 2914 tunc
1454 2858 1608 2931 inter
1637 2858 1782 2916 alios
1834 2858 2058 2915 nobiles

404 2949 532 3019 ejus
564 2934 750 3004 tetatis
777 2947 1019 3004 clericos
1049 2948 1171 3003 Orio
1200 2952 1415 3016 noster,
1449 2964 1623 3020 quem
1655 2949 1704 3003 si
1735 2965 1889 3004 anno
1919 2950 2060 3003 1060

404 3040 676 3093 octavum
696 3024 996 3092 decimum
1033 3033 1265 3092 circiter
1293 3025 1483 3094 aetatis
1513 3052 1630 3094 suae
1657 3052 1878 3094 annum
1921 3036 2056 3094 atti-

399 3112 558 3198 gisse
589 3124 995 3191 admittamus,
1029 3125 1185 3195 quod
1218 3138 1360 3179 sane
1384 3139 1529 3195 pene
1556 3127 1781 3180 certUm
1803 3124 2052 3192 videtur;

400 3213 547 3267 nihil
581 3214 819 3269 omnino
848 3212 1105 3270 obstabit
1160 3212 1478 3285 quominus
1513 3230 1581 3270 eo
1623 3218 1887 3285 tempore
1942 3213 2052 3270 sub

404 3301 696 3384 Brunonis
711 3301 1025 3376 disciplina
1044 3301 1356 3368 enutritus,
1376 3308 1432 3385 et
1450 3307 1651 3374 postea
1671 3302 1847 3358 variis
1866 3300 2057 3377 digni-
2090 3276 2133 3346 Ο

404 3380 599 3446 atibus
626 3391 912 3459 decursis,
944 3391 1353 3464 pontificatum
1406 3380 1735 3447 Romanum
1793 3392 2058 3464 adeptus,

403 3479 577 3535 fuerit
606 3497 758 3535 anno
794 3470 930 3535 10088
959 3480 1145 3536 atatis
1175 3496 1294 3535 suae
1312 3496 1466 3535 anno
1498 3480 1728 3537 circiter
1754 3482 1827 3542 αδ
1849 3481 2063 3538 modica

408 3571 593 3634 aetate,
621 3573 678 3622 et
734 3568 973 3622 tandem
1029 3556 1183 3622 anno
1246 3569 1384 3621 1099
1440 3569 1777 3636 decesserit,
1839 3564 2060 3624 annum

409 3670 590 3728 agens
618 3657 706 3723 57,
742 3650 932 3710 adhuc
953 3658 1155 3725 ﬂorens
1185 3659 1241 3711 et
1269 3658 1528 3729 vegetus.
1563 3656 1693 3712 Hac
1720 3658 1866 3712 forte
1888 3657 2059 3729 paulo

407 3744 597 3800 fusius
618 3733 793 3817 quam
827 3744 1128 3817 Oportebat
1165 3749 1411 3800 tractata
1454 3750 1614 3812 sunt;
1666 3746 1767 3802 sed
1798 3746 1855 3801 id
1880 3747 2061 3820 exigit

408 3833 698 3889 Brunonis
731 3833 909 3890 simul
940 3838 998 3890 et
1028 3834 1249 3890 Odonis
1272 3850 1373 3890 seu
1406 3834 1622 3889 Urbani
1673 3852 1870 3904 causa,
1923 3852 2057 3893 cum

406 3912 791 3979 honoriﬁcum
828 3923 904 3980 sit
934 3923 1189 3979 Brunoni
1229 3927 1458 3980 tantum
1489 3921 1766 3981 habuisse
1798 3925 2056 3998 discipu-

407 4010 528 4068 lum
542 4056 554 4079 ,
574 4018 630 4068 et
643 4013 827 4069 Odoni
844 4014 954 4069 sub
965 4016 1087 4068 tam
1102 4011 1288 4069 sancti
1303 4013 1407 4067 viri
1422 4013 1734 4086 disciplina
1745 4015 2055 4071 educatum

401 4101 601 4159 fuisse.
633 4104 929 4169 Quantum
951 4118 1086 4157 vero
1101 4098 1437 4158 subcelebri
1459 4101 1559 4158 illo
1590 4102 2060 4176 magistroinlit-

402 4196 657 4246 terarum
682 4190 895 4246 studiis
906 4194 963 4246 et
980 4190 1568 4246 exercitiisvirtutum
1587 4191 1891 4263 profecerit
1910 4194 2052 4262 Odo,

401 4296 586 4350 pauca
617 4296 744 4350 qua:
770 4296 840 4334 ex
869 4281 998 4351 ejus
1057 4277 1299 4351 scriptis
1347 4285 1684 4351 supersunt,
1734 4297 1800 4337 ac
1831 4282 2056 4356 reliqua

401 4366 560 4422 illius
591 4367 721 4422 vitae
754 4367 1033 4439 praeclara
1060 4371 1246 4439 gesta,
1280 4382 1408 4438 qua
1440 4367 1565 4424 suis
1612 4368 1757 4426 locis
1804 4385 2053 4443 expone-

404 4472 557 4523 mus,
591 4456 735 4510 satis
767 4456 1114 4527 abandeque
1143 4458 1453 4511 testantur.

484 4563 580 4621 III.
619 4564 867 4619 Urbanus
896 4579 969 4617 an
995 4562 1271 4618 [inmensis
1300 4564 1592 4618 canom'cus
1618 4567 1670 4619 et
1693 4565 1970 4624 archidia-

569 4650 751 4689 conus.
788 4635 920 4705 Ejus
946 4649 1102 4688 amor
1130 4634 1192 4688 in
1218 4634 1527 4689 Ecclesium
1559 4634 1892 4694 Remensem.

473 4722 770 4778 Urbanum
784 4739 899 4778 non
915 4721 1106 4777 solum
1131 4720 1191 4777 in
1207 4721 1512 4779 Remensis
1539 4722 1807 4781 Ecclesia:
1829 4728 2052 4800 gremio

401 4812 727 4867 enutritum
756 4811 956 4878 fuisse,
992 4811 1094 4866 sed
1124 4810 1300 4867 etiam
1332 4811 1389 4866 in
1418 4812 1602 4868 nobili
1633 4815 1763 4886 ejus
1784 4816 2053 4874 Ecclesiae

401 4899 814 4955 canonicorum
827 4898 1068 4972 collegio
1082 4898 1274 4955 locum
1287 4899 1613 4957 obtinuisse
1634 4902 1774 4958 varii
1788 4908 2054 4964 auctores

400 4990 621 5060 passim
652 4990 910 5044 tradunt.
943 4989 1087 5043 Cum
1105 5004 1237 5044 vero
1270 4984 1367 5043 illa
1389 4989 1646 5045 Ecclesia
1665 4996 1903 5048 caateras
1937 5012 2050 5051 non

400 5077 683 5149 dignitate
700 5076 914 5144 solum,
929 5077 1029 5133 sed
1053 5077 1227 5133 etiam
1255 5094 1485 5134 morum
1507 5081 1815 5135 sanctitate
1835 5086 1892 5135 et
1924 5082 2051 5138 vitae

400 5166 732 5221 communis
749 5166 1147 5223 observatione
1160 5170 1299 5223 tunc
1316 5167 1699 5236 antecelleret,
1723 5169 1851 5240 ejus
1877 5186 2049 5226 cano-

400 5254 515 5308 nici
546 5254 681 5309 dicti
714 5259 853 5310 sunt
883 5273 918 5311 a
955 5255 1257 5312 nonnullis
1315 5256 1633 5328 regulares.
1681 5257 1870 5327 Atque
1915 5258 2048 5314 inde

399 5347 536 5399 nata
565 5347 655 5398 est
687 5345 1072 5416 posteriorum
1091 5345 1482 5419 quorumdam
1503 5347 1809 5399 auctorum
1828 5344 2043 5417 opinio,

399 5432 499 5503 qui
557 5432 853 5489 Urbanum
895 5434 1038 5490 olim
1086 5433 1434 5490 canonicum
1482 5430 1809 5504 regularem
1864 5433 2046 5492 fuisse

400 5521 785 5592 scripserunt,
804 5524 1108 5595 etquidem
1124 5519 1532 5578 Lateranensis
1555 5520 2042 5594 congregationis,

401 5615 465 5664 ut
489 5609 585 5665 alii
619 5612 911 5681 addidere;
941 5613 1084 5669 adeo
1132 5606 1401 5681 proclivis
1429 5610 1518 5662 est
1546 5624 1580 5662 a
1628 5613 2044 5685 prmeonceptis

390 5699 769 5772 Opinionibus
795 5701 868 5760 ad
900 5714 1149 5760 errorem
1182 5695 1420 5771 gradus.
1449 5695 1563 5754 Sed
1593 5694 1688 5756 his
1741 5696 2044 5765 immorari

396 5804 514 5853 non
542 5794 729 5851 vacat.

2157 632 2463 688 Chronico.
2500 630 2796 688 Urbanum
2836 630 3100 691 Ecclesiae
3119 629 3423 687 Remensis
3444 630 3809 687 archidiaco-

2159 739 2300 777 num
2334 721 2534 777 fuisse.
2568 721 2624 777 Is
2656 719 2959 794 enimipse
2988 718 3236 790 estOdo,
3267 720 3316 778 si
3336 734 3448 778 non
3482 719 3631 778 fallit
3653 725 3810 777 cata-

2157 817 2326 891 logus
2340 818 2884 876 archidiaconorum
2899 816 3277 876 Remensium
3291 836 3325 876 a
3338 810 3576 876 Marloto
3602 824 3767 877 tomo
3788 821 3812 876 Ι

2160 908 2494 981 Metropolis
2525 908 2833 969 Remensis
2870 907 3086 976 editus,
3147 907 3247 982 qui
3278 926 3431 965 anno
3487 908 3622 965 4070
3651 913 3814 965 hanc

2158 996 2504 1070 dignitatem
2519 997 2986 1054 obtinebat.Cave
3006 1001 3203 1054 tamen
3218 1014 3289 1053 ne
3302 996 3469 1053 illum
3484 999 3815 1055 confundas

2140 1078 2293 1140 cum
2326 1084 2438 1142 alio
2470 1087 2735 1159 ejusdem
2768 1087 3026 1142 nominis
3061 1082 3466 1144 archidiacono
3513 1084 3814 1154 Remensi,

2162 1174 2262 1247 qui
2295 1174 2470 1231 variis
2511 1175 2731 1232 chartis
2776 1175 2885 1232 sub
2934 1174 3186 1232 Widone
3215 1180 3272 1232 et
3317 1176 3589 1233 Gervasio
3619 1174 3815 1232 archi-

2161 1262 2512 1336 presulibus
2570 1263 2722 1321 inter
2769 1264 2915 1321 alios
2957 1263 3377 1340 subscripsisse
3428 1268 3812 1323 memoratur.

2160 1352 2306 1408 Cum
2337 1353 2494 1409 enim
2525 1353 3815 1428 istehancdignitatemanno10520btineret,

2163 1445 2227 1495 ut
2261 1445 2417 1513 patet
2446 1458 2513 1497 ex
2541 1442 2814 1499 Widonis
2871 1443 3293 1516 archiepiscopi
3351 1443 3573 1511 charta,
3630 1459 3820 1517 quam

2164 1529 2442 1585 Marlotus
2473 1537 2629 1587 tomo
2664 1533 2709 1587 Il
2744 1531 2962 1601 retulit,
2990 1532 3140 1589 alius
3173 1532 3500 1590 necessario
3530 1532 3823 1589 dicendus

2162 1625 2251 1674 cst
2283 1620 2463 1673 luisse
2494 1626 2741 1677 anostro
2773 1622 3264 1694 Odone,quianno
3295 1622 3435 1678 4088
3466 1640 3597 1678 cum
3622 1621 3823 1678 adhuc

2163 1708 2401 1763 modica:
2434 1710 2619 1766 relatis
2650 1714 2822 1775 esset,
2858 1715 2922 1765 ut
2952 1711 3214 1783 loquitur
3244 1711 3555 1768 Ordericus
3583 1710 3820 1780 Vitalis,

2158 1797 2419 1875 pontifex
2443 1805 2529 1853 est
2561 1798 2952 1856 renuntiatus.
2988 1804 3146 1856 Certe
3177 1800 3393 1856 Odonis
3426 1817 3639 1857 nomen
3662 1818 3827 1860 com-

2167 1887 2404 1942 munius
2436 1894 2573 1942 tunc
2602 1889 2883 1960 temporis
2915 1892 3058 1959 erat,
3093 1895 3153 1944 ut
3187 1890 3319 1963 quis
3363 1888 3613 1946 iuﬁciari
3656 1889 3816 1959 velit,

2165 1984 2312 2039 duos
2342 1985 2471 2053 ejus
2506 1985 2759 2041 nominis
2775 1986 3213 2042 archidiacouos
3235 2003 3301 2041 eo
3331 1985 3542 2042 saeculo
3564 2004 3689 2044 esse
3713 2000 3819 2060 po-

2154 2072 2347 2153 tuisse
2378 2074 2435 2127 in
2453 2074 2718 2129 Remensi
2741 2073 3074 2130 Ecclesia.Si
3105 2073 3236 2148 quis
3261 2071 3399 2130 vero
3430 2073 3489 2129 id
3518 2079 3826 2149 pcrneget,

2162 2162 2526 2233 proferemus
2547 2163 2603 2217 in
2627 2162 3026 2220 testimonium
3046 2162 3310 2235 ejusdem
3325 2161 3585 2225 Ecclesiae
3608 2160 3828 2223 Necro-

2165 2251 2389 2321 togium
2418 2255 2605 2314 vetus,
2638 2251 2694 2305 in
2720 2267 2835 2322 quo
2867 2251 2960 2307 die
2989 2251 3195 2322 quinta
3217 2250 3513 2307 Februarii
3534 2269 3828 2312 memora-

2164 2341 2264 2392 tur
2291 2339 2469 2394 obitus
2499 2338 2699 2395 Odonis
2727 2339 3129 2401 archidiaconi;
3160 2339 3373 2397 diversi
3404 2337 3604 2414 procul
3635 2330 3823 2399 dubio

2168 2441 2202 2480 a
2226 2430 2423 2482 nostro
2446 2426 2567 2499 qui,
2587 2444 2789 2484 mense
2809 2427 2965 2484 Julio
2992 2429 3581 2502 desinente,pontifex
3603 2430 3823 2491 Roma-

2166 2532 2279 2570 nus
2311 2531 2342 2571 e
2371 2515 2487 2571 vita
2512 2517 2772 2573 recessit.

2238 2630 2412 2686 Porro
2444 2631 2793 2689 Remensem
2807 2632 3126 2691 Ecclesiam
3157 2634 3580 2707 sempercoluit
3599 2652 3664 2692 ac
3680 2635 3825 2692 fovit

2166 2720 2437 2776 Urbanus
2466 2721 2642 2777 etiam
2674 2723 3090 2796 postadeptum
3123 2724 3549 2797 pontiﬁcatum,
3570 2725 3725 2797 quod
3746 2738 3821 2782 π

2164 2810 2343 2866 variis
2373 2810 2501 2881 ejus
2532 2810 2818 2882 epistolis,
2850 2828 2999 2884 quas
3038 2829 3147 2869 suo
3175 2812 3378 2869 ordine
3426 2814 3813 2886 proferemus,

2165 2899 2403 2971 patebit.
2464 2898 2603 2972 Ejus
2644 2900 2859 2973 quippe
2910 2905 2967 2957 et
3024 2900 3186 2958 illius
3241 2901 3819 2976 archiepiscoporum

2165 2988 2575 3060 praerogativae
2606 2987 2823 3061 insigni
2853 2989 3169 3062 diplomate
3218 2992 3493 3061 asseruit;
3525 2996 3581 3048 et
3628 2992 3816 3050 altera

2165 3076 2527 3135 conﬁrmavit
2553 3077 2817 3147 ejusdem
2848 3077 3116 3135 Ecclesia
3150 3081 3816 3153 canonicorumprivilc-

2164 3175 2279 3249 gia,
2306 3175 2446 3232 dum
2461 3174 2781 3231 monachos
2792 3175 3166 3248 Remigianos
3195 3178 3478 3235 adversus
3499 3177 3822 3251 lngelram-

2174 3280 2315 3320 num
2336 3263 2597 3320 Lauduni
2629 3261 2971 3335 episcopum
3000 3265 3189 3322 tuitus
3217 3271 3331 3333 est,
3367 3272 3432 3324 ut
3457 3267 3601 3324 nihil
3623 3268 3822 3324 dicam

2168 3355 2241 3411 de
2266 3351 2581 3410 Basolianis
2613 3351 2939 3422 monachis,
2962 3371 3115 3426 quos
3143 3356 3216 3412 ab
3242 3357 3502 3413 advocati
3520 3355 3819 3413 scaenici-is

2162 3444 2311 3517 jugo
2339 3441 2625 3497 liberavit.
2659 3441 2876 3499 Mirum
2905 3446 2997 3500 est
3023 3448 3221 3500 autem
3251 3449 3535 3518 quantum
3563 3444 3820 3501 desuda-

2168 3541 2313 3597 verit
2342 3544 2474 3612 pius
2505 3539 2763 3613 pontifex
2784 3539 2842 3595 in
2870 3537 3556 3613 restituendaepiscopali
3583 3541 3829 3597 Atreba-

2167 3635 2298 3685 tum'
2325 3630 2483 3696 sede,
2535 3646 2663 3701 quae
2694 3645 2728 3684 a
2782 3629 3056 3685 trecentis
3112 3628 3293 3684 ferme
3347 3628 3520 3684 annis
3578 3629 3823 3702 proprio

2167 3730 2438 3790 episcOpo
2476 3722 2763 3783 caruerat,
2825 3716 2983 3789 quod
3036 3733 3099 3773 se
3152 3716 3283 3773 ideo
3337 3716 3542 3774 fecisse
3592 3718 3821 3790 passim

2164 3811 2504 3872 testatur,ut
2517 3807 2837 3863 Remorum
2847 3805 3217 3878 metropolim
3246 3806 3304 3861 in
3331 3807 3632 3879 antiquam
3644 3820 3819 3863 sum

2166 3895 2510 3969 dignitatem
2562 3896 2913 3952 restitueret.
2963 3895 3213 3953 Urbanus
3268 3895 3508 3969 quippe,
3560 3899 3631 3951 ‘ut
3672 3895 3819 3951 Hert

2166 4002 2419 4042 manuus
2476 3984 2657 4041 habet
2703 3985 2763 4040 in
2817 3984 3073 4041 Historia
3118 3984 3565 4040 restaurationis
3614 3984 3820 4039 Sancti

2165 4074 2400 4131 Martini
2428 4073 2835 4142 Tornacensis,
2860 4073 3158 4147 Spicilegii
3180 4072 3489 4130 Acheriani
3506 4077 3663 4128 tonio
3686 4070 3815 4127 Xli:

2163 4174 2424 4244 quoniam
2453 4173 2512 4227 in
2542 4172 2785 4228 Ecclesia
2834 4171 3086 4226 Renmzsi
3128 4170 3383 4227 educatus
3426 4174 3626 4243 ﬂleret,
3658 4169 3821 4226 valde

2162 4270 2284 4318 eam
2311 4277 2474 4332 super
2498 4261 2642 4315 alias
2665 4260 2947 4331 diligebat;
2980 4263 3033 4314 et
3061 4262 3125 4314 ut
3154 4261 3443 4330 mitique»:
3483 4262 3537 4315 ei
3571 4258 3818 4329 dignita-

2160 4354 2267 4406 tem
2295 4349 2577 4406 duodecim
2601 4350 2974 4421 episcoporum
3005 4346 3231 4403 reddere
3251 4355 3445 4421 posset,
3484 4357 3592 4403 non
3612 4354 3818 4419 partem

2162 4439 2464 4496 laborabat.
2488 4436 2718 4493 Etenim
2744 4440 2953 4510 praeter
2978 4436 3444 4504 Atrebatensem,
3490 4438 3818 4492 tentaverat

2159 4528 2337 4585 etiam
2407 4528 2838 4583 Tornacensem
2922 4524 3241 4580 Ecclesiam
3314 4541 3349 4579 a
3406 4522 3814 4579 Noviomensis

2084 4644 2131 4714 Β
2162 4616 2421 4690 episcopi
2477 4612 3155 4714 subje‘ctiope‘liberare.
3214 4613 3287 4665 At
3340 4611 3498 4682 quod

2163 4708 2501 4780 ingruentes
2558 4701 2938 4759 difficultates
3007 4699 3237 4756 efficere
3289 4715 3406 4755 non
3466 4700 3679 4772 potuit,
3728 4699 3814 4757 ab

2162 4795 2423 4869 Eugenio
2480 4793 2559 4848 IIl
2606 4795 2741 4864 post
2795 4788 3022 4862 aliquot
3075 4802 3282 4857 annos,
3346 4794 3553 4863 agente
3608 4792 3816 4845 sancte

2162 4891 2476 4958 Bernardo,
2534 4888 2863 4962 praestitum
2920 4890 3028 4942 est.
3088 4887 3224 4942 Erat
3299 4890 3495 4943 autem
3569 4884 3816 4956 antiqua

2163 4979 2467 5037 Remensis
2499 4976 2806 5049 provinciae
2840 4976 2897 5031 in
2931 4975 3133 5032 Galliis
3164 4975 3562 5047 praerogativa,
3588 4978 3653 5030 ut
3671 4974 3814 5032 dno-

2161 5072 2349 5126 decim
2382 5065 2813 5141 episcopalibus
2834 5065 3076 5121 sedibus
3106 5062 3631 5136 gaudens,judicia
3645 5070 3815 5120 can’m

2160 5169 2290 5224 nica
2319 5168 2376 5222 in
2391 5165 2626 5239 proprio
2640 5162 3026 5234 sinu,absque
3038 5160 3364 5218 alienarum
3377 5160 3810 5234 provinciarum

2157 5273 2265 5329 ope
2296 5254 2594 5312 absolvere
2651 5255 2868 5326 posset.
2928 5251 3214 5308 Caeterum
3273 5265 3409 5307 cum
3456 5248 3810 5323 periclitanti

2157 5344 2424 5403 Ecclesiae
2482 5341 2756 5399 Remensi
2816 5351 2951 5413 post
3032 5337 3316 5413 Raynaldi
3386 5338 3808 5411 archiepiscopi

2154 5436 2382 5495 obitum
2414 5431 2723 5490 subvenire
2752 5428 3035 5487 voluisset
3087 5435 3180 5487 tvo
3227 5427 3672 5486 Carnotensium
3703 5442 3809 5484 an-

2152 5526 2342 5593 tistes,
2375 5521 2593 5579 Urbani
2624 5535 2794 5593 opem
2825 5516 3159 5592 imploravit
3174 5515 3421 5592 epistola
3446 5517 3568 5587 116',
3601 5516 3661 5573 in
3692 5518 3812 5589 qua

2154 5614 2205 5671 ei
2232 5613 2385 5669 hanc
2439 5609 2759 5667 Ecclesium
2816 5624 2928 5665 non
2955 5609 3132 5665 solum
3189 5606 3329 5679 quod
3384 5607 3542 5678 regni
3588 5595 3811 5663 haberet

2153 5702 2424 5776 diadema,
2463 5699 2746 5763 etcaeteris
2792 5712 2936 5777 pene
2960 5696 3213 5760 Ecclesiis
3264 5693 3569 5758 Gallicanis
3622 5694 3807 5755 scema
