4000 6178
186 296 279 375 6⁸1

1802 312 1846 387 ν

1956 314 2015 387 ι.
2256 382 2261 387 ,
3536 322 3616 392 18

185 438 357 535 plum
570 439 657 501 uel
671 443 1087 535 resurrectionis
1099 446 1376 520 ualeret,
1396 449 1846 524 commendavit;

1966 456 2231 530 ejusdem
2252 456 2404 516 Petri
2430 455 2789 533 discipulum
2814 457 3037 533 passim
3059 454 3335 535 appellat,
3360 475 3615 533 eumque

192 531 302 603 ad
347 532 525 593 etiam
573 535 730 607 quod
762 533 866 601 illa
895 534 1212 610 aliquando
1240 540 1370 613 ejus
1398 549 1575 603 mater
1618 541 1850 605 fuisset.

196 623 537 696 Rementem,
584 623 801 698 inquit,
850 630 1210 701 metropolim,
1272 632 1575 705 aliquando
1621 636 1854 693 matrem

196 717 458 779 uestram
489 717 625 782 etc.,
656 717 850 777 vestris
894 719 1361 775 consolationibus
1399 724 1632 794 refoveri
1664 732 1851 795 postu-

197 802 401 860 lamus.
418 802 495 858 Et
512 802 753 876 quidem
770 822 939 864 cassa
953 822 1070 865 non
1101 807 1210 864 fuit
1226 809 1416 866 lvonis
1436 812 1848 883 expostulatio,

198 895 261 950 ut
279 895 446 964 patet
465 909 537 948 ex
559 893 735 950 variis
754 893 986 963 litteris,
1010 913 1162 968 quas
1183 898 1440 970 pontifex
1459 916 1529 957 ea
1547 900 1850 959 occasione

192 980 573 1053 conscripsit,
586 981 644 1038 in
664 982 886 1054 quibus
902 984 1195 1044 sincerum
1214 1003 1352 1060 erga
1362 988 1515 1047 hanc
1532 988 1848 1049 Ecclesium

188 1069 387 1139 animi
414 1071 510 1128 sui
538 1071 809 1130 aﬂ‘ectum
854 1073 1046 1131 verbis
1095 1076 1430 1135 tenerrimis
1486 1077 1761 1152 explicat,
1792 1083 1851 1136 et

184 1159 512 1219 affectibus
534 1162 951 1234 comprobavit.
983 1165 1239 1237 Insignis
1262 1172 1352 1223 est
1382 1184 1496 1239 prae
1527 1169 1751 1225 ceteris
1781 1185 1852 1226 ea

183 1247 262 1303 de
292 1264 366 1304 re
385 1247 550 1305 locus
577 1250 636 1305 in
667 1250 917 1324 epistola
945 1253 1014 1308 ad
1050 1253 1292 1322 clerum,
1316 1256 1608 1325 ordinem,
1632 1256 1848 1315 milites

182 1341 246 1392 et
261 1334 504 1410 plebem
526 1339 723 1401 Remis
750 1339 1086 1409 existentes,
1109 1344 1208 1399 ubi
1240 1343 1326 1401 sic
1355 1361 1455 1405 eos
1485 1345 1843 1419 alloquitur:

183 1427 511 1500 Aﬁedioais
534 1434 739 1488 nostra
765 1433 994 1497 uiscera,
1038 1435 1148 1504 filii
1178 1437 1239 1491 in
1267 1437 1484 1495 Christo
1512 1437 1845 1504 charissimi,

182 1521 488 1589 “gustata
535 1523 682 1585 sunt,
740 1522 878 1591 quia
927 1538 1018 1578 vos
1072 1526 1308 1595 pastoris
1352 1525 1841 1586 sollicitudine.....

184 1608 446 1664 savium:
520 1608 821 1666 destitutos.
895 1610 999 1667 Sed
1052 1614 1113 1668 in
1171 1614 1527 1678 tribulatione
1592 1614 1695 1671 hac
1744 1632 1846 1687 per

185 1698 578 1769 omnipotentis
596 1699 696 1754 Dei
721 1700 960 1769 gratiam
988 1700 1277 1759 charilalis
1304 1707 1505 1761 nostra:
1528 1703 1847 1776 praecordia

1963 546 2036 605 ob
2058 545 2115 603 id
2138 547 2516 621 potissimum
2538 548 2927 623 laudat,quod
2953 550 3129 607 etiam
3148 549 3406 624 pontifex
3426 551 3617 620 factus

1960 636 2118 694 hunc
2134 638 2331 712 ipsum
2353 638 2589 695 Petrum
2608 639 2785 696 veluti
2813 640 3163 714 magistrum
3191 657 3366 696 suum
3379 656 3614 713 semper

1961 728 2245 784 reveritus
2276 728 2468 785 fuerit.
2520 730 2904 785 Consentiunt
2953 735 3149 786 vetera
3188 730 3323 798 alia,
3357 730 3612 787 maxime

1960 816 2307 885 domestica,
2346 822 2728 873 monumenta
2772 819 3050 875 Cavensis
3081 819 3421 875 monasterii
3450 819 3607 892 apud

1959 903 2289 977 Ughellum.
2313 906 2385 961 At
2415 905 2561 961 nihil
2591 922 2661 961 ea
2681 906 2752 961 de
2774 923 2835 961 re
2865 906 3041 963 habet
3067 907 3405 964 Venusinus
3425 909 3608 965 abbas

1957 1011 2308 1067 anonymus,
2333 994 2431 1067 qui
2458 994 2608 1050 Petri
2633 998 2690 1050 et
2720 994 2969 1051 aliorum
2991 996 3318 1068 primorum
3340 998 3603 1069 ejusdem

1955 1082 2066 1140 loci
2124 1085 2406 1141 abbatum
2463 1083 2628 1140 Vitas
2704 1083 2880 1155 paulo
2956 1089 3089 1156 post
3145 1084 3292 1141 illud
3369 1090 3607 1158 tempus

1957 1174 2325 1246 conscripsit.
2357 1176 2559 1229 Exstat
2580 1177 2777 1228 tamen
2803 1173 3069 1244 ejusdem
3121 1173 3273 1229 Petri
3302 1173 3417 1230 alia
3448 1173 3602 1240 Vita,

1956 1279 2136 1336 quam
2166 1279 2234 1318 ex
2249 1262 2450 1318 eodem
2470 1279 2580 1318 ms.
2606 1262 2867 1318 Romano
2888 1277 3066 1333 penes
3087 1278 3196 1318 nos
3214 1262 3521 1329 habemus,
3544 1262 3603 1316 in

1954 1368 2074 1424 qua
2093 1351 2363 1407 Urbanus
2386 1350 2536 1407 Petri
2557 1350 2963 1423 condiscipulus
2993 1349 3132 1406 olim
3155 1350 3336 1405 fuisse
3366 1350 3602 1417 dicitur,

1955 1444 2129 1513 atque
2188 1440 2418 1497 itineris
2472 1441 2602 1511 ejus
2661 1456 2796 1496 cum
2834 1457 2866 1496 e
2923 1440 3112 1496 Gallia
3166 1440 3375 1495 Cavam
3432 1440 3608 1495 rediit

1954 1545 2172 1587 comes.
2229 1529 2395 1585 Certe
2441 1532 2760 1601 utrumque
2816 1528 2998 1584 simul
3046 1529 3201 1601 apud
3258 1528 3605 1584 Cluniacum

1950 1618 2165 1676 vixisse
2193 1618 2288 1675 vix
2315 1618 2628 1691 quisquam
2663 1617 2912 1674 inﬁcia'ri
2943 1621 3158 1690 potest,
3180 1618 3392 1688 et-ipse
3422 1618 3604 1674 abbas

1951 1707 2289 1765 Venusinus
2317 1711 2565 1764 testatur
2606 1707 2866 1774 Petrum,
2918 1710 3054 1763 cum
3086 1710 3417 1763 mereretur
3470 1706 3603 1761 Glu-

184 1784 519 1895 dilfuanlar,
548 1788 682 1858 quia
710 1804 824 1858 vos,
845 1793 977 1855 etc.,
1009 1791 1270 1862 ampliori
1296 1790 1575 1851 devotione
1611 1808 1846 1864 congra-
1874 1823 1927 1895 Β
1952 1797 2126 1866 niaci,
2156 1797 2318 1853 varia
2345 1796 2525 1854 simul
2558 1796 2638 1852 ibi
2671 1797 2863 1852 ofﬁcia
2906 1796 3255 1853 exercuisse.
3302 1796 3378 1851 Ut
3406 1799 3472 1850 ut
3503 1795 3598 1862 sit,

189 1875 457 1931 tuimur.

192 1979 384 2053 ινην.
409 1982 672 2053 Urbanus
698 1984 901 2053 cogitat
926 1984 995 2040 de
1018 2000 1229 2041 secessu
1258 2004 1288 2041 e
1307 1988 1520 2044 saeculo.
1548 1989 1635 2043 Fit
1657 2004 1844 2043 mona-

257 2051 389 2127 chus
420 2052 701 2115 Cluuiaci.
750 2051 977 2111 Romam
1022 2073 1059 2111 a
1112 2057 1370 2127 Gregorio
1406 2060 1494 2119 VII
1519 2067 1837 2116 accersitur.

258 2124 376 2192 Qua
395 2127 698 2183 occasione.

252 2228 380 2286 Non
412 2228 616 2303 itaque
656 2228 951 2293 immerito
994 2234 1391 2305 applaudebat
1436 2236 1549 2293 sibi
1577 2237 1649 2293 de
1678 2240 1840 2293 tanto

184 2316 426 2376 alumno
460 2318 771 2379 Bernensis
828 2320 1110 2390 Ecclesia;
1164 2324 1266 2381 sed
1300 2323 1395 2381 ille
1439 2326 1664 2397 majora
1709 2326 1840 2383 cha-

182 2407 429 2465 rismata
440 2406 759 2471 amulatus
778 2410 851 2466 ad
871 2409 1053 2469 vitam
1075 2413 1482 2484 perfectiorem
1505 2414 1838 2484 anhelabat;

181 2512 285 2559 nec
332 2496 592 2562 dubium
650 2498 795 2569 quin
832 2514 901 2555 ea
932 2499 991 2554 in
1024 2516 1086 2556 re
1133 2502 1426 2563 Brunonis
1469 2503 1732 2561 consiliis
1782 2510 1843 2560 et

180 2584 705 2649 adhortationibus
742 2586 1071 2659 plurimum
1099 2590 1342 2662 adjutus
1370 2597 1429 2649 et
1458 2595 1841 2650 confirmatus

178 2673 379 2735 metit.
400 2675 557 2731 Nam
573 2675 788 2743 Bruno,
812 2681 879 2734 ut
895 2694 965 2737 ex
992 2679 1123 2751 ejus
1151 2680 1417 2752 epistola,
1438 2696 1621 2753 quam
1653 2682 1841 2739 multo

180 2764 461 2836 posteain
473 2762 1448 2841 Calabriapositusadﬂadulphum
1462 2772 1840 2843 praepositum

181 2853 445 2925 scripsit,
475 2857 659 2924 patet,
681 2854 899 2926 sepius
928 2872 1065 2921 cum
1094 2857 1233 2915 aliis
1248 2858 1554 2916 Bernensis
1576 2858 1841 2917 Ecclesia;

183 2940 571 3014 primoribus,
601 2958 635 2997 e
680 2958 937 3013 quorum
991 2962 1239 3004 numero
1289 2964 1435 3006 sane
1463 2947 1584 3005 Odo
1642 2951 1843 3021 utpote

184 3028 642 3095 archidiaconus
688 3035 837 3097 erat.
892 3033 967 3090 de
1022 3039 1365 3107 contemptu
1422 3037 1652 3102 mundi,
1684 3041 1743 3093 et
1770 3037 1844 3093 de

183 3118 424 3175 alterius
464 3116 596 3174 vitae
650 3119 884 3191 gaudiis
938 3121 1229 3195 colloquia
1287 3124 1536 3185 miscere
1593 3125 1837 3193 solebat,

1949 1886 2077 1960 ipse
2106 1887 2378 1943 Urbanus
2398 1903 2514 1942 non
2539 1887 2708 1943 modo
2726 1902 2788 1943 se
2818 1884 3006 1942 tilium
3035 1888 3094 1941 et
3117 1884 3425 1943 alumnum
3447 1884 3603 1941 beati

1951 1976 2213 2049 Hugonis
2234 1975 2565 2048 appellavit,
2591 1973 2676 2029 uti
2694 1977 2819 2047 jam
2842 1992 2911 2031 ex
2930 1976 3059 2046 ejus
3079 1973 3603 2046 epistolaobserva-

1947 2064 2165 2134 vimus,
2195 2081 2400 2120 verum
2431 2064 2609 2120 etiam
2637 2062 2874 2120 disertis
2902 2062 3095 2119 verbis
3116 2064 3422 2135 profitetur
3442 2079 3505 2119 se
3527 2063 3600 2118 ab

1950 2171 2017 2210 eo
2047 2154 2174 2226 ipso
2202 2153 2265 2208 in
2312 2152 2638 2209 monastica
2681 2151 2995 2224 disciplina
3023 2151 3361 2207 institutum
3393 2151 3597 2207 fuisse.

1950 2244 2030 2299 En
2062 2245 2192 2315 ejus
2218 2243 2398 2299 verba
2426 2259 2494 2298 ex
2542 2242 2845 2315 privilegio
2874 2243 3032 2314 quod
3064 2241 3257 2298 eidem
3288 2240 3513 2313 Hugoni
3543 2244 3602 2295 et

1948 2331 2303 2389 monasterio
2326 2330 2693 2388 Cluniacensi
2720 2332 2907 2402 primo
2929 2330 3303 2403 pontiﬁcatus
3322 2328 3413 2383 sui
3442 2345 3598 2383 anno

1948 2420 2253 2476 concessit.
2311 2420 2421 2486 Est,
2453 2418 2667 2491 inquit,
2722 2425 2995 2489 praeterea
3025 2415 3165 2487 quod
3197 2431 3294 2471 nos
3345 2416 3449 2470 tibi
3486 2431 3595 2470 non

1947 2510 2154 2573 Minus,
2206 2512 2404 2580 tuoque
2442 2508 2772 2563 monasterio
2820 2507 2989 2578 faciat
3019 2504 3304 2571 debitores,
3337 2505 3599 2576 quoniam

1944 2613 2044 2671 per
2071 2606 2124 2653 te
2177 2597 2492 2654 monasticae
2546 2596 2834 2664 religionis
2888 2594 3207 2651 rudimenta
3259 2595 3487 2665 suscepi,
3538 2594 3597 2647 in

1947 2691 2040 2744 tuo
2068 2687 2309 2742 coenobio
2355 2700 2457 2757 per
2501 2684 2796 2741 secundum
2825 2684 2880 2739 S.
2930 2684 3172 2756 Spiritus
3212 2685 3452 2755 gratiam
3476 2699 3600 2737 sum

1947 2784 2190 2833 renatus.

2018 2863 2235 2919 Verum
2266 2861 2550 2919 oculatior
2597 2866 2723 2918 erat
2768 2862 2829 2917 S.
2871 2861 3037 2935 Hugo
3068 2877 3248 2933 quam
3279 2863 3347 2916 ut
3373 2862 3603 2917 tantam

1948 2952 2247 3008 lucernam
2276 2951 2386 3007 sub
2426 2949 2624 3007 modio
2653 2949 2989 3007 delitescere
3019 2950 3123 3005 diu
3153 2950 3388 3006 sineret.
3413 2952 3601 3016 Quare

1948 3041 2114 3097 iilum
2147 3039 2405 3096 Cluniaci
2445 3040 2695 3111 priorem
2722 3038 2978 3094 instituit
2998 3039 3164 3110 (circa
3191 3056 3285 3094 an.
3310 3038 3495 3110 1076).
3522 3039 3601 3093 Ea

1949 3130 2235 3203 dignitate
2265 3145 2328 3185 se
2357 3126 2671 3200 aliquando
2705 3126 2958 3199 potitum
2982 3126 3163 3182 fuisse
3182 3125 3308 3198 ipse
3330 3127 3600 3182 Urbanus

185 3207 405 3279 quibus
459 3206 710 3275 invicem
762 3210 835 3265 ad
893 3194 1121 3269 amuli?
1150 3213 1355 3286 fugam.
1399 3215 1833 3271 animabaatur.
1870 3194 1913 3261 θ
1950 3194 2144 3292 palam
2202 3194 2505 3290 professus
2554 3220 2644 3271 est
2672 3194 2731 3270 in
2777 3224 3045 3272 sermone
3073 3194 3247 3286 quem
3302 3215 3510 3271 habuit
3539 3216 3598 3269 in

185 3295 433 3352 Ceteros
448 3300 655 3355 autem
678 3297 1046 3369 praecessisse
1056 3300 1286 3363 videtur
1300 3303 1599 3360 0do.Nam
1619 3303 1843 3375 aliquot

188 3384 380 3450 unis,
404 3389 729 3458 antequam
759 3386 957 3444 Brimo
985 3389 1425 3451 Carthasiensis
1449 3392 1675 3451 ordinis
1704 3393 1841 3449 fun-

192 3473 463 3530 damenta
484 3478 747 3546 poneret,
773 3475 918 3547 ipse,
941 3478 1189 3547 objectis
1207 3480 1595 3541 maculat-ibus.
1611 3482 1840 3553 pompis

186 3566 249 3618 at
272 3562 450 3629 curis,
484 3561 549 3628 in
575 3563 908 3625 coenobium
941 3565 1324 3627 Cluniacense
1353 3569 1615 3627 secessit.
1653 3570 1736 3627 lbi
1768 3570 1842 3627 ab

186 3650 431 3722 Rugum
447 3650 663 3708 abbate
678 3652 1055 3713 sanctissimo
1071 3660 1231 3713 veste
1248 3658 1577 3715 monastica
1590 3660 1843 3715 donatus

185 3745 295 3806 est,
349 3741 527 3811 cujus
556 3739 684 3795 ideo
714 3756 777 3795 se
803 3742 988 3810 ﬁlium
1022 3747 1077 3803 et
1129 3746 1423 3803 alumnum
1472 3746 1729 3819 appellat
1784 3746 1845 3802 in

185 3827 437 3901 epistola
452 3844 634 3901 quam
660 3828 734 3884 ad
755 3846 890 3886 eum
911 3831 1086 3903 paulo
1109 3838 1241 3904 post
1260 3850 1431 3891 suam
1450 3835 1523 3891 ad
1547 3834 1847 3907 pontiﬁca-

189 3922 313 3973 tum
340 3916 813 3988 assumptionem
846 3920 1102 3992 scripsit.
1127 3923 1250 3987 Quo
1279 3939 1413 3981 vero
1436 3923 1495 3979 id
1524 3940 1678 3982 anno
1707 3941 1845 3980 con-

187 4004 387 4078 tigerit
408 4005 697 4063 incertum
721 4010 829 4062 est.
852 4008 947 4077 At,
980 4009 1029 4065 si
1050 4009 1173 4066 Odo
1200 4010 1380 4071 fuerit
1411 4010 1720 4071 Remensis
1751 4011 1848 4071 ille

190 4093 668 4162 archidiaconus,
700 4099 767 4151 ut
794 4096 1113 4163 verisimile
1142 4107 1251 4170 est,
1282 4117 1459 4171 quem
1490 4117 1561 4156 ex
1589 4101 1855 4175 catalogo

190 4182 419 4251 Msa-loti
450 4199 635 4255 supra
662 4182 1055 4253 laudavimus,
1076 4188 1275 4251 Remis
1293 4188 1487 4245 adhuc
1508 4191 1853 4247 versabatur

192 4288 343 4339 anno
404 4273 572 4339 1070;
634 4271 851 4345 quippe
899 4277 999 4346 qui
1057 4276 1165 4333 hoc
1223 4293 1378 4335 anno
1434 4279 1853 4352 subscripserit

194 4360 489 4425 donationi
526 4361 688 4417 factae
716 4362 1008 4429 κΙὲὶοειιθθίειξ
1044 4365 1509 4435 Ruminiacensi,
1541 4368 1625 4425 uti
1658 4368 1852 4425 videre

191 4452 280 4505 est
292 4449 447 4521 apud
469 4464 540 4503 eu
550 4448 1096 4516 mdemMarIotum.
1124 4454 1293 4515 Haud
1318 4433 1511 4515 tamdn
1525 4456 1625 4515 diu
1649 4462 1853 4529 postea

1948 3305 2311 3364 dedicatione
2341 3304 2584 3375 majoris
2612 3302 2816 3359 altaris
2852 3304 3115 3373 ejusdem
3148 3303 3279 3369 luci,
3311 3303 3395 3356 uti
3444 3303 3598 3357 infra

1947 3394 2299 3451 videbimus.
2324 3393 2383 3448 ld
2404 3409 2537 3448 vero
2559 3409 2672 3446 non
2695 3390 2950 3446 multum
2971 3394 3104 3463 post
3117 3390 3247 3462 ejus
3268 3390 3597 3445 conversio-

1951 3499 2084 3541 nem
2117 3484 2334 3538 factum
2366 3480 2546 3537 fuisse
2567 3484 2818 3536 testatur
2837 3480 3155 3535 Guibertus
3175 3478 3324 3534 libro
3346 3496 3388 3535 η
3414 3479 3600 3534 Histo-

1950 3572 2047 3628 ria
2074 3569 2598 3643 Jerosolymitanaa,
2628 3568 2723 3625 his
2751 3568 2981 3625 verbis:
3015 3570 3066 3625 Is
3098 3568 3393 3624 Cluniacus
3422 3572 3599 3639 [actus

1949 3679 2020 3719 ea:
2044 3663 2241 3717 clerico
2285 3660 2648 3715 monachus...
2688 3673 2797 3713 non
2835 3658 3008 3713 multo
3033 3662 3153 3730 post
3182 3659 3331 3714 reicit
3359 3658 3601 3727 ofﬁcium
3646 3676 3661 3687 θ

1946 3753 2248 3823 prioratus,
2295 3751 2363 3803 ut
2391 3745 2615 3803 scilicet
2642 3746 2844 3801 abbati
2873 3762 2980 3801 suo
3010 3745 3260 3817 Hugoni,
3292 3745 3472 3801 variis
3504 3762 3602 3801 ne-

1954 3839 2130 3913 gotiis
2151 3841 2455 3908 occupato,
2469 3835 2809 3905 adjumcnto
2830 3838 3002 3890 esset.
3023 3834 3173 3899 Quid
3194 3838 3387 3890 autem
3416 3833 3526 3890 hac
3542 3834 3602 3890 in

1956 3927 2241 4000 dignitate
2261 3924 2618 3980 constitutus
2640 3923 2993 3995 praestiterit,
3013 3922 3277 3993 ignotum
3310 3922 3477 3977 nobis
3493 3926 3601 3986 est,

1957 4015 2073 4073 nisi
2094 4014 2248 4087 quod
2270 4012 2568 4069 nonnullis
2587 4011 2809 4068 chartis
2820 4008 3242 4081 subscripsisse
3256 4010 3602 4065 inveniatur.

1958 4105 2223 4161 Prmsens
2251 4107 2375 4157 erat
2407 4100 2562 4172 apud
2607 4099 2943 4163 Avalonem,
2977 4097 3210 4168 quando
3242 4096 3406 4169 Hugo
3461 4096 3603 4150 Bur-

1958 4191 2323 4266 gundionum
2374 4190 2491 4245 dux
2546 4186 2853 4244 ecclesiam
2911 4189 3134 4242 Sanctae
3196 4185 3392 4241 Mariae
3449 4184 3607 4241 illius

1959 4279 2137 4338 castri
2168 4278 2445 4335 Cluniaco
2494 4276 2764 4347 subjecit.
2808 4275 2891 4332 lbi
2939 4275 3096 4332 enim
3144 4275 3269 4347 ipse
3301 4274 3408 4331 Odo
3450 4277 3609 4345 prior

1961 4369 2216 4426 σιτιιηίπί
2271 4366 2541 4423 eumdem
2601 4365 2905 4437 Hugonem
2953 4381 3087 4419 cum
3123 4364 3402 4420 fratribus
3455 4365 3603 4434 ejus,

1958 4458 2178 4522 Odonc,
2223 4460 2279 4511 et
2336 4455 2582 4511 Roberto
2637 4458 2775 4508 tunc
2834 4453 3065 4520 clerico,
3125 4457 3299 4525 atque
3357 4453 3607 4508 Widone

193 4536 412 4625 differri
443 4541 640 4609 potest
675 4539 805 4609 ejus
855 4543 1182 4611 conversio,
1204 4545 1254 4599 si
1278 4561 1479 4604 verum
1510 4544 1754 4617 sitquod
1784 4562 1853 4601 ex
1883 4560 1937 4625 ος
1957 4540 3231 4614 comiteMatisconensi,aliisqueBurgundios
3245 4540 3604 4613 proceribus,

199 4624 571 4687 (lluuiucensi
616 4627 917 4687 Chartario
967 4631 1157 4704 colligi
1214 4649 1384 4705 posse
1430 4634 1682 4701 videtur,
1714 4651 1847 4691 eum
1906 4624 1911 4625 γ
1960 4635 2061 4708 qui
2114 4634 2227 4689 huc
2284 4635 2692 4699 convenerant,
2755 4630 2812 4685 in
2869 4634 3109 4701 [rutrum
3167 4630 3609 4686 Cluniac'ensium

193 4714 604 4781 unanimiter
638 4715 941 4789 l076,jam
971 4720 1227 4792 priorem
1248 4722 1509 4781 Cluniaci
1531 4724 1845 4780 exstitisse.

195 4804 263 4873 ει
313 4803 563 4876 quidam
621 4803 733 4861 hoc
761 4804 890 4877 ipso
950 4824 1105 4873 anno
1148 4810 1265 4867 duo
1296 4810 1393 4867 alii
1432 4809 1852 4883 archidiaconi,

199 4908 510 4965 nunquam
525 4896 727 4959 autem
738 4894 936 4967 plures
957 4896 1017 4953 in
1036 4897 1289 4961 Ecclesia
1303 4899 1575 4959 Remensi
1594 4901 1849 4971 fuerunt,

196 4981 391 5049 Quid»
444 4980 709 5049 videlicet
770 4989 829 5045 et
879 4986 1154 5054 Garinus,
1211 4988 1512 5047 donationi
1564 4990 1855 5063 Manassis

198 5067 625 5143 archiepiscopi
670 5072 837 5130 facta
885 5076 1071 5132 sancti
1103 5075 1295 5133 Basoli
1327 5077 1682 5134 monasterio
1712 5079 1854 5135 sub—

197 5156 521 5230 scripsisse
542 5175 677 5215 cum
728 5161 998 5218 Brunone
1023 5163 1392 5229 cancellario,
1427 5170 1851 5221 memorantur.

266 5246 393 5305 Odo
432 5245 693 5311 (Παιιίοεί
750 5251 1105 5317 constitutus
1161 5252 1559 5309 institutorem
1621 5254 1679 5308 in
1739 5254 1856 5309 vita

198 5335 533 5401 monastica
546 5335 757 5405 habuit
772 5338 1033 5409 Petrum,
1052 5340 1155 5415 qui
1181 5341 1562 5421 postmodum
1580 5341 1857 5403 Cavensis

196 5423 253 5485 in
284 5422 459 5485 Italia
486 5423 670 5489 abbas
699 5430 759 5493 et
802 5427 1103 5493 Policastri
1133 5429 1446 5503 episcOpus
1478 5428 1611 5499 fuit,
1654 5429 1705 5486 si
1734 5447 1856 5487 cre-

196 5512 415 5573 damus
447 5517 684 5575 vetusto
744 5514 967 5581 auctori
1016 5519 1118 5591 qui
1162 5518 1555 5576 dedicationis
1600 5519 1856 5576 ecclesia)

201 5600 483 5673 Ostiensis
864 5607 1253 5679 conscripsit.‘
1276 5606 1331 5664 Is
1360 5606 1517 5671 enim
1558 5606 1859 5669 Urbanum

1955 4726 2266 4781 societatem
2342 4719 2587 4786 admisit,
2666 4723 2741 4775 ut‘
2780 4720 2989 4776 scilicet
3045 4722 3103 4773 in
3166 4719 3505 4775 orationibus
3560 4728 3611 4773 et

1958 4811 2332 4882 eleemosynis,
2366 4810 2451 4865 vel
2506 4810 2674 4864 etiam
2703 4808 2910 4864 wieris
2952 4809 3077 4880 jam
3128 4807 3265 4864 dicti
3308 4808 3411 4865 loci
3451 4809 3607 4863 bene—

1958 4903 2121 4974 factis
2171 4917 2207 4955 ιι
2234 4898 2390 4954 modo
2434 4899 2731 4969 participes
2774 4899 3085 4953 existerent.
3119 4896 3367 4953 Habitus
3397 4900 3487 4951 est
3515 4894 3611 4949 hic

1961 4991 2280 5045 conventus
2331 5003 2388 5042 χι
2444 4984 2731 5042 Kalendas
2789 4985 2979 5041 Martii
3036 5001 3188 5043 anno
3248 4985 3421 5049 1078;
3456 4982 3614 5054 quod

1963 5079 2169 5150 probat
2189 5079 2396 5148 praeter
2412 5077 2678 5131 nostrum
2708 5074 3005 5147 exemplar
3028 5071 3269 5128 indictio
3294 5088 3314 5126 1
3337 5071 3417 5127 ibi
3439 5087 3617 5143 appo-

1962 5165 2096 5231 sita,
2127 5162 2395 5236 quamvis
2429 5163 2497 5218 ad
2533 5179 2753 5218 annum
2790 5163 3209 5235 praecedentem
3233 5159 3292 5215 in
3321 5159 3617 5232 Spicilegii

1962 5252 2267 5310 Acheriani
2305 5259 2458 5307 lomo
2482 5251 2577 5319 VI,
2602 5251 2804 5307 eadem
2824 5252 3059 5325 donatio
3082 5250 3385 5307 referatur.
3411 5250 3618 5305 Coram

1963 5342 2169 5401 eodem
2199 5340 2398 5396 Odone
2420 5339 2613 5412 priore
2643 5340 2976 5396 Bernardus
2996 5341 3239 5411 quidam
3270 5339 3330 5395 in
3362 5337 3618 5412 capitulo

1966 5428 2192 5491 dimisit
2220 5445 2290 5486 ea
2317 5426 2463 5500 quae
2493 5426 2861 5483 Cluniacensi
2900 5428 3253 5486 monasterio
3286 5431 3560 5501 rapuerat
3590 5442 3619 5480 c

1967 5518 2137 5577 bonis
2167 5535 2295 5591 quae
2324 5517 2505 5575 frater
2532 5517 2660 5587 ejus
2690 5516 3056 5573 Tosceranus
3079 5518 3152 5574 ad
3181 5516 3617 5575 conversionem

1965 5609 2208 5667 veniens
2237 5605 2588 5673 contulerat,
2610 5608 2674 5659 ut
2700 5610 2973 5662 narratur
2996 5605 3057 5661 in
3078 5605 3299 5662 chartis
3318 5605 3420 5661 446
3441 5608 3497 5660 et
3515 5604 3622 5658 605
