4000 6178
354 376 437 446 Β
1652 380 1727 447 Β.
1770 374 2067 447 URBANI
2108 370 2164 448 l1
2205 383 2462 449 PAPE.

3682 362 3772 444 Μ

346 528 551 573 earum
581 526 710 591 qua
741 512 852 575 sub
898 520 1100 576 sancto
1129 518 1371 593 Hugone
1401 517 1563 575 factae
1594 520 1770 586 sunt;
1830 515 1989 573 idem
2014 522 2073 592 Α
2100 519 2267 593 pejus
2296 518 2547 577 abirent.
2571 518 2760 586 Quare
2780 534 2968 593 opere
2989 514 3245 593 pretium
3271 528 3402 574 esse
3426 513 3659 574 censuit
3675 515 3769 573 vi-

349 602 472 677 Odo
503 604 662 677 prior
689 611 1051 664 memoratur
1074 607 1132 663 in
1166 608 1369 663 charta
1391 608 1514 662 321.

356 770 363 775 η
420 694 634 761 Quanti
663 699 861 752 autem
892 697 1085 753 meriti
1117 697 1310 765 fuerit,
1339 696 1474 751 inde
1505 694 1776 768 colligere
1796 711 2004 769 possu-

345 797 485 840 mus
514 784 690 856 quod,
724 801 858 841 cum
888 785 1200 857 Gregorius
1222 785 1368 852 VIII,
1404 785 1503 856 qui
1536 788 1675 840 tunc
1721 785 1999 841 Romanis

347 871 1013 943 Ecclesiae,difticillimis
1023 872 2003 947 temporibus,prmerat,abHugone

352 961 564 1019 abbate
592 962 821 1034 aliquot
848 980 880 1018 e
935 961 1059 1018 suis
1118 963 1426 1019 monachis
1481 964 1638 1019 viros
1668 962 1913 1019 scientia
1948 965 2006 1018 et

351 1049 567 1107 virtute
604 1054 951 1123 prestantes
981 1050 1268 1124 petiisset,
1290 1068 1437 1124 quos
1460 1052 1517 1107 in
1550 1052 1844 1119 maximis,
1876 1068 2004 1123 quae

354 1141 496 1195 tunc
520 1139 1101 1212 urgebant,Ecclesize
1123 1139 1371 1213 negotiis
1385 1141 1682 1213 adjutores
1700 1144 1896 1215 posset
1908 1140 2006 1195 ad-

356 1226 577 1294 hibere,
608 1227 763 1284 inter
783 1228 927 1285 alios
949 1229 1196 1301 primus,
1219 1233 1553 1286 Hermanno
1583 1234 1752 1297 teste,
1785 1227 2004 1285 electus

355 1315 533 1372 fuerit
560 1316 706 1384 Odo,
761 1316 864 1389 qui
921 1317 1014 1373 his
1044 1317 1104 1374 in
1156 1319 1448 1392 angustiis
1481 1318 1741 1392 pontifici
1794 1320 2004 1390 praesto

354 1407 509 1462 esset
534 1405 838 1477 (an.1078).
863 1406 957 1462 Sic
978 1406 1134 1462 enim
1160 1406 1256 1463 ille
1276 1407 1337 1464 in
1355 1407 1609 1465 Historia
1630 1406 2005 1464 restauratio-

355 1493 449 1550 nis
480 1493 678 1550 Sancti
709 1494 942 1550 Martini
977 1496 1365 1553 Tornaeensis
1388 1498 1514 1568 jam
1553 1496 1822 1552 laudata:
1858 1496 2006 1551 Tem-

348 1598 486 1656 pore
511 1583 700 1639 damni
728 1585 968 1655 Hugonis
1023 1586 1397 1642 Cluniacensis
1433 1587 1664 1651 abbatis,
1696 1586 1919 1655 conligit
1948 1586 2009 1638 ut

356 1671 583 1745 quidam
607 1673 881 1729 Remensis
910 1674 1164 1731 Ecclesiae
1191 1677 1508 1741 canonicus,
1558 1689 1776 1747 magna?
1818 1672 2006 1745 probi-

355 1763 483 1817 tatis
511 1762 619 1828 vir,
649 1763 871 1819 nomine
903 1761 1032 1833 Odo,
1065 1765 1237 1820 vitam
1284 1765 1609 1821 saecularem
1655 1764 2007 1834 relinqueret,

353 1857 404 1906 et
434 1851 497 1904 in
550 1849 739 1907 eadem
791 1852 1136 1909 Cluniacensi
1153 1854 1419 1909 IEcctesia
1476 1852 1775 1908 monachus
1830 1853 2003 1923 ﬁeret.

362 1937 601 2010 Cumque
631 1938 712 1994 ibi
748 1955 849 2011 per
878 1940 1087 2012 aliquot
1117 1957 1289 1997 annos
1318 1942 1731 2010 religiosissime
1758 1941 2019 2006 vixisset,

358 2031 411 2084 et
439 2027 669 2084 domnus
720 2045 866 2100 papa
896 2029 1184 2101 Gregorius
1221 2032 1307 2087 VII
1332 2030 1509 2086 eidem
1545 2031 1741 2086 domno
1796 2029 2012 2100 Hugoni

360 2116 554 2174 abbati
600 2116 915 2174 mandasset
945 2126 1007 2175 ut
1050 2119 1160 2175 sibi
1203 2120 1416 2192 aliquos
1443 2120 1508 2175 de
1561 2119 1840 2174 monachis
1893 2119 2010 2172 suis

359 2205 506 2262 viros
531 2208 812 2278 sapientes
832 2209 1238 2276 transmitteret,
1263 2224 1393 2280 quos
1420 2212 1782 2280 competenter
1805 2208 2011 2278 episce-

358 2310 454 2368 pos
481 2295 742 2371 ordinare
788 2304 966 2367 posset
1001 2295 1231 2353 domnus
1280 2299 1433 2369 Hugo
1489 2298 1541 2353 ei
1596 2297 1742 2352 inter
1788 2299 2011 2351 caeteros

358 2386 657 2456 praefatum
711 2384 950 2441 Odonem
1003 2386 1325 2455 transmisit,
1356 2402 1516 2458 quem
1540 2402 1688 2458 papa
1736 2384 1871 2440 urbi
1917 2385 2011 2441 0s-

361 2473 530 2529 tiensi
556 2472 868 2545 episcopum
896 2476 1245 2530 consecravit.
1280 2474 1595 2531 Guibertus
1638 2473 1812 2530 etiam
1840 2473 2011 2544 proﬁ-

360 2563 537 2619 ciente
564 2563 777 2631 merito,
828 2561 1090 2619 Odonem
1141 2563 1356 2619 civitati
1410 2564 1572 2620 Ostia:
1628 2562 1874 2634 Gregorii
1927 2562 2016 2616 VII

358 2667 515 2724 papae
525 2650 689 2723 jussu
715 2650 1048 2707 destinatum
1074 2653 1245 2723 fuisse
1271 2651 1469 2707 tradit.
1494 2649 1717 2716 Quibus
1750 2649 2014 2705 auctori-

364 2740 477 2796 bus
498 2739 868 2797 consentiens
898 2740 1207 2797 Ordericus
1235 2738 1444 2796 Vitalis
1476 2739 1622 2796 libro
1654 2756 1710 2794 1v
1743 2737 2013 2794 Historiae

366 2827 790 2897 ecclesiasticae,
815 2829 975 2885 addit
1007 2827 1153 2886 alios
1183 2844 1416 2902 quoque
1445 2827 1855 2885 Cluniacenses
1887 2842 2015 2882 mo-

366 2917 587 2976 nachos
615 2917 801 2975 Odoni
822 2918 1012 2976 socios
1042 2918 1208 2974 datos
1226 2917 1426 2983 fuisse,
1459 2934 1494 2973 a
1525 2916 1797 2989 pontifice
1816 2915 2012 2972 animo

364 3006 620 3080 gratanti
648 3010 977 3080 susceptos,
1001 3007 1380 3078 Odonemquc
1400 3023 1516 3079 pro:
1539 3005 1762 3062 caeteris
1793 3005 1853 3060 in
1883 3021 2016 3061 con-

364 3095 651 3153 siliarium
668 3095 913 3153 electum
934 3096 1117 3153 fuisse
1134 3112 1146 3151 :
1171 3098 1440 3161 Poscenti,
1460 3094 1673 3167 inquit,
1689 3110 1847 3166 papas
1861 3096 2015 3162 Hugo

366 3185 740 3242 Cluniacensis
801 3186 964 3242 abbas
995 3185 1230 3242 Odonem
1288 3186 1534 3256 pne/“ali,
1588 3182 2012 3249 Cluniacensis,

2039 1895 2088 1961 B

2106 608 2538 682 gilantissimus
2565 609 2822 682 pontifex
2846 612 2911 664 ut
2939 607 3169 681 aliquos
3199 622 3399 664 secum
3421 611 3634 680 praesto
3663 606 3770 663 ha-

2106 699 2270 755 beret
2298 699 2452 755 viros
2510 716 2740 755 morum
2788 700 3096 755 sanctitate
3143 714 3208 753 ac
3257 697 3557 770 sapientia)
3607 698 3767 754 fama

2109 787 2389 855 illustres,
2411 804 2560 860 quos
2585 805 2687 861 pro
2708 787 3162 861 opportunitate,
3191 790 3257 843 ut
3277 786 3458 842 habet
3480 786 3767 864 Hermanj-

2111 893 2244 943 nus,
2294 878 2613 949 praeﬁceret
2658 876 2930 933 Ecclesiis
2977 875 3253 949 viduatis.
3309 874 3483 931 Electi
3532 875 3603 931 ad
3652 875 3767 930 hoc

2112 969 2253 1021 sunt
2274 966 2423 1022 inter
2438 966 2583 1022 alios
2605 966 2727 1022 Odo
2767 971 2985 1034 noster,
3035 968 3091 1020 et
3119 966 3326 1021 Petrus
3357 964 3456 1036 qui
3488 967 3617 1020 ante
3648 962 3763 1019 ali-

2114 1057 2255 1126 quot
2281 1071 2466 1110 annos
2510 1071 2542 1110 e
2573 1054 2812 1110 Caveusi
2844 1070 3022 1126 prope
3053 1052 3357 1110 Salvinum
3409 1052 3765 1108 monasterio

2112 1132 3030 1216 Cluniacumltransmigraverat:
3063 1142 3153 1197 vir
3172 1142 3315 1198 adeo
3345 1140 3768 1208 industrius,ut

2113 1232 2195 1288 ibi
2225 1236 2471 1305 septem,
2494 1236 2572 1301 et,
2605 1235 2671 1286 ut
2700 1231 2799 1287 alii
2822 1232 3046 1300 dicunt,
3079 1231 3255 1287 etiam
3279 1230 3450 1304 plura
3479 1230 3669 1288 ofﬁcia
3688 1230 3771 1307 si-

2115 1320 2239 1377 mul
2269 1320 2528 1377 Cluniaei
2563 1321 2906 1377 exercuerit.

2395 1409 2491 1465 VI.
2532 1412 2615 1466 An
2643 1413 2808 1468 Cava?
2834 1418 3078 1466 moratus
3107 1412 3177 1465 sit
3211 1410 3478 1467 Urbanus.

2186 1498 2302 1555 Hos
2335 1498 2395 1554 in
2418 1498 2644 1555 Italiam
2673 1498 2973 1572 appulsos,
3008 1504 3142 1571 post
3171 1498 3493 1555 salutatum
3525 1498 3770 1571 pontiﬁ-

2115 1604 2261 1655 cem,
2286 1591 2494 1643 Cavam
2526 1588 2830 1643 divertisse
2859 1588 2953 1643 vix
2983 1588 3239 1643 dubitari
3272 1590 3484 1659 potest,
3508 1603 3638 1643 cum
3666 1603 3769 1643 eos

2115 1676 2195 1732 ibi
2227 1675 2570 1747 aliquandiu
2604 1676 2782 1732 simul
2807 1675 3017 1733 vixisse
3044 1675 3283 1731 disertis
3303 1676 3494 1732 verbis
3516 1677 3773 1732 afﬁrmet

2114 1770 2283 1821 vetus
2313 1773 2514 1822 auctor
2544 1766 2806 1822 Historiae
2856 1765 3244 1822 dedicationis
3294 1765 3560 1836 ejusdem
3611 1764 3768 1821 loci:

2120 1871 2224 1911 nec
2254 1872 2395 1911 sane
2422 1853 2535 1911 alio
2566 1852 2734 1909 titulo
2783 1854 3037 1927 potuerit
3068 1854 3356 1921 Urbanus,
3392 1857 3458 1909 ut
3503 1853 3652 1909 mihi
3682 1854 3779 1910 vi-

2116 1944 2303 2011 detur,
2328 1942 2480 1999 inter
2504 1942 2659 2000 viros
2677 1942 2936 1999 illustres
2958 1942 3132 2000 istius
3156 1941 3516 2012 monasterii,
3540 1946 3606 1998 ut
3636 1959 3775 2015 pas-

2117 2032 2229 2088 sim
2262 2033 2346 2100 ﬂt,
2381 2030 2686 2088 recenseri.
2720 2032 2926 2087 Fateor
2952 2031 3222 2103 equidem
3252 2030 3523 2086 abbatem
3574 2032 3776 2087 Venu-

2117 2121 2337 2189 sinum,
2370 2121 2473 2194 qui
2512 2120 2571 2176 in
2602 2121 2737 2177 Vita
2767 2121 2953 2178 sancti
2985 2120 3139 2176 Petri
3169 2119 3442 2176 eumdem
3476 2118 3705 2175 Petrum
3740 2138 3776 2176 e

2115 2209 2319 2279 Gallia,
2344 2209 2711 2283 permittente
2741 2210 3001 2282 Hugone,
3025 2208 3233 2264 Cavam
3257 2224 3558 2264 reversum
3589 2209 3779 2267 fuisse

2119 2299 2343 2366 scribit,
2377 2298 2523 2354 nihil
2574 2315 2816 2371 prorsus
2867 2298 3083 2354 habere
3113 2297 3184 2353 de
3234 2297 3454 2364 Odone,
3510 2302 3614 2354 aut
3642 2289 3778 2369 ejus

2119 2387 2294 2445 sociis
2324 2405 2358 2443 a
2387 2386 2660 2460 Gregorio
2706 2385 3003 2458 expetitis:
3037 2390 3099 2442 at
3126 2384 3286 2441 illius
3336 2385 3565 2442 silentio
3618 2404 3779 2459 pra:-

2119 2477 2447 2550 pondcrant
2492 2478 2695 2531 auctor
2740 2474 3017 2532 laudatus
3067 2474 3334 2530 Historiae
3386 2475 3776 2532 dedicationis

2119 2564 2417 2632 Cavensis,
2450 2563 2596 2620 alter
2632 2562 2776 2619 Vitae
2819 2562 3004 2620 sancti
3036 2562 3190 2619 Petri
3236 2562 3504 2636 scriptor,
3551 2567 3609 2620 et
3657 2563 3778 2621 alia

2122 2657 2502 2723 monumenta
2530 2652 2828 2709 Cavensia.
2864 2652 3087 2708 Deinde
3140 2668 3276 2707 cum
3313 2655 3535 2708 certum
3566 2653 3645 2708 sit
3674 2657 3777 2709 ut-

2121 2758 2391 2815 rumque,
2423 2742 2541 2798 sive
2572 2740 2772 2807 simul,
2809 2741 2929 2797 sive
2958 2740 3230 2809 seorsim,
3263 2740 3357 2797 his
3411 2742 3776 2815 temporibus

2120 2831 2381 2887 eGalliis
2412 2832 2472 2886 in
2526 2830 2753 2887 Italiam
2798 2830 3275 2903 transmigrasse,
3317 2830 3633 2887 verisimile
3684 2836 3779 2888 est

2121 2921 2379 2989 eosdem,
2430 2919 2478 2976 si
2510 2920 2752 2992 quidem
2784 2924 3034 2992 uterque
3077 2936 3194 2975 non
3225 2918 3427 2975 statim
3460 2922 3633 2993 atque
3657 2920 3778 2978 huc

2120 3009 2499 3083 advenerunt,
2534 3010 2605 3064 ad
2638 3009 2858 3066 infulas
2888 3008 3255 3082 pontificales
3285 3012 3427 3064 sunt
3455 3011 3772 3083 assumpti,

2121 3082 2356 3170 aliquod
2386 3098 2670 3171 temporis
2699 3096 3075 3153 intervallum
3106 3097 3165 3152 in
3196 3096 3395 3169 aliquo
3417 3082 3775 3155 monastério

2121 3187 2413 3261 exegisse;
2469 3190 2527 3242 et
2573 3186 2812 3258 quidem
2863 3187 3058 3259 potius
3112 3186 3170 3241 in
3202 3187 3467 3253 Cavensi,
3499 3203 3676 3259 quam
3708 3188 3770 3244 in

360 3275 682 3331 monasterii
702 3277 967 3348 priorem,
991 3274 1088 3345 qui
1114 3274 1390 3330 Remensis
1425 3273 1682 3330 Ecclesiae
1708 3272 2006 3328 monachus
2036 3261 2091 3354 (Σ,
2114 3274 2225 3331 alio
2254 3291 2625 3347 quocunque,
2653 3275 2807 3347 quod
2828 3274 2972 3330 illud
2993 3274 3359 3331 Cluniacensi
3385 3275 3573 3331 ordini
3596 3277 3765 3332 addi-

357 3364 560 3433 fuerat,
590 3379 717 3420 eum
743 3364 874 3419 aliis
904 3362 1111 3419 idoneis
1145 3362 1420 3417 ccenobitis
1473 3363 1691 3433 Romam
1743 3363 2005 3416 transmi-

354 3454 449 3508 sit.
484 3454 624 3521 Quos
646 3469 796 3525 papa
826 3452 971 3507 velut
999 3469 1033 3506 a
1063 3452 1169 3507 Deo
1189 3451 1300 3507 sibi
1327 3452 1520 3507 missos
1544 3452 1817 3524 adjutores
1845 3466 2010 3507 ovan-

356 3544 439 3595 ter
465 3541 720 3611 suscepit.
756 3538 992 3594 Odonem
1014 3554 1209 3610 nempe
1238 3539 1587 3610 praecipuum
1614 3540 1719 3594 sibi
1746 3540 2006 3595 consilia-

356 3628 507 3685 rium
533 3627 720 3698 elegit,
751 3630 802 3683 et
833 3628 1070 3684 Ostiensi
1098 3628 1354 3685 Ecclesiae
1367 3629 1681 3700 pontiﬁcem
1700 3629 2003 3684 constituit.

358 3719 489 3772 Haec
517 3714 794 3772 Odericus
825 3716 897 3772 ad
945 3732 1167 3772 annum
1217 3717 1377 3783 1078,
1432 3715 1528 3771 ubi
1556 3716 1862 3772 occasione
1892 3715 2005 3771 ele-

359 3803 572 3862 ctionis
600 3803 863 3877 Gregorii
881 3804 1070 3861 VIIad
1087 3804 1514 3877 pontiﬁcatum,
1542 3803 1727 3859 multa
1742 3803 1804 3858 in
1820 3820 2006 3860 unum

358 3891 670 3966 congessit,
704 3909 854 3966 quae,
886 3893 986 3949 illo
1007 3894 1267 3962 sedente,
1289 3892 1466 3950 variis
1486 3891 1848 3965 temporibus
1869 3908 2003 3948 con-

358 3982 640 4056 tigerunt.
701 3982 962 4039 Odonem
1009 3999 1143 4040 vero
1174 3986 1309 4039 ante
1339 3999 1561 4038 annum
1592 3981 1731 4037 1078
1761 3985 2007 4037 Romam

356 4088 473 4128 non
502 4071 720 4130 adiisse
776 4072 1093 4145 plusquam
1142 4071 1440 4144 probabile
1470 4074 1559 4128 est
1587 4087 1656 4126 ex
1695 4071 2004 4127 donatione

354 4159 618 4236 Hugonis
648 4161 1000 4235 Burgundiae
1032 4162 1200 4218 ducis
1232 4159 1506 4232 superius
1535 4160 1788 4228 laudata,
1824 4175 2004 4231 quam

350 4247 463 4305 hoc
493 4249 621 4320 ipso
653 4265 806 4304 anno
848 4250 1063 4306 factam
1111 4250 1295 4306 fuisse
1325 4247 1606 4317 diximus,
1642 4264 1778 4304 cum
1809 4248 2003 4304 adhuc

351 4336 474 4393 Odo
492 4337 654 4409 prior
679 4341 837 4394 esset
861 4337 1201 4395 monasterii
1231 4337 1334 4394 Clu
1347 4336 1642 4394 niacensis
1666 4354 1680 4391 :
1717 4337 1831 4394 nisi
1858 4338 2002 4394 forte

352 4425 582 4482 dicatur
606 4424 865 4482 Odonem
898 4426 1088 4498 primo
1110 4430 1242 4483 ante
1265 4426 1409 4482 illud
1428 4430 1661 4499 tempus
1676 4443 1710 4481 a
1727 4426 2002 4498 Gregorio

354 4514 600 4570 Romam
626 4516 994 4584 accersitum,
1019 4514 1228 4571 deinde
1251 4514 1310 4571 in
1334 4514 1553 4571 Gallias
1577 4515 2002 4581 rediissc,unde

351 4606 558 4694 postea
586 4619 740 4694 anno
783 4604 1168 4694 4078iterum
1206 4603 1267 4659 in
1296 4602 1521 4661 Italiam
1554 4604 1845 4676 profectus
1876 4604 1998 4694 fue-
2033 4629 2080 4694 Β

351 4689 446 4760 rit,
479 4690 807 4749 Ostiensem
859 4693 1259 4766 episcopatum
1307 4698 1672 4765 accepturus.
1707 4696 1869 4748 Certe
1896 4692 2003 4749 Pe-

349 4783 478 4837 trus
507 4780 784 4838 Cavensis
814 4782 1056 4854 quicum
1083 4782 1203 4838 Odo
1236 4782 1295 4837 in
1328 4782 1553 4838 Italiam
1575 4781 1892 4847 accessisse
1919 4782 2001 4838 di-

347 4869 520 4937 citur,
551 4869 601 4926 si
632 4868 799 4926 alteri
819 4871 949 4942 ejus
968 4870 1111 4927 Vitas
1130 4870 1397 4943 scriptori
1428 4872 1756 4940 credamus,
1787 4871 1860 4927 ab
1887 4870 2001 4926 Hil-

346 4959 645 5016 debrando
657 4960 810 5015 nond
820 4976 918 5015 um
936 4960 1209 5032 pontiﬁce
1224 4964 1527 5017 revocatus
1540 4960 1827 5017 fucrat.At
1840 4959 2001 5015 nulla

342 5047 575 5106 videtur
601 5063 730 5106 esse
758 5047 937 5120 hujus
974 5048 1225 5122 duplicis
1256 5049 1486 5107 itineris
1517 5048 1867 5105 admittendi
1898 5066 1998 5104 ne-

343 5138 617 5205 cessitas;
652 5134 870 5193 Odonis
915 5154 1049 5194 vero
1080 5154 1214 5193 cum
1265 5139 1394 5209 ejus
1445 5137 1619 5194 sociis
1650 5139 1711 5192 in
1770 5136 1995 5193 Italiam

344 5223 680 5282 accersendi
701 5225 926 5284 occasio
949 5226 1068 5283 hinc
1096 5226 1327 5284 videtur
1349 5227 1549 5295 fuisse,
1585 5243 1746 5282 mors
1777 5226 1999 5282 scilicet

343 5311 575 5370 Geraldi
597 5313 883 5372 Ostiensis
903 5315 1179 5389 episcopi,
1204 5315 1296 5372 cui
1321 5332 1506 5383 anno,
1535 5319 1598 5370 ut
1627 5314 1833 5371 scribit
1865 5315 1997 5370 Ber-

340 5400 560 5471 toldus,
581 5403 720 5457 1077
740 5404 915 5460 defun
929 5409 1037 5473 etc,
1062 5405 1343 5462 Henricus
1362 5408 1665 5477 Augustus
1691 5404 1997 5460 factiosum

344 5491 661 5563 quemdam
690 5492 992 5550 hominem
1022 5496 1309 5551 Joannem
1331 5479 1570 5549 nomine
1591 5493 1993 5550 substituerat.

336 5578 824 5638 Verebaturenim
841 5583 1179 5657 Gregorius,
1196 5601 1287 5650 ne,
1305 5583 1355 5639 si
1370 5580 1731 5639 schismatici
1745 5597 1811 5638 eo
1825 5583 1996 5639 modo

336 5667 674 5727 invaderent
725 5671 923 5744 plures
975 5670 1289 5739 Ecclesiae,
1344 5688 1435 5728 res
1467 5668 1905 5727 Catholicorum
1937 5670 1997 5726 in

2117 3368 2275 3421 ctum
2307 3368 2491 3431 esset;
2525 3365 2800 3436 quodque
2832 3364 2910 3419 ibi
2943 3364 3168 3430 Petrus,
3203 3365 3374 3437 cujus
3405 3365 3525 3421 Odo
3557 3364 3762 3421 saltem

2114 3454 2342 3509 amicus
2366 3458 2512 3522 erat,
2546 3457 2603 3509 et
2628 3453 2784 3525 apud
2803 3451 3149 3508 Cluniacum
3171 3452 3299 3508 vita:
3323 3454 3655 3509 monasticae
3672 3470 3767 3509 so-

2117 3541 2242 3596 cius
2273 3541 2451 3597 vitam
2483 3542 2868 3597 monasticam
2891 3541 3192 3613 professus
3226 3540 3448 3595 fuisset.
3480 3539 3771 3597 Fabulan-

2119 3634 2215 3685 tur
2243 3629 2533 3696 nonnulli,
2570 3630 2727 3701 iique
2752 3630 2947 3685 nescio
2969 3629 3185 3702 quibus
3211 3626 3433 3700 decepti
3463 3628 3767 3700 scriptori-

2115 3720 2248 3789 bus,
2272 3719 2573 3776 Urbanum
2599 3719 2793 3774 Roma:
2818 3719 3075 3792 primum
3097 3717 3157 3773 in
3178 3717 3549 3774 Lateranensi
3567 3724 3770 3773 mona-

2117 3807 2291 3864 sterio
2321 3808 2663 3864 canonicam
2687 3807 2866 3865 vitam
2885 3807 3241 3880 amplexum,
3264 3806 3529 3863 arctioris
3554 3805 3769 3862 deinde

2114 3898 2242 3952 vitae
2275 3896 2469 3953 studio
2498 3897 2556 3951 in
2602 3898 2860 3952 Cavense
2890 3897 3241 3963 secessisse;
3302 3894 3440 3950 hinc
3484 3895 3767 3950 transmi-

2115 4002 2318 4059 grasse
2346 3985 2715 4051 Cluniacum,
2748 3984 2947 4057 ibique
2977 3985 3087 4040 sub
3120 3983 3361 4041 Odilone
3392 3986 3493 4039 aut
3520 3986 3768 4055 Hugonc

2113 4075 2325 4131 vixisse
2356 4091 2489 4130 cum
2520 4073 2934 4139 Hildebrando,
2970 4073 3071 4145 qui
3105 4078 3227 4128 tum
3268 4077 3324 4127 et
3355 4072 3478 4144 ipse
3504 4070 3766 4127 Cluniaci

2115 4163 2439 4219 monachus
2482 4168 2635 4232 erat;
2669 4163 2741 4219 ab
2772 4163 2976 4218 eodem
3026 4167 3247 4233 postea,
3282 4160 3459 4218 simul
3509 4164 3682 4231 atque
3712 4160 3765 4215 is

2115 4253 2415 4308 Romanus
2448 4252 2708 4324 pontifex
2728 4257 2959 4307 creatus
2988 4255 3098 4317 est,
3134 4251 3378 4306 Romam
3410 4247 3764 4305 accersitum

2112 4340 2548 4414 cardinalisque
2582 4340 2871 4413 dignitate
2901 4344 3076 4411 atque
3107 4337 3764 4409 Ostiensis'episcopatu

2112 4436 2385 4488 ornatum
2416 4431 2616 4511 fuisse.
2663 4429 2776 4485 Sed
2808 4428 2930 4483 haec
2959 4427 3160 4483 omnia
3189 4443 3359 4482 mersa
3403 4441 3569 4498 nugae
3600 4428 3765 4494 sunt,

2112 4520 2328 4592 quibus
2356 4516 2689 4575 refellendis
2720 4516 3020 4572 immorari
3055 4516 3233 4588 piget.

2356 4606 2478 4662 VII.
2534 4607 2784 4664 Urbanus
2822 4607 2885 4677 ﬁt
2914 4605 3195 4675 episcOpus
3226 4603 3509 4659 Ostiensis.

2184 4697 2308 4752 Non
2338 4696 2440 4751 diu
2472 4694 2643 4750 licuit
2671 4693 2855 4748 Odoni
2888 4696 2990 4748 aut
3014 4692 3182 4748 Petro
3203 4691 3262 4746 in
3286 4690 3526 4747 Cavensi
3559 4689 3768 4747 solitu-

2108 4785 2245 4840 dine
2274 4782 2641 4840 commorari.
2677 4782 2825 4837 Nam
2858 4780 3174 4854 Gregorius
3205 4780 3316 4836 hoc
3348 4779 3499 4852 ipso,
3554 4794 3671 4851 quo
3700 4780 3766 4835 in

2108 4873 2333 4930 Italiam
2383 4872 2757 4935 advenerant,
2810 4886 2963 4926 anno
2996 4869 3158 4941 4078,
3207 4873 3339 4942 post
3368 4868 3766 4935 exturbatum,

2109 4966 2175 5017 ut
2206 4965 2455 5017 testatur
2484 4957 2766 5033 Ughellus
2795 4958 2855 5014 in
2881 4957 3047 5014 Italia
3077 4975 3263 5027 acra,
3292 4959 3577 5015 Joannem
3610 4955 3769 5012 schi-

2107 5049 2448 5119 smaticum,
2478 5049 2738 5106 Odonem
2769 5049 3112 5121 episcopum
3149 5047 3476 5105 Ostiensem
3504 5044 3760 5116 creavit;

2108 5139 2311 5195 Petrus
2360 5156 2493 5195 vero
2520 5154 2635 5194 non
2666 5138 2836 5194 multo
2863 5141 2982 5209 post
3008 5152 3194 5205 suum,
3225 5140 3290 5191 ut
3328 5138 3527 5191 narrat
3551 5150 3760 5190 secun-

2107 5228 2219 5283 dus
2254 5228 2383 5299 ejus
2428 5227 2572 5283 Vitae
2603 5229 2827 5294 auctor,
2858 5241 2887 5281 e
2916 5226 3184 5282 Ctuniaco
3232 5225 3491 5293 reditum,
3539 5222 3761 5278 Palica-

2104 5320 2330 5373 strensis
2358 5318 2637 5389 episcopus
2666 5314 2952 5369 ordinatus
2991 5320 3087 5369 est.
3140 5313 3340 5386 Neque
3371 5329 3478 5369 nos
3528 5326 3761 5367 movere

2110 5407 2279 5463 debet
2307 5405 2612 5476 utriusque
2639 5402 2783 5456 Vita:
2804 5401 2866 5455 S.
2889 5400 3042 5455 Petri
3063 5401 3399 5467 auctoritas,
3432 5398 3533 5454 ubi
3551 5398 3759 5454 Petrus

2108 5512 2221 5550 non
2254 5494 2444 5551 solum
2477 5510 2511 5548 a
2541 5490 2694 5547 clero
2726 5492 2783 5544 et
2834 5489 3070 5562 populo,
3103 5492 3207 5547 sed
3244 5490 3419 5547 etiam
3452 5502 3488 5541 a
3529 5482 3783 5543 Gisulfo°

2107 5583 2473 5639 Salernitano
2504 5577 2764 5652 principe
2786 5577 3227 5637 Policastrensis
3257 5577 3420 5634 urbis
3445 5575 3759 5649 episcopus

2106 5669 2439 5744 postulatus
2468 5682 2596 5724 esse
2625 5666 2860 5724 dicitur.
2884 5669 3027 5726 Nam
3056 5667 3331 5727 Gisulfus‘
3348 5668 3474 5738 jam
3505 5654 3578 5722 ab
3601 5656 3755 5721 anno
