3970 6188
1778 352 1996 425 νινιεΑ.

144 504 287 568 1075
335 500 713 566 aeternitatis
760 496 1095 578 principatu
1140 498 1428 578 spoliatus
1473 515 1511 560 ο,
1556 494 1809 569 Roberto
1835 493 1895 562 Α
1919 493 2237 571 psalteriis,
2270 511 2339 555 ae
2367 491 2570 554 missis
2615 491 2942 559 celebratis,
2975 508 3009 547 a
3039 489 3153 547 Deo
3203 488 3405 545 audire
3452 505 3580 543 me-

145 594 473 658 Guiscarde
494 592 710 666 fuerat,
732 597 802 651 ut
820 592 1033 650 scribit
1050 608 1380 666 anonymus
1402 588 1741 648 Casinensis
1762 587 1825 645 in

149 685 461 752 Clu-unico,
488 686 671 758 atque
694 682 809 741 hoc
854 682 986 756 ipso
1032 698 1188 740 anno
1218 682 1468 739 Romam
1497 680 1571 737 ad
1602 680 1822 752 Grego-

154 775 311 832 rium
341 773 707 847 confugerat.
737 771 890 837 Quid
916 787 1055 846 ergo
1086 771 1160 827 ad
1192 769 1536 828 electionem
1566 768 1742 833 Petri,
1771 785 1822 840 si

153 864 305 920 facta
330 861 547 919 fuisset
580 877 738 918 anno
781 860 945 929 1078,
978 859 1256 933 princeps
1296 859 1395 916 ille
1431 862 1645 916 exutus
1684 873 1821 914 con-

155 952 363 1009 ducere
392 949 625 1024 potuit?
653 949 783 1005 Nisi
810 948 959 1006 forte
990 948 1149 1021 apud
1172 948 1518 1019 Gregorium
1541 948 1821 1003 interces-

151 1041 315 1108 serit,
347 1045 417 1096 ut
446 1039 677 1107 Petrus,
710 1054 889 1111 quem
936 1037 1131 1093 virum
1171 1038 1395 1094 bonum
1445 1041 1504 1094 et
1545 1040 1821 1093 sanctum

149 1129 337 1205 probe
387 1131 651 1196 noverat,
681 1126 743 1183 in
784 1125 1199 1184 Policastrensi
1234 1125 1383 1184 solio
1420 1124 1818 1195 collocaretur.

147 1221 343 1292 Atque
392 1217 509 1274 hoc
554 1216 729 1273 modo
774 1214 944 1272 facile
1002 1215 1350 1273 conciliatur
1402 1219 1650 1288 uterque
1676 1213 1821 1269 Vitze

148 1308 305 1365 Petn'
367 1305 626 1379 scriptor
682 1321 822 1362 cum
879 1304 1016 1362 aliis
1070 1305 1387 1362 historicis.
1417 1305 1566 1362 Nam
1612 1301 1819 1360 Gisulﬁ

147 1396 335 1455 etiam
364 1412 399 1452 e
428 1394 621 1468 patria
658 1393 816 1468 pulsi
864 1393 1121 1451 multum
1168 1394 1448 1452 intererat
1492 1398 1560 1450 ut
1605 1392 1820 1466 aliquis

150 1485 263 1543 sibi
294 1490 478 1542 notus
509 1484 662 1541 hanc
692 1483 1040 1558 dignitatem
1082 1483 1396 1540 obtineret.
1418 1484 1583 1541 Certe
1613 1484 1820 1539 Petrus

150 1592 263 1633 non
286 1575 475 1632 multo
487 1578 613 1647 post
638 1590 805 1631 suum
823 1589 857 1629 ε
872 1571 1137 1630 Cluniaco
1156 1573 1414 1642 reditum,
1439 1577 1506 1629 ut
1532 1572 1708 1629 habet
1727 1587 1819 1627 se-

150 1665 359 1722 cundae
390 1663 541 1720 Vite
568 1666 794 1739 auctor,
810 1660 1262 1719 Policastrensis
1288 1663 1602 1736 episcopus
1630 1661 1819 1716 factus

156 1758 262 1813 est.
283 1754 415 1819 Qua
436 1751 499 1808 in
529 1750 819 1826 dignitate
849 1767 985 1807 cum
1012 1767 1213 1825 parum
1237 1753 1500 1825 tempori:
1528 1750 1818 1822 expendis-

152 1847 252 1911 εει,
286 1843 347 1899 in
380 1839 814 1898 monasterium
839 1839 1093 1897 Cavense
1117 1857 1405 1908 reversus,
1420 1840 1618 1897 statim
1644 1837 1820 1896 Leoni
1851 1869 1898 1935 Β

164 1933 359 1990 abbati
383 1929 568 2004 paulo
597 1934 735 1987 ante
764 1929 894 2001 ejus
923 1932 1195 1998 mortem,
1218 1934 1284 1986 ut
1311 1947 1380 1987 ex
1408 1934 1658 2002 utroque
1684 1927 1820 1984 Vitzr

163 2024 397 2079 auctore
424 2022 682 2086 constat,
714 2018 1075 2081 substitutus
1104 2023 1212 2076 est.
1246 2020 1356 2076 Leo
1387 2023 1608 2087 autem,
1640 2016 1723 2074 uti
1754 2032 1824 2072 ex

164 2108 513 2167 Kalendario
563 2106 806 2164 Cavensi
845 2109 906 2163 et
951 2105 1235 2164 Chronico
1282 2107 1443 2165 brevi
1501 2107 1573 2163 ad
1630 2105 1823 2180 cyclos

158 2196 475 2273 paschales
504 2198 736 2253 certum
776 2194 1026 2264 videtur,
1059 2194 1204 2253 obiit
1230 2212 1433 2254 mense
1477 2195 1635 2254 Julio
1683 2197 1823 2253 anni

158 2287 295 2347 1079
324 2306 340 2343 :
372 2303 513 2360 quas
541 2284 747 2342 omnia
769 2300 908 2341 cum
948 2282 1107 2341 intra
1138 2285 1317 2343 unius
1347 2284 1485 2342 anni
1517 2289 1576 2342 et
1603 2283 1827 2358 aliquot

158 2376 465 2435 mensium
492 2373 757 2448 spatium
788 2372 961 2431 facile
1003 2372 1341 2448 contingere
1369 2373 1691 2448 potuerint,
1723 2390 1824 2430 no-

155 2473 275 2524 stro
306 2463 551 2522 calculo
579 2461 800 2537 optime
829 2462 1202 2521 concordant.
1232 2463 1338 2521 His
1363 2481 1479 2521 non
1504 2464 1825 2520 admodum

155 2551 654 2612 wnsentit.bnlla
691 2566 871 2624 quam
902 2551 1173 2609 Urbanus
1200 2553 1262 2610 in
1291 2552 1636 2611 Cavensium
1669 2551 1826 2608 favo-

162 2660 289 2701 rem
317 2640 508 2699 dedit.
538 2639 758 2697 Verum
787 2640 849 2697 in
878 2639 991 2696 hac
1032 2640 1195 2698 bulla
1224 2641 1547 2715 complura,
1570 2657 1699 2714 qua:
1726 2657 1825 2697 va-

160 2733 265 2790 riis
291 2730 674 2805 temporibus
700 2733 1043 2799 evenerunt,
1073 2730 1251 2788 simul
1296 2731 1354 2786 in
1400 2747 1584 2787 unum
1615 2744 1850 2804 conge-.

156 2826 245 2879 sta
293 2825 467 2878 sunt.
516 2818 739 2879 Deinde
784 2818 990 2875 multis
1034 2818 1601 2893 interpolationibus,
1636 2822 1700 2875 ut
1743 2817 1826 2874 1e-

161 2909 320 2985 genti
364 2911 556 2983 patet,
580 2906 911 2964 deformata
935 2911 1053 2977 est;
1101 2923 1289 2980 neque
1319 2909 1495 2965 etiam
1543 2908 1603 2964 in
1650 2906 1829 2963 variis

162 2997 605 3072 exemplaribus
634 2996 751 3053 sibi
780 3000 1033 3070 constat,
1064 2996 1149 3054 ita
1177 3001 1244 3054 ut
1278 2997 1468 3054 multa
1496 2997 1556 3053 in
1590 3013 1706 3053 uno
1727 3012 1829 3052 oc-

160 3091 408 3146 currant
438 3084 661 3159 quaain
693 3083 875 3142 altero
904 3085 1168 3159 exemplo
1197 3085 1627 3143 desiderantur.

1934 592 2220 655 rerentur,
2239 590 2307 644 ut
2346 585 2487 644 olim
2530 588 2731 643 sancto
2762 581 3037 656 Gregorio
3070 580 3248 637 simili
3279 578 3583 636 occasione

1932 678 2278 752 contigerat,
2309 677 2447 751 quid
2507 677 2579 733 de
2621 676 2985 732 eucharistize
3040 674 3155 729 ﬁde
3212 662 3584 730 sentiendum

1933 772 2108 826 esset.
3551 778 3563 786 -

2359 856 2449 913 IX.
2481 858 2556 914 De
2588 857 2829 915 Wiberto
2866 858 3149 930 antipapa.
3212 872 3217 877 ‘

2001 950 2161 1004 Certe
2192 946 2541 1003 difficillima
2581 949 2748 1003 erant
2794 950 2936 1001 tunc
2977 951 3245 1020 tempora
3273 948 3348 1002 ob
3378 958 3584 1021 graves

1929 1035 2254 1094 discordias
2311 1052 2439 1109 quae
2496 1036 2649 1092 inter
2703 1036 3093 1092 sacerdotium
3152 1040 3209 1090 et
3264 1035 3579 1108 imperium

1928 1129 2057 1183 tum
2105 1125 2358 1183 maxime
2401 1125 2676 1198 vigebant
2716 1125 2827 1196 (an.
2864 1126 3044 1195 1080),
3080 1142 3344 1198 quasque
3397 1128 3579 1183 ferme

1928 1215 2290 1272 insanabiles
2319 1214 2651 1271 reddiderat
2680 1213 2961 1270 Henricus
2987 1214 3307 1270 Germaniae
3339 1231 3438 1270 rex
3458 1215 3578 1283 ele-

1928 1304 2119 1362 ctione
2165 1303 2427 1361 Guiberti
2482 1303 2740 1360 hominis
2786 1303 3117 1372 facinerosi,
3151 1320 3327 1374 quem
3383 1304 3504 1375 jam
3547 1322 3582 1360 a

1928 1394 2180 1451 triennio
2229 1394 2366 1450 sede
2396 1392 2762 1449 Ravennensi
2801 1398 3126 1458 extrusum,
3160 1392 3269 1447 hoc
3317 1400 3470 1448 anno
3520 1393 3579 1448 in

1927 1482 2490 1556 pseud0pontilicem
2540 1482 2862 1539 renuntiari
2891 1482 3136 1549 curavit,
3172 1486 3237 1536 ut
3279 1482 3428 1537 hanc
3458 1481 3582 1536 lar-

1927 1588 2058 1627 vam
2091 1570 2366 1645 Gregorio
2413 1570 2675 1645 legitimo
2716 1570 2973 1643 pontifici
3005 1574 3344 1643 opponeret.
3379 1571 3441 1625 Id
3485 1566 3583 1626 "fa-

1928 1664 2088 1717 etum
2119 1665 2208 1717 est
2224 1661 2379 1734 apud
2402 1660 2698 1717 Brixinam
2721 1659 2913 1716 Norici
2938 1659 3141 1715 urbem
3166 1660 3223 1714 in
3247 1657 3580 1718 coneilabu-

1928 1749 1984 1806 lo
2014 1749 2255 1823 triginta
2277 1749 2686 1823 episcoporum
2711 1749 3220 1806 schismaticorum
3245 1766 3397 1805 anno
3422 1749 3580 1817 1080,

1929 1837 2179 1912 septimo
2208 1839 2485 1896 Kalendis
2514 1838 2677 1906 Julii,
2707 1844 2772 1895 ut
2795 1839 2991 1896 videre
3015 1843 3103 1896 est
3131 1839 3285 1913 apud
3317 1842 3583 1896 auctores

1929 1927 2151 2000 passim
2187 1927 2477 2001 vulgatos.
3274 1928 3281 1933 “
3488 1937 3493 1942 ’

2144 2015 2210 2072 Χ.
2248 2018 2495 2075 Urbanus
2521 2018 2715 2074 scribit
2740 2017 2981 2074 Simonis
3008 2019 3366 2091 epitaphium.

2001 2107 2167 2162 Anno
2199 2107 2338 2165 1082
2377 2106 2574 2163 Ριοωω
2623 2107 2816 2163 adhuc
2864 2109 3204 2165 morabatur
3231 2108 3372 2177 Odo,
3408 2108 3458 2166 si
3490 2098 3593 2166 've-'

1934 2209 2063 2249 rum
2097 2194 2176 2249 sit
2203 2209 2338 2248 eum
2372 2193 2630 2250 Simonis
2652 2210 2683 2250 e
2712 2194 3059 2268 Cripseiensi
3087 2196 3297 2253 comite
3321 2200 3460 2254 tunc
3480 2197 3583 2254 Ju-

1931 2281 2121 2339 rensis
2152 2281 2445 2351 monachi,
2469 2299 2535 2338 eo
2558 2301 2732 2352 anno,
2756 2288 2823 2340 ut
2842 2288 3006 2341 notat
3027 2284 3352 2352 Albericus,
3375 2287 3583 2344 defun-

1933 2371 2032 2438 cti,
2081 2366 2445 2444 epitaphium
2496 2372 2839 2445 scripsisse;
2872 2390 2979 2429 nec
3028 2374 3245 2430 mirum
3291 2379 3382 2431 est
3428 2376 3587 2432 hunc

1933 2459 2215 2518 honorem
2269 2459 2496 2517 Simoni
2545 2460 2728 2518 fuisse
2775 2461 3056 2530 delatum,
3091 2463 3183 2517 cui
3226 2462 3388 2520 locus
3436 2464 3588 2520 inter

1933 2547 2286 2623 apostolicos
2332 2549 2690 2606 tumuloS'in
2720 2550 3003 2607 Vaticana
3052 2551 3293 2616 basilica
3341 2568 3587 2609 conces-

1934 2655 2038 2695 sus
2067 2639 2197 2707 fuit,
2234 2655 2347 2695 non
2379 2639 2571 2695 solum
2606 2640 2677 2696 ob
2703 2639 2975 2696 eximiam
3007 2641 3136 2713 ejus
3164 2642 3396 2714 generis
3428 2642 3587 2698 nobi-

1935 2727 2180 2793 litatem,
2213 2729 2336 2795 sed,
2368 2732 2425 2784 et
2476 2728 2533 2784 id
2576 2729 2851 2798 maxime,
2877 2730 2950 2785 ob
2982 2730 3247 2802 ingentia
3287 2732 3496 2787 merita
3526 2732 3585 2787 in

1934 2815 2253 2872 Ecclesiam
2302 2817 2649 2883 Romanam,
2700 2818 2794 2873 cui
2842 2818 3070 2875 tuendae
3121 2836 3156 2875 a
3200 2818 3474 2893 Gregorio
3526 2820 3584 2875 in

1936 2903 2162 2961 Italiam
2205 2906 2525 2962 accersitus
2572 2906 2779 2975 fuerat,
2813 2906 2897 2966 uti
2940 2910 3211 2964 narratur
3236 2907 3297 2964 in
3329 2910 3458 2980 ejus
3486 2908 3585 2963 Vi-

1936 2998 2016 3061 ta,
2056 2994 2278 3051 Saiculo
2324 2995 2390 3062 V,
2422 2999 2586 3067 parte
2642 3012 2681 3050 ιι
2737 2997 2862 3051 Act.
2913 2996 3007 3052 SS.
3059 2996 3284 3051 ordinis
3338 2997 3582 3053 Benedi-

1935 3082 2097 3139 ctini.

230 3176 293 3233 Si
326 3180 537 3264 ίεφθη
564 3180 789 3231 θθτίυω
833 3173 1089 3264 cuipiam
1120 3174 1385 3231 Videat“?
1432 3175 1666 3231 Petrum
1696 3177 1831 3230 ante
1864 3240 1904 3264 η
1939 3193 2037 3249 XI.
2063 3192 2318 3249 Wiberto
2361 3193 2425 3264 in.
2460 3193 2718 3248 Vaticana
2757 3193 2986 3253 basilica
3024 3195 3375 3264 intronimto,
3408 3208 3587 3250 cona-

165 3264 381 3323 Gisulﬁ
420 3262 627 3336 fugam
655 3240 1301 3337 creatum'episcopum
1343 3264 1548 3332 fuisse,
1584 3268 1651 3320 ut
1679 3266 1832 3320 certe
1861 3240 1906 3308 (ἶ

166 3354 371 3412 innuit
402 3357 654 3424 uterque
678 3351 825 3408 Vita:
852 3355 1077 3421 auctor,
1111 3353 1427 3409 dicendum
1457 3353 1568 3410 erit
1595 3353 1833 3409 Petrum

172 3442 367 3502 multo
416 3444 553 3497 ante
580 3441 840 3498 Odonem
888 3441 950 3498 in
998 3440 1225 3498 Italiam
1278 3442 1459 3499 fuisse
1510 3459 1832 3507 reversum,

176 3549 349 3606 quem
386 3529 627 3587 nonnisi
670 3534 804 3603 post
847 3529 1073 3603 aliquot
1100 3546 1285 3587 annos
1313 3531 1436 3587 Odo
1484 3531 1838 3587 subsecutus

176 3625 384 3679 Caram
425 3619 791 3688 convenerit;
824 3633 1168 3692 errasseque
1199 3620 1524 3676 secundum
1556 3618 1699 3675 Vitae
1729 3635 1839 3675 au-

181 3715 399 3767 ctorem
434 3707 543 3781 qui
569 3706 717 3764 illud
766 3706 877 3763 iter
903 3708 1058 3779 quod
1110 3708 1170 3764 bi
1216 3707 1325 3764 viri
1359 3708 1546 3765 sancti
1594 3708 1840 3765 seorsim

183 3798 578 3863 confecerant,
612 3794 792 3852 simul
823 3796 897 3852 ab
942 3795 1019 3853 iis
1056 3799 1399 3870 susceptum
1449 3795 1628 3855 fuisse
1658 3795 1845 3853 credi-

183 3887 353 3945 derit.

597 4004 745 4063 VIII.
778 4008 866 4063 Fit
892 4023 1050 4081 papa:
1064 4010 1446 4097 consiliarius.

255 4150 411 4218 Quid
442 4166 582 4207 vero
608 4149 736 4206 .Odo
765 4150 955 4207 factus
985 4150 1274 4208 Ostiensis
1302 4151 1614 4225 episcopus
1646 4152 1853 4225 primis

192 4242 573 4315 episcopatus
593 4238 689 4295 sui
711 4239 882 4296 annis
905 4239 1122 4305 fecerit,
1148 4256 1441 4312 nusquam
1462 4240 1678 4314 legitur
1697 4242 1853 4315 apud

194 4335 469 4387 auctores
501 4327 811 4400 antiquos;
858 4333 921 4384 at
944 4345 1079 4385 eum
1111 4333 1251 4385 tunc
1298 4330 1577 4402 Gregorio
1623 4332 1856 4405 magnis

200 4417 453 4492 negotiis
472 4432 627 4490 pene
646 4417 854 4473 obruto
881 4433 1113 4489 semper
1133 4422 1342 4490 praesto
1366 4418 1546 4475 fuisse
1565 4418 1721 4476 haud
1744 4420 1855 4476 du-

200 4507 359 4563 bium
392 4510 512 4563 est.
535 4509 696 4562 Certe
724 4504 840 4562 huc
880 4505 1133 4563 revocari
1163 4510 1355 4579 potest
1383 4506 1642 4565 Orderici
1673 4508 1856 4577 locus,

2168 3265 2309 3319 lium
2331 3263 2613 3319 indicitur.
2640 3264 2748 3319 Udo
2767 3264 2835 3319 ab
2864 3265 3096 3320 Henrico
3123 3267 3357 3337 capitur.
3409 3270 3415 3275 '

2013 3351 2280 3409 Ecclesia:
2328 3351 2689 3407 calamitates
2722 3366 2869 3408 novo
2898 3352 3152 3408 facinore
3181 3353 3341 3407 auxit
3388 3352 3590 3407 Henri-

1944 3458 2050 3499 cus
2078 3444 2401 3514 Augustus,
2433 3454 2586 3495 anno
2618 3440 2775 3507 1083,
2808 3456 2942 3494 cum
2973 3444 3108 3513 post
3153 3442 3441 3497 tentatam
3474 3441 3593 3496 fru—

1946 3536 2070 3590 stra
2098 3529 2502 3602 superioribus
2542 3529 2713 3585 annis
2758 3528 2963 3586 urbem
3012 3529 3280 3598 Romam,
3324 3548 3443 3586 una
3471 3531 3600 3602 ejus

1949 3624 2114 3695 parte
2159 3619 2271 3676 hoc
2318 3636 2471 3675 anno
2518 3619 2759 3690 potitus,
2794 3622 3080 3691 captaque
3128 3619 3390 3675 Leonina
3435 3620 3601 3690 urbe,

1951 3709 2296 3767 Guibertum
2326 3723 2499 3763 suum
2531 3707 2589 3762 in
2622 3707 2810 3778 sancti
2858 3707 3009 3763 Petri
3040 3706 3285 3764 basilica
3315 3708 3427 3765 sub
3458 3707 3605 3765 falso

1951 3796 2268 3856 Clementis
2297 3796 2377 3853 IlI
2410 3796 2647 3853 nomine
2686 3796 3021 3869 pontificem
3060 3796 3408 3868 proclamari
3438 3815 3606 3853 cura-

1953 3887 2065 3955 vit;
2089 3902 2265 3959 quem
2293 3902 2406 3941 non
2428 3884 2716 3941 Ostiensis
2744 3888 2802 3940 et
2831 3883 3179 3941 Albanensis
3209 3902 3312 3941 seu
3336 3886 3609 3943 Portuen-

1956 3975 2042 4034 sis
2069 3973 2382 4041 antistites,
2404 3972 2476 4028 ad
2509 3989 2658 4045 quos
2681 3972 2737 4027 id
2760 3972 3021 4031 muneris
3040 3972 3211 4043 juxta
3239 3972 3608 4047 privilegium

1957 4080 2162 4122 eorum
2209 4063 2452 4119 sedibus
2502 4079 2536 4117 a
2584 4063 2682 4118 SS.
2720 4060 2986 4118 Patribus
3018 4077 3382 4125 concessum,
3416 4066 3482 4116 ut
3529 4062 3612 4117 ait

1961 4152 2288 4220 Bertoldus,
2337 4151 2687 4225 pertinebat,
2740 4150 2839 4206 sed
2892 4149 3246 4205 Mutinensis
3294 4155 3353 4205 et
3398 4149 3612 4205 Arimi-

1962 4242 2162 4299 nensis
2193 4238 2451 4313 episcopi
2482 4240 2604 4311 jam
2626 4240 2817 4294 multis
2847 4239 3011 4294 annis
3047 4238 3280 4310 depositi
3304 4243 3356 4295 et
3386 4239 3612 4295 anathe-

1962 4331 2217 4389 matizati
2263 4329 2792 4395 inihrom'mverunt,
2837 4327 2991 4400 quod
3045 4326 3143 4383 alii
3195 4328 3268 4383 ab
3317 4328 3449 4385 aliis
3496 4328 3616 4402 epi-

1964 4420 2159 4493 scOpis
2188 4419 2406 4475 factum
2452 4418 2740 4473 scribunt.
2772 4416 3139 4472 Praeferenda
3182 4421 3337 4472 esset
3367 4416 3617 4473 Bertoldi

1968 4507 2302 4575 auctoritas,
2336 4512 2537 4578 utpote
2569 4506 2667 4578 qui
2702 4512 2840 4561 tunc
2870 4504 3118 4571 vivebat,
3144 4511 3201 4561 et
3232 4522 3326 4561 res
3358 4505 3624 4579 singulas

194 4596 316 4669 jam
349 4612 391 4651 a
418 4592 595 4650 nobis
618 4610 801 4667 supra
826 4594 1127 4663 laudatus,
1149 4594 1211 4649 in
1240 4611 1356 4668 quo
1384 4596 1698 4670 Gregorius
1729 4598 1865 4655 dici.
1893 4604 1942 4671 Β
1972 4616 2076 4673 per
2107 4595 2374 4670 singulos
2394 4610 2581 4652 annos
2607 4598 2872 4651 accurate
2893 4594 3159 4667 digessit,
3183 4595 3232 4651 si
3260 4595 3374 4651 sibi
3395 4600 3629 4652 consta-

204 4689 297 4743 tur
339 4684 462 4741 sibi
510 4682 773 4741 Odonem
815 4686 1164 4756 praecipuum
1188 4685 1577 4743 consiliarium
1624 4689 1866 4758 elegisse.

204 4773 315 4841 Qui
346 4772 553 4845 reipsa
580 4775 703 4829 toto
732 4772 826 4830 sui
868 4772 1243 4847 episcopatus
1268 4774 1459 4847 primo
1489 4775 1874 4849 quadriennio

205 4877 445 4935 semper
471 4860 769 4935 pontiﬁcis
799 4859 980 4918 hateri
1002 4861 1341 4930 adhesitmt
1363 4880 1499 4920 eum
1530 4864 1657 4923 suis
1685 4867 1876 4926 consi-

213 4950 335 5017 liis,
346 4966 578 5023 suaque
592 4966 771 5024 opera
782 4951 879 5022 adj
887 4954 1108 5009 uvaret.
1126 4951 1187 5007 Id
1211 4951 1408 5009 innuit
1421 4953 1620 5010 Benno
1636 4957 1880 5027 pseudo-

218 5038 537 5099 cardinalis
553 5044 614 5097 et
628 5039 895 5114 Gregorii
916 5043 1093 5113 atque
1108 5041 1384 5098 Romanis
1400 5041 1670 5100 Ecclesiae
1694 5043 1883 5103 hostis

214 5127 807 5202 infensissimus,qui
834 5129 1095 5186 Odonem
1122 5129 1374 5200 Gregorii
1394 5132 1751 5206 pedisequum
1781 5153 1884 5208 ap-

215 5215 448 5290 pellare
477 5216 650 5274 solet.
684 5218 846 5274 Idem
878 5216 1005 5290 ipse
1033 5223 1237 5274 auctor
1265 5224 1463 5276 narrat
1494 5221 1552 5277 in
1585 5221 1720 5279 Vita
1748 5223 1888 5280 Gre-

220 5305 373 5381 gorii
406 5305 508 5363 VII
554 5306 818 5363 Odonem
862 5311 1132 5365 nostrum
1180 5313 1238 5364 et
1284 5313 1602 5382 Cunonem,
1636 5312 1892 5369 fervente

220 5395 559 5469 quastione
572 5395 1016 5454 deeucharistia
1030 5400 1234 5453 contra
1251 5397 1664 5470 Berengarium
1685 5399 1746 5456 in
1764 5417 1898 5458 con-

224 5483 363 5542 cilio
396 5484 667 5543 Romano
706 5484 847 5541 anni
894 5486 1055 5554 1079,
1078 5485 1297 5543 missos
1326 5503 1360 5543 a
1390 5487 1671 5563 Gregorio
1716 5490 1901 5547 fuisse

224 5575 297 5631 ad
328 5573 622 5631 Sanctam
648 5575 1046 5645 Anastasiam,
1069 5579 1137 5633 ut
1166 5575 1249 5632 ibi
1278 5593 1412 5633 cum
1444 5577 1722 5652 Suppone
1742 5581 1900 5652 ejus-

1979 4692 2085 4745 ret.
2115 4689 2189 4742 At
2218 4686 2465 4757 ipsemet
2492 4701 2644 4740 anno
2676 4685 2815 4739 1084
2854 4682 2981 4740 loco
3026 4683 3416 4740 Ariminensis
3444 4683 3632 4740 Areti-

1984 4774 2452 4842 numnominat;
2486 4774 2642 4846 quod
2680 4772 2780 4829 alii
2820 4788 3052 4846 quoque
3099 4776 3367 4830 auctores
3393 4773 3631 4829 habent.

1984 4867 2056 4923 Et
2085 4864 2323 4938 quidem
2354 4862 2658 4935 episcopos
2688 4862 3075 4919 Mutinensem
3101 4864 3158 4917 et
3185 4862 3488 4918 Aretinum
3518 4876 3637 4915 non

1987 4952 2476 5019 benedictionem,
2506 4952 2607 5008 sed
2638 4951 3079 5007 damnationem
3112 4967 3290 5024 quam
3324 4949 3637 5014 habebant,

1992 5042 2347 5116 imposuisse
2376 5040 2659 5109 Wiberto,
2698 5040 2904 5096 scribit
2945 5039 3319 5097 Gebebardus
3349 5035 3641 5093 Salisbur-

1995 5133 2193 5208 gensis
2224 5130 2697 5203 archiepiscopus
2720 5130 2780 5184 in
2807 5128 2976 5203 epist.
3003 5129 3074 5185 ad
3098 5128 3499 5182 Hermannum
3531 5124 3646 5182 Me-

1997 5228 2247 5279 tcnsem.
2272 5220 2438 5276 Haud
2468 5218 2713 5275 dubium
2745 5218 2889 5291 quin
2920 5221 2978 5273 et
3005 5214 3393 5273 Ariminensis
3423 5217 3482 5271 et
3508 5216 3647 5273 Are-
3714 5262 3725 5267 -

2002 5311 2164 5368 tinus
2220 5309 2479 5383 episcopi
2536 5308 2678 5364 huic
2734 5305 3089 5364 caeremoniae
3138 5303 3481 5361 adfuerint:
3516 5322 3653 5361 nam

2005 5392 2311 5457 Bertoldus
2357 5400 2645 5465 observat,
2696 5396 2769 5452 ad
2818 5410 3039 5451 annum
3095 5394 3254 5461 1084,
3300 5398 3509 5468 praeter
3560 5412 3660 5452 eos

2008 5505 2157 5562 quos
2185 5487 2471 5557 nominat,
2487 5491 2725 5543 ceteros
2754 5498 2986 5555 quoque
3005 5482 3309 5557 episcopos
3331 5499 3666 5540 excommu-

2012 5578 2237 5635 nicatos
2255 5575 2509 5635 Wiberti
2540 5571 2894 5635 ordinationi
2925 5571 3284 5641 interfuisse,
3310 5589 3489 5645 quam
3515 5576 3669 5630 anno

228 5663 369 5722 dem
396 5661 676 5721 Ecclesiae
721 5663 1249 5739 archipresbytero,
1272 5666 1503 5739 jejunio
1535 5672 1592 5725 et
1621 5668 1904 5726 orationi-
2015 5668 2398 5743 subsequenti
2450 5663 2721 5724 Albertus
2777 5662 3082 5722 Stadensis
3138 5666 3196 5719 et
3253 5660 3349 5718 alii
3405 5667 3672 5720 auctores

233 5754 351 5812 bus
380 5768 633 5828 operam
662 5754 867 5815 dantes
896 5753 1091 5816 tribus
1117 5754 1350 5827 diebus,
1374 5757 1634 5818 recitatis
1662 5759 1909 5818 totidem
2024 5757 2394 5834 consignant.
