4000 6178
1630 313 1707 379 Β.
1748 306 2057 379 URBANI.
2087 309 2143 377 ΙΙ
2183 310 2440 377 PAPJE.

3661 310 3751 379 ﬂ

398 453 467 510 In
495 450 661 512 tanta
687 466 883 511 rerum
912 451 1352 527 perturbatione
1378 450 1571 509 visum
1593 451 1682 506 est
1712 427 1975 506 Ecclesiae
2004 445 2062 521 Α
2087 448 2262 505 Deum
2289 449 2604 509 timentibus
2626 464 2729 525 pro
2757 456 2903 509 certo
2945 447 3140 508 haberi
3176 446 3444 522 cognovit,
3473 454 3535 507 ut
3553 465 3754 509 eorum

325 542 669 620 proceribus
700 558 889 618 operae
930 542 1182 617 pretium
1233 558 1361 598 esse
1410 554 1763 612 congregare
1814 553 1987 610 syno-

322 630 496 711 dum,
519 633 690 707 cujus
711 636 941 701 statuta,
970 632 1161 706 inquit
1183 629 1508 697 Bertoldus,
1525 628 1589 683 de
1613 644 1777 684 causa
1807 625 1985 711 regni,

453 704 705 790 Henrico,
736 738 836 777 nec
883 704 1158 787 Romanis,
1192 721 1303 773 imo
1346 717 1495 771 nulli
1536 718 1758 787 penitus
1806 704 1994 785 liceret

323 811 708 885 praevaricari.
739 811 881 869 Eam
926 806 1238 880 Gregorius
1288 821 1489 862 mense
1542 805 1847 861 Novembri
1880 805 1986 859 ha-

330 900 586 981 pendam
618 898 847 964 indixit,
882 895 1090 952 litteris
1120 911 1189 951 ea
1217 895 1289 950 de
1324 911 1385 950 re
1426 895 1496 950 ad
1528 911 1731 950 omnes
1762 894 1985 966 episco-

332 1006 442 1068 pos
470 992 527 1047 et
557 988 794 1045 abbates
843 984 1017 1041 datis.
1051 983 1336 1040 Henricus
1364 1000 1498 1061 vero
1548 984 1607 1040 in
1659 983 1985 1055 Langobar-

334 1073 493 1142 δίεισι
524 1091 813 1141 reversus,
844 1073 1108 1131 adhibito
1133 1073 1542 1144 jurejurando,
1578 1072 1868 1146 pollicitus
1898 1076 1988 1128 est

335 1180 571 1229 omnem
600 1162 975 1227 securitatem
1008 1161 1298 1218 universis
1329 1163 1427 1234 qui
1462 1167 1564 1218 aut
1592 1162 1663 1217 ad
1698 1161 1985 1234 synodum

333 1254 474 1333 ituri
506 1256 721 1320 essent,
754 1256 875 1320 aut,
908 1268 975 1307 ea
1020 1250 1204 1317 ﬁnita,
1237 1250 1306 1306 ad
1355 1250 1589 1324 propria
1630 1253 1987 1306 reverteren-

334 1347 463 1417 tur;
519 1346 578 1399 at
632 1339 1061 1413 promissorum
1123 1355 1364 1395 suorum
1420 1339 1750 1403 immemor,
1810 1336 1987 1410 paulo

336 1422 490 1510 post,
519 1431 702 1491 fracta
722 1430 854 1497 fide,
876 1428 1191 1502 plerosque
1219 1445 1420 1485 eorum
1441 1428 1540 1499 qui
1569 1428 1641 1483 ad
1672 1426 1986 1484 concilium

336 1518 749 1597 properabant,
773 1535 840 1575 ac
878 1518 1030 1574 inter
1056 1516 1204 1573 alios
1234 1517 1428 1590 ipsum
1462 1517 1719 1573 Odonem
1752 1516 1987 1573 Ostien—

337 1627 463 1685 sem
492 1609 853 1683 episcopum,
881 1623 1056 1680 quem
1099 1606 1171 1663 ad
1202 1622 1337 1662 eum
1368 1605 1684 1679 Gregorius
1729 1605 1986 1679 legatum

336 1684 599 1765 miserat,
622 1697 684 1753 in
715 1696 923 1753 itinere
970 1695 1331 1769 apprehendi
1358 1695 1562 1767 jussit,
1598 1699 1771 1768 atque
1801 1696 1859 1750 in
1892 1712 1984 1751 ca-

2093 539 2503 611 simplioitatem
2545 541 2745 597 melius
2771 541 3169 596 circumvenire
3203 547 3395 613 posset,
3426 539 3500 596 ad
3541 540 3755 597 callida

2094 644 2151 684 se
2166 632 2487 699 argumenta
2502 632 2782 686 convertit.
2807 634 2935 687 Post
2953 630 3262 702 captionem
3280 631 3465 701 itaque
3486 630 3754 688 Ostiam}

2096 718 2334 787 episcopi
2362 725 2413 772 et
2440 719 2680 773 aliorum
2708 720 3031 784 multorum,
3063 720 3447 790 quosrecepit,
3477 719 3756 777 absolutos

2097 804 2340 867 dimisit;
2378 808 2649 862 universis
2679 809 2900 863 Romam
2936 808 3161 864 visitare
3196 808 3499 863 volentibus
3521 808 3757 879 ﬁrmam

2095 897 2440 950 securitatem
2466 895 2630 964 dedit,
2663 913 2827 968 quam
2856 896 3173 967 juramento
3212 897 3432 968 publice
3456 897 3754 967 conﬁrma-

2095 984 2190 1039 vit.
2216 985 2281 1039 Et
2309 992 2370 1040 ut
2395 987 2639 1055 favorem
2663 985 2984 1057 papularem
3009 987 3235 1041 omnino
3261 989 3675 1058 prosequeretur
3699 994 3760 1042 et

2096 1075 2357 1153 gratiam,
2392 1076 2451 1129 in
2487 1074 2703 1145 publica
2753 1074 2919 1140 dixit,
2953 1075 3091 1147 quod
3137 1092 3172 1129 a
3218 1074 3438 1131 domino
3495 1074 3754 1147 Gregorio

2062 1178 2065 1185 '
2090 1178 2238 1234 papa
2268 1164 2575 1235 imperialis
2618 1179 2828 1219 corona:
2872 1162 3198 1231 dignitatem
3224 1164 3383 1220 vellet
3414 1166 3750 1236 accipere....

2096 1253 2164 1307 At
2195 1251 2482 1322 Gregorius
2512 1252 2785 1323 respondit
2815 1270 2865 1308 :u
2897 1254 3004 1323 Ego
3041 1254 3305 1309 versutias
3341 1256 3395 1308 et
3422 1252 3754 1309 calliditates

2096 1342 2236 1411 regis
2264 1342 2577 1412 frequenter
2624 1345 2879 1412 expertus
2908 1358 3048 1397 sum.
3081 1342 3141 1397 Si
3168 1349 3353 1399 autem
3399 1343 3518 1407 vult
3564 1344 3629 1397 in
3677 1344 3752 1398 iis

2095 1430 2296 1501 quibus
2317 1431 2606 1501 manifeste
2626 1431 2867 1501 peccavit
2894 1429 3000 1486 Deo
3034 1434 3091 1486 et
3130 1431 3382 1488 Ecclesia:
3408 1433 3747 1504 satisfacere,

2098 1519 2327 1575 libenter
2356 1519 2651 1587 absolvam,
2683 1522 2736 1575 et
2779 1519 3127 1591 imper-intem
3170 1520 3281 1575 sibi
3325 1535 3581 1577 coronam
3623 1538 3753 1577 cum

2098 1607 2466 1664 benedictione
2512 1610 2788 1681 imponam
2811 1630 2912 1662 »...
2946 1608 3085 1680 quod
3106 1610 3329 1663 verbum
3357 1625 3481 1665 cum
3509 1625 3628 1676 rex,
3661 1626 3752 1666 re-

2094 1696 2371 1753 mordente
2427 1698 2788 1765 conscientia,
2844 1698 3065 1768 penitus
3129 1696 3421 1767 denegaret
3479 1700 3752 1769 facere....

336 1787 601 1889 ptivitate
632 1786 899 1895 detentos
932 1784 1134 1895 mujltis
1165 1785 1472 1895 torqmen‘tijs
1499 1784 1835 1883 immaniter
1864 1802 1989 1895 opu-
2019 1819 2069 1895 Β
2096 1787 2355 1858 Pontifex
2396 1786 2651 1857 difﬁdens
2697 1802 2811 1842 sese
2852 1788 2915 1842 in
2966 1787 3274 1842 Crescentii
3317 1790 3557 1842 castrum
3607 1803 3754 1844 rece-

337 1876 501 1935 ciari.
532 1874 874 1932 Audiendus
916 1892 986 1930 ea
1013 1874 1085 1929 de
1114 1890 1175 1929 re
1216 1872 1547 1942 Bertoldus,
1580 1874 1681 1945 qui
1730 1891 1853 1930 rem
1899 1873 1992 1930 bis
2019 1872 2069 1895 η
2095 1877 2200 1947 pit,
2233 1879 2341 1932 etc.

335 1965 530 2023 verbis
558 1963 795 2038 exponit
826 1981 839 2019 :
872 1964 1061 2035 Legati
1090 1963 1552 2020 Theutonicorum
1576 1965 1894 2034 principum
1917 1963 1989 2018 ad

339 2053 656 2112 concilium
686 2055 768 2109 ire
794 2052 1114 2119 debuerant,
1139 2052 1230 2110 sed
1272 2054 1341 2107 ab
1380 2054 1610 2108 Henrico
1639 2054 1697 2107 in
1727 2054 1818 2108 via
1845 2053 1991 2124 apud

336 2143 742 2202 Forum-Cassii
768 2143 916 2215 capti
944 2146 995 2198 et
1022 2141 1216 2213 ftedati
1243 2143 1371 2199 sunt
1415 2142 1565 2198 circa
1590 2146 1789 2213 festum
1812 2144 1991 2197 sancti

337 2234 588 2303 Martini,
620 2234 745 2290 licet
781 2232 1032 2289 omnibus
1062 2232 1221 2287 illam
1261 2231 1529 2302 synodum
1568 2232 1877 2303 petentibus
1904 2248 1990 2287 se-

338 2325 634 2380 curitatem
666 2322 983 2395 jar-amento
1008 2320 1412 2392 promiserit....
1434 2321 1607 2374 Erant
1641 2328 1823 2377 autem
1855 2322 1987 2376 reli-

338 2411 636 2487 giosissimi
662 2408 924 2469 monachi
961 2417 1013 2465 et
1051 2410 1262 2477 clerici,
1284 2425 1412 2483 quos
1440 2410 1501 2465 in
1529 2410 1838 2482 captivitate
1859 2412 1990 2481 fecit

335 2501 600 2581 cruciari,
632 2517 758 2569 cum
788 2499 983 2571 quibus
1016 2502 1067 2554 et
1094 2497 1337 2555 Ottonem
1364 2498 1732 2555 venerandum
1777 2500 1987 2555 Ostien-

335 2608 450 2650 sem
480 2592 791 2664 episcopum
828 2589 1179 2659 captivatum,
1200 2586 1450 2645 videlicet
1477 2587 1548 2643 ad
1578 2589 1754 2659 ipsum
1774 2589 1842 2643 ab
1863 2604 1988 2659 apo.

334 2680 528 2753 stoltca
555 2677 676 2735 sede
703 2678 1108 2734 transmissum.
1133 2676 1263 2732 Haec
1294 2674 1391 2731 ille
1416 2693 1429 2731 :
1458 2691 1660 2732 verum
1709 2693 1815 2732 nec
1863 2676 1986 2744 illa,

333 2786 442 2845 nec
472 2768 649 2827 etiam
677 2766 768 2823 vis
812 2766 1075 2823 acerbior
1104 2764 1362 2820 Odonem
1394 2781 1430 2821 a
1453 2763 1711 2839 Gregorii
1740 2765 1984 2839 legitimi

328 2856 630 2933 pontiﬁcis
660 2854 990 2917 obedientia
1022 2869 1284 2926 unquam
1325 2854 1619 2910 dimovere
1647 2858 1981 2927 potuerunt.

330 2949 388 3007 Is
418 2944 744 3009 econtrario
774 2961 907 3000 cum
955 2942 1080 2999 suis
1123 2941 1383 3017 collegis,
1410 2942 1728 3001 Albanensi
1759 2948 1817 3000 et
1849 2945 1984 3000 Por-

328 3020 526 3094 tuensi
547 3032 860 3108 episcopis,
883 3032 1158 3099 libentius,
1183 3031 1270 3086 uti
1294 3031 1364 3086 ad
1387 3047 1611 3087 annum
1642 3037 1985 3104 sequentem

328 3125 510 3183 habet
534 3121 866 3190 Bertoldus,
887 3124 1148 3179 extrema
1177 3137 1420 3193 quaeque
1451 3121 1738 3177 sustinere
1768 3139 1986 3195 princp-

2183 1982 2328 2039 XIII.
2362 1984 2624 2039 Henricus
2652 1999 2688 2038 a
2718 1982 2970 2110 Guibertp
2999 1987 3325 2050 coronatur;
3354 1998 3661 2039 excommu-

2807 2071 2935 2110 πιθα
2961 2070 3047 2110 ur.

2807 2070 3047 2111 meatur.

2170 2142 2454 2199 Henricus
2482 2160 2616 2199 vero
2645 2142 2745 2215 qui
2779 2144 3227 2199 Lateranensem
3261 2128 3564 2199 basilicam
3592 2142 3759 2201 inva-

2098 2235 2271 2299 serat,
2295 2231 2424 2305 ipsa
2448 2231 2759 2291 Dominicse
2782 2230 3227 2288 resurrectionis
3251 2231 3365 2300 die,
3391 2248 3663 2295 coronam
3690 2234 3753 2290 in

2099 2320 2372 2388 Ecclesia,
2393 2338 2502 2377 non
2518 2323 2733 2393 gloria,
2750 2325 2815 2377 ut
2832 2320 2916 2376 ait
2936 2319 3164 2376 Bertold
3173 2336 3261 2387 us,
3278 2320 3374 2377 sed
3389 2324 3751 2394 confusionis,

2098 2426 2132 2465 a
2161 2426 2269 2466 suo
2300 2409 2573 2466 Guiberto
2614 2410 2893 2481 suscepit,
2917 2408 3381 2483 Gregoriumque
3410 2409 3745 2484 legitimum

2096 2500 2429 2571 pontificem
2460 2499 2519 2556 in
2569 2498 2751 2557 altera
2799 2498 2963 2555 urbis
3012 2501 3177 2571 parte
3222 2498 3469 2555 obsedit.
3504 2500 3750 2558 Inutiles

2095 2592 2288 2644 tamen
2320 2589 2480 2647 fuere
2508 2589 2637 2660 ejus
2678 2592 2924 2645 conatus
2957 2606 2970 2644 :
3005 2604 3139 2644 nam
3172 2587 3447 2659 pontifex,
3484 2588 3745 2646 Rotberti

2096 2676 2397 2733 Guiscardi
2422 2677 2961 2735 Northmannorum
2992 2676 3053 2732 in
3075 2674 3239 2732 Italia
3260 2675 3540 2748 principis
3566 2694 3748 2751 opera

2093 2766 2269 2840 paulo
2298 2770 2430 2839 post
2476 2766 2780 2834 liberatus,
2811 2766 3100 2838 synodum
3148 2764 3211 2820 in
3259 2764 3388 2837 ipsa
3418 2765 3569 2823 Urbe
3594 2766 3742 2822 cele-

2094 2856 2301 2925 bravit,
2335 2855 2393 2911 in
2424 2872 2541 2927 qua
2587 2855 2952 2912 schismatici
2997 2870 3205 2911 rursus
3251 2854 3745 2915 excommunicati

2093 2944 2348 3003 fuerunt.
2374 2944 2453 3005 De
2478 2944 2587 3003 hac
2607 2944 2831 3016 synodo
2852 2942 3161 3000 Bertoldus
3189 2942 3259 2998 ad
3291 2941 3450 2999 hunc
3478 2959 3700 3005 annum
3729 2962 3741 3001 :

2092 3034 2354 3088 Dominus
2389 3041 2573 3091 autem
2605 3049 2771 3105 papa,
2802 3032 3014 3104 inquit,
3035 3033 3260 3089 collecta
3287 3032 3514 3105 synodo,
3545 3035 3748 3090 iterm

2094 3124 2416 3179 sententiam
2460 3121 2827 3178 anathematis
2858 3122 2917 3177 in
2949 3120 3266 3185 Guibertum
3301 3121 3742 3191 haeresiarcham,

330 3216 546 3279 tanset,
604 3226 783 3284 quam
836 3186 951 3266 tam
1003 3186 1283 3281 sacrilege,
1324 3186 1591 3265 Guiberti
1646 3186 1987 3266 ordinationi
2016 3186 2059 3263 (ἶ
2096 3211 2387 3266 Henricum
2412 3218 2462 3267 et
2489 3226 2672 3267 omnes
2699 3225 2889 3266 eorum
2913 3212 3158 3280 fautores
3184 3210 3572 3281 promulgavit,
3602 3186 3747 3283 quod

334 3309 599 3377 tanquam
668 3298 1071 3371 superbissima:
1140 3300 1567 3371 pra’sumptioni
1584 3343 1600 3369 ,
1666 3301 1984 3356 immisceri.

337 3390 559 3449 Bonam
588 3386 945 3445 voluntatem
991 3388 1196 3444 eliectu
1248 3386 1724 3460 comprobarunt,
1756 3386 1808 3444 si
1854 3388 1984 3460 qui-

337 3480 473 3536 dem
502 3477 719 3533 domino
765 3476 1054 3547 apostolico
1083 3475 1357 3546 Gregorio
1403 3477 1678 3547 conjuncti
1718 3478 1984 3533 eamdem

327 3564 758 3624 ordinationem
791 3561 1057 3634 synodali
1082 3561 1308 3634 judicio
1336 3562 1609 3619 canonice
1640 3564 1984 3620 condemna-

328 3660 487 3717 runt.

612 3739 736 3797 XII.
770 3740 843 3796 De
866 3754 1002 3812 pace
1031 3740 1248 3809 agitur;
1282 3737 1390 3794 Odo
1416 3738 1703 3795 liberatur.

391 3832 519 3905 (An.
546 3830 729 3902 1084.)
761 3829 982 3885 Tantas
1013 3843 1147 3883 vero
1193 3830 1431 3898 tamque
1478 3844 1685 3900 graves
1718 3828 1979 3886 Ecclesiae

316 3919 686 3997 calamitates
716 3934 863 3993 aegre
896 3915 1278 3991 patiebantur
1304 3915 1411 3970 viri
1445 3916 1667 3988 passim
1699 3916 1976 3991 religiosi,

316 4027 350 4068 ο
379 4009 600 4091 quibus
631 4005 922 4075 nonnulli,
951 4004 1052 4080 qui
1099 4004 1291 4062 neutri
1322 4005 1472 4077 parti
1503 4007 1759 4079 suspecti
1790 4014 1973 4064 erant.

316 4097 393 4156 ad
420 4113 629 4174 pacem
658 4096 810 4154 inter
838 4093 1177 4168 pontificem
1219 4097 1277 4149 et
1315 4109 1510 4167 regem
1550 4094 1974 4153 conciliandam

317 4202 557 4261 operam
588 4183 984 4245 contulerunt.
1017 4182 1147 4240 Haec
1176 4199 1245 4239 ex
1284 4178 1570 4239 Pandult‘o
1601 4181 1885 4241 discimus
1913 4185 1974 4241 in

316 4272 509 4331 Gestis
529 4272 899 4351 pontiﬁcum,
914 4270 1015 4327 ubi
1038 4270 1192 4327 inter
1212 4269 1359 4327 alios
1380 4270 1684 4344 signanter
1701 4273 1976 4347 exprimit

316 4362 623 4436 Hugonem
666 4359 930 4433 Cluniaci
980 4359 1271 4423 abbatem,
1324 4358 1425 4431 qui
1478 4377 1611 4416 cum
1662 4360 1791 4418 aliis
1834 4363 1971 4420 viris

315 4449 517 4524 probis
548 4447 862 4515 Henricum
886 4446 1115 4505 monuit
1139 4464 1211 4504 ne
1233 4447 1606 4504 anathemata
1625 4467 1659 4504 a
1679 4454 1765 4506 tot
1785 4453 1971 4524 ponti-

2093 3306 2145 3356 et
2173 3300 2229 3355 in
2249 3302 2380 3371 festo
2398 3301 2577 3357 sancti
2596 3299 2824 3356 Joannis
2842 3300 3101 3370 Baptistae
3115 3299 3402 3369 praeterito
3411 3298 3743 3370 jamdudum

2095 3389 2280 3447 Romae
2304 3391 2450 3460 fecit,
2477 3405 2604 3443 cum
2631 3389 2894 3444 Henricus
2915 3386 3093 3443 adhuc
3120 3387 3199 3442 ibi
3224 3391 3555 3443 moraretur.
3589 3389 3741 3444 Tum

2094 3476 2256 3533 addit
2284 3477 2436 3533 hanc
2475 3475 2826 3534 sententiam
2857 3493 2893 3533 ο.
2919 3476 3124 3549 legatis
3173 3474 3530 3546 apostolicis,
3573 3475 3745 3532 Petro

2090 3564 2351 3622 videlicet
2383 3564 2697 3623 Albanensi
2745 3565 3017 3637 episcopo
3064 3562 3123 3618 in
3173 3560 3433 3629 Francia,
3465 3566 3525 3618 et
3553 3563 3744 3621 Ottone

2093 3654 2329 3709 Ostiensi
2382 3655 2625 3725 episcopo
2693 3656 2753 3711 in
2815 3657 2964 3709 terra
3030 3652 3477 3708 Tbeulonicorum
3543 3653 3745 3724 ubique

2089 3742 2272 3800 fuisse
2316 3742 2670 3814 divulgatum.
2707 3745 2891 3815 Atque
2919 3741 3041 3797 haec
3072 3740 3262 3814 prima
3291 3744 3381 3797 est
3427 3739 3741 3814 legationis

2088 3831 2416 3903 apostolica:
2458 3833 2695 3898 mentio,
2744 3848 2863 3902 qua
2910 3830 3031 3887 Odo
3080 3834 3276 3885 noster
3323 3829 3382 3884 in
3430 3828 3743 3885 Germania

2087 3921 2324 3976 functus
2353 3926 2458 3977 est.

2084 4025 2228 4082 XIV.
2259 4027 2366 4083 Otto
2399 4028 2609 4096 legatus
2654 4026 2713 4080 in
2760 4028 3077 4082 Germania.
3113 4023 3487 4080 Gebehardum
3533 4023 3739 4094 episco-

2461 4114 2597 4170 pum
2624 4096 3090 4153 Constantiensem
3117 4096 3358 4153 ordinat.

2155 4186 2280 4242 Una
2309 4190 2508 4243 autem
2538 4204 2569 4243 e
2600 4184 2907 4257 praecipuis
2929 4185 3058 4255 ejus
3086 4184 3244 4241 curis
3274 4183 3333 4240 in
3355 4199 3424 4239 ea
3451 4181 3740 4256 legatione

2081 4274 2213 4343 fuit,
2243 4281 2307 4330 ut
2336 4275 2630 4330 antistites
2649 4271 2913 4329 ecclesiis
2933 4273 3152 4329 orbatis
3183 4272 3530 4344 provideret,
3553 4270 3735 4327 animi

2079 4364 2276 4436 vigore
2305 4368 2362 4418 et
2393 4361 2677 4433 probitate
2707 4377 2938 4417 morum
2970 4365 3334 4434 prestantes,
3364 4359 3568 4433 quales
3599 4376 3739 4419 sane

2078 4452 2348 4525 exigebat
2378 4452 2715 4523 iniquorum
2755 4449 2988 4506 illorum
3020 4456 3353 4523 temporum
3394 4449 3734 4505 necessitas.

316 4537 528 4595 ﬂcibus
546 4536 710 4611 illata
730 4537 889 4612 parvi
894 4537 1192 4610 penderet.
1218 4535 1417 4593 Paruit
1444 4536 1562 4605 ille,
1588 4542 1689 4595 aut
1718 4544 1972 4609 certe,ut
1999 4553 2046 4618 Β
2078 4541 2157 4599 Ex
2186 4541 2280 4598 bis
2306 4540 2417 4597 fuit
2437 4539 2727 4598 Henricus
2746 4555 2942 4596 comes
2961 4540 3031 4596 de
3050 4538 3389 4612 Aslo,quem
3419 4536 3740 4594 Hermanni

314 4626 511 4698 innuit
544 4625 641 4684 ille
671 4628 895 4697 auctor,
920 4642 1120 4699 parere
1165 4624 1493 4689 simulavit;
1526 4632 1703 4700 atque
1745 4630 1962 4703 Odone,

314 4704 657 4791 cnterisque
678 4715 923 4788 captivis
942 4714 1217 4773 libertate
1238 4715 1514 4770 redeundi
1537 4716 1605 4772 ad
1628 4719 1862 4791 propria
1883 4720 1981 4775 do-

314 4805 490 4881 natis,
515 4821 651 4861 cum
680 4803 956 4876 Gregorio
990 4818 1051 4859 se
1082 4819 1285 4876 pacem
1320 4802 1601 4859 initurum
1640 4808 1975 4879 spepondit’

313 4893 366 4951 si
396 4894 497 4950 ille
518 4892 629 4967 sibi
660 4891 832 4949 vellet
865 4890 1169 4963 imperiale
1214 4890 1485 4947 diadema
1512 4892 1833 4966 imponere.
1866 4898 1976 4952 Sed

316 5000 452 5040 cum
467 4981 783 5057 Gregorius
804 4981 860 5036 id
881 4998 944 5038 se
966 4980 1257 5037 facturum
1281 4984 1515 5054 negaret
1540 4982 1654 5038 nisi
1675 4985 1783 5040 sub
1804 4985 1978 5041 certis

318 5070 775 5145 conditionibus,
797 5086 946 5143 quas
974 5068 1258 5127 Henricus
1288 5070 1615 5139 recusabat,
1641 5089 1731 5128 res
1764 5074 1978 5131 infecta

317 5159 633 5226 remansit;
657 5162 715 5214 et
734 5156 853 5227 ille,
878 5157 937 5212 in
960 5156 1278 5214 schismate
1308 5158 1675 5227 obﬁrmatus,
1700 5178 1974 5219 coronam

318 5265 355 5325 a
384 5263 490 5302 suo
521 5245 798 5304 Guiberto
846 5244 1188 5303 solemniter
1232 5246 1483 5320 recepit;
1518 5266 1633 5320 quo
1685 5249 1835 5305 facto
1888 5252 1976 5306 fas

318 5335 593 5410 deinceps
624 5352 742 5391 non
767 5330 878 5390 fuit
898 5338 1060 5392 atrox
1083 5334 1232 5391 illud
1256 5335 1603 5392 scandalum
1626 5338 1698 5394 ab
1717 5339 1977 5398 Ecclesia

318 5441 631 5481 removere.
656 5423 825 5480 Libet
854 5424 1117 5481 Pandulﬁ
1148 5424 1343 5481 locum
1366 5425 1663 5497 integrum
1685 5429 1973 5499 proferre;

318 5517 382 5572 In
428 5515 607 5582 tertio,
659 5513 871 5588 inquit,
905 5530 1113 5588 quoque
1163 5531 1335 5579 anno.
1366 5530 1466 5569 rex
1513 5514 1583 5570 ad
1623 5515 1974 5573 obsidendam

321 5603 545 5659 Romam
573 5618 815 5659 reversus
841 5612 948 5670 est;
976 5604 1067 5659 sed
1098 5605 1229 5675 quia
1274 5619 1331 5658 se
1377 5604 1558 5673 ipsum
1595 5610 1970 5665 excommuni-

321 5695 504 5749 catum
550 5708 583 5748 a
644 5691 989 5749 Cluniacensi
1045 5693 1252 5758 abbate,
1302 5700 1463 5762 atque
1518 5692 1648 5747 aliis
1703 5694 1975 5775 religiosis

2077 4630 2229 4704 regis
2281 4635 2341 4686 et
2386 4628 2519 4685 cleri
2566 4644 2633 4689 ac
2668 4627 2869 4701 populi
2912 4626 3405 4689 Pederbornensis
3445 4636 3739 4683 consensu

2088 4736 2153 4781 ac
2184 4718 2401 4775 Odonis
2433 4717 2606 4790 legati
2650 4716 2953 4791 apostolici
2983 4717 3327 4787 auctoritate
3358 4715 3739 4775 Padsrborna:

2086 4809 2428 4881 episcopum
2475 4806 2815 4863 institutum
2864 4806 3046 4863 fuisse
3094 4808 3381 4862 memorat
3408 4804 3739 4865 Schatenus

2087 4895 2143 4953 in
2177 4896 2441 4969 ejusdem
2474 4894 2741 4952 Ecclesiae
2764 4894 3111 4953 Annalibus.
3132 4894 3256 4950 Huc
3273 4895 3451 4950 etiam
3478 4893 3737 4948 revocari

2086 4986 2258 5043 debet
2288 4983 2622 5041 Reinwardi
2647 4983 2707 5040 in
2740 4983 3105 5043 Mindensem
3136 4982 3476 5054 episcopum
3504 4979 3735 5053 electio,

2085 5074 2134 5132 si
2163 5090 2365 5130 verum
2398 5073 2492 5137 sit,
2520 5080 2583 5128 ut
2611 5071 2766 5129 idem
2795 5076 2999 5129 auctor
3027 5070 3373 5137 babet,cum
3396 5070 3737 5126 acclamante

2082 5163 2225 5220 clero
2253 5171 2302 5219 et
2340 5163 2542 5235 papula
2598 5163 2664 5216 ab
2714 5162 2906 5217 Ottone
2959 5160 3190 5216 Ostiensi
3244 5161 3512 5232 episcopo,
3558 5158 3735 5227 legato

2084 5255 2374 5326 apostolico
2406 5251 2656 5321 Gregorii
2691 5248 2970 5322 pontiﬁcis
3011 5265 3115 5320 per
3160 5250 3459 5307 Saxoniam
3489 5248 3550 5303 in
3579 5247 3735 5321 Egi]-

2084 5344 2236 5401 berti
2266 5341 2557 5399 demortui
2576 5338 2769 5397 locum
2792 5338 3181 5412 subrogatum
3203 5338 3405 5397 fuisse.
3428 5337 3542 5393 Sed
3565 5353 3738 5395 nemo

2083 5453 2152 5491 ex
2182 5433 2275 5490 bis
2305 5429 2587 5493 celebrior
2617 5428 2727 5484 fuit
2745 5427 3088 5486 Gebehardo
3118 5420 3240 5486 tilio
3262 5425 3515 5484 Bartoldi
3544 5424 3737 5491 ducis,

2085 5538 2260 5596 quem
2291 5521 2519 5594 legatus
2551 5532 2780 5571 morum
2812 5518 3123 5575 sanctitate
3152 5522 3210 5573 et
3237 5513 3525 5570 natalium
3548 5512 3745 5586 splen-

2085 5613 2225 5670 dore
2243 5609 2549 5671 illustrem,
2573 5621 2642 5660 ex
2663 5605 2952 5679 monacho
2966 5601 3366 5679 Hirsaugiensi
3390 5601 3735 5675 episcopum

2082 5697 2588 5769 Constantiensem
2620 5692 2836 5755 creavit
2858 5711 2875 5764 ;
2906 5699 3110 5767 postea
3130 5692 3395 5748 futurum
3416 5689 3576 5753 aedis
3601 5704 3736 5761 apo-
