4000 6178
152 384 253 457 18

1777 368 1863 443 η.

1972 420 1989 440 .
2232 410 2237 415 -
2256 372 2263 379 ’
3509 372 3588 445 26

3528 348 3601 365 θ’.

161 525 397 586 atolien
452 514 736 598 legatum,
793 523 853 579 et
880 512 1360 579 strenuissimum
1408 515 1470 576 in
1517 508 1830 575 Germania
1856 513 1911 583 Α
1938 508 2260 584 tuerentur,
2293 515 2579 595 synodum
2602 513 2971 595 indicendum
2996 493 3351 592 statuerunt,
3376 540 3506 601 quae
3526 523 3588 583 in

161 615 451 675 Ecclesia:
480 612 777 671 catholica
808 612 1197 669 defensorem.
1231 610 1398 666 Hunc
1438 608 1692 676 invitum,
1722 609 1832 663 imo

165 708 411 763 malum:
438 704 827 760 reclamaan
882 718 945 757 ac
972 702 1292 775 ejutantem,
1331 698 1548 754 clericis
1576 701 1628 753 et
1675 698 1832 753 taicis

160 795 480 870 potantibus
507 801 560 849 et
589 792 962 860 laudantibus,
995 791 1068 847 ab
1086 791 1288 847 Odone
1314 789 1425 845 hoc
1457 803 1610 844 anno
1640 804 1697 842 x1
1722 780 1832 840 Ka-

171 886 383 942 lendas
406 882 677 939 Januarii
729 883 1142 937 consecratum
1174 879 1358 935 fuisse
1406 878 1677 934 observat
1706 877 1838 931 Ber-

171 974 398 1030 tcldus.
428 960 576 1028 Cum
601 970 804 1043 pridie,
853 970 911 1025 id
939 973 1037 1033 est,
1071 971 1208 1038 festo
1236 970 1417 1023 sancti
1446 967 1659 1023 ΤΙιοιητιῑ³
1707 981 1835 1036 pre-

171 1064 400 1137 sbyter,
422 1077 561 1117 cum
581 1061 832 1134 ipsemet
854 1058 1166 1115 Bertholdo
1187 1056 1457 1113 Cbronici
1480 1055 1762 1127 scriptore
1783 1058 1839 1109 et

170 1153 316 1210 aliis
336 1151 588 1216 clericis,
602 1150 811 1205 fuisset
829 1148 1151 1204 ordinatus.
1167 1146 1574 1202 Gebehardum
1589 1162 1623 1200 a
1639 1148 1840 1201 nostro

173 1244 382 1299 Ottone
427 1240 609 1296 fuisse
659 1241 1063 1295 consecratum
1106 1238 1354 1292 testatur
1401 1233 1574 1292 etiam
1623 1232 1840 1290 Paulus

172 1328 631 1391 Bemrediensis
660 1328 720 1383 in
751 1327 887 1382 Vita
915 1326 1176 1399 Gregorii
1205 1326 1305 1381 VII
1329 1343 1343 1391 ;
1377 1341 1483 1381 nec
1512 1324 1841 1379 audiendus

175 1426 396 1477 contra
423 1423 622 1474 tantos
658 1420 842 1473 testes
872 1415 1190 1471 Bruschius
1239 1431 1441 1471 recens
1490 1417 1711 1479 auctor,
1740 1410 1841 1484 qui

178 1510 236 1566 id
272 1527 314 1565 a
340 1509 516 1564 Petro
544 1505 860 1562 Albanensi
893 1505 1112 1560 factum
1144 1504 1326 1559 fuisse
1356 1502 1577 1559 scribit.
1612 1502 1681 1557 Et
1710 1501 1843 1574 qui-

181 1600 326 1656 dem
359 1612 692 1668 anonymus
741 1593 1021 1667 apologias
1050 1591 1282 1648 Henrici
1313 1593 1387 1648 IV
1418 1596 1621 1647 auctor
1648 1589 1844 1646 Ottoni

183 1689 295 1762 (sic
329 1687 553 1759 quippe
580 1684 840 1740 Odonem
874 1686 1140 1738 nostrum
1173 1681 1465 1755 appellare
1485 1685 1686 1736 amant
1707 1679 1846 1734 scri-

185 1784 390 1852 ptores
439 1773 741 1841 Germani)
770 1772 910 1828 vitio
963 1772 1139 1827 vertit
1192 1771 1346 1827 hanc
1394 1770 1842 1835 ordinationem,

187 1867 363 1953 (ιηρεί
393 1865 507 1920 hoc
538 1855 969 1919 facto-canones
998 1860 1290 1928 violasset,
1343 1859 1442 1932 qui
1475 1859 1553 1923 id,
1587 1857 1695 1914 etsi
1730 1874 1841 1912 non
1877 1886 1927 1953 Β

191 1946 347 2012 acet
372 1951 697 2027 provincia
729 1949 1235 2022 metropolitanus,
1266 1949 1491 2021 absque
1522 1946 1847 2020 Moguntini

201 2041 623 2116 archiepiscopi
670 2037 946 2096 facultate
997 2038 1187 2094 facere
1218 2054 1400 2094 ausus
1454 2036 1682 2092 fuisset.
1714 2037 1851 2091 Erat

198 2149 346 2200 vero,
379 2131 468 2187 uti
499 2145 709 2187 omnes
739 2128 1135 2195 consentiunt,
1168 2126 1547 2183 Gebehardus
1592 2125 1684 2180 vir
1712 2142 1850 2179 san-

197 2227 347 2288 ctus,
378 2224 439 2276 et
468 2217 790 2291 episcopali
820 2217 1106 2290 dignitate
1130 2217 1288 2272 haud
1317 2214 1617 2288 indignus,
1643 2213 1765 2286 qui,
1788 2218 1855 2268 ut

196 2312 370 2368 refert
398 2307 771 2367 Trithemius
800 2307 859 2363 in
891 2306 1174 2364 Chronico
1191 2304 1617 2377 Hirsaugiensi,
1640 2304 1855 2374 regula-

194 2401 273 2456 ris
301 2401 430 2455 vitae
467 2398 753 2453 fervorem
797 2408 972 2468 quem
1027 2396 1087 2450 in
1137 2393 1491 2450 monasterio
1539 2394 1857 2448 innocenter

194 2490 383 2545 vivens
412 2502 637 2543 sortiare
660 2489 1011 2542 consueverat
1060 2483 1369 2557 episcopus
1416 2483 1604 2539 factus
1635 2481 1858 2537 minine

196 2575 832 2635 intermisitﬂaaterum
857 2574 1118 2631 Odonem
1140 2572 1489 2630 Constantia
1512 2570 1855 2643 aliquandiu

198 2669 633 2723 commoratum
660 2663 865 2729 fuisse,
899 2662 1215 2736 multaque:
1248 2662 1327 2717 ibi
1359 2662 1430 2717 ad
1462 2659 1732 2716 Ecclesiae
1762 2649 1860 2715 bo-

196 2772 346 2811 num
375 2754 688 2811 ordinasse
717 2770 786 2809 ex
830 2746 1156 2809 canonibus
1187 2750 1417 2808 concilii
1448 2749 1857 2816 Quindefibur-

196 2844 402 2917 gensis
430 2859 590 2897 anno
613 2841 877 2913 proximo
907 2840 1091 2897 habiti
1112 2839 1427 2913 colligitur.

427 2930 549 2987 XV.
582 2931 692 2987 Otia
720 2930 987 3001 colloquio
1018 2933 1081 2985 in
1111 2929 1352 2985 Saxonia
1380 2931 1624 2984 interest.

264 3020 453 3077 Initio
482 3019 992 3092 annio’sequentis
1023 3020 1229 3089 (1085),
1262 3018 1384 3074 Odo
1434 3018 1855 3083 Hermannum,

201 3126 383 3183 qualn
413 3112 671 3165 Saxones
700 3109 983 3165 adversus
1013 3107 1327 3163 Henricum
1376 3106 1501 3161 loco
1531 3104 1764 3161 Rudolﬁ
1799 3104 1857 3160 in

200 3215 405 3272 regem
434 3198 752 3271 elegerant,
784 3197 1088 3263 convenit;
1112 3200 1171 3252 et
1198 3196 1488 3267 colloquio
1520 3196 1673 3267 quod
1708 3194 1859 3249 inter

201 3253 639 3363 ipgcsb'axoiies
653 3291 713 3344 et
724 3253 1104 3343 Genricianos
1124 3253 1395 3341 habiturn
1416 3288 1505 3339 est
1524 3253 1618 3339 die
1638 3284 1708 3339 45
1727 3286 1858 3355 post
1886 3253 1931 3324 α

203 3378 424 3436 ﬁctum
456 3376 793 3451 Epiphania:
822 3376 1107 3432 interluit.
1143 3375 1255 3431 Sed
1278 3374 1422 3430 nihil
1452 3373 1533 3429 ibi
1557 3375 1855 3429 decretum

206 3472 314 3537 est,
350 3470 659 3539 propterea
681 3465 834 3538 quod
858 3470 1109 3536 utraque
1138 3481 1293 3535 pars,
1330 3467 1460 3535 post
1480 3462 1698 3519 multas
1730 3478 1861 3517 con-

209 3554 577 3623 certationes,
609 3553 726 3611 sibi
752 3553 923 3626 quasi
954 3554 1027 3608 de
1048 3552 1292 3608 victoria
1311 3551 1675 3624 applaudens
1697 3568 1730 3605 a
1750 3549 1862 3606 col-

206 3644 409 3717 loquio
430 3643 792 3699 discesserit.
825 3642 951 3701 Non
981 3641 1252 3698 convenit
1281 3632 1435 3696 inter
1451 3644 1720 3696 auctores
1742 3655 1858 3711 quo

206 3733 261 3790 in
305 3733 444 3789 loco
472 3730 713 3788 habitus
761 3729 936 3787 fuerit
958 3728 1059 3786 ille
1085 3733 1425 3795 conventus,
1471 3744 1647 3801 quem
1679 3727 1861 3783 abbas

207 3820 700 3895 Unpergensiset
711 3818 1147 3876 Trithemiusin
1160 3818 1442 3874 Chronico
1453 3814 1861 3889 Hirsaugiensi

207 3913 365 3985 apud
394 3906 681 3966 Herbares
710 3908 993 3982 oppidum
1013 3906 1366 3980 Thuringiaa,
1391 3906 1489 3963 alii
1522 3907 1860 3977 Gestrunge

208 4004 303 4056 aut
327 3992 619 4054 Gestaris;
645 3998 705 4053 in
735 3998 939 4054 eadem
972 3996 1268 4069 provincia
1296 3995 1652 4051 celebratum
1681 3993 1863 4050 fuisse

206 4087 433 4145 votum.
458 4086 549 4143 lbi
576 4087 957 4143 Gebehardus
986 4084 1456 4158 Salisburgensis
1485 4082 1866 4155 archiepisco-

209 4194 321 4251 pus
342 4173 775 4232 catholicarum
791 4178 989 4247 partes
1010 4173 1237 4246 prolixa
1257 4172 1517 4229 oratione
1537 4172 1724 4226 tuitus
1745 4175 1860 4238 est;

211 4268 297 4322 cui
328 4280 473 4321 cum
488 4263 710 4325 Werilo
730 4263 1213 4336 archiepiscopus
1233 4260 1612 4333 Moguntinus
1631 4258 1690 4314 in
1714 4260 1866 4313 Hen-

213 4355 316 4410 rici
343 4355 609 4413 favorem
658 4351 1076 4425 respondisset,
1126 4366 1218 4406 res
1247 4365 1315 4405 eo
1359 4347 1591 4404 devenit
1636 4352 1702 4402 ut
1749 4364 1865 4403 non

219 4442 391 4498 modo
414 4441 639 4507 uerbis,
664 4441 769 4497 sed
801 4441 977 4496 etiam
1007 4439 1191 4494 armis
1219 4436 1431 4493 acriter
1451 4436 1624 4493 fuerit
1643 4452 1866 4508 pugna-

216 4532 586 4587 tamiodem
598 4533 858 4600 tempore
868 4528 990 4584 Odo
1003 4524 1869 4600 apostolicuslegatusUdonem

1941 606 2070 680 ipsa
2099 606 2397 663 Paschalis
2422 608 2791 667 hebdomade
2829 613 2983 685 apud
3035 614 3609 691 Quindeliburgumh

1941 712 2066 764 seu,
2077 700 2137 751 ut
2150 696 2385 752 illorum
2398 704 3006 771 temporumauctores
3019 704 3288 761 Germani
3304 705 3587 773 scribunt,

1943 784 2517 857 Quintilincburgum
2549 791 2806 846 Saxonica
2838 793 3155 864 superioris
3206 796 3411 855 urbem
3443 795 3609 855 celer

1944 875 2109 929 brata
2136 878 2243 941 est,
2278 892 2412 931 cum
2445 877 2663 935 ibidem
2685 880 2806 935 Odo
2831 880 3082 952 legatus,
3104 884 3473 940 Hermannus
3495 902 3589 942 rex

1944 966 2001 1019 et
2052 962 2149 1018 alii
2180 980 2449 1036 proceres
2497 968 2858 1040 peregissent
2904 972 3055 1027 festa
3101 973 3414 1045 paschalia.
3464 979 3592 1033 Huc

1946 1068 2264 1108 convenere
2296 1071 2427 1110 cum
2449 1056 2638 1128 legato
2660 1059 2775 1114 duo
2824 1059 3267 1133 archiepiscopi,
3296 1063 3595 1122 .Gebehar-

1947 1141 2061 1196 dus
2087 1141 2551 1216 Salisburgensis
2582 1150 2637 1200 et
2676 1146 3013 1221 Hartwigus
3047 1149 3591 1226 Magdehurgensis,

1948 1229 2164 1303 aliique
2199 1233 2530 1303 complures
2577 1234 2855 1309 episcopi,
2889 1237 2989 1309 qui
3042 1238 3226 1295 multa
3254 1245 3313 1297 et
3355 1241 3592 1313 quidem

1949 1320 2245 1391 praeclara,
2275 1323 2333 1377 in
2365 1323 2473 1378 hac
2504 1325 2723 1397 synodo
2742 1329 3253 1401 ,statuerunt,quaa
3276 1346 3308 1384 a
3328 1330 3594 1389 Bertoldo

1950 1412 2023 1468 ad
2054 1412 2208 1468 hunc
2235 1429 2455 1467 annum
2490 1412 2838 1469 referuntur.

2024 1506 2088 1557 In
2120 1502 2322 1557 eadem
2348 1503 2570 1574 synodo
2602 1504 2990 1560 condemnata
3018 1510 3107 1562 est
3137 1506 3478 1575 Weziliana,
3511 1507 3596 1563 uti

1952 1607 2081 1648 eam
2107 1591 2410 1655 vocabant,
2427 1591 2684 1659 hmresis,
2709 1594 2780 1649 de
2801 1611 2917 1666 qua
2941 1595 3210 1665 superius
3232 1595 3518 1666 diximus;
3543 1602 3602 1657 et

1955 1682 2219 1755 synodali
2243 1680 2487 1752 judicio,
2523 1685 2590 1737 ut
2609 1683 2785 1739 habet
2810 1684 3135 1750 Bertoldus,
3159 1685 3396 1742 laudata
3425 1690 3601 1762 atque

1955 1772 2298 1828 conﬁrmata
2330 1770 2439 1826 fuit
2461 1772 2747 1828 ordinatio
2765 1773 2960 1829 domni
2978 1774 3300 1831 Gebehardi
3319 1775 3602 1833 Constan-

1956 1861 2165 1917 tiensis
2194 1861 2477 1934 episcopi,
2510 1879 2687 1933 quam
2721 1862 2842 1919 Odo
2873 1881 3027 1919 anno
3076 1863 3424 1937 praecedenti
3455 1865 3604 1922 cele-

1958 1953 2187 2018 brarat;
2213 1953 2342 2018 imo,
2376 1949 2463 2005 uti
2494 1950 2590 2006 ille
2621 1955 2823 2007 auctor
2851 1953 3246 2025 prosequitur,
3269 1952 3364 2010 hic
3392 1955 3602 2010 confir-

1959 2043 2121 2096 mata
2146 2039 2306 2096 fuere
2335 2056 2403 2096 ea
2426 2042 2615 2095 omnia
2645 2057 2772 2113 qum
2788 2045 3056 2114 prae/atus
3102 2043 3244 2107 sedis
3295 2045 3606 2116 apostolica:

1960 2131 2183 2201 legatus,
2245 2146 2369 2203 cum
2423 2133 2557 2185 esset
2616 2131 2970 2198 Constantina,
3029 2132 3393 2188 ordinaverat.
3454 2134 3605 2191 Tum

1962 2219 2276 2291 anathema
2306 2219 2529 2274 dictum
2579 2223 2669 2275 est
2714 2220 2771 2274 in
2824 2220 3129 2294 episcopos
3178 2221 3605 2288 schismaticos,

1963 2324 2284 2383 eorumque
2306 2312 2481 2379 caput
2501 2308 2832 2365 Wibertum
2857 2310 3015 2366 sedis
3035 2310 3364 2382 apostolicae
3386 2311 3610 2371 invaso-

1964 2414 2108 2456 rem.
2142 2397 2389 2471 ejusque
2419 2397 2990 2468 pseudocardinales.
3034 2398 3335 2472 Hugonem
3371 2399 3605 2469 Album,
3674 2438 3675 2445 η

1962 2486 2246 2559 Joannem
2277 2485 2674 2552 Portuensem,
2707 2486 2940 2542 Petrum
2972 2485 3406 2556 can‘cellarium,
3456 2491 3562 2545 etc.
3592 2506 3606 2558 ;

1965 2592 2143 2647 quam
2176 2574 2546 2643 sententiam,
2598 2591 2671 2630 ne
2718 2574 2915 2646 aliqua
2961 2575 3303 2637 solemnitas
3357 2576 3608 2643 deesset,

1967 2664 2164 2720 Patres
2197 2680 2399 2719 omnes
2426 2680 2701 2731 accensas
2726 2664 2998 2720 candelas
3022 2665 3295 2721 manibus
3315 2668 3610 2739 gestantes

1966 2753 2199 2826 publica
2225 2753 2693 2826 promulgarunt.
2728 2754 2936 2809 Mirum
2973 2752 3139 2809 estin
3171 2754 3351 2826 hujus
3381 2753 3611 2810 concilii

1967 2841 2521 2917 subscriptionibus,
2557 2859 2683 2914 qua:
2716 2843 3050 2909 referuntur
3078 2842 3135 2897 in
3176 2842 3507 2917 Appendice
3539 2844 3635 2900 ad.

1967 2936 2192 2987 tomum
2248 2935 2295 2985 X
2328 2930 2707 2987 conciliorum
2753 2932 2989 2997 Labbei,
3039 2932 3299 2989 Odonem
3349 2933 3461 2988 sub
3490 2932 3613 2989 solo

1965 3022 2219 3076 monachi
2248 3020 2621 3091 Ctuniacensis
2649 3029 2699 3076 et
2748 3022 2915 3089 legati
2946 3020 3194 3091 Gregorii
3238 3038 3397 3093 papae
3440 3020 3641 3077 titulo-

1966 3109 2273 3177 recenseri,
2326 3108 2488 3182 nulla
2518 3109 2870 3181 pontificalis
2917 3112 3046 3181 ejus
3104 3110 3408 3182 dignitatis
3464 3110 3615 3167 facta

1968 3198 2301 3275 mentione:
2349 3197 2486 3253 licet
2514 3203 2739 3267 certum
2789 3198 2865 3255 sit
2896 3215 3028 3254 eum
3086 3203 3226 3255 tunc
3272 3200 3612 3272 episcopum

1969 3287 2293 3343 Ostiensem
2318 3286 2517 3342 fuisse.
2542 3286 2807 3359 Episcopi
2828 3304 2959 3343 vero
2982 3288 3303 3345 sanctionis
3326 3288 3615 3349 Ilenricia-

1967 3393 2073 3441 nos,
2108 3375 2203 3446 qui
2239 3375 2407 3429 tertia
2433 3375 2803 3430 hebdomada
2851 3380 2984 3448 post
3033 3376 3258 3439 finitam
3291 3375 3444 3433 hanc
3474 3393 3612 3448 syn-

1967 3461 3616 3537 odumMoguntiamconvenerant,paritercxcommunica-

1969 3556 2107 3608 runt
2126 3551 2383 3621 Gregorii
2402 3551 2968 3626 defensorem,atque
2980 3552 3282 3625 episcopos
3298 3551 3616 3615 catholicos

1968 3658 2037 3698 ex
2068 3658 2187 3696 suos
2203 3640 2509 3713 potestatis
2525 3639 2857 3698 civitatibus
2879 3642 3535 3715 expulerunt,sublectis
3556 3643 3614 3703 in

1968 3747 2169 3786 eorum
2191 3728 2385 3786 locum
2407 3729 2557 3797 aliis,
2582 3731 2681 3803 qui
2704 3731 2848 3802 ipsis
2870 3731 3250 3788 adhaererent.
3279 3732 3467 3803 Hujus
3488 3750 3619 3790 con-
3644 3718 3651 3725 ’

1969 3818 2224 3874 ciliabuli
2247 3818 2653 3890 episcoporum
2676 3820 2915 3874 nomina
2935 3824 3229 3892 praetereo,
3254 3837 3382 3893 quis
3402 3820 3618 3879 videsis

1968 3908 2029 3963 in
2060 3908 2262 3963 eadem
2293 3906 2672 3964 conciliorum
2705 3908 2915 3963 Labbei
2938 3900 3302 3979 Appendice:
3332 3913 3389 3964 at
3417 3910 3620 3966 Catho-

1970 3996 2068 4052 lici
2099 3996 2542 4068 quatuordecim
2564 3995 2789 4051 concilii
2822 3995 3422 4068 Quindeliburgensis,
3470 4014 3618 4070 quos

1972 4085 2058 4140 illi
2117 4085 2721 4149 cxcommunicarunt,
2756 4084 2795 4139 ii
2836 4087 3001 4151 erant
3032 4101 3045 4139 :
3101 4084 3440 4143 Gebchnrdns
3472 4086 3617 4143 Sali-

1971 4174 2300 4243 sburgensis,
2335 4174 2649 4229 Hartlwicus
2679 4174 3192 4244 Magdenlmrgensi,
3231 4191 3333 4228 seu
3385 4173 3617 4247 Magde-

1974 4262 2168 4335 burgi,
2230 4261 2493 4317 Adatbcro
2548 4262 3019 4333 Wirtzburgensis,
3072 4261 3398 4318 Altmnnnus
3420 4261 3622 4319 Boiha-

1974 4353 2172 4415 vcnsis,
2210 4368 2309 4406 seu
2344 4348 2579 4417 Patavii,
2609 4350 2941 4413 Bernartius,
2974 4368 3048 4415 an
3077 4350 3486 4419 Wernharius,
3521 4368 3624 4408 seu

1978 4439 2355 4506 Guernerius,
2416 4439 2860 4512 Mersbitrgensis,
2922 4438 3230 4495 Guntherus
3310 4436 3624 4508 Citicensis,

1979 4531 2162 4585 Βοηηο
2222 4529 2531 4595 Maesianus,
2593 4546 2696 4586 seu
2748 4529 2945 4601 potius
2995 4528 3328 4595 Misnensis,
3381 4530 3628 4587 Atbertus

215 4615 1282 4703 Hildaehcirpeusemepiscopumqui
1305 4613 1525 4703 relictis
1545 4613 1871 4703 Saxonibus
1905 4627 1950 4692 ι)
1985 4620 2315 4686 Vangionas,
2348 4616 2405 4672 id
2439 4622 2527 4674 est
2558 4618 2914 4687 Wormatiaa,
2948 4618 3267 4673 Burkardus
3320 4619 3628 4681 llatbersta-

215 4700 819 4765 adeohismatioorum
834 4700 1875 4779 partestransierat,sacrisinterdixit
1981 4709 2169 4776 tensis,
2229 4707 2573 4762 Hennannus
2602 4705 3052 4775 Mediomatricns,
3114 4706 3446 4778 Reginardus
3492 4707 3629 4763 Min-

214 4795 373 4852 Νηιῆ
402 4803 543 4853 vero
573 4796 716 4853 adeo
762 4793 1182 4852 catholicorum
1214 4791 1445 4851 animos
1492 4791 1778 4863 permovit
1807 4806 1873 4846 ac

220 4874 370 4943 nova
397 4884 720 4940 Wieelonis
750 4881 1173 4956 archiepiscopi
1196 4881 1460 4948 assertio,
1489 4880 1588 4952 qui
1618 4879 1678 4934 in
1702 4879 1873 4950 pleno

225 4973 759 5030 Mutaveritus
807 4984 924 5029 non
973 4976 1065 5027 est
1114 4966 1411 5025 aﬂ'lrmare
1456 4984 1875 5042 quemcunque

225 5060 525 5118 hominem
537 5056 747 5119 tandiu
762 5060 979 5117 divinis
991 5058 1219 5133 legibus
1230 5059 1535 5130 subjacere
1552 5073 1664 5112 non
1681 5072 1873 5129 posse,

223 5149 598 5223 quandiuille
610 5146 786 5207 fixerit
796 5149 976 5211 rebus
988 5149 1115 5205 suis
1126 5146 1621 5220 spoliatus.Quam
1636 5145 1872 5218 quidem

222 5238 575 5297 sententiam
586 5238 877 5306 hawsim,
893 5239 1207 5311 ipsumque
1218 5236 1361 5293 adeo
1382 5233 1742 5291 Wiceloncm
1765 5234 1878 5291 hae-

224 5324 563 5386 resiarchas
590 5326 873 5400 deinceps
900 5326 1181 5383 Catholici
1218 5324 1510 5399 appellem
1563 5341 1675 5379 non
1708 5323 1877 5378 dubi-

222 5422 487 5475 mihi

376 5506 522 5562 XVI.
553 5506 833 5563 Convocat
850 5507 1150 5567 concilium
1173 5502 1724 5574 Quindeliburgense.

289 5596 558 5651 Turbata
573 5595 668 5659 his
688 5590 832 5659 rixis
852 5594 1183 5661 Germania,
1216 5593 1255 5648 ii
1279 5593 1380 5666 qui
1400 5584 1675 5664 Gregorio
1686 5588 1882 5645 adhae-

223 5684 451 5751 rebant,
481 5688 624 5746 utse
643 5701 905 5757 suosque
919 5689 1122 5741 contra
1141 5673 1608 5740 adversariorum
1629 5682 1877 5736 conatus

1980 4795 2181 4861 densis,
2220 4794 2491 4866 Wigoldus
2548 4797 2916 4866 Augustanus,
2959 4796 3303 4859 Gebehardus
3362 4797 3630 4853 Constan-

1981 4886 2197 4953 tiensis,
2222 4891 2272 4939 et
2301 4885 2568 4940 Henricus
2598 4884 3031 4955 Bambergensis.

2365 4972 2529 5030 XVII.
2564 4972 2854 5045 Gregorius
2887 4976 2976 5030 VII
3003 4976 3254 5030 moritur.

2057 5058 2282 5116 Interea
2309 5061 2646 5135 Gregorius,
2680 5063 2801 5135 qui,
2833 5062 3036 5119 relicta
3066 5063 3236 5129 Urbe,
3287 5060 3543 5133 primum
3571 5060 3631 5116 in

1986 5150 2410 5205 monasterium
2435 5150 2751 5207 Casinense
2773 5155 3110 5216 secesserat,
3137 5148 3358 5206 Salerni
3382 5148 3634 5209 moritur
3728 5218 3733 5221 _

1988 5236 2081 5290 die
2110 5252 2210 5292 vm
2241 5237 2528 5294 Kalendas
2557 5239 2717 5295 Junii
2750 5241 2953 5311 (1085),
2974 5238 3073 5294 ubi
3097 5239 3154 5292 in
3177 5238 3419 5299 ecclesia
3434 5238 3632 5297 Sancti

1989 5325 2243 5380 Matthmi
2277 5328 2349 5381 ab
2388 5344 2454 5382 eo
2506 5332 2843 5384 consecrata
2875 5326 3192 5384 honoriﬁce
3224 5327 3490 5401 sepultus
3521 5331 3628 5385 est.

1988 5414 2137 5497 Cum
2155 5430 2290 5471 vero
2322 5415 2622 5491 proximus
2653 5421 2807 5473 esset
2838 5417 3031 5482 morti,
3064 5414 3457 5491 interrogatus
3489 5418 3631 5489 quid

1988 5500 2231 5558 sentiret
2260 5504 2332 5559 de
2361 5504 2558 5560 futuro
2589 5505 2701 5560 sibi
2733 5520 3088 5572 successore,
3140 5504 3452 5571 nonnullos
3476 5505 3547 5560 ad
3572 5504 3631 5560 id

1989 5608 2206 5648 munus
2236 5598 2403 5666 aptos
2453 5594 2793 5669 designasse
2833 5593 3034 5661 fertur,
3080 5595 3383 5669 Hugonem
3415 5592 3635 5649 scilicet

1992 5681 2262 5752 Lugduni
2295 5683 2822 5756 archiepiscopum,
2884 5683 3231 5741 Anselmum
3288 5684 3628 5749 Lucensem,
