4000 6178
350 357 443 429 ,τ
1656 362 1732 426 D.
1776 360 1930 427 ΗΕΒ

2210 358 2468 425 PAPE.
3685 358 3775 431 28

352 496 611 559 Odonem
645 484 994 570 Ostiensem,
1028 499 1131 557 aut
1158 500 1313 557 certe
1343 496 1707 559 Desiderium
1724 498 1996 559 abbatem
2026 495 2084 567 Α
2107 499 2316 571 fuisse,
2349 505 2415 560 ut
2442 499 2501 558 in
2532 503 2833 574 posterum
2857 498 2986 573 ejus
3008 495 3295 557 festivitas
3326 493 3420 555 die
3446 511 3526 554 vu
3546 494 3763 556 Kalen-

352 588 568 647 Montis
598 589 793 646 Casini
818 607 832 645 :
867 589 953 646 sic
983 589 1245 663 plerique
1262 590 1487 663 antiqui
1511 594 1797 647 auctores.
1819 592 1998 649 AtPe-
2109 593 2216 650 das
2247 592 2513 667 eiusdem
2544 591 2767 650 mensis
2797 589 3211 662 celebraretur,
3564 633 3577 648 .

347 683 479 736 trus
508 679 843 737 Casinensis
873 680 956 736 ait
985 679 1328 752 Gregorium
1350 679 1648 735 hortatum
1670 680 1851 737 fuisse
1876 681 1996 754 epi-
2181 683 2304 739 Huc
2335 682 2590 740 revocari
2619 682 2791 739 debet
2820 698 2912 737 res
2966 679 3135 748 mira,
3171 695 3349 753 quam
3408 681 3613 736 sancto
3642 677 3762 735 Hu-

351 786 557 842 scopos
588 774 646 825 et
666 768 993 825 cardinales
1018 772 1081 824 ut
1102 767 1465 824 Desiderium
1484 767 1780 841 eligerent,
1805 776 1922 836 aut,
1949 771 1998 826 si
2108 774 2242 845 goni
2262 774 2415 849 apud
2443 774 2810 838 Nantuacum,
2844 772 2985 826 dum
3020 769 3115 826 hic
3131 770 3254 827 Odo
3277 772 3477 826 noster
3497 768 3765 825 moraba-

349 856 409 914 id
441 857 568 915 ﬁeri
600 874 714 913 non
745 861 961 931 posset,
994 874 1176 912 unum
1225 856 1481 929 aliquem
1534 875 1601 914 ex
1628 859 1821 915 tribus
1868 859 1998 916 aliis
2108 866 2227 929 tur,
2276 861 2595 933 contigisse
2645 864 2993 916 memorant.
3026 860 3170 916 Cum
3202 858 3361 914 enim
3411 857 3463 915 ei
3510 857 3767 914 relatum

350 947 1064 1004 mcmoratis.Anselmum
1087 944 1303 1001 omittit
1321 946 1539 1002 Paulus
1556 947 1998 1005 Bernradiensis
2109 947 2315 1005 fuisset
2331 948 2710 1016 Willencum,
2746 946 2847 1019 qui
2876 951 3003 1003 tum
3035 951 3159 1002 erat
3181 946 3339 1018 prior
3355 943 3767 1013 Charitatis,ex

347 1037 409 1093 in
455 1037 590 1092 Vita
618 1034 901 1108 Gregorii,
938 1036 1063 1103 sed,
1115 1036 1420 1091 recensitis
1455 1035 1646 1093 tribus
1676 1037 1807 1093 aliis
1848 1055 1995 1110 quos
2106 1038 2215 1094 hac
2245 1038 2361 1093 vita
2382 1038 2690 1111 migrasse,
2724 1037 2925 1093 statim
2955 1035 3042 1092 vir
3070 1039 3311 1093 sanctus
3338 1035 3409 1092 ad
3444 1033 3627 1090 altare
3654 1051 3763 1106 pro

346 1125 602 1200 pontifex
657 1124 1021 1189 indicaverit,
1081 1124 1389 1196 subjungit
1415 1142 1427 1180 :
1491 1128 1687 1183 Verum
1714 1130 1847 1201 quia
1877 1128 1997 1184 Otto
2105 1128 2377 1184 defuncto
2400 1128 2652 1185 hostiam
2683 1126 2871 1183 vivam
2892 1127 3009 1183 Deo
3037 1125 3193 1182 Patri
3224 1126 3528 1182 oblaturus
3563 1140 3759 1181 acces-

345 1214 586 1271 nondum
617 1231 651 1269 a
681 1213 985 1269 Germania:
1015 1218 1065 1269 et
1096 1212 1287 1269 Galliw
1312 1215 1564 1285 partibus
1594 1217 1859 1281 redierat,
1900 1218 1998 1271 ubi
2106 1218 2200 1273 sit.
2223 1219 2295 1273 At
2320 1234 2435 1273 non
2466 1233 2678 1289 passus
2708 1219 2797 1272 est
2824 1219 3054 1271 tantum
3101 1214 3293 1270 virum
3344 1212 3465 1269 falli
3493 1212 3759 1268 veritatis

343 1304 641 1378 apostolica
689 1304 957 1372 legatione
1010 1305 1298 1374 functus...
1356 1308 1408 1359 et
1453 1306 1577 1361 alia
1627 1307 1897 1361 nonnulla
1925 1306 1996 1361 ad
2103 1310 2326 1372 auctor,
2377 1305 2812 1377 revelatumque
2844 1306 2895 1361 ei
2938 1307 3048 1369 est,
3081 1320 3195 1359 non
3247 1301 3619 1367 Willencnm,
3652 1302 3756 1359 sed

342 1394 783 1448 stabilimentum
813 1393 1069 1447 Ecclesia»
1093 1386 1393 1463 prudenter
1420 1394 1802 1457 ordinaverat;
1835 1399 1995 1467 [Iugo
2104 1395 2305 1452 Orium
2342 1398 2457 1452 fato
2487 1395 2754 1451 functum
2774 1411 2922 1450 esse.
2948 1394 3107 1458 Quod
3129 1397 3371 1448 sanctus
3392 1391 3575 1447 abbas
3594 1407 3756 1446 com-

342 1498 552 1555 quoque
587 1498 688 1537 sua
717 1482 962 1536 lustrans
991 1482 1365 1551 gubernacula
1390 1499 1447 1554 ρ)
1462 1484 1581 1538 ocul
1609 1484 1814 1551 aberat,
1850 1486 1991 1540 inte-
2104 1484 2257 1558 pleto
2279 1484 2565 1541 sacriﬁcio
2599 1482 2930 1539 astantibus
2952 1481 3143 1554 palam
3162 1480 3634 1537 declaravit.Erat
3655 1479 3757 1546 ibi,

343 1572 453 1626 rim
480 1571 657 1626 suasit
685 1572 817 1642 eligi
843 1572 1090 1626 vicinum
1126 1572 1470 1626 Desiderium
1498 1574 1625 1628 licet
1679 1573 1995 1629 brevissime
2103 1573 2299 1645 inquit
2329 1574 2492 1646 Hugo
2525 1571 2851 1631 monachus
2879 1570 3024 1626 Vita;
3046 1570 3236 1626 sancti
3258 1569 3521 1641 Hugonis
3551 1571 3759 1625 auctor

341 1663 635 1726 victurum,
667 1664 775 1716 etc.
808 1662 881 1715 At
908 1659 1001 1716 vix
1024 1677 1285 1733 unquam
1309 1661 1518 1717 adduci
1542 1662 1734 1733 potuit
1754 1662 1989 1718 Deside-
2103 1663 2367 1736 aequalis,
2401 1663 2529 1727 Udo.
2563 1664 2659 1734 qui
2683 1662 2845 1734 prior
2870 1661 2980 1733 fuit
3025 1660 3423 1726 Cluniaeensis,
3466 1665 3591 1731 post
3637 1659 3759 1731 epi-

341 1750 466 1806 rius
497 1753 563 1804 ut
610 1749 1014 1821 pontiﬁcatum
1064 1765 1238 1821 quem
1289 1749 1487 1805 statim
1545 1755 1679 1822 post
1730 1752 1989 1824 Gregorii
2099 1769 2291 1825 scapus
2350 1753 2630 1813 Ostiensis.
2687 1751 2883 1807 deinde
2941 1750 3247 1821 apostolica:
3302 1747 3444 1809 sedis
3495 1749 3757 1819 ponti/ea:

341 1839 569 1895 obitum
600 1839 653 1894 ei
674 1855 879 1896 omnes
910 1838 1262 1907 detulerunt,
1298 1843 1642 1906 assumeret,
1676 1856 1887 1913 resque
1930 1840 1988 1896 in
2020 1870 2068 1936 Β
2097 1858 2343 1899 summus
2376 1841 2623 1898 Urbanus
2649 1840 2946 1896 secundus:
2977 1839 3372 1912 qui,legalione
3402 1838 3753 1904 transmissa,

340 1928 583 2000 longum
614 1931 907 2000 protracta
927 1933 1036 1985 est.
2020 1924 2066 1936 ”
2102 1934 2331 1997 invenit,
2356 1934 2526 2003 juxta
2548 1931 2658 1986 viri
2685 1930 2799 1986 Dei
2826 1929 3072 1995 verbum,
3094 1944 3203 1984 non
3240 1928 3558 1984 Willencum
3579 1924 3755 1983 obii:-

410 2035 605 2092 XVIII.
640 2035 1047 2110 0_do_Cl_uniaco_
1062 2037 1278 2093 transit.
1309 2038 1542 2093 Nantua:
1570 2054 1764 2110 corpus
1792 2037 1849 2095 S.
1881 2040 1990 2094 Ma-

2167 2064 2175 2085 ,
2206 2020 2300 2076 sei
2331 2020 2541 2076 Orium.
2575 2019 2697 2076 Odo
2746 2023 2879 2091 post
2907 2018 3030 2073 haec
3058 2018 3118 2072 in
3152 2015 3383 2110 Italiam
3422 2014 3627 2110 rediit...
3646 2014 3747 2071 ubi

616 2108 766 2163 mimi
794 2108 985 2163 elevat.
1020 2108 1075 2163 S.
1104 2110 1349 2178 Hugonis
1371 2102 1726 2164 miraculum.
2102 2109 2247 2165 nihil
2264 2109 2464 2166 omisit
2483 2125 2615 2165 cum
2636 2107 2862 2164 caeteris
2878 2108 3151 2163 Romanis
3168 2103 3433 2161 Ecclesiae
3454 2102 3750 2170 ﬁdelibus,

411 2197 533 2252 Odo
562 2200 758 2252 autem
789 2214 858 2252 ex
879 2196 1221 2253 Germanica
1240 2197 1526 2270 legatione
1548 2199 1607 2253 in
1637 2198 1863 2256 Italiam
1881 2200 1992 2256 hoc
2099 2203 2167 2255 ut
2194 2199 2411 2272 dignus
2442 2197 2718 2270 Gregorio
2747 2212 3050 2253 successor
3078 2195 3335 2251 daretur.

342 2302 495 2341 anno
527 2302 796 2342 reversus
821 2285 1203 2369 Cluniacense
1235 2304 1376 2343 suos
1410 2286 1464 2342 in
1488 2287 1738 2344 transitu
1770 2287 1989 2359 invisit,
2097 2306 2237 2362 ΧιΧ,
2271 2304 2580 2361 Desideria,
2624 2304 3006 2375 pontiﬁcatum
3057 2308 3289 2357 recusat,
3322 2300 3439 2359 οάο
3491 2301 3750 2357 nomina-

341 2374 539 2446 ibique
570 2374 944 2430 inﬁrmorum
975 2374 1279 2431 ecclesiam
1306 2377 1682 2441 consecravit,
1709 2377 1790 2433 uti
1814 2378 1988 2433 disci-
2558 2373 2669 2442 tur,
2699 2374 2793 2430 sed
2822 2374 3023 2446 absque
3052 2373 3266 2445 effectu.

340 2479 474 2519 mus
505 2480 574 2518 ex
601 2462 851 2519 historia
878 2463 1284 2520 translationis
1319 2464 1506 2521 sancti
1558 2465 1818 2522 Maximi.
1851 2467 1985 2530 Quae
2171 2468 2294 2537 (An.
2324 2461 2507 2535 4080.)
2554 2464 2875 2521 Efﬂuxerat
2911 2462 3037 2532 jam
3068 2478 3216 2534 pene
3240 2478 3433 2518 annus
3461 2460 3688 2533 integer
3716 2478 3751 2518 a

338 2550 645 2608 translatio
702 2551 950 2607 solemni
983 2552 1096 2608 ritu
1152 2553 1262 2609 hoc
1317 2571 1469 2610 anno
1526 2555 1588 2609 in
1637 2554 1988 2611 monasterio
2097 2559 2283 2610 morte
2315 2551 2576 2625 Gregorii
2607 2553 2732 2608 sine
2762 2551 3058 2624 pontiﬁce,
3080 2551 3238 2622 quod
3269 2549 3429 2607 nullo
3453 2552 3621 2623 pacto
3638 2550 3748 2607 De-

340 2640 730 2697 Nantuacensi
751 2645 994 2699 anostro
1008 2642 1206 2698 Odone
1223 2643 1373 2698 facta
1388 2645 1662 2700 est.llanc
1676 2643 1986 2701 historiam
2096 2643 2350 2701 siderius
2381 2641 2715 2698 Casinensis
2746 2641 2928 2698 abbas
2957 2640 3168 2696 adduci
3207 2642 3405 2712 posset
3434 2639 3509 2695 ad
3552 2638 3749 2696 Eccle-

341 2729 414 2786 ab
446 2732 679 2787 auctore
709 2746 999 2803 anonymo
1027 2732 1129 2786 sed
1160 2731 1365 2803 aequali
1396 2732 1775 2806 descriptam,
1804 2750 1873 2789 ex
1893 2749 1985 2789 co-
2097 2733 2195 2790 size
2227 2733 2484 2805 regimen
2528 2730 2993 2803 suscipiendum.
3050 2729 3166 2786 Has
3214 2745 3408 2786 moras
3458 2728 3635 2791 etiam
3683 2729 3746 2784 in

341 2818 470 2876 dice
491 2834 604 2875 ms.
622 2819 887 2890 ejusdem
900 2817 1099 2885 loci,in
1122 2819 1302 2891 hujus
1318 2820 1636 2878 voluminis
1655 2821 1987 2894 Appendice
2096 2821 2505 2879 schismaticos
2535 2820 2736 2892 rejecit
2763 2818 3133 2885 Bertholdus,
3157 2819 3259 2890 qui
3289 2834 3424 2874 cum
3463 2817 3741 2875 Guiberto

341 2908 629 2981 integram
662 2907 1018 2977 referemus;
1053 2909 1152 2965 sed
1177 2908 1413 2966 interim
1444 2927 1629 2983 pauca
1658 2928 1728 2967 ex
1751 2927 1820 2967 ea
1847 2909 1987 2965 deli-
2095 2911 2221 2968 suis
2250 2909 2603 2966 factionibus
2633 2907 2958 2966 Catholicae
2988 2908 3430 2981 perturbabant.
3466 2906 3578 2964 Sed
3611 2909 3739 2962 tan—

339 2997 538 3053 banda
560 2998 1127 3066 sunt.Nantuacum,
1146 2999 1536 3071 seu,utvulgo
1557 2999 1730 3055 hodie
1749 2998 1982 3064 dicitur,
2094 3001 2249 3066 dem,
2303 3004 2368 3055 ut
2415 3003 2615 3056 narrat
2643 2998 2849 3055 Petrus
2879 2997 3169 3054 Diaconus
3206 2997 3266 3053 in
3297 2995 3736 3054 continuatione

340 3085 821 3157 Nantua,celebre
836 3087 1356 3144 estmonasterium
1370 3087 1987 3161 dioecesisLugdunen-
2095 3088 2304 3147 Leonis
2334 3087 2640 3155 Ostiensis,
2676 3087 2827 3144 libro
2870 3104 2935 3143 III
2963 3086 3231 3143 Chronici
3259 3084 3614 3155 Casinensis,
3642 3100 3739 3140 ca-

342 3174 426 3232 sis
457 3175 612 3248 apud
643 3175 1166 3242 Sebusianos,olim
1200 3177 1445 3233 abbatia
1474 3176 1647 3233 titulo
1678 3178 1982 3244 donatum,
2025 3243 2059 3251 __
2096 3178 2214 3251 pite
2240 3180 2332 3248 66,
2383 3181 2671 3250 quotquot
2725 3180 2894 3233 erant
2922 3177 3117 3232 Romae
3174 3173 3440 3232 Ecclesiae
3463 3178 3527 3231 et
3573 3175 3742 3232 beato

341 3264 498 3336 quod
512 3264 1269 3336 postmodumCluniacensi
1285 3266 1640 3322 monasterio
1656 3266 1985 3338 subjectum
2017 3243 2061 3312 (ἶ
2097 3269 2263 3325 Petro
2300 3266 2407 3323 viri
2440 3266 2662 3333 ﬁdeles,
2696 3266 2816 3322 sive
2844 3281 2915 3321 ex
2961 3264 3135 3333 clero,
3186 3265 3308 3321 sive
3335 3281 3407 3320 ex
3446 3262 3745 3320 nobilibus

341 3353 470 3408 fuit.
501 3353 588 3409 lbi
619 3354 1009 3411 servabantur
1036 3355 1219 3412 sancti
1252 3354 1511 3421 Maximi,
1548 3354 1635 3411 uti
1676 3356 1986 3429 putabant,
2097 3355 2513 3429 autpopulo,in
2526 3355 3093 3411 diaconiamSanctat
3107 3354 3296 3410 Lucis;
3313 3355 3742 3419 convenerunt;

342 3441 646 3514 Regiensis
672 3443 953 3516 episcopi,
984 3444 1373 3516 reliquire,sed
1405 3444 1628 3517 absque
1657 3444 1778 3501 ullo
1800 3445 1984 3515 cultu,
2097 3446 2318 3518 ibique,
2341 3445 2498 3516 quod
2523 3445 2650 3515 jam
2682 3443 2864 3500 semel
2885 3448 2945 3500 et
2972 3444 3182 3499 iterum
3210 3446 3386 3514 atque
3407 3442 3623 3498 iterum
3644 3457 3746 3512 ps.-

341 3548 409 3587 eo
440 3532 596 3603 quod
626 3532 917 3589 hactenus
963 3537 1187 3590 retecta:
1218 3537 1375 3590 terra
1429 3533 1660 3606 publice
1719 3535 1985 3592 ﬁdelium
2096 3534 2213 3590 lam
2246 3539 2302 3590 et
2321 3532 2593 3605 privatim
2621 3533 2896 3594 fecerant,
2930 3531 3296 3589 Desiderium
3330 3528 3533 3584 multis
3561 3528 3754 3599 preci-

338 3620 696 3676 venerationi
723 3622 985 3677 nondum
1016 3622 1288 3678 exhibitas
1318 3621 1589 3679 fuissent.
1623 3625 1704 3679 Ex
1733 3626 1986 3684 adventu
2096 3624 2208 3680 bus
2244 3628 2302 3679 et
2353 3622 2628 3695 lacrymis
2686 3624 2990 3693 coeperunt
3044 3634 3270 3692 urgere,
3305 3621 3370 3673 ut
3398 3633 3472 3673 ne
3518 3616 3749 3701 diutius

339 3709 734 3784 OdonisHugo
750 3710 1011 3767 Cluniaci
1031 3711 1212 3767 abbas
1226 3710 1629 3784 Nantuacique
1646 3714 1987 3771 monasterii
2099 3711 2415 3769 Ecclesiam
2442 3713 2786 3777 Romanam,
2809 3726 2937 3782 quae
2957 3725 3093 3764 eum
3114 3707 3186 3764 ad
3205 3706 3615 3780 pontiﬁcatum
3635 3705 3750 3762 ele-

338 3802 467 3855 tum
496 3798 675 3871 prior,
704 3800 932 3856 censuit
957 3804 1349 3872 opportunam
1398 3801 1510 3858 sibi
1566 3818 1764 3858 sacras
1795 3801 1927 3858 illas
1956 3819 1988 3859 e
2097 3804 2262 3874 gerat
2288 3799 2348 3856 in
2384 3802 2548 3856 tanto
2579 3814 2775 3855 rerum
2807 3797 3148 3856 discrimine
3199 3797 3466 3852 orbatam
3513 3795 3749 3867 pastore

340 3892 497 3945 terra
520 3887 748 3945 levandi
795 3887 1073 3961 reliquias
1128 3887 1382 3945 oblatam
1416 3907 1544 3945 esse
1599 3890 1987 3958 occasionem,
2098 3905 2399 3946 remanere
2418 3887 2816 3961 permitteret;
2844 3887 2947 3944 sed
2970 3882 3750 3955 frustra.Quareillirogant

339 3994 521 4049 quare
550 3976 793 4034 concilio
829 3994 963 4033 cum
993 3994 1059 4033 eo
1090 3978 1449 4049 caeterisque,
1485 3979 1586 4051 qui
1606 3979 1687 4035 ibi
1710 3980 1856 4037 forte
1887 3981 1987 4036 ad-
2098 3984 2164 4034 ut
2193 3977 2401 4034 saltem
2418 3994 2553 4034 eum
2574 3977 2677 4049 qui
2693 3977 2767 4033 ad
2787 3980 3019 4032 tantum
3036 3992 3185 4033 onus
3199 3971 3640 4046 suscipiendum
3656 3968 3749 4029 illi

341 4065 1147 4138 erant,inito,praemissisque
1164 4064 1411 4137 jejuniis
1424 4071 1480 4124 et
1500 4068 1989 4135 orationibus,die
2099 4072 2272 4140 aptus
2301 4067 2596 4123 videretur
2617 4065 2929 4137 judicaret.
2957 4064 3191 4137 Accepit
3219 4062 3372 4120 ultro
3410 4058 3748 4119 Desiderius

339 4172 395 4211 v1
430 4154 810 4211 Kalendarum
833 4153 1283 4227 Septembrium,
1315 4154 1498 4211 sancti
1532 4156 1829 4214 Antistitis
1857 4175 1992 4214 ossa
2097 4156 2513 4223 conditionem,
2536 4155 2851 4227 habitoque
2867 4153 3112 4210 consilio
3128 4169 3263 4209 cum
3279 4150 3489 4208 Ceneio
3508 4146 3750 4205 consule

342 4259 373 4299 e
401 4248 631 4301 vetusto
661 4242 889 4300 tumulo
921 4244 979 4298 in
1012 4260 1246 4316 capsam
1280 4248 1545 4316 paratam
1570 4245 1853 4303 translata
1882 4264 1988 4320 pu-
2098 4248 2515 4311 Romanorum,
2535 4243 2734 4300 statim
2764 4242 3024 4299 Odonem
3047 4241 3375 4299 Ostiensem
3403 4237 3751 4311 episcopum

341 4331 507 4389 blieze
527 4330 877 4405 populorum
900 4331 1253 4388 venerationi
1277 4333 1849 4407 exhibuerunt,qnod
1881 4336 1991 4393 hoc
2100 4335 2158 4389 in
2190 4333 2521 4407 pontiﬁcem
2546 4331 2886 4387 nominavit.
2921 4331 3091 4385 Ibant
3108 4328 3376 4384 omnium
3389 4324 3670 4398 suffragia
3688 4324 3749 4380 in

342 4438 495 4477 anno
524 4419 836 4492 contigisse
849 4419 1182 4492 colligimus
1204 4438 1273 4476 ex
1292 4420 1437 4494 ipsis
1454 4421 1710 4479 historiae
1741 4423 1990 4481 laudata:
2099 4422 2522 4488 Odonem,cum
2555 4418 2905 4491 ecce,inquit
2933 4417 3033 4475 ille
3054 4421 3277 4483 auctor,
3291 4418 3515 4487 repente
3527 4412 3756 4486 quidam

340 4508 559 4576 verbis,
595 4508 691 4562 ubi
721 4508 886 4581 Hugo
917 4509 1258 4579 dicitur,die
1286 4510 1993 4579 Dominica,1xKalendas
2099 4511 2163 4567 de
2192 4507 2586 4575 cardinalibus,
2647 4508 2818 4578 cujus
2850 4523 3063 4563 nomen
3110 4522 3225 4562 non
3283 4502 3502 4570 retulit,
3559 4507 3755 4560 contra.

342 4594 1064 4669 Septembris,capitulum
1096 4614 1466 4656 convocasse.
1491 4600 1713 4673 Quippe
1741 4602 1817 4658 ab
1838 4619 1992 4659 anno
2025 4615 2073 4679 Ι)
2101 4612 2337 4655 canones
2367 4595 2510 4652 hanc
2550 4611 2665 4652 esse
2719 4594 3037 4652 electionem
3067 4594 3378 4665 afﬁrmans,

346 4687 505 4752 1078,
539 4701 654 4756 quo
676 4684 796 4741 Odo
818 4687 1006 4743 factus
1025 4687 1134 4742 fuit
1154 4688 1465 4761 episcopus
1485 4689 1870 4759 Ostiensis,ab
1892 4709 1996 4747 an-
2025 4676 2060 4679 —
2102 4703 2161 4744 se
2187 4702 2581 4743 consensumm
2608 4685 2890 4749 clamavit,
2925 4681 3148 4738 caeteris
3177 4682 3382 4736 contra
3408 4676 3779 4743 nitentibus._

346 4789 491 4830 num
536 4773 695 4840 4088,
728 4792 844 4848 quo
875 4776 1213 4832 conscendit
1260 4776 1539 4833 thronum
1588 4779 1995 4851 apostolicum,
2105 4780 2157 4833 et
2207 4791 2309 4847 pro
2366 4782 2622 4846 tempore,
2648 4788 2752 4845 pro
2792 4773 3109 4829 necessitate
3170 4768 3269 4825 hoc
3313 4770 3461 4839 ferre
3514 4768 3762 4839 oportere

348 4860 472 4920 dies
502 4862 807 4920 Dominica
841 4863 1023 4921 semel
1053 4866 1465 4923 tantummodo
1494 4866 1554 4922 in
1586 4867 1742 4924 diem
1783 4870 1854 4923 24
1877 4871 2000 4924 Au-
2107 4865 2497 4920 astruentibus.
2530 4863 2641 4919 Sed
2673 4862 2930 4931 frustra;
2964 4877 3097 4917 nam
3144 4859 3332 4915 cwteﬁ
3375 4856 3522 4912 hunc
3548 4870 3759 4924 περηα-

347 4951 505 5023 gusti
537 4951 764 5019 incidit,
797 4952 974 5025 idque
1005 4970 1157 5009 anno
1189 4955 1365 5011 1085:
1399 4955 1490 5011 cui
1533 4956 1777 5028 proinde
1807 4956 1997 5013 consi-
2106 4970 2271 5026 quam
2294 4953 2365 5008 ad
2391 4969 2551 5008 suam
2600 4953 2928 5008 sententiam
2981 4953 3194 5022 ﬂectere
3246 4948 3556 5007 valuerunt.
3605 4940 3760 5006 Quid

346 5040 583 5113 gnanda
612 5044 701 5096 est
731 5040 854 5097 haec
884 5042 1142 5113 corporis
1165 5044 1352 5099 sancti
1384 5044 1625 5100 Maximi
1658 5044 1998 5102 elevationis
2105 5059 2239 5099 vero
2262 5042 2321 5097 in
2354 5042 2463 5099 hac
2500 5041 2719 5098 Odonis
2749 5040 3029 5098 electione
3060 5035 3416 5096 contrarium
3447 5031 3633 5089 sacris
3662 5047 3759 5087 ca-

351 5126 716 5185 solemnitas.
748 5129 820 5185 Et
867 5129 1103 5202 quidem
1162 5136 1384 5188 certum
1415 5135 1505 5188 est
1532 5132 1642 5188 hoc
1688 5133 1814 5205 ipso
1844 5150 1997 5189 anno
2108 5132 2363 5188 nonibus
2391 5131 2696 5187 inventum
2729 5130 2927 5196 fuerit,
2951 5146 3066 5184 non
3098 5124 3374 5198 exprimit
3402 5123 3644 5188 Petrus;
3674 5122 3760 5186 at,

350 5217 609 5275 Odonem
643 5235 674 5274 e
704 5218 1016 5275 Germania
1067 5217 1126 5275 in
1179 5219 1409 5276 Italiam
1461 5220 1722 5285 rediisse,
1775 5238 1890 5292 quo
1937 5221 1999 5276 in
2109 5219 2159 5277 si
2190 5207 3763 5291 benejudico,nihilaliudobtenderepoteratcardina-

348 5305 557 5362 itinere
587 5305 929 5363 Cluniacum
961 5313 1017 5364 et
1047 5310 1337 5364 Nantuam
1371 5308 1618 5364 invisere
1652 5309 1816 5365 facile
1840 5313 1998 5382 pote-
2109 5309 2183 5365 lis
2212 5309 2310 5365 ille
2342 5325 2694 5381 anonymus,
2745 5306 2862 5363 nisi
2894 5306 3050 5377 quod
3091 5320 3228 5360 eum
3277 5303 3401 5359 Odo
3423 5302 3548 5372 jam
3604 5301 3766 5353 esset

350 5399 462 5451 rat.
505 5395 569 5451 In
629 5396 804 5451 veteri
862 5397 1256 5455 Nantuacensi
1315 5397 1659 5454 Kalendario
1717 5398 2002 5455 memoria
2111 5396 2398 5455 Ostiensis
2429 5396 2760 5469 episcopus,
2795 5395 2865 5450 ad
2904 5394 3177 5449 Romanae
3209 5389 3473 5449 Ecclesiae
3504 5384 3766 5460 regimen

351 5484 606 5539 habetur
650 5485 1052 5542 translationis
1103 5487 1289 5543 sancti
1321 5485 1578 5552 Maximi,
1612 5491 1743 5553 etc.;
1778 5488 1878 5544 sed
1908 5487 2001 5544 die
2109 5487 2416 5543 transferri
2445 5502 2560 5541 non
2583 5486 2782 5557 posset
2801 5482 3026 5556 absque
3047 5481 3247 5556 aliqua
3269 5492 3562 5537 canonum
3584 5475 3765 5531 infra-

349 5589 449 5628 vm
481 5572 762 5630 Kalendas
793 5575 1175 5647 Septembris,
1209 5575 1365 5647 quod
1396 5574 1626 5631 videtur
1654 5591 1782 5633 esse
1814 5577 1998 5633 nostri
2111 5577 2326 5641 ctione,
2359 5574 2460 5648 qui
2484 5573 2706 5646 passim
2724 5572 3119 5646 prohibebant
3139 5572 3550 5646 episcoporum
3572 5581 3773 5623 exuna

352 5660 599 5736 exempli
626 5665 902 5721 mendum
927 5680 942 5721 :
975 5680 1112 5721 nam
1135 5663 1193 5719 in
1216 5663 1463 5721 historia
1480 5663 1691 5722 dicitur
1712 5669 2001 5724 statutum
2114 5666 2186 5725 ad
2209 5664 2387 5723 aliam
2408 5660 2717 5721 ecclesiam
2740 5662 3177 5723 translationes.
3204 5661 3421 5718 Verum
3442 5656 3598 5731 quod
3619 5657 3776 5736 veta,c
