  <div class='ocr_page' id='page_1' title='image "/cluster/home/n/w/nwhite01/storage/ocr_20150623/151/hvd.32044054760095/021.png"; bbox 0 0 4000 6178; ppageno 0'>
   <div class='ocr_carea' id='block_1_1' title="bbox 320 310 1958 395">
    <p class='ocr_par' dir='ltr' id='par_1_1' title="bbox 320 311 1958 395">
     <span class='ocr_line' id='line_1_1' title="bbox 320 311 1958 395; baseline -0.01 0"><span class='ocrx_word' id='word_1_1' title='bbox 320 311 403 395; x_wconf 66' lang='grc' dir='ltr'>ὓι</span> <span class='ocrx_word' id='word_1_2' title='bbox 1630 315 1701 380; x_wconf 89' lang='lat' dir='ltr'><strong>B.</strong></span> <span class='ocrx_word' id='word_1_3' title='bbox 1746 312 1958 389; x_wconf 56' lang='lat' dir='ltr'><strong>unus</strong></span> 
     </span>
    </p>
   </div>
   <div class='ocr_carea' id='block_1_2' title="bbox 2071 310 3738 395">
    <p class='ocr_par' dir='ltr' id='par_1_2' title="bbox 2088 310 3738 385">
     <span class='ocr_line' id='line_1_2' title="bbox 2088 310 3738 385; baseline 0.002 -4"><span class='ocrx_word' id='word_1_4' title='bbox 2088 310 2143 381; x_wconf 82' lang='grc' dir='ltr'>Π</span> <span class='ocrx_word' id='word_1_5' title='bbox 2186 312 2441 379; x_wconf 66' lang='grc' dir='ltr'><strong>ΡΑΡΛΕ.</strong></span> <span class='ocrx_word' id='word_1_6' title='bbox 3655 313 3738 385; x_wconf 66' lang='lat'><strong>3.3</strong></span> 
     </span>
    </p>
   </div>
   <div class='ocr_carea' id='block_1_3' title="bbox 328 444 3739 531">
    <p class='ocr_par' dir='ltr' id='par_1_3' title="bbox 328 444 3739 531">
     <span class='ocr_line' id='line_1_3' title="bbox 328 444 3739 531; baseline -0.001 -18"><span class='ocrx_word' id='word_1_7' title='bbox 328 466 539 529; x_wconf 69' lang='lat' dir='ltr'><strong>scopas</strong></span> <span class='ocrx_word' id='word_1_8' title='bbox 560 452 624 511; x_wconf 81' lang='lat' dir='ltr'><strong>et</strong></span> <span class='ocrx_word' id='word_1_9' title='bbox 648 447 979 511; x_wconf 71' lang='lat' dir='ltr'><strong>cardinales</strong></span> <span class='ocrx_word' id='word_1_10' title='bbox 1029 447 1133 525; x_wconf 87' lang='lat' dir='ltr'><strong>qui</strong></span> <span class='ocrx_word' id='word_1_11' title='bbox 1182 444 1252 508; x_wconf 85' lang='lat' dir='ltr'><strong>in</strong></span> <span class='ocrx_word' id='word_1_12' title='bbox 1296 446 1426 524; x_wconf 80' lang='lat' dir='ltr'>ejus</span> <span class='ocrx_word' id='word_1_13' title='bbox 1469 446 1752 520; x_wconf 78' lang='lat' dir='ltr'><strong>comitatu</strong></span> <span class='ocrx_word' id='word_1_14' title='bbox 1807 451 1975 509; x_wconf 83' lang='lat' dir='ltr'><strong>erant</strong></span> <span class='ocrx_word' id='word_1_15' title='bbox 2001 448 2058 531; x_wconf 68' lang='grc' dir='ltr'>Α</span> <span class='ocrx_word' id='word_1_16' title='bbox 2082 449 2310 521; x_wconf 78' lang='lat' dir='ltr'><strong>uestigia</strong></span> <span class='ocrx_word' id='word_1_17' title='bbox 2328 449 2419 511; x_wconf 79' lang='lat' dir='ltr'><strong>uti</strong></span> <span class='ocrx_word' id='word_1_18' title='bbox 2430 445 2847 522; x_wconf 59' lang='lat' dir='ltr'><strong>predecessor-is</strong></span> <span class='ocrx_word' id='word_1_19' title='bbox 2866 452 2985 525; x_wconf 50' lang='lat' dir='ltr'><strong>plus</strong></span> <span class='ocrx_word' id='word_1_20' title='bbox 3001 451 3291 521; x_wconf 53' lang='lat' dir='ltr'><strong>memoria</strong></span> <span class='ocrx_word' id='word_1_21' title='bbox 3309 445 3560 523; x_wconf 75' lang='lat' dir='ltr'><strong>Gregorii</strong></span> <span class='ocrx_word' id='word_1_22' title='bbox 3574 462 3739 525; x_wconf 69' lang='lat' dir='ltr'><strong>papas</strong></span> 
     </span>
    </p>
   </div>
   <div class='ocr_carea' id='block_1_4' title="bbox 328 537 3736 614">
    <p class='ocr_par' dir='ltr' id='par_1_4' title="bbox 328 537 3736 614">
     <span class='ocr_line' id='line_1_4' title="bbox 328 537 3736 614; baseline -0.002 -11"><span class='ocrx_word' id='word_1_23' title='bbox 328 540 683 610; x_wconf 78' lang='lat' dir='ltr'><strong>convocavit,</strong></span> <span class='ocrx_word' id='word_1_24' title='bbox 729 556 923 614; x_wconf 84' lang='lat' dir='ltr'><strong>eosque</strong></span> <span class='ocrx_word' id='word_1_25' title='bbox 965 543 1182 599; x_wconf 78' lang='lat' dir='ltr'><strong>monuit</strong></span> <span class='ocrx_word' id='word_1_26' title='bbox 1211 556 1274 596; x_wconf 87' lang='lat' dir='ltr'><strong>ac</strong></span> <span class='ocrx_word' id='word_1_27' title='bbox 1294 541 1577 613; x_wconf 62' lang='lat' dir='ltr'><strong>praecepit,</strong></span> <span class='ocrx_word' id='word_1_28' title='bbox 1640 538 1722 594; x_wconf 89' lang='lat' dir='ltr'><strong>uti</strong></span> <span class='ocrx_word' id='word_1_29' title='bbox 1780 541 1980 596; x_wconf 89' lang='lat' dir='ltr'><strong>narrat</strong></span> <span class='ocrx_word' id='word_1_30' title='bbox 2084 537 2494 599; x_wconf 65' lang='lat' dir='ltr'><strong>observaturum</strong></span> <span class='ocrx_word' id='word_1_31' title='bbox 2531 539 2900 603; x_wconf 82' lang='lat' dir='ltr'><strong>denuntiavit.</strong></span> <span class='ocrx_word' id='word_1_32' title='bbox 2936 540 3129 603; x_wconf 88' lang='lat' dir='ltr'><strong>Testis</strong></span> <span class='ocrx_word' id='word_1_33' title='bbox 3156 544 3248 601; x_wconf 90' lang='lat' dir='ltr'><strong>est</strong></span> <span class='ocrx_word' id='word_1_34' title='bbox 3292 537 3600 608; x_wconf 85' lang='lat' dir='ltr'><strong>Domnizo,</strong></span> <span class='ocrx_word' id='word_1_35' title='bbox 3629 537 3736 597; x_wconf 91' lang='lat' dir='ltr'><strong>lib.</strong></span> 
     </span>
    </p>
   </div>
   <div class='ocr_carea' id='block_1_5' title="bbox 327 627 3737 704">
    <p class='ocr_par' dir='ltr' id='par_1_5' title="bbox 327 627 3737 704">
     <span class='ocr_line' id='line_1_5' title="bbox 327 627 3737 704; baseline -0.001 -15"><span class='ocrx_word' id='word_1_36' title='bbox 327 632 534 693; x_wconf 77' lang='lat' dir='ltr'><strong>Petrus</strong></span> <span class='ocrx_word' id='word_1_37' title='bbox 561 631 710 687; x_wconf 90' lang='lat' dir='ltr'><strong>libro</strong></span> <span class='ocrx_word' id='word_1_38' title='bbox 742 649 803 687; x_wconf 83' lang='grc' dir='ltr'><strong>ιιι</strong></span> <span class='ocrx_word' id='word_1_39' title='bbox 833 630 1099 691; x_wconf 87' lang='lat' dir='ltr'><strong>Chronici</strong></span> <span class='ocrx_word' id='word_1_40' title='bbox 1135 628 1491 696; x_wconf 89' lang='lat' dir='ltr'><strong>Casinensis,</strong></span> <span class='ocrx_word' id='word_1_41' title='bbox 1540 627 1728 700; x_wconf 87' lang='lat' dir='ltr'><strong>capite</strong></span> <span class='ocrx_word' id='word_1_42' title='bbox 1773 630 1865 696; x_wconf 82' lang='lat'><strong>73,</strong></span> <span class='ocrx_word' id='word_1_43' title='bbox 1913 632 1980 685; x_wconf 89' lang='lat' dir='ltr'><strong>ut</strong></span> <span class='ocrx_word' id='word_1_44' title='bbox 2084 645 2149 696; x_wconf 86' lang='grc' dir='ltr'>ιι,</span> <span class='ocrx_word' id='word_1_45' title='bbox 2181 646 2308 703; x_wconf 89' lang='lat' dir='ltr'><strong>cap.</strong></span> <span class='ocrx_word' id='word_1_46' title='bbox 2340 630 2395 699; x_wconf 88' lang='lat'><strong>3,</strong></span> <span class='ocrx_word' id='word_1_47' title='bbox 2430 629 2726 689; x_wconf 79' lang='lat' dir='ltr'><strong>Urbanum</strong></span> <span class='ocrx_word' id='word_1_48' title='bbox 2759 634 2901 691; x_wconf 84' lang='lat' dir='ltr'><strong>tunc</strong></span> <span class='ocrx_word' id='word_1_49' title='bbox 2928 635 3031 691; x_wconf 87' lang='lat' dir='ltr'><strong>aut</strong></span> <span class='ocrx_word' id='word_1_50' title='bbox 3057 633 3212 695; x_wconf 76' lang='lat' dir='ltr'><strong>certe</strong></span> <span class='ocrx_word' id='word_1_51' title='bbox 3234 628 3406 704; x_wconf 84' lang='lat' dir='ltr'><strong>paulo</strong></span> <span class='ocrx_word' id='word_1_52' title='bbox 3436 632 3643 704; x_wconf 86' lang='lat' dir='ltr'><strong>postea</strong></span> <span class='ocrx_word' id='word_1_53' title='bbox 3662 628 3737 685; x_wconf 90' lang='lat' dir='ltr'><strong>ad</strong></span> 
     </span>
    </p>
   </div>
   <div class='ocr_carea' id='block_1_6' title="bbox 325 716 1975 790">
    <p class='ocr_par' dir='ltr' id='par_1_6' title="bbox 325 716 1975 790">
     <span class='ocr_line' id='line_1_6' title="bbox 325 716 1975 790; baseline -0.004 -11"><span class='ocrx_word' id='word_1_54' title='bbox 325 721 587 779; x_wconf 84' lang='lat' dir='ltr'><strong>Odonem</strong></span> <span class='ocrx_word' id='word_1_55' title='bbox 627 719 953 775; x_wconf 81' lang='lat' dir='ltr'><strong>Ostiensem</strong></span> <span class='ocrx_word' id='word_1_56' title='bbox 997 718 1359 790; x_wconf 82' lang='lat' dir='ltr'><strong>episcopum,</strong></span> <span class='ocrx_word' id='word_1_57' title='bbox 1390 720 1522 788; x_wconf 89' lang='lat' dir='ltr'><strong>post</strong></span> <span class='ocrx_word' id='word_1_58' title='bbox 1568 733 1737 771; x_wconf 90' lang='lat' dir='ltr'><strong>suam</strong></span> <span class='ocrx_word' id='word_1_59' title='bbox 1786 716 1975 788; x_wconf 84' lang='lat' dir='ltr'><strong>ipsius</strong></span> 
     </span>
    </p>
   </div>
   <div class='ocr_carea' id='block_1_7' title="bbox 323 805 1975 880">
    <p class='ocr_par' dir='ltr' id='par_1_7' title="bbox 323 805 1975 880">
     <span class='ocr_line' id='line_1_7' title="bbox 323 805 1975 880; baseline -0.004 -14"><span class='ocrx_word' id='word_1_60' title='bbox 323 813 593 877; x_wconf 82' lang='lat' dir='ltr'><strong>mortem,</strong></span> <span class='ocrx_word' id='word_1_61' title='bbox 630 824 809 880; x_wconf 89' lang='lat' dir='ltr'><strong>quam</strong></span> <span class='ocrx_word' id='word_1_62' title='bbox 841 806 1100 880; x_wconf 76' lang='lat' dir='ltr'><strong>proxime</strong></span> <span class='ocrx_word' id='word_1_63' title='bbox 1130 812 1470 862; x_wconf 80' lang='lat' dir='ltr'><strong>eventuram</strong></span> <span class='ocrx_word' id='word_1_64' title='bbox 1498 822 1625 861; x_wconf 84' lang='lat' dir='ltr'><strong>esse</strong></span> <span class='ocrx_word' id='word_1_65' title='bbox 1656 822 1771 860; x_wconf 92' lang='lat' dir='ltr'><strong>non</strong></span> <span class='ocrx_word' id='word_1_66' title='bbox 1804 805 1975 860; x_wconf 90' lang='lat' dir='ltr'><strong>dubi-</strong></span> 
     </span>
    </p>
   </div>
   <div class='ocr_carea' id='block_1_8' title="bbox 322 893 1974 969">
    <p class='ocr_par' dir='ltr' id='par_1_8' title="bbox 322 893 1974 969">
     <span class='ocr_line' id='line_1_8' title="bbox 322 893 1974 969; baseline -0.003 -15"><span class='ocrx_word' id='word_1_67' title='bbox 322 898 503 963; x_wconf 86' lang='lat' dir='ltr'><strong>tabat,</strong></span> <span class='ocrx_word' id='word_1_68' title='bbox 527 898 698 969; x_wconf 82' lang='lat' dir='ltr'><strong>juxta</strong></span> <span class='ocrx_word' id='word_1_69' title='bbox 719 896 977 968; x_wconf 80' lang='lat' dir='ltr'><strong>Gregorii</strong></span> <span class='ocrx_word' id='word_1_70' title='bbox 1012 894 1316 950; x_wconf 89' lang='lat' dir='ltr'><strong>morientis</strong></span> <span class='ocrx_word' id='word_1_71' title='bbox 1339 898 1537 950; x_wconf 89' lang='lat' dir='ltr'><strong>votum</strong></span> <span class='ocrx_word' id='word_1_72' title='bbox 1561 894 1619 948; x_wconf 92' lang='lat' dir='ltr'><strong>in</strong></span> <span class='ocrx_word' id='word_1_73' title='bbox 1642 893 1974 949; x_wconf 87' lang='lat' dir='ltr'><strong>Romanum</strong></span> 
     </span>
    </p>
   </div>
   <div class='ocr_carea' id='block_1_9' title="bbox 320 983 1969 1060">
    <p class='ocr_par' dir='ltr' id='par_1_9' title="bbox 320 983 1969 1060">
     <span class='ocr_line' id='line_1_9' title="bbox 320 983 1969 1060; baseline -0.003 -16"><span class='ocrx_word' id='word_1_74' title='bbox 320 986 657 1060; x_wconf 80' lang='lat' dir='ltr'><strong>pontificem</strong></span> <span class='ocrx_word' id='word_1_75' title='bbox 706 983 1032 1056; x_wconf 88' lang='lat' dir='ltr'><strong>eligerent:</strong></span> <span class='ocrx_word' id='word_1_76' title='bbox 1067 985 1256 1053; x_wconf 83' lang='lat' dir='ltr'><strong>Quem,</strong></span> <span class='ocrx_word' id='word_1_77' title='bbox 1307 985 1440 1054; x_wconf 86' lang='lat' dir='ltr'><strong>quia</strong></span> <span class='ocrx_word' id='word_1_78' title='bbox 1471 998 1715 1054; x_wconf 61' lang='lat' dir='ltr'><strong>prmsens</strong></span> <span class='ocrx_word' id='word_1_79' title='bbox 1763 984 1969 1051; x_wconf 75' lang='lat' dir='ltr'><strong>aderat,</strong></span> 
     </span>
    </p>
   </div>
   <div class='ocr_carea' id='block_1_10' title="bbox 316 1071 1970 1147">
    <p class='ocr_par' dir='ltr' id='par_1_10' title="bbox 316 1071 1970 1147">
     <span class='ocr_line' id='line_1_10' title="bbox 316 1071 1970 1147; baseline -0.002 -15"><span class='ocrx_word' id='word_1_80' title='bbox 316 1092 490 1137; x_wconf 86' lang='lat' dir='ltr'><strong>manu</strong></span> <span class='ocrx_word' id='word_1_81' title='bbox 511 1072 914 1147; x_wconf 74' lang='lat' dir='ltr'><strong>apprehensum</strong></span> <span class='ocrx_word' id='word_1_82' title='bbox 941 1075 1152 1130; x_wconf 65' lang='lat' dir='ltr'><strong>caeteris</strong></span> <span class='ocrx_word' id='word_1_83' title='bbox 1182 1073 1443 1145; x_wconf 84' lang='lat' dir='ltr'><strong>episcopis</strong></span> <span class='ocrx_word' id='word_1_84' title='bbox 1470 1071 1719 1139; x_wconf 84' lang='lat' dir='ltr'><strong>tradidit,</strong></span> <span class='ocrx_word' id='word_1_85' title='bbox 1746 1072 1929 1128; x_wconf 85' lang='lat' dir='ltr'><strong>dicens</strong></span> <span class='ocrx_word' id='word_1_86' title='bbox 1950 1093 1970 1128; x_wconf 89' lang='lat'><strong><em>:</em></strong></span> 
     </span>
    </p>
   </div>
   <div class='ocr_carea' id='block_1_11' title="bbox 315 1160 1968 1236">
    <p class='ocr_par' dir='ltr' id='par_1_11' title="bbox 315 1160 1968 1236">
     <span class='ocr_line' id='line_1_11' title="bbox 315 1160 1968 1236; baseline -0.002 -16"><span class='ocrx_word' id='word_1_87' title='bbox 315 1164 553 1236; x_wconf 80' lang='lat' dir='ltr'><strong>Accipite</strong></span> <span class='ocrx_word' id='word_1_88' title='bbox 576 1180 702 1219; x_wconf 86' lang='lat' dir='ltr'><strong>eum</strong></span> <span class='ocrx_word' id='word_1_89' title='bbox 727 1167 778 1218; x_wconf 85' lang='lat' dir='ltr'><strong>et</strong></span> <span class='ocrx_word' id='word_1_90' title='bbox 808 1164 867 1216; x_wconf 86' lang='lat' dir='ltr'><strong>in</strong></span> <span class='ocrx_word' id='word_1_91' title='bbox 902 1163 1145 1218; x_wconf 79' lang='lat' dir='ltr'><strong>Romana</strong></span> <span class='ocrx_word' id='word_1_92' title='bbox 1173 1160 1299 1216; x_wconf 79' lang='lat' dir='ltr'><strong>sedc</strong></span> <span class='ocrx_word' id='word_1_93' title='bbox 1330 1160 1498 1216; x_wconf 85' lang='lat' dir='ltr'><strong>locate</strong></span> <span class='ocrx_word' id='word_1_94' title='bbox 1522 1178 1534 1226; x_wconf 93' lang='lat'><strong>;</strong></span> <span class='ocrx_word' id='word_1_95' title='bbox 1570 1177 1846 1231; x_wconf 83' lang='lat' dir='ltr'><strong>meamque</strong></span> <span class='ocrx_word' id='word_1_96' title='bbox 1887 1163 1968 1216; x_wconf 81' lang='lat' dir='ltr'><strong>vi-</strong></span> 
     </span>
    </p>
   </div>
   <div class='ocr_carea' id='block_1_12' title="bbox 313 1251 1966 1323">
    <p class='ocr_par' dir='ltr' id='par_1_12' title="bbox 313 1251 1966 1323">
     <span class='ocr_line' id='line_1_12' title="bbox 313 1251 1966 1323; baseline -0.004 -12"><span class='ocrx_word' id='word_1_97' title='bbox 313 1270 428 1311; x_wconf 85' lang='lat' dir='ltr'><strong>cem</strong></span> <span class='ocrx_word' id='word_1_98' title='bbox 461 1254 521 1308; x_wconf 88' lang='lat' dir='ltr'><strong>in</strong></span> <span class='ocrx_word' id='word_1_99' title='bbox 551 1252 824 1318; x_wconf 86' lang='lat' dir='ltr'><strong>omnibus,</strong></span> <span class='ocrx_word' id='word_1_100' title='bbox 860 1266 1137 1323; x_wconf 77' lang='lat' dir='ltr'><strong>quousque</strong></span> <span class='ocrx_word' id='word_1_101' title='bbox 1170 1251 1236 1306; x_wconf 87' lang='lat' dir='ltr'><strong>id</strong></span> <span class='ocrx_word' id='word_1_102' title='bbox 1259 1251 1442 1320; x_wconf 77' lang='lat' dir='ltr'><strong>facere</strong></span> <span class='ocrx_word' id='word_1_103' title='bbox 1480 1251 1722 1322; x_wconf 77' lang='lat' dir='ltr'><strong>possitis,</strong></span> <span class='ocrx_word' id='word_1_104' title='bbox 1756 1251 1966 1307; x_wconf 84' lang='lat' dir='ltr'><strong>habete.</strong></span> 
     </span>
    </p>
   </div>
   <div class='ocr_carea' id='block_1_13' title="bbox 312 1337 1967 1412">
    <p class='ocr_par' dir='ltr' id='par_1_13' title="bbox 312 1337 1967 1412">
     <span class='ocr_line' id='line_1_13' title="bbox 312 1337 1967 1412; baseline -0.003 -15"><span class='ocrx_word' id='word_1_105' title='bbox 312 1339 493 1397; x_wconf 87' lang='lat' dir='ltr'><strong>Paulo</strong></span> <span class='ocrx_word' id='word_1_106' title='bbox 517 1343 668 1412; x_wconf 89' lang='lat' dir='ltr'><strong>post,</strong></span> <span class='ocrx_word' id='word_1_107' title='bbox 705 1355 905 1394; x_wconf 84' lang='lat' dir='ltr'><strong>mense</strong></span> <span class='ocrx_word' id='word_1_108' title='bbox 936 1337 1160 1395; x_wconf 79' lang='lat' dir='ltr'><strong>scilicet</strong></span> <span class='ocrx_word' id='word_1_109' title='bbox 1180 1338 1528 1410; x_wconf 78' lang='lat' dir='ltr'><strong>Septembri,</strong></span> <span class='ocrx_word' id='word_1_110' title='bbox 1564 1338 1761 1394; x_wconf 77' lang='lat' dir='ltr'><strong>Victor</strong></span> <span class='ocrx_word' id='word_1_111' title='bbox 1791 1338 1967 1395; x_wconf 89' lang='lat' dir='ltr'><strong>mori-</strong></span> 
     </span>
    </p>
   </div>
   <div class='ocr_carea' id='block_1_14' title="bbox 309 1425 1968 1500">
    <p class='ocr_par' dir='ltr' id='par_1_14' title="bbox 309 1425 1968 1500">
     <span class='ocr_line' id='line_1_14' title="bbox 309 1425 1968 1500; baseline -0.002 -15"><span class='ocrx_word' id='word_1_112' title='bbox 309 1433 445 1498; x_wconf 84' lang='lat' dir='ltr'><strong>tur;</strong></span> <span class='ocrx_word' id='word_1_113' title='bbox 478 1427 581 1485; x_wconf 90' lang='lat' dir='ltr'><strong>sed</strong></span> <span class='ocrx_word' id='word_1_114' title='bbox 612 1429 741 1500; x_wconf 87' lang='lat' dir='ltr'>ejus</span> <span class='ocrx_word' id='word_1_115' title='bbox 772 1426 1129 1485; x_wconf 82' lang='lat' dir='ltr'><strong>successoris</strong></span> <span class='ocrx_word' id='word_1_116' title='bbox 1151 1425 1375 1491; x_wconf 89' lang='lat' dir='ltr'><strong>electio,</strong></span> <span class='ocrx_word' id='word_1_117' title='bbox 1400 1428 1471 1483; x_wconf 90' lang='lat' dir='ltr'><strong>ob</strong></span> <span class='ocrx_word' id='word_1_118' title='bbox 1495 1431 1824 1499; x_wconf 84' lang='lat' dir='ltr'><strong>temporum</strong></span> <span class='ocrx_word' id='word_1_119' title='bbox 1858 1428 1968 1483; x_wconf 83' lang='lat' dir='ltr'><strong>dif-</strong></span> 
     </span>
    </p>
   </div>
   <div class='ocr_carea' id='block_1_15' title="bbox 312 1515 1698 1589">
    <p class='ocr_par' dir='ltr' id='par_1_15' title="bbox 312 1515 1698 1589">
     <span class='ocr_line' id='line_1_15' title="bbox 312 1515 1698 1589; baseline -0.006 -10"><span class='ocrx_word' id='word_1_120' title='bbox 312 1516 631 1585; x_wconf 75' lang='lat' dir='ltr'><strong>ﬁcultates,</strong></span> <span class='ocrx_word' id='word_1_121' title='bbox 661 1518 720 1574; x_wconf 90' lang='lat' dir='ltr'><strong>in</strong></span> <span class='ocrx_word' id='word_1_122' title='bbox 751 1521 1090 1589; x_wconf 84' lang='lat' dir='ltr'><strong>sequentem</strong></span> <span class='ocrx_word' id='word_1_123' title='bbox 1124 1534 1347 1573; x_wconf 88' lang='lat' dir='ltr'><strong>annum</strong></span> <span class='ocrx_word' id='word_1_124' title='bbox 1377 1515 1559 1572; x_wconf 89' lang='lat' dir='ltr'><strong>dilata</strong></span> <span class='ocrx_word' id='word_1_125' title='bbox 1589 1521 1698 1572; x_wconf 87' lang='lat' dir='ltr'><strong>est.</strong></span> 
     </span>
    </p>
   </div>
   <div class='ocr_carea' id='block_1_16' title="bbox 307 1623 1969 1694">
    <p class='ocr_par' dir='ltr' id='par_1_16' title="bbox 307 1623 1969 1694">
     <span class='ocr_line' id='line_1_16' title="bbox 307 1623 1969 1694; baseline -0.001 -12"><span class='ocrx_word' id='word_1_126' title='bbox 307 1624 501 1683; x_wconf 84' lang='lat' dir='ltr'><strong>XXIII.</strong></span> <span class='ocrx_word' id='word_1_127' title='bbox 538 1625 745 1682; x_wconf 86' lang='lat' dir='ltr'><strong>Urbani</strong></span> <span class='ocrx_word' id='word_1_128' title='bbox 773 1627 848 1680; x_wconf 81' lang='lat' dir='ltr'><strong>Ill</strong></span> <span class='ocrx_word' id='word_1_129' title='bbox 873 1625 1081 1679; x_wconf 86' lang='lat' dir='ltr'><strong>electio.</strong></span> <span class='ocrx_word' id='word_1_130' title='bbox 1122 1625 1358 1679; x_wconf 86' lang='lat' dir='ltr'><strong>Litteras</strong></span> <span class='ocrx_word' id='word_1_131' title='bbox 1402 1639 1467 1679; x_wconf 87' lang='lat' dir='ltr'><strong>ea</strong></span> <span class='ocrx_word' id='word_1_132' title='bbox 1496 1623 1562 1678; x_wconf 84' lang='lat' dir='ltr'><strong>de</strong></span> <span class='ocrx_word' id='word_1_133' title='bbox 1600 1624 1869 1694; x_wconf 80' lang='lat' dir='ltr'><strong>rescribit,</strong></span> <span class='ocrx_word' id='word_1_134' title='bbox 1899 1641 1969 1680; x_wconf 77' lang='lat' dir='ltr'><strong>ec</strong></span> 
     </span>
    </p>
   </div>
   <div class='ocr_carea' id='block_1_17' title="bbox 750 1696 1519 1767">
    <p class='ocr_par' dir='ltr' id='par_1_17' title="bbox 750 1696 1519 1767">
     <span class='ocr_line' id='line_1_17' title="bbox 750 1696 1519 1767; baseline -0.001 -17"><span class='ocrx_word' id='word_1_135' title='bbox 750 1696 946 1767; x_wconf 82' lang='lat' dir='ltr'><strong>quibus</strong></span> <span class='ocrx_word' id='word_1_136' title='bbox 971 1696 1180 1767; x_wconf 88' lang='lat' dir='ltr'><strong>aliquot</strong></span> <span class='ocrx_word' id='word_1_137' title='bbox 1207 1698 1519 1767; x_wconf 77' lang='lat' dir='ltr'><strong>supersunt.</strong></span> 
     </span>
    </p>
   </div>
   <div class='ocr_carea' id='block_1_18' title="bbox 2084 717 3734 793">
    <p class='ocr_par' dir='ltr' id='par_1_18' title="bbox 2084 717 3734 793">
     <span class='ocr_line' id='line_1_18' title="bbox 2084 717 3734 793; baseline 0.002 -20"><span class='ocrx_word' id='word_1_138' title='bbox 2084 717 2425 775; x_wconf 85' lang='lat' dir='ltr'><strong>Mathildem</strong></span> <span class='ocrx_word' id='word_1_139' title='bbox 2455 718 2819 777; x_wconf 82' lang='lat' dir='ltr'><strong>comitissam</strong></span> <span class='ocrx_word' id='word_1_140' title='bbox 2841 718 3246 792; x_wconf 79' lang='lat' dir='ltr'><strong>scripsisse,ut</strong></span> <span class='ocrx_word' id='word_1_141' title='bbox 3270 736 3402 779; x_wconf 83' lang='lat' dir='ltr'><strong>eam</strong></span> <span class='ocrx_word' id='word_1_142' title='bbox 3432 719 3509 777; x_wconf 77' lang='lat' dir='ltr'><strong>ad</strong></span> <span class='ocrx_word' id='word_1_143' title='bbox 3541 735 3734 793; x_wconf 85' lang='lat' dir='ltr'><strong>perse-</strong></span> 
     </span>
    </p>
   </div>
   <div class='ocr_carea' id='block_1_19' title="bbox 2083 808 3737 867">
    <p class='ocr_par' dir='ltr' id='par_1_19' title="bbox 2083 808 3737 867">
     <span class='ocr_line' id='line_1_19' title="bbox 2083 808 3737 867; baseline 0.001 -5"><span class='ocrx_word' id='word_1_144' title='bbox 2083 808 2405 863; x_wconf 86' lang='lat' dir='ltr'><strong>verandum</strong></span> <span class='ocrx_word' id='word_1_145' title='bbox 2455 808 2513 867; x_wconf 88' lang='lat' dir='ltr'><strong>in</strong></span> <span class='ocrx_word' id='word_1_146' title='bbox 2566 810 2783 865; x_wconf 88' lang='lat' dir='ltr'><strong>tuenda</strong></span> <span class='ocrx_word' id='word_1_147' title='bbox 2832 809 3111 864; x_wconf 88' lang='lat' dir='ltr'><strong>adversus</strong></span> <span class='ocrx_word' id='word_1_148' title='bbox 3137 808 3551 867; x_wconf 83' lang='lat' dir='ltr'><strong>schismaticas</strong></span> <span class='ocrx_word' id='word_1_149' title='bbox 3575 808 3737 864; x_wconf 87' lang='lat' dir='ltr'>sedis</span> 
     </span>
    </p>
   </div>
   <div class='ocr_carea' id='block_1_20' title="bbox 2082 896 3740 971">
    <p class='ocr_par' dir='ltr' id='par_1_20' title="bbox 2082 896 3740 971">
     <span class='ocr_line' id='line_1_20' title="bbox 2082 896 3740 971; baseline 0.001 -20"><span class='ocrx_word' id='word_1_150' title='bbox 2082 896 2411 968; x_wconf 83' lang='lat' dir='ltr'><strong>apostolicae</strong></span> <span class='ocrx_word' id='word_1_151' title='bbox 2434 914 2615 955; x_wconf 87' lang='lat' dir='ltr'><strong>causa</strong></span> <span class='ocrx_word' id='word_1_152' title='bbox 2643 897 3362 957; x_wconf 77' lang='lat' dir='ltr'><strong>adhortaretur.Ca2terum</strong></span> <span class='ocrx_word' id='word_1_153' title='bbox 3387 913 3501 957; x_wconf 91' lang='lat' dir='ltr'><strong>non</strong></span> <span class='ocrx_word' id='word_1_154' title='bbox 3524 896 3740 971; x_wconf 81' lang='lat' dir='ltr'><strong>episto-</strong></span> 
     </span>
    </p>
   </div>
   <div class='ocr_carea' id='block_1_21' title="bbox 2080 984 3736 1059">
    <p class='ocr_par' dir='ltr' id='par_1_21' title="bbox 2080 984 3736 1059">
     <span class='ocr_line' id='line_1_21' title="bbox 2080 984 3736 1059; baseline 0.001 -19"><span class='ocrx_word' id='word_1_155' title='bbox 2080 984 2169 1042; x_wconf 88' lang='lat' dir='ltr'><strong>las</strong></span> <span class='ocrx_word' id='word_1_156' title='bbox 2199 986 2394 1053; x_wconf 92' lang='lat' dir='ltr'><strong>modo,</strong></span> <span class='ocrx_word' id='word_1_157' title='bbox 2426 987 2527 1043; x_wconf 91' lang='lat' dir='ltr'><strong>sed</strong></span> <span class='ocrx_word' id='word_1_158' title='bbox 2553 986 2728 1045; x_wconf 85' lang='lat' dir='ltr'><strong>etiam</strong></span> <span class='ocrx_word' id='word_1_159' title='bbox 2759 986 2981 1059; x_wconf 82' lang='lat' dir='ltr'><strong>legatos</strong></span> <span class='ocrx_word' id='word_1_160' title='bbox 3011 987 3086 1043; x_wconf 87' lang='lat' dir='ltr'><strong>ab</strong></span> <span class='ocrx_word' id='word_1_161' title='bbox 3118 986 3349 1044; x_wconf 89' lang='lat' dir='ltr'><strong>Urbano</strong></span> <span class='ocrx_word' id='word_1_162' title='bbox 3380 985 3441 1043; x_wconf 90' lang='lat' dir='ltr'><strong>in</strong></span> <span class='ocrx_word' id='word_1_163' title='bbox 3470 985 3736 1043; x_wconf 84' lang='lat' dir='ltr'><strong>diversas</strong></span> 
     </span>
    </p>
   </div>
   <div class='ocr_carea' id='block_1_22' title="bbox 2079 1072 3735 1147">
    <p class='ocr_par' dir='ltr' id='par_1_22' title="bbox 2079 1072 3735 1147">
     <span class='ocr_line' id='line_1_22' title="bbox 2079 1072 3735 1147; baseline 0.003 -19"><span class='ocrx_word' id='word_1_164' title='bbox 2079 1072 2284 1147; x_wconf 80' lang='lat' dir='ltr'><strong>plagas</strong></span> <span class='ocrx_word' id='word_1_165' title='bbox 2307 1074 2522 1134; x_wconf 90' lang='lat' dir='ltr'><strong>missos</strong></span> <span class='ocrx_word' id='word_1_166' title='bbox 2554 1075 2738 1143; x_wconf 84' lang='lat' dir='ltr'><strong>fuisse</strong></span> <span class='ocrx_word' id='word_1_167' title='bbox 2755 1075 2933 1132; x_wconf 88' lang='lat' dir='ltr'><strong>tradit</strong></span> <span class='ocrx_word' id='word_1_168' title='bbox 2954 1075 3265 1135; x_wconf 88' lang='lat' dir='ltr'><strong>Ordericus</strong></span> <span class='ocrx_word' id='word_1_169' title='bbox 3298 1074 3448 1135; x_wconf 83' lang='lat' dir='ltr'><strong>libro</strong></span> <span class='ocrx_word' id='word_1_170' title='bbox 3469 1073 3735 1141; x_wconf 83' lang='lat' dir='ltr'><strong>laudato,</strong></span> 
     </span>
    </p>
   </div>
   <div class='ocr_carea' id='block_1_23' title="bbox 2079 1163 3733 1236">
    <p class='ocr_par' dir='ltr' id='par_1_23' title="bbox 2079 1163 3733 1236">
     <span class='ocr_line' id='line_1_23' title="bbox 2079 1163 3733 1236; baseline 0.001 -17"><span class='ocrx_word' id='word_1_171' title='bbox 2079 1166 2147 1219; x_wconf 88' lang='lat' dir='ltr'><strong>ut</strong></span> <span class='ocrx_word' id='word_1_172' title='bbox 2174 1163 2466 1236; x_wconf 85' lang='lat' dir='ltr'><strong>principes</strong></span> <span class='ocrx_word' id='word_1_173' title='bbox 2483 1164 2845 1223; x_wconf 87' lang='lat' dir='ltr'><strong>Christianos</strong></span> <span class='ocrx_word' id='word_1_174' title='bbox 2858 1164 2917 1220; x_wconf 91' lang='lat' dir='ltr'><strong>in</strong></span> <span class='ocrx_word' id='word_1_175' title='bbox 2949 1164 3061 1221; x_wconf 81' lang='lat' dir='ltr'><strong>ﬁde</strong></span> <span class='ocrx_word' id='word_1_176' title='bbox 3092 1168 3150 1220; x_wconf 88' lang='lat' dir='ltr'><strong>et</strong></span> <span class='ocrx_word' id='word_1_177' title='bbox 3179 1165 3405 1220; x_wconf 89' lang='lat' dir='ltr'><strong>unitate</strong></span> <span class='ocrx_word' id='word_1_178' title='bbox 3421 1164 3733 1221; x_wconf 82' lang='lat' dir='ltr'><strong>conﬁrma-</strong></span> 
     </span>
    </p>
   </div>
   <div class='ocr_carea' id='block_1_24' title="bbox 2079 1252 3736 1326">
    <p class='ocr_par' dir='ltr' id='par_1_24' title="bbox 2079 1252 3736 1326">
     <span class='ocr_line' id='line_1_24' title="bbox 2079 1252 3736 1326; baseline 0 -17"><span class='ocrx_word' id='word_1_179' title='bbox 2079 1256 2186 1309; x_wconf 87' lang='lat' dir='ltr'><strong>ret.</strong></span> <span class='ocrx_word' id='word_1_180' title='bbox 2231 1255 2479 1325; x_wconf 80' lang='lat' dir='ltr'><strong>(‘onﬁsus</strong></span> <span class='ocrx_word' id='word_1_181' title='bbox 2502 1256 2562 1313; x_wconf 81' lang='lat' dir='ltr'><strong>in</strong></span> <span class='ocrx_word' id='word_1_182' title='bbox 2579 1255 2808 1311; x_wconf 87' lang='lat' dir='ltr'><strong>Domino</strong></span> <span class='ocrx_word' id='word_1_183' title='bbox 2834 1254 3113 1321; x_wconf 66' lang='lat' dir='ltr'><strong>caelorum,</strong></span> <span class='ocrx_word' id='word_1_184' title='bbox 3142 1252 3225 1311; x_wconf 91' lang='lat' dir='ltr'><strong>ait</strong></span> <span class='ocrx_word' id='word_1_185' title='bbox 3254 1253 3350 1308; x_wconf 93' lang='lat' dir='ltr'><strong>hic</strong></span> <span class='ocrx_word' id='word_1_186' title='bbox 3379 1255 3602 1323; x_wconf 80' lang='lat' dir='ltr'><strong>auctor,</strong></span> <span class='ocrx_word' id='word_1_187' title='bbox 3634 1255 3736 1326; x_wconf 87' lang='lat' dir='ltr'><strong>qui</strong></span> 
     </span>
    </p>
   </div>
   <div class='ocr_carea' id='block_1_25' title="bbox 2077 1343 3733 1415">
    <p class='ocr_par' dir='ltr' id='par_1_25' title="bbox 2077 1343 3733 1415">
     <span class='ocr_line' id='line_1_25' title="bbox 2077 1343 3733 1415; baseline 0.001 -19"><span class='ocrx_word' id='word_1_188' title='bbox 2077 1357 2189 1403; x_wconf 78' lang='lat' dir='ltr'><strong>non</strong></span> <span class='ocrx_word' id='word_1_189' title='bbox 2218 1343 2482 1413; x_wconf 78' lang='lat' dir='ltr'><strong>relinquit</strong></span> <span class='ocrx_word' id='word_1_190' title='bbox 2510 1344 2726 1412; x_wconf 84' lang='lat' dir='ltr'><strong>virgam</strong></span> <span class='ocrx_word' id='word_1_191' title='bbox 2748 1350 3093 1414; x_wconf 83' lang='lat' dir='ltr'><strong>peccatorum</strong></span> <span class='ocrx_word' id='word_1_192' title='bbox 3118 1359 3282 1414; x_wconf 86' lang='lat' dir='ltr'><strong>super</strong></span> <span class='ocrx_word' id='word_1_193' title='bbox 3327 1350 3527 1399; x_wconf 80' lang='lat' dir='ltr'><strong>sortem</strong></span> <span class='ocrx_word' id='word_1_194' title='bbox 3551 1344 3733 1415; x_wconf 74' lang='lat' dir='ltr'><strong>justo-</strong></span> 
     </span>
    </p>
   </div>
   <div class='ocr_carea' id='block_1_26' title="bbox 2078 1433 3732 1504">
    <p class='ocr_par' dir='ltr' id='par_1_26' title="bbox 2078 1433 3732 1504">
     <span class='ocr_line' id='line_1_26' title="bbox 2078 1433 3732 1504; baseline 0.002 -18"><span class='ocrx_word' id='word_1_195' title='bbox 2078 1447 2224 1500; x_wconf 88' lang='lat' dir='ltr'><strong>rum,</strong></span> <span class='ocrx_word' id='word_1_196' title='bbox 2258 1433 2411 1487; x_wconf 82' lang='lat' dir='ltr'><strong>misit</strong></span> <span class='ocrx_word' id='word_1_197' title='bbox 2457 1433 2661 1501; x_wconf 84' lang='lat' dir='ltr'><strong>legatos</strong></span> <span class='ocrx_word' id='word_1_198' title='bbox 2713 1440 2767 1488; x_wconf 85' lang='lat' dir='ltr'><strong>et</strong></span> <span class='ocrx_word' id='word_1_199' title='bbox 2808 1433 3053 1504; x_wconf 68' lang='lat' dir='ltr'><strong>epistolae</strong></span> <span class='ocrx_word' id='word_1_200' title='bbox 3081 1435 3341 1489; x_wconf 61' lang='lat' dir='ltr'><strong>Romam</strong></span> <span class='ocrx_word' id='word_1_201' title='bbox 3384 1433 3732 1491; x_wconf 72' lang='lat' dir='ltr'><strong>auctoritatis</strong></span> 
     </span>
    </p>
   </div>
   <div class='ocr_carea' id='block_1_27' title="bbox 2076 1520 3736 1593">
    <p class='ocr_par' dir='ltr' id='par_1_27' title="bbox 2076 1520 3736 1593">
     <span class='ocr_line' id='line_1_27' title="bbox 2076 1520 3736 1593; baseline 0.001 -18"><span class='ocrx_word' id='word_1_202' title='bbox 2076 1521 2302 1576; x_wconf 79' lang='lat' dir='ltr'><strong>Francis</strong></span> <span class='ocrx_word' id='word_1_203' title='bbox 2331 1524 2386 1577; x_wconf 90' lang='lat' dir='ltr'><strong>et</strong></span> <span class='ocrx_word' id='word_1_204' title='bbox 2405 1522 2633 1586; x_wconf 69' lang='lat' dir='ltr'><strong>Graecis,</strong></span> <span class='ocrx_word' id='word_1_205' title='bbox 2656 1522 2895 1593; x_wconf 87' lang='lat' dir='ltr'><strong>aliisque</strong></span> <span class='ocrx_word' id='word_1_206' title='bbox 2921 1521 3172 1593; x_wconf 83' lang='lat' dir='ltr'><strong>gentibus</strong></span> <span class='ocrx_word' id='word_1_207' title='bbox 3196 1536 3296 1592; x_wconf 88' lang='lat' dir='ltr'><strong>per</strong></span> <span class='ocrx_word' id='word_1_208' title='bbox 3317 1520 3504 1579; x_wconf 81' lang='lat' dir='ltr'><strong>orbem</strong></span> <span class='ocrx_word' id='word_1_209' title='bbox 3528 1521 3736 1583; x_wconf 78' lang='lat' dir='ltr'><strong>consti-</strong></span> 
     </span>
    </p>
   </div>
   <div class='ocr_carea' id='block_1_28' title="bbox 2078 1610 3736 1682">
    <p class='ocr_par' dir='ltr' id='par_1_28' title="bbox 2078 1610 3736 1682">
     <span class='ocr_line' id='line_1_28' title="bbox 2078 1610 3736 1682; baseline 0.001 -17"><span class='ocrx_word' id='word_1_210' title='bbox 2078 1612 2227 1675; x_wconf 84' lang='lat' dir='ltr'><strong>tutis,</strong></span> <span class='ocrx_word' id='word_1_211' title='bbox 2260 1620 2320 1665; x_wconf 88' lang='lat' dir='ltr'><strong>ut</strong></span> <span class='ocrx_word' id='word_1_212' title='bbox 2353 1612 2415 1666; x_wconf 90' lang='lat' dir='ltr'><strong>in</strong></span> <span class='ocrx_word' id='word_1_213' title='bbox 2442 1610 2547 1680; x_wconf 84' lang='lat' dir='ltr'><strong>ﬁde</strong></span> <span class='ocrx_word' id='word_1_214' title='bbox 2575 1612 2847 1666; x_wconf 87' lang='lat' dir='ltr'><strong>catholica</strong></span> <span class='ocrx_word' id='word_1_215' title='bbox 2877 1610 3339 1682; x_wconf 78' lang='lat' dir='ltr'><strong>irrefragabiliter</strong></span> <span class='ocrx_word' id='word_1_216' title='bbox 3374 1612 3736 1682; x_wconf 83' lang='lat' dir='ltr'><strong>persisterent</strong></span> 
     </span>
    </p>
   </div>
   <div class='ocr_carea' id='block_1_29' title="bbox 2072 1697 3730 1771">
    <p class='ocr_par' dir='ltr' id='par_1_29' title="bbox 2072 1697 3730 1771">
     <span class='ocr_line' id='line_1_29' title="bbox 2072 1697 3730 1771; baseline 0 -17"><span class='ocrx_word' id='word_1_217' title='bbox 2072 1702 2123 1754; x_wconf 87' lang='lat' dir='ltr'><strong>et</strong></span> <span class='ocrx_word' id='word_1_218' title='bbox 2151 1715 2366 1755; x_wconf 88' lang='lat' dir='ltr'><strong>omnem</strong></span> <span class='ocrx_word' id='word_1_219' title='bbox 2405 1702 2704 1756; x_wconf 86' lang='lat' dir='ltr'><strong>scissuram</strong></span> <span class='ocrx_word' id='word_1_220' title='bbox 2750 1716 2785 1755; x_wconf 91' lang='lat' dir='ltr'><strong>a</strong></span> <span class='ocrx_word' id='word_1_221' title='bbox 2833 1700 2951 1770; x_wconf 85' lang='lat' dir='ltr'><strong>lege</strong></span> <span class='ocrx_word' id='word_1_222' title='bbox 2995 1700 3093 1756; x_wconf 84' lang='lat' dir='ltr'><strong>Dei</strong></span> <span class='ocrx_word' id='word_1_223' title='bbox 3141 1703 3193 1759; x_wconf 85' lang='lat' dir='ltr'><strong>et</strong></span> <span class='ocrx_word' id='word_1_224' title='bbox 3239 1714 3461 1771; x_wconf 83' lang='lat' dir='ltr'><strong>corpore</strong></span> <span class='ocrx_word' id='word_1_225' title='bbox 3505 1697 3730 1768; x_wconf 82' lang='lat' dir='ltr'><strong>Christi,</strong></span> 
     </span>
    </p>
   </div>
   <div class='ocr_carea' id='block_1_30' title="bbox 380 1783 3250 1895">
    <p class='ocr_par' dir='ltr' id='par_1_30' title="bbox 380 1783 3250 1895">
     <span class='ocr_line' id='line_1_30' title="bbox 380 1783 3250 1895; baseline 0 -53"><span class='ocrx_word' id='word_1_226' title='bbox 380 1785 652 1843; x_wconf 86' lang='lat' dir='ltr'><strong>Decursis</strong></span> <span class='ocrx_word' id='word_1_227' title='bbox 682 1802 718 1843; x_wconf 86' lang='lat' dir='ltr'><strong>a</strong></span> <span class='ocrx_word' id='word_1_228' title='bbox 746 1784 996 1840; x_wconf 84' lang='lat' dir='ltr'><strong>Victoris</strong></span> <span class='ocrx_word' id='word_1_229' title='bbox 1026 1784 1222 1840; x_wconf 79' lang='lat' dir='ltr'><strong>obitus</strong></span> <span class='ocrx_word' id='word_1_230' title='bbox 1246 1801 1346 1840; x_wconf 86' lang='lat' dir='ltr'><strong>sex</strong></span> <span class='ocrx_word' id='word_1_231' title='bbox 1376 1783 1608 1840; x_wconf 89' lang='lat' dir='ltr'><strong>circiter</strong></span> <span class='ocrx_word' id='word_1_232' title='bbox 1637 1784 2042 1895; x_wconf 47' lang='lat' dir='ltr'><strong>mensibuspB</strong></span> <span class='ocrx_word' id='word_1_233' title='bbox 2072 1788 2214 1859; x_wconf 87' lang='lat' dir='ltr'><strong>quod</strong></span> <span class='ocrx_word' id='word_1_234' title='bbox 2242 1796 2322 1844; x_wconf 89' lang='lat' dir='ltr'><strong>est</strong></span> <span class='ocrx_word' id='word_1_235' title='bbox 2352 1789 2610 1855; x_wconf 85' lang='lat' dir='ltr'><strong>Ecclesia,</strong></span> <span class='ocrx_word' id='word_1_236' title='bbox 2638 1789 2839 1844; x_wconf 77' lang='lat' dir='ltr'><strong>callide</strong></span> <span class='ocrx_word' id='word_1_237' title='bbox 2863 1795 3250 1860; x_wconf 64' lang='lat' dir='ltr'><strong>prxcavercnt.</strong></span> 
     </span>
     <span class='ocr_line' id='line_1_31' title="bbox 413 1873 3223 1895; baseline 0 2"><span class='ocrx_word' id='word_1_238' title='bbox 413 1890 739 1895; x_wconf 46' lang='lat' dir='ltr'><strong>-_A_-___-_.-</strong></span> <span class='ocrx_word' id='word_1_239' title='bbox 766 1873 995 1895; x_wconf 44' lang='grc' dir='ltr'><strong>ιᾼ-ΔΑᾉΑ</strong></span> <span class='ocrx_word' id='word_1_240' title='bbox 1027 1876 1215 1895; x_wconf 67' lang='lat'><strong>--1___..</strong></span> <span class='ocrx_word' id='word_1_241' title='bbox 1250 1876 1330 1895; x_wconf 74' lang='grc' dir='ltr'><strong>--ι</strong></span> <span class='ocrx_word' id='word_1_242' title='bbox 1378 1873 1704 1895; x_wconf 68' lang='grc' dir='ltr'><strong>Π-----..ι---</strong></span> <span class='ocrx_word' id='word_1_243' title='bbox 1729 1889 1781 1895; x_wconf 52' lang='grc' dir='ltr'><strong>,Α</strong></span> <span class='ocrx_word' id='word_1_244' title='bbox 1818 1874 1877 1895; x_wconf 68' lang='grc'><strong>,1-</strong></span> <span class='ocrx_word' id='word_1_245' title='bbox 1905 1891 1958 1895; x_wconf 72' lang='lat'><strong>_-</strong></span> <span class='ocrx_word' id='word_1_246' title='bbox 2160 1875 2258 1895; x_wconf 39' lang='lat' dir='ltr'><strong>A‘IP,</strong></span> <span class='ocrx_word' id='word_1_247' title='bbox 2334 1879 2377 1895; x_wconf 60' lang='lat'><strong>_1</strong></span> <span class='ocrx_word' id='word_1_248' title='bbox 2426 1894 2433 1895; x_wconf 40' lang='grc' dir='ltr'><em>κ</em></span> <span class='ocrx_word' id='word_1_249' title='bbox 2458 1893 2476 1895; x_wconf 44' lang='grc' dir='ltr'>μ</span> <span class='ocrx_word' id='word_1_250' title='bbox 2521 1876 2598 1895; x_wconf 55' lang='grc' dir='ltr'><strong>-ηῗ</strong></span> <span class='ocrx_word' id='word_1_251' title='bbox 2645 1881 2654 1895; x_wconf 85' lang='grc' dir='ltr'><strong>ι</strong></span> <span class='ocrx_word' id='word_1_252' title='bbox 2678 1876 2763 1895; x_wconf 39' lang='lat' dir='ltr'><strong>,I&#39;,</strong></span> <span class='ocrx_word' id='word_1_253' title='bbox 2811 1877 2911 1895; x_wconf 41' lang='lat'><strong>&quot;&#39;1&#39;.</strong></span> <span class='ocrx_word' id='word_1_254' title='bbox 2988 1878 3027 1895; x_wconf 39' lang='grc' dir='ltr'>κι</span> <span class='ocrx_word' id='word_1_255' title='bbox 3082 1877 3126 1895; x_wconf 74' lang='grc' dir='ltr'>τῖ</span> <span class='ocrx_word' id='word_1_256' title='bbox 3162 1878 3175 1895; x_wconf 83' lang='grc'><strong>1</strong></span> <span class='ocrx_word' id='word_1_257' title='bbox 3214 1894 3223 1895; x_wconf 39' lang='grc' dir='ltr'><em>κ</em></span> 
     </span>
    </p>
   </div>
   <div class='ocr_carea' id='block_1_31' title="bbox 307 1873 1966 1935">
    <p class='ocr_par' dir='ltr' id='par_1_31' title="bbox 307 1873 1966 1935">
     <span class='ocr_line' id='line_1_32' title="bbox 307 1873 1966 1935; baseline -0.002 -2"><span class='ocrx_word' id='word_1_258' title='bbox 307 1875 380 1933; x_wconf 90' lang='lat' dir='ltr'><strong>de</strong></span> <span class='ocrx_word' id='word_1_259' title='bbox 409 1890 744 1935; x_wconf 75' lang='lat' dir='ltr'><strong>successore</strong></span> <span class='ocrx_word' id='word_1_260' title='bbox 766 1873 1003 1930; x_wconf 87' lang='lat' dir='ltr'><strong>tandem</strong></span> <span class='ocrx_word' id='word_1_261' title='bbox 1024 1876 1221 1930; x_wconf 89' lang='lat' dir='ltr'><strong>actum</strong></span> <span class='ocrx_word' id='word_1_262' title='bbox 1244 1876 1354 1930; x_wconf 88' lang='lat' dir='ltr'><strong>est.</strong></span> <span class='ocrx_word' id='word_1_263' title='bbox 1377 1873 1707 1929; x_wconf 83' lang='lat' dir='ltr'><strong>Conventus</strong></span> <span class='ocrx_word' id='word_1_264' title='bbox 1724 1889 1790 1929; x_wconf 90' lang='lat' dir='ltr'><strong>ea</strong></span> <span class='ocrx_word' id='word_1_265' title='bbox 1813 1874 1883 1929; x_wconf 90' lang='lat' dir='ltr'><strong>de</strong></span> <span class='ocrx_word' id='word_1_266' title='bbox 1905 1891 1966 1930; x_wconf 92' lang='lat' dir='ltr'><strong>re</strong></span> 
     </span>
    </p>
   </div>
   <div class='ocr_carea' id='block_1_32' title="bbox 306 1962 1966 2038">
    <p class='ocr_par' dir='ltr' id='par_1_32' title="bbox 306 1962 1966 2038">
     <span class='ocr_line' id='line_1_33' title="bbox 306 1962 1966 2038; baseline -0.003 -15"><span class='ocrx_word' id='word_1_267' title='bbox 306 1964 463 2038; x_wconf 75' lang='lat' dir='ltr'><strong>apud</strong></span> <span class='ocrx_word' id='word_1_268' title='bbox 494 1963 867 2020; x_wconf 87' lang='lat' dir='ltr'><strong>Terracinam</strong></span> <span class='ocrx_word' id='word_1_269' title='bbox 881 1962 1212 2034; x_wconf 67' lang='lat' dir='ltr'><strong>Campanis:</strong></span> <span class='ocrx_word' id='word_1_270' title='bbox 1229 1963 1503 2018; x_wconf 72' lang='lat' dir='ltr'><strong>Romanis</strong></span> <span class='ocrx_word' id='word_1_271' title='bbox 1530 1963 1966 2029; x_wconf 89' lang='lat' dir='ltr'><strong>urbem,mense</strong></span> 
     </span>
    </p>
   </div>
   <div class='ocr_carea' id='block_1_33' title="bbox 305 2051 1961 2123">
    <p class='ocr_par' dir='ltr' id='par_1_33' title="bbox 305 2051 1961 2123">
     <span class='ocr_line' id='line_1_34' title="bbox 305 2051 1961 2123; baseline -0.004 -10"><span class='ocrx_word' id='word_1_272' title='bbox 305 2053 535 2120; x_wconf 85' lang='lat' dir='ltr'><strong>Martio,</strong></span> <span class='ocrx_word' id='word_1_273' title='bbox 571 2069 726 2111; x_wconf 87' lang='lat' dir='ltr'><strong>anno</strong></span> <span class='ocrx_word' id='word_1_274' title='bbox 762 2051 1164 2118; x_wconf 88' lang='lat' dir='ltr'><strong>l088,habitus</strong></span> <span class='ocrx_word' id='word_1_275' title='bbox 1181 2051 1357 2116; x_wconf 85' lang='lat' dir='ltr'><strong>est,in</strong></span> <span class='ocrx_word' id='word_1_276' title='bbox 1381 2068 1498 2123; x_wconf 89' lang='lat' dir='ltr'><strong>quo</strong></span> <span class='ocrx_word' id='word_1_277' title='bbox 1530 2051 1961 2108; x_wconf 87' lang='lat' dir='ltr'><strong>Catholicorum</strong></span> 
     </span>
    </p>
   </div>
   <div class='ocr_carea' id='block_1_34' title="bbox 305 2139 1961 2212">
    <p class='ocr_par' dir='ltr' id='par_1_34' title="bbox 305 2139 1961 2212">
     <span class='ocr_line' id='line_1_35' title="bbox 305 2139 1961 2212; baseline -0.002 -11"><span class='ocrx_word' id='word_1_278' title='bbox 305 2142 571 2203; x_wconf 84' lang='lat' dir='ltr'><strong>omnium</strong></span> <span class='ocrx_word' id='word_1_279' title='bbox 597 2140 866 2199; x_wconf 86' lang='lat' dir='ltr'><strong>unanimi</strong></span> <span class='ocrx_word' id='word_1_280' title='bbox 896 2157 1187 2199; x_wconf 81' lang='lat' dir='ltr'><strong>consensu</strong></span> <span class='ocrx_word' id='word_1_281' title='bbox 1218 2139 1399 2197; x_wconf 86' lang='lat' dir='ltr'><strong>simul</strong></span> <span class='ocrx_word' id='word_1_282' title='bbox 1426 2145 1482 2196; x_wconf 89' lang='lat' dir='ltr'><strong>et</strong></span> <span class='ocrx_word' id='word_1_283' title='bbox 1512 2140 1797 2212; x_wconf 87' lang='lat' dir='ltr'><strong>applausu</strong></span> <span class='ocrx_word' id='word_1_284' title='bbox 1838 2140 1961 2197; x_wconf 80' lang='lat' dir='ltr'><strong>Odo</strong></span> 
     </span>
    </p>
   </div>
   <div class='ocr_carea' id='block_1_35' title="bbox 304 2229 1962 2305">
    <p class='ocr_par' dir='ltr' id='par_1_35' title="bbox 304 2229 1962 2305">
     <span class='ocr_line' id='line_1_36' title="bbox 304 2229 1962 2305; baseline -0.001 -17"><span class='ocrx_word' id='word_1_285' title='bbox 304 2232 613 2305; x_wconf 88' lang='lat' dir='ltr'><strong>episcopus</strong></span> <span class='ocrx_word' id='word_1_286' title='bbox 642 2230 928 2288; x_wconf 88' lang='lat' dir='ltr'><strong>Ostiensis</strong></span> <span class='ocrx_word' id='word_1_287' title='bbox 957 2230 1256 2286; x_wconf 84' lang='lat' dir='ltr'><strong>Romanus</strong></span> <span class='ocrx_word' id='word_1_288' title='bbox 1287 2229 1545 2302; x_wconf 83' lang='lat' dir='ltr'><strong>pontifex</strong></span> <span class='ocrx_word' id='word_1_289' title='bbox 1590 2230 1962 2286; x_wconf 87' lang='lat' dir='ltr'><strong>renuntiatus</strong></span> 
     </span>
    </p>
   </div>
   <div class='ocr_carea' id='block_1_36' title="bbox 304 2318 1961 2385">
    <p class='ocr_par' dir='ltr' id='par_1_36' title="bbox 304 2318 1961 2385">
     <span class='ocr_line' id='line_1_37' title="bbox 304 2318 1961 2385; baseline -0.001 -9"><span class='ocrx_word' id='word_1_290' title='bbox 304 2320 416 2381; x_wconf 82' lang='lat' dir='ltr'><strong>fuit</strong></span> <span class='ocrx_word' id='word_1_291' title='bbox 444 2321 557 2381; x_wconf 85' lang='lat' dir='ltr'><strong>sub</strong></span> <span class='ocrx_word' id='word_1_292' title='bbox 588 2321 794 2385; x_wconf 88' lang='lat' dir='ltr'><strong>Urbani</strong></span> <span class='ocrx_word' id='word_1_293' title='bbox 812 2322 863 2376; x_wconf 92' lang='lat' dir='ltr'><strong><em>II</em></strong></span> <span class='ocrx_word' id='word_1_294' title='bbox 891 2318 1151 2375; x_wconf 86' lang='lat' dir='ltr'><strong>nomine.</strong></span> <span class='ocrx_word' id='word_1_295' title='bbox 1186 2319 1366 2375; x_wconf 82' lang='lat' dir='ltr'><strong>Nemo</strong></span> <span class='ocrx_word' id='word_1_296' title='bbox 1398 2322 1595 2375; x_wconf 87' lang='lat' dir='ltr'><strong>autem</strong></span> <span class='ocrx_word' id='word_1_297' title='bbox 1618 2335 1733 2374; x_wconf 91' lang='lat' dir='ltr'><strong>non</strong></span> <span class='ocrx_word' id='word_1_298' title='bbox 1763 2318 1961 2375; x_wconf 88' lang='lat' dir='ltr'><strong>lauda-</strong></span> 
     </span>
    </p>
   </div>
   <div class='ocr_carea' id='block_1_37' title="bbox 301 2407 1959 2483">
    <p class='ocr_par' dir='ltr' id='par_1_37' title="bbox 301 2407 1959 2483">
     <span class='ocr_line' id='line_1_38' title="bbox 301 2407 1959 2483; baseline -0.003 -14"><span class='ocrx_word' id='word_1_299' title='bbox 301 2410 385 2469; x_wconf 74' lang='lat' dir='ltr'><strong>vit</strong></span> <span class='ocrx_word' id='word_1_300' title='bbox 415 2409 571 2483; x_wconf 88' lang='lat' dir='ltr'><strong>quod</strong></span> <span class='ocrx_word' id='word_1_301' title='bbox 601 2408 819 2466; x_wconf 86' lang='lat' dir='ltr'><strong>Odonis</strong></span> <span class='ocrx_word' id='word_1_302' title='bbox 839 2408 1072 2482; x_wconf 84' lang='lat' dir='ltr'><strong>generis</strong></span> <span class='ocrx_word' id='word_1_303' title='bbox 1096 2407 1396 2477; x_wconf 85' lang='lat' dir='ltr'><strong>nobilitas,</strong></span> <span class='ocrx_word' id='word_1_304' title='bbox 1421 2407 1604 2464; x_wconf 88' lang='lat' dir='ltr'><strong>animi</strong></span> <span class='ocrx_word' id='word_1_305' title='bbox 1624 2412 1959 2464; x_wconf 85' lang='lat' dir='ltr'><strong>mansuetu-</strong></span> 
     </span>
    </p>
   </div>
   <div class='ocr_carea' id='block_1_38' title="bbox 303 2495 1956 2565">
    <p class='ocr_par' dir='ltr' id='par_1_38' title="bbox 303 2495 1956 2565">
     <span class='ocr_line' id='line_1_39' title="bbox 303 2495 1956 2565; baseline -0.001 -10"><span class='ocrx_word' id='word_1_306' title='bbox 303 2497 400 2565; x_wconf 89' lang='lat' dir='ltr'><strong>do,</strong></span> <span class='ocrx_word' id='word_1_307' title='bbox 433 2497 694 2555; x_wconf 85' lang='lat' dir='ltr'><strong>suavitas</strong></span> <span class='ocrx_word' id='word_1_308' title='bbox 725 2513 977 2563; x_wconf 89' lang='lat' dir='ltr'><strong>morum,</strong></span> <span class='ocrx_word' id='word_1_309' title='bbox 1011 2497 1141 2552; x_wconf 68' lang='lat' dir='ltr'><strong>vitae</strong></span> <span class='ocrx_word' id='word_1_310' title='bbox 1176 2496 1528 2563; x_wconf 87' lang='lat' dir='ltr'><strong>innocentia,</strong></span> <span class='ocrx_word' id='word_1_311' title='bbox 1553 2497 1613 2551; x_wconf 89' lang='lat' dir='ltr'><strong>in</strong></span> <span class='ocrx_word' id='word_1_312' title='bbox 1636 2495 1956 2553; x_wconf 86' lang='lat' dir='ltr'><strong>tractandis</strong></span> 
     </span>
    </p>
   </div>
   <div class='ocr_carea' id='block_1_39' title="bbox 303 2584 1957 2659">
    <p class='ocr_par' dir='ltr' id='par_1_39' title="bbox 303 2584 1957 2659">
     <span class='ocr_line' id='line_1_40' title="bbox 303 2584 1957 2659; baseline -0.003 -13"><span class='ocrx_word' id='word_1_313' title='bbox 303 2586 551 2659; x_wconf 84' lang='lat' dir='ltr'><strong>negotiis</strong></span> <span class='ocrx_word' id='word_1_314' title='bbox 584 2586 891 2657; x_wconf 87' lang='lat' dir='ltr'><strong>prudentia</strong></span> <span class='ocrx_word' id='word_1_315' title='bbox 916 2589 970 2640; x_wconf 87' lang='lat' dir='ltr'><strong>et</strong></span> <span class='ocrx_word' id='word_1_316' title='bbox 1001 2585 1338 2654; x_wconf 85' lang='lat' dir='ltr'><strong>dexteritas,</strong></span> <span class='ocrx_word' id='word_1_317' title='bbox 1390 2586 1451 2640; x_wconf 91' lang='lat' dir='ltr'><strong>in</strong></span> <span class='ocrx_word' id='word_1_318' title='bbox 1488 2584 1747 2641; x_wconf 87' lang='lat' dir='ltr'><strong>adversis</strong></span> <span class='ocrx_word' id='word_1_319' title='bbox 1790 2601 1957 2641; x_wconf 87' lang='lat' dir='ltr'><strong>cons-</strong></span> 
     </span>
    </p>
   </div>
   <div class='ocr_carea' id='block_1_40' title="bbox 302 2671 1951 2746">
    <p class='ocr_par' dir='ltr' id='par_1_40' title="bbox 302 2671 1951 2746">
     <span class='ocr_line' id='line_1_41' title="bbox 302 2671 1951 2746; baseline -0.001 -16"><span class='ocrx_word' id='word_1_320' title='bbox 302 2673 519 2743; x_wconf 74' lang='lat' dir='ltr'><strong>stantia</strong></span> <span class='ocrx_word' id='word_1_321' title='bbox 546 2672 981 2746; x_wconf 88' lang='lat' dir='ltr'><strong>insuperabilis,</strong></span> <span class='ocrx_word' id='word_1_322' title='bbox 1014 2671 1258 2744; x_wconf 71' lang='lat' dir='ltr'><strong>aliazque</strong></span> <span class='ocrx_word' id='word_1_323' title='bbox 1292 2673 1555 2739; x_wconf 86' lang='lat' dir='ltr'><strong>virtutes,</strong></span> <span class='ocrx_word' id='word_1_324' title='bbox 1589 2689 1717 2744; x_wconf 71' lang='lat' dir='ltr'><strong>quas</strong></span> <span class='ocrx_word' id='word_1_325' title='bbox 1770 2674 1951 2728; x_wconf 87' lang='lat' dir='ltr'><strong>maxi-</strong></span> 
     </span>
    </p>
   </div>
   <div class='ocr_carea' id='block_1_41' title="bbox 302 2759 1951 2850">
    <p class='ocr_par' dir='ltr' id='par_1_41' title="bbox 302 2759 1951 2850">
     <span class='ocr_line' id='line_1_42' title="bbox 302 2759 1951 2850; baseline 0 0"><span class='ocrx_word' id='word_1_326' title='bbox 302 2778 471 2850; x_wconf 53' lang='lat' dir='ltr'><strong>mum.</strong></span> <span class='ocrx_word' id='word_1_327' title='bbox 489 2760 826 2850; x_wconf 56' lang='grc' dir='ltr'><strong>ριξηιίβεθω</strong></span> <span class='ocrx_word' id='word_1_328' title='bbox 847 2759 1769 2850; x_wconf 47' lang='lat' dir='ltr'><strong>decentzamsébssssssuaste-</strong></span> <span class='ocrx_word' id='word_1_329' title='bbox 1788 2761 1951 2850; x_wconf 71' lang='grc' dir='ltr'><strong>,Ευαξ</strong></span> 
     </span>
    </p>
   </div>
   <div class='ocr_carea' id='block_1_42' title="bbox 2146 1875 3731 1950">
    <p class='ocr_par' dir='ltr' id='par_1_42' title="bbox 2146 1875 3731 1950">
     <span class='ocr_line' id='line_1_43' title="bbox 2146 1875 3731 1950; baseline 0.001 -19"><span class='ocrx_word' id='word_1_330' title='bbox 2146 1875 2385 1950; x_wconf 87' lang='lat' dir='ltr'><strong>Aliquot</strong></span> <span class='ocrx_word' id='word_1_331' title='bbox 2413 1893 2480 1933; x_wconf 80' lang='lat' dir='ltr'><strong>ex</strong></span> <span class='ocrx_word' id='word_1_332' title='bbox 2510 1876 2778 1949; x_wconf 87' lang='lat' dir='ltr'><strong>epistolis</strong></span> <span class='ocrx_word' id='word_1_333' title='bbox 2807 1877 2948 1946; x_wconf 86' lang='lat' dir='ltr'><strong>illis,</strong></span> <span class='ocrx_word' id='word_1_334' title='bbox 2977 1878 3050 1937; x_wconf 84' lang='lat' dir='ltr'><strong>ab</strong></span> <span class='ocrx_word' id='word_1_335' title='bbox 3082 1877 3315 1936; x_wconf 87' lang='lat' dir='ltr'><strong>Urbano</strong></span> <span class='ocrx_word' id='word_1_336' title='bbox 3364 1876 3565 1947; x_wconf 76' lang='lat' dir='ltr'><strong>statim</strong></span> <span class='ocrx_word' id='word_1_337' title='bbox 3596 1878 3731 1950; x_wconf 82' lang='lat' dir='ltr'><strong>post</strong></span> 
     </span>
    </p>
   </div>
   <div class='ocr_carea' id='block_1_43' title="bbox 2073 1963 3728 2039">
    <p class='ocr_par' dir='ltr' id='par_1_43' title="bbox 2073 1963 3728 2039">
     <span class='ocr_line' id='line_1_44' title="bbox 2073 1963 3728 2039; baseline 0.002 -19"><span class='ocrx_word' id='word_1_338' title='bbox 2073 1980 2242 2025; x_wconf 88' lang='lat' dir='ltr'><strong>suam</strong></span> <span class='ocrx_word' id='word_1_339' title='bbox 2274 1964 2616 2022; x_wconf 88' lang='lat' dir='ltr'><strong>electionem</strong></span> <span class='ocrx_word' id='word_1_340' title='bbox 2651 1964 2909 2037; x_wconf 85' lang='lat' dir='ltr'><strong>scriptis,</strong></span> <span class='ocrx_word' id='word_1_341' title='bbox 2943 1965 3416 2039; x_wconf 88' lang='lat' dir='ltr'><strong>supersunt.Una</strong></span> <span class='ocrx_word' id='word_1_342' title='bbox 3443 1963 3728 2037; x_wconf 79' lang='lat' dir='ltr'><strong>inscripta</strong></span> 
     </span>
    </p>
   </div>
   <div class='ocr_carea' id='block_1_44' title="bbox 2069 2052 3730 2127">
    <p class='ocr_par' dir='ltr' id='par_1_44' title="bbox 2069 2052 3730 2127">
     <span class='ocr_line' id='line_1_45' title="bbox 2069 2052 3730 2127; baseline -0.001 -16"><span class='ocrx_word' id='word_1_343' title='bbox 2069 2058 2160 2111; x_wconf 87' lang='lat' dir='ltr'><strong>est</strong></span> <span class='ocrx_word' id='word_1_344' title='bbox 2189 2052 2593 2127; x_wconf 87' lang='lat' dir='ltr'><strong>Saliburgensi</strong></span> <span class='ocrx_word' id='word_1_345' title='bbox 2626 2053 3094 2127; x_wconf 79' lang='lat' dir='ltr'><strong>metropolitano,</strong></span> <span class='ocrx_word' id='word_1_346' title='bbox 3124 2053 3374 2126; x_wconf 87' lang='lat' dir='ltr'><strong>aliisque</strong></span> <span class='ocrx_word' id='word_1_347' title='bbox 3404 2053 3730 2123; x_wconf 63' lang='lat' dir='ltr'><strong>Germania</strong></span> 
     </span>
    </p>
   </div>
   <div class='ocr_carea' id='block_1_45' title="bbox 2070 2139 3729 2215">
    <p class='ocr_par' dir='ltr' id='par_1_45' title="bbox 2070 2139 3729 2215">
     <span class='ocr_line' id='line_1_46' title="bbox 2070 2139 3729 2215; baseline -0.001 -17"><span class='ocrx_word' id='word_1_348' title='bbox 2070 2142 2365 2215; x_wconf 76' lang='lat' dir='ltr'><strong>episOOpis</strong></span> <span class='ocrx_word' id='word_1_349' title='bbox 2396 2142 2884 2215; x_wconf 85' lang='lat' dir='ltr'><strong>catholicis,quod</strong></span> <span class='ocrx_word' id='word_1_350' title='bbox 2915 2144 2987 2198; x_wconf 89' lang='lat' dir='ltr'><strong>ad</strong></span> <span class='ocrx_word' id='word_1_351' title='bbox 3018 2139 3509 2214; x_wconf 75' lang='lat' dir='ltr'><strong>perseverantiam</strong></span> <span class='ocrx_word' id='word_1_352' title='bbox 3541 2139 3601 2197; x_wconf 84' lang='lat' dir='ltr'><strong>in</strong></span> <span class='ocrx_word' id='word_1_353' title='bbox 3629 2141 3729 2205; x_wconf 47' lang='lat' dir='ltr'><strong>Ec:</strong></span> 
     </span>
    </p>
   </div>
   <div class='ocr_carea' id='block_1_46' title="bbox 2072 2228 3729 2301">
    <p class='ocr_par' dir='ltr' id='par_1_46' title="bbox 2072 2228 3729 2301">
     <span class='ocr_line' id='line_1_47' title="bbox 2072 2228 3729 2301; baseline -0.001 -13"><span class='ocrx_word' id='word_1_354' title='bbox 2072 2230 2262 2290; x_wconf 83' lang='lat' dir='ltr'><strong>olesiae</strong></span> <span class='ocrx_word' id='word_1_355' title='bbox 2313 2230 2613 2288; x_wconf 71' lang='lat' dir='ltr'><strong>catholicas</strong></span> <span class='ocrx_word' id='word_1_356' title='bbox 2662 2230 2993 2286; x_wconf 88' lang='lat' dir='ltr'><strong>obedientia</strong></span> <span class='ocrx_word' id='word_1_357' title='bbox 3042 2228 3266 2301; x_wconf 88' lang='lat' dir='ltr'><strong>paucis,</strong></span> <span class='ocrx_word' id='word_1_358' title='bbox 3317 2228 3419 2285; x_wconf 83' lang='lat' dir='ltr'><strong>sed</strong></span> <span class='ocrx_word' id='word_1_359' title='bbox 3467 2229 3729 2293; x_wconf 80' lang='lat' dir='ltr'><strong>maxime</strong></span> 
     </span>
    </p>
   </div>
   <div class='ocr_carea' id='block_1_47' title="bbox 2073 2316 3724 2389">
    <p class='ocr_par' dir='ltr' id='par_1_47' title="bbox 2073 2316 3724 2389">
     <span class='ocr_line' id='line_1_48' title="bbox 2073 2316 3724 2389; baseline -0.001 -12"><span class='ocrx_word' id='word_1_360' title='bbox 2073 2319 2433 2385; x_wconf 77' lang='lat' dir='ltr'><strong>efficacibus,</strong></span> <span class='ocrx_word' id='word_1_361' title='bbox 2462 2318 2661 2375; x_wconf 86' lang='lat' dir='ltr'><strong>verbis</strong></span> <span class='ocrx_word' id='word_1_362' title='bbox 2688 2317 3052 2375; x_wconf 84' lang='lat' dir='ltr'><strong>adhortatur.</strong></span> <span class='ocrx_word' id='word_1_363' title='bbox 3082 2316 3341 2381; x_wconf 82' lang='lat' dir='ltr'><strong>Alteram</strong></span> <span class='ocrx_word' id='word_1_364' title='bbox 3382 2316 3622 2389; x_wconf 78' lang='lat' dir='ltr'><strong>scripsit</strong></span> <span class='ocrx_word' id='word_1_365' title='bbox 3652 2318 3724 2375; x_wconf 85' lang='lat' dir='ltr'><strong>ad</strong></span> 
     </span>
    </p>
   </div>
   <div class='ocr_carea' id='block_1_48' title="bbox 2065 2405 3724 2481">
    <p class='ocr_par' dir='ltr' id='par_1_48' title="bbox 2065 2405 3724 2481">
     <span class='ocr_line' id='line_1_49' title="bbox 2065 2405 3724 2481; baseline -0.001 -16"><span class='ocrx_word' id='word_1_366' title='bbox 2065 2409 2367 2481; x_wconf 87' lang='lat' dir='ltr'><strong>episcopos</strong></span> <span class='ocrx_word' id='word_1_367' title='bbox 2398 2406 2749 2463; x_wconf 87' lang='lat' dir='ltr'><strong>Viennensis</strong></span> <span class='ocrx_word' id='word_1_368' title='bbox 2783 2406 2845 2462; x_wconf 92' lang='lat' dir='ltr'><strong>in</strong></span> <span class='ocrx_word' id='word_1_369' title='bbox 2875 2405 3064 2463; x_wconf 89' lang='lat' dir='ltr'><strong>Gallia</strong></span> <span class='ocrx_word' id='word_1_370' title='bbox 3113 2405 3444 2478; x_wconf 73' lang='lat' dir='ltr'><strong>provincias,</strong></span> <span class='ocrx_word' id='word_1_371' title='bbox 3477 2406 3535 2462; x_wconf 90' lang='lat' dir='ltr'><strong>in</strong></span> <span class='ocrx_word' id='word_1_372' title='bbox 3584 2423 3724 2480; x_wconf 85' lang='lat' dir='ltr'><strong>qua,</strong></span> 
     </span>
    </p>
   </div>
   <div class='ocr_carea' id='block_1_49' title="bbox 2063 2494 3723 2569">
    <p class='ocr_par' dir='ltr' id='par_1_49' title="bbox 2063 2494 3723 2569">
     <span class='ocr_line' id='line_1_50' title="bbox 2063 2494 3723 2569; baseline -0.001 -16"><span class='ocrx_word' id='word_1_373' title='bbox 2063 2499 2197 2569; x_wconf 87' lang='lat' dir='ltr'><strong>post</strong></span> <span class='ocrx_word' id='word_1_374' title='bbox 2224 2494 2614 2569; x_wconf 82' lang='lat' dir='ltr'><strong>signiﬁcatam</strong></span> <span class='ocrx_word' id='word_1_375' title='bbox 2647 2494 2729 2551; x_wconf 89' lang='lat' dir='ltr'><strong>eis</strong></span> <span class='ocrx_word' id='word_1_376' title='bbox 2762 2511 2935 2551; x_wconf 87' lang='lat' dir='ltr'><strong>suam</strong></span> <span class='ocrx_word' id='word_1_377' title='bbox 2967 2494 3335 2561; x_wconf 81' lang='lat' dir='ltr'><strong>electionem,</strong></span> <span class='ocrx_word' id='word_1_378' title='bbox 3357 2494 3492 2551; x_wconf 87' lang='lat' dir='ltr'><strong>illos</strong></span> <span class='ocrx_word' id='word_1_379' title='bbox 3521 2498 3723 2551; x_wconf 88' lang='lat' dir='ltr'><strong>monet</strong></span> 
     </span>
    </p>
   </div>
   <div class='ocr_carea' id='block_1_50' title="bbox 2062 2582 3722 2657">
    <p class='ocr_par' dir='ltr' id='par_1_50' title="bbox 2062 2582 3722 2657">
     <span class='ocr_line' id='line_1_51' title="bbox 2062 2582 3722 2657; baseline -0.001 -15"><span class='ocrx_word' id='word_1_380' title='bbox 2062 2588 2128 2642; x_wconf 84' lang='lat' dir='ltr'><strong>ut</strong></span> <span class='ocrx_word' id='word_1_381' title='bbox 2156 2602 2275 2643; x_wconf 57' lang='lat' dir='ltr'><strong>suae</strong></span> <span class='ocrx_word' id='word_1_382' title='bbox 2308 2582 2613 2657; x_wconf 87' lang='lat' dir='ltr'><strong>metropoli</strong></span> <span class='ocrx_word' id='word_1_383' title='bbox 2644 2588 3154 2657; x_wconf 80' lang='lat' dir='ltr'><strong>succurrant,quae</strong></span> <span class='ocrx_word' id='word_1_384' title='bbox 3184 2584 3257 2642; x_wconf 90' lang='lat' dir='ltr'><strong>ob</strong></span> <span class='ocrx_word' id='word_1_385' title='bbox 3278 2585 3722 2644; x_wconf 80' lang='lat' dir='ltr'><strong>diuturnamse-</strong></span> 
     </span>
    </p>
   </div>
   <div class='ocr_carea' id='block_1_51' title="bbox 2060 2672 3719 2748">
    <p class='ocr_par' dir='ltr' id='par_1_51' title="bbox 2060 2672 3719 2748">
     <span class='ocr_line' id='line_1_52' title="bbox 2060 2672 3719 2748; baseline -0.001 -17"><span class='ocrx_word' id='word_1_386' title='bbox 2060 2672 2152 2731; x_wconf 86' lang='lat' dir='ltr'><strong>dis</strong></span> <span class='ocrx_word' id='word_1_387' title='bbox 2181 2672 2540 2731; x_wconf 88' lang='lat' dir='ltr'><strong>vacationem</strong></span> <span class='ocrx_word' id='word_1_388' title='bbox 2564 2674 2834 2745; x_wconf 85' lang='lat' dir='ltr'><strong>jacturas</strong></span> <span class='ocrx_word' id='word_1_389' title='bbox 2873 2688 3081 2746; x_wconf 80' lang='lat' dir='ltr'><strong>graves</strong></span> <span class='ocrx_word' id='word_1_390' title='bbox 3124 2673 3474 2748; x_wconf 84' lang='lat' dir='ltr'><strong>patiebatur.</strong></span> <span class='ocrx_word' id='word_1_391' title='bbox 3503 2673 3719 2741; x_wconf 74' lang='lat' dir='ltr'><strong>Eadem</strong></span> 
     </span>
    </p>
   </div>
   <div class='ocr_carea' id='block_1_52' title="bbox 2059 2761 3716 2834">
    <p class='ocr_par' dir='ltr' id='par_1_52' title="bbox 2059 2761 3716 2834">
     <span class='ocr_line' id='line_1_53' title="bbox 2059 2761 3716 2834; baseline 0.001 -17"><span class='ocrx_word' id='word_1_392' title='bbox 2059 2762 2713 2834; x_wconf 87' lang='lat' dir='ltr'><strong>o.ccasione,eodemque</strong></span> <span class='ocrx_word' id='word_1_393' title='bbox 2733 2762 3285 2834; x_wconf 83' lang='lat' dir='ltr'><strong>tempore,pontit‘ex</strong></span> <span class='ocrx_word' id='word_1_394' title='bbox 3314 2761 3387 2823; x_wconf 75' lang='lat' dir='ltr'><strong>ad</strong></span> <span class='ocrx_word' id='word_1_395' title='bbox 3408 2762 3716 2834; x_wconf 81' lang='lat' dir='ltr'><strong>Hugonem</strong></span> 
     </span>
    </p>
   </div>
   <div class='ocr_carea' id='block_1_53' title="bbox 301 2835 1958 2939">
    <p class='ocr_par' dir='ltr' id='par_1_53' title="bbox 301 2835 1955 2939">
     <span class='ocr_line' id='line_1_54' title="bbox 301 2835 1955 2939; baseline -0.002 -30"><span class='ocrx_word' id='word_1_396' title='bbox 301 2847 601 2911; x_wconf 78' lang='lat' dir='ltr'><strong>nebulosis</strong></span> <span class='ocrx_word' id='word_1_397' title='bbox 649 2847 769 2904; x_wconf 91' lang='lat' dir='ltr'><strong>illis</strong></span> <span class='ocrx_word' id='word_1_398' title='bbox 814 2835 1203 2939; x_wconf 48' lang='lat' dir='ltr'><strong>temporibus:</strong></span> 
     </span>
    </p>
   </div>
   <div class='ocr_carea' id='block_1_54' title="bbox 2071 2835 3716 2939">
    <p class='ocr_par' dir='ltr' id='par_1_54' title="bbox 2071 2844 3716 2939">
     <span class='ocr_line' id='line_1_55' title="bbox 2071 2844 3716 2939; baseline -0.004 -30"><span class='ocrx_word' id='word_1_399' title='bbox 2071 2844 2334 2939; x_wconf 50' lang='grc' dir='ltr'><strong>ᾣῒξξῐθιιι</strong></span> <span class='ocrx_word' id='word_1_400' title='bbox 2365 2850 3015 2939; x_wconf 85' lang='lat' dir='ltr'><strong>Cluniacensem,snum</strong></span> <span class='ocrx_word' id='word_1_401' title='bbox 3031 2850 3172 2908; x_wconf 83' lang='lat' dir='ltr'><strong>olim</strong></span> <span class='ocrx_word' id='word_1_402' title='bbox 3187 2850 3246 2907; x_wconf 89' lang='lat' dir='ltr'><strong>in</strong></span> <span class='ocrx_word' id='word_1_403' title='bbox 3258 2849 3716 2939; x_wconf 75' lang='lat' dir='ltr'><strong>disciplinamc-</strong></span> 
     </span>
    </p>
   </div>
   <div class='ocr_carea' id='block_1_55' title="bbox 294 2924 3712 3012">
    <p class='ocr_par' dir='ltr' id='par_1_55' title="bbox 294 2924 3712 3012">
     <span class='ocr_line' id='line_1_56' title="bbox 294 2924 3712 3012; baseline -0 -17"><span class='ocrx_word' id='word_1_404' title='bbox 294 2939 601 3011; x_wconf 85' lang='lat' dir='ltr'><strong>principem</strong></span> <span class='ocrx_word' id='word_1_405' title='bbox 626 2944 816 2993; x_wconf 85' lang='lat' dir='ltr'><strong>contra</strong></span> <span class='ocrx_word' id='word_1_406' title='bbox 835 2924 1715 3009; x_wconf 53' lang='lat' dir='ltr'><strong>allophﬂlos&#39;dons&#39;titiiﬁt’rh&#39;nlissé</strong></span> <span class='ocrx_word' id='word_1_407' title='bbox 1733 2924 1951 2995; x_wconf 63' lang='lat' dir='ltr'><strong>scribit</strong></span> <span class='ocrx_word' id='word_1_408' title='bbox 1974 2933 1994 2979; x_wconf 70' lang='grc' dir='ltr'>ε</span> <span class='ocrx_word' id='word_1_409' title='bbox 2020 2924 2286 3003; x_wconf 65' lang='grc' dir='ltr'><strong>ειὲιιέάοο.</strong></span> <span class='ocrx_word' id='word_1_410' title='bbox 2309 2939 2681 3012; x_wconf 87' lang='lat' dir='ltr'><strong>magistrum,</strong></span> <span class='ocrx_word' id='word_1_411' title='bbox 2714 2938 2971 3012; x_wconf 88' lang='lat' dir='ltr'><strong>scripsit,</strong></span> <span class='ocrx_word' id='word_1_412' title='bbox 3006 2956 3125 3011; x_wconf 90' lang='lat' dir='ltr'><strong>qua</strong></span> <span class='ocrx_word' id='word_1_413' title='bbox 3147 2938 3340 2998; x_wconf 88' lang='lat' dir='ltr'><strong>verbis</strong></span> <span class='ocrx_word' id='word_1_414' title='bbox 3376 2924 3712 3005; x_wconf 81' lang='lat' dir='ltr'><strong>tenerrimis</strong></span> 
     </span>
    </p>
   </div>
   <div class='ocr_carea' id='block_1_56' title="bbox 299 3025 1958 3117">
    <p class='ocr_par' dir='ltr' id='par_1_56' title="bbox 299 3025 1952 3117">
     <span class='ocr_line' id='line_1_57' title="bbox 299 3025 1952 3117; baseline 0.001 -35"><span class='ocrx_word' id='word_1_415' title='bbox 299 3026 578 3087; x_wconf 84' lang='lat' dir='ltr'><strong>Odericus</strong></span> <span class='ocrx_word' id='word_1_416' title='bbox 624 3025 831 3081; x_wconf 87' lang='lat' dir='ltr'><strong>Vitalis</strong></span> <span class='ocrx_word' id='word_1_417' title='bbox 879 3025 1208 3117; x_wconf 56' lang='lat' dir='ltr'><strong>librp..v_gu,</strong></span> <span class='ocrx_word' id='word_1_418' title='bbox 1250 3027 1684 3117; x_wconf 51' lang='lat' dir='ltr'><strong>:cui.,pqm.inus</strong></span> <span class='ocrx_word' id='word_1_419' title='bbox 1730 3037 1952 3117; x_wconf 49' lang='lat' dir='ltr'><strong>ﬁtqu</strong></span> 
     </span>
    </p>
   </div>
   <div class='ocr_carea' id='block_1_57' title="bbox 2071 3025 3704 3117">
    <p class='ocr_par' dir='ltr' id='par_1_57' title="bbox 2071 3025 3704 3117">
     <span class='ocr_line' id='line_1_58' title="bbox 2071 3025 3704 3117; baseline 0 -33"><span class='ocrx_word' id='word_1_420' title='bbox 2071 3044 2193 3117; x_wconf 47' lang='lat' dir='ltr'><strong>tum</strong></span> <span class='ocrx_word' id='word_1_421' title='bbox 2223 3027 2589 3098; x_wconf 83' lang='lat' dir='ltr'><strong>adhortatur,</strong></span> <span class='ocrx_word' id='word_1_422' title='bbox 2624 3032 2690 3082; x_wconf 91' lang='lat' dir='ltr'><strong>ut</strong></span> <span class='ocrx_word' id='word_1_423' title='bbox 2720 3031 2938 3099; x_wconf 86' lang='lat' dir='ltr'><strong>quanto</strong></span> <span class='ocrx_word' id='word_1_424' title='bbox 2974 3027 3150 3084; x_wconf 88' lang='lat' dir='ltr'><strong>citius</strong></span> <span class='ocrx_word' id='word_1_425' title='bbox 3181 3027 3269 3085; x_wconf 83' lang='lat' dir='ltr'><strong>fas</strong></span> <span class='ocrx_word' id='word_1_426' title='bbox 3296 3026 3355 3084; x_wconf 72' lang='lat' dir='ltr'><strong>ei</strong></span> <span class='ocrx_word' id='word_1_427' title='bbox 3380 3025 3556 3085; x_wconf 77' lang='lat' dir='ltr'><strong>fuerit</strong></span> <span class='ocrx_word' id='word_1_428' title='bbox 3585 3027 3704 3084; x_wconf 85' lang='lat' dir='ltr'><strong>Ro-</strong></span> 
     </span>
    </p>
   </div>
   <div class='ocr_carea' id='block_1_58' title="bbox 299 3100 1967 3209">
    <p class='ocr_par' dir='ltr' id='par_1_58' title="bbox 299 3100 1967 3209">
     <span class='ocr_line' id='line_1_59' title="bbox 299 3100 1967 3209; baseline 0 -38"><span class='ocrx_word' id='word_1_429' title='bbox 299 3115 496 3209; x_wconf 28' lang='lat' dir='ltr'><strong>David-</strong></span> <span class='ocrx_word' id='word_1_430' title='bbox 520 3130 641 3179; x_wconf 81' lang='lat' dir='ltr'><strong>cum</strong></span> <span class='ocrx_word' id='word_1_431' title='bbox 692 3100 1399 3209; x_wconf 48' lang='lat' dir='ltr'><strong>Inopqut&#39;taﬁgis’._</strong></span> <span class='ocrx_word' id='word_1_432' title='bbox 1414 3100 1635 3209; x_wconf 47' lang='grc' dir='ltr'><strong>ξιίιῇἱξετζι</strong></span> <span class='ocrx_word' id='word_1_433' title='bbox 1656 3100 1967 3209; x_wconf 47' lang='grc' dir='ltr'><strong>ῖξώξῦιξξιξ</strong></span> 
     </span>
    </p>
   </div>
   <div class='ocr_carea' id='block_1_59' title="bbox 297 3186 1945 3277">
    <p class='ocr_par' dir='ltr' id='par_1_59' title="bbox 297 3186 1945 3277">
     <span class='ocr_line' id='line_1_60' title="bbox 297 3186 1945 3277; baseline 0.001 -19"><span class='ocrx_word' id='word_1_434' title='bbox 297 3205 671 3263; x_wconf 83' lang='lat' dir='ltr'><strong>committeret.</strong></span> <span class='ocrx_word' id='word_1_435' title='bbox 706 3203 856 3259; x_wconf 89' lang='lat' dir='ltr'><strong>Tum</strong></span> <span class='ocrx_word' id='word_1_436' title='bbox 879 3186 1573 3277; x_wconf 58' lang='lat' dir='ltr'><strong>B&#39;dm&#39;éii&#39;ieﬁrteéeiztst:</strong></span> <span class='ocrx_word' id='word_1_437' title='bbox 1590 3186 1829 3261; x_wconf 56' lang='grc' dir='ltr'><strong>Ηίσῖθνᾶι</strong></span> 
     </span>
    </p>
   </div>
   <div class='ocr_carea' id='block_1_60' title="bbox 298 3292 1952 3363">
    <p class='ocr_par' dir='ltr' id='par_1_60' title="bbox 298 3292 1952 3363">
     <span class='ocr_line' id='line_1_61' title="bbox 298 3292 1952 3363; baseline 0.001 -14"><span class='ocrx_word' id='word_1_438' title='bbox 298 3295 445 3353; x_wconf 80' lang='lat' dir='ltr'><strong>tione</strong></span> <span class='ocrx_word' id='word_1_439' title='bbox 473 3292 657 3349; x_wconf 82' lang='lat' dir='ltr'><strong>Gallus</strong></span> <span class='ocrx_word' id='word_1_440' title='bbox 684 3293 969 3349; x_wconf 82' lang='lat' dir='ltr'><strong>nobilitate</strong></span> <span class='ocrx_word' id='word_1_441' title='bbox 1015 3297 1067 3349; x_wconf 89' lang='lat' dir='ltr'><strong>et</strong></span> <span class='ocrx_word' id='word_1_442' title='bbox 1113 3294 1534 3351; x_wconf 82' lang='lat' dir='ltr'><strong>mansuetudine</strong></span> <span class='ocrx_word' id='word_1_443' title='bbox 1581 3296 1784 3363; x_wconf 88' lang='lat' dir='ltr'><strong>clarus,</strong></span> <span class='ocrx_word' id='word_1_444' title='bbox 1817 3295 1952 3351; x_wconf 83' lang='lat' dir='ltr'><strong>civis</strong></span> 
     </span>
    </p>
   </div>
   <div class='ocr_carea' id='block_1_61' title="bbox 302 3382 1950 3452">
    <p class='ocr_par' dir='ltr' id='par_1_61' title="bbox 302 3382 1950 3452">
     <span class='ocr_line' id='line_1_62' title="bbox 302 3382 1950 3452; baseline -0.002 -9"><span class='ocrx_word' id='word_1_445' title='bbox 302 3384 594 3451; x_wconf 80' lang='lat' dir='ltr'><strong>Remensis,</strong></span> <span class='ocrx_word' id='word_1_446' title='bbox 642 3382 939 3440; x_wconf 87' lang='lat' dir='ltr'><strong>monachus</strong></span> <span class='ocrx_word' id='word_1_447' title='bbox 986 3384 1384 3450; x_wconf 82' lang='lat' dir='ltr'><strong>Cluniacensis,</strong></span> <span class='ocrx_word' id='word_1_448' title='bbox 1434 3388 1598 3442; x_wconf 59' lang='lat' dir='ltr'><strong>celate</strong></span> <span class='ocrx_word' id='word_1_449' title='bbox 1641 3384 1950 3452; x_wconf 70' lang='lat' dir='ltr'><strong>mediocris,</strong></span> 
     </span>
    </p>
   </div>
   <div class='ocr_carea' id='block_1_62' title="bbox 297 3472 1951 3543">
    <p class='ocr_par' dir='ltr' id='par_1_62' title="bbox 297 3472 1951 3543">
     <span class='ocr_line' id='line_1_63' title="bbox 297 3472 1951 3543; baseline 0.002 -17"><span class='ocrx_word' id='word_1_450' title='bbox 297 3488 518 3543; x_wconf 88' lang='lat' dir='ltr'><strong>corpore</strong></span> <span class='ocrx_word' id='word_1_451' title='bbox 540 3488 792 3541; x_wconf 87' lang='lat' dir='ltr'><strong>magnus,</strong></span> <span class='ocrx_word' id='word_1_452' title='bbox 824 3472 1087 3527; x_wconf 65' lang='lat' dir='ltr'><strong>molestia</strong></span> <span class='ocrx_word' id='word_1_453' title='bbox 1133 3472 1424 3539; x_wconf 81' lang='lat' dir='ltr'><strong>discretus,</strong></span> <span class='ocrx_word' id='word_1_454' title='bbox 1466 3475 1736 3542; x_wconf 86' lang='lat' dir='ltr'><strong>religione</strong></span> <span class='ocrx_word' id='word_1_455' title='bbox 1769 3475 1951 3529; x_wconf 69' lang='lat' dir='ltr'><strong>maxi-</strong></span> 
     </span>
    </p>
   </div>
   <div class='ocr_carea' id='block_1_63' title="bbox 298 3560 1954 3631">
    <p class='ocr_par' dir='ltr' id='par_1_63' title="bbox 298 3560 1954 3631">
     <span class='ocr_line' id='line_1_64' title="bbox 298 3560 1954 3631; baseline 0.001 -15"><span class='ocrx_word' id='word_1_456' title='bbox 298 3576 441 3624; x_wconf 81' lang='lat' dir='ltr'><strong>mus,</strong></span> <span class='ocrx_word' id='word_1_457' title='bbox 466 3560 743 3631; x_wconf 83' lang='lat' dir='ltr'><strong>sapientia</strong></span> <span class='ocrx_word' id='word_1_458' title='bbox 770 3566 820 3614; x_wconf 91' lang='lat' dir='ltr'><strong>et</strong></span> <span class='ocrx_word' id='word_1_459' title='bbox 845 3560 1151 3631; x_wconf 84' lang='lat' dir='ltr'><strong>eloquentia</strong></span> <span class='ocrx_word' id='word_1_460' title='bbox 1184 3562 1517 3631; x_wconf 70' lang='lat' dir='ltr'><strong>prsecipuus.</strong></span> <span class='ocrx_word' id='word_1_461' title='bbox 1560 3560 1780 3618; x_wconf 84' lang='lat' dir='ltr'><strong>Urbani</strong></span> <span class='ocrx_word' id='word_1_462' title='bbox 1811 3561 1954 3617; x_wconf 86' lang='lat' dir='ltr'><strong>elec-</strong></span> 
     </span>
    </p>
   </div>
   <div class='ocr_carea' id='block_1_64' title="bbox 298 3646 1954 3720">
    <p class='ocr_par' dir='ltr' id='par_1_64' title="bbox 298 3646 1954 3720">
     <span class='ocr_line' id='line_1_65' title="bbox 298 3646 1954 3720; baseline 0 -17"><span class='ocrx_word' id='word_1_463' title='bbox 298 3648 519 3707; x_wconf 80' lang='lat' dir='ltr'><strong>tionem</strong></span> <span class='ocrx_word' id='word_1_464' title='bbox 548 3646 754 3703; x_wconf 88' lang='lat' dir='ltr'><strong>laudat</strong></span> <span class='ocrx_word' id='word_1_465' title='bbox 782 3663 1017 3719; x_wconf 90' lang='lat' dir='ltr'><strong>quoque</strong></span> <span class='ocrx_word' id='word_1_466' title='bbox 1047 3647 1346 3715; x_wconf 89' lang='lat' dir='ltr'><strong>Domnizo,</strong></span> <span class='ocrx_word' id='word_1_467' title='bbox 1377 3647 1478 3703; x_wconf 90' lang='lat' dir='ltr'><strong>lib.</strong></span> <span class='ocrx_word' id='word_1_468' title='bbox 1515 3665 1573 3716; x_wconf 83' lang='grc' dir='ltr'>ιι,</span> <span class='ocrx_word' id='word_1_469' title='bbox 1606 3664 1733 3720; x_wconf 90' lang='lat' dir='ltr'><strong>cap.</strong></span> <span class='ocrx_word' id='word_1_470' title='bbox 1768 3652 1824 3715; x_wconf 93' lang='lat'><strong>7,</strong></span> <span class='ocrx_word' id='word_1_471' title='bbox 1853 3648 1954 3705; x_wconf 88' lang='lat' dir='ltr'><strong>ubi</strong></span> 
     </span>
    </p>
   </div>
   <div class='ocr_carea' id='block_1_65' title="bbox 300 3734 1955 3811">
    <p class='ocr_par' dir='ltr' id='par_1_65' title="bbox 300 3734 1955 3811">
     <span class='ocr_line' id='line_1_66' title="bbox 300 3734 1955 3811; baseline 0.001 -20"><span class='ocrx_word' id='word_1_472' title='bbox 300 3752 437 3801; x_wconf 80' lang='lat' dir='ltr'><strong>eum</strong></span> <span class='ocrx_word' id='word_1_473' title='bbox 468 3736 542 3791; x_wconf 88' lang='lat' dir='ltr'><strong>ob</strong></span> <span class='ocrx_word' id='word_1_474' title='bbox 592 3734 988 3808; x_wconf 88' lang='lat' dir='ltr'><strong>eloquentiam</strong></span> <span class='ocrx_word' id='word_1_475' title='bbox 1010 3736 1283 3793; x_wconf 86' lang='lat' dir='ltr'><strong>rhetorem</strong></span> <span class='ocrx_word' id='word_1_476' title='bbox 1299 3734 1575 3811; x_wconf 88' lang='lat' dir='ltr'><strong>appellat,</strong></span> <span class='ocrx_word' id='word_1_477' title='bbox 1597 3735 1720 3807; x_wconf 92' lang='lat' dir='ltr'><strong>qui,</strong></span> <span class='ocrx_word' id='word_1_478' title='bbox 1743 3735 1955 3809; x_wconf 88' lang='lat' dir='ltr'><strong>inquit,</strong></span> 
     </span>
    </p>
   </div>
   <div class='ocr_carea' id='block_1_66' title="bbox 302 3824 1954 3896">
    <p class='ocr_par' dir='ltr' id='par_1_66' title="bbox 302 3824 1954 3896">
     <span class='ocr_line' id='line_1_67' title="bbox 302 3824 1954 3896; baseline 0.001 -15"><span class='ocrx_word' id='word_1_479' title='bbox 302 3834 359 3883; x_wconf 89' lang='lat' dir='ltr'><strong>ut</strong></span> <span class='ocrx_word' id='word_1_480' title='bbox 385 3826 641 3881; x_wconf 82' lang='lat' dir='ltr'><strong>Salomon</strong></span> <span class='ocrx_word' id='word_1_481' title='bbox 658 3824 889 3890; x_wconf 82' lang='lat' dir='ltr'><strong>dicebat,</strong></span> <span class='ocrx_word' id='word_1_482' title='bbox 922 3829 982 3880; x_wconf 90' lang='lat' dir='ltr'><strong>et</strong></span> <span class='ocrx_word' id='word_1_483' title='bbox 1005 3825 1319 3881; x_wconf 68' lang='lat' dir='ltr'><strong>consulebat</strong></span> <span class='ocrx_word' id='word_1_484' title='bbox 1347 3829 1404 3881; x_wconf 87' lang='lat' dir='ltr'><strong>ut</strong></span> <span class='ocrx_word' id='word_1_485' title='bbox 1425 3829 1611 3896; x_wconf 67' lang='lat' dir='ltr'><strong>Justus</strong></span> <span class='ocrx_word' id='word_1_486' title='bbox 1643 3826 1743 3880; x_wconf 88' lang='lat' dir='ltr'><strong>leo.</strong></span> <span class='ocrx_word' id='word_1_487' title='bbox 1776 3826 1954 3883; x_wconf 87' lang='lat' dir='ltr'><strong>Eum-</strong></span> 
     </span>
    </p>
   </div>
   <div class='ocr_carea' id='block_1_67' title="bbox 302 3914 1952 3986">
    <p class='ocr_par' dir='ltr' id='par_1_67' title="bbox 302 3914 1952 3986">
     <span class='ocr_line' id='line_1_68' title="bbox 302 3914 1952 3986; baseline -0.002 -11"><span class='ocrx_word' id='word_1_488' title='bbox 302 3915 433 3975; x_wconf 85' lang='lat' dir='ltr'><strong>dem</strong></span> <span class='ocrx_word' id='word_1_489' title='bbox 459 3914 705 3969; x_wconf 84' lang='lat' dir='ltr'><strong>doctrina</strong></span> <span class='ocrx_word' id='word_1_490' title='bbox 736 3923 787 3971; x_wconf 91' lang='lat' dir='ltr'><strong>et</strong></span> <span class='ocrx_word' id='word_1_491' title='bbox 812 3916 1129 3971; x_wconf 64' lang='lat' dir='ltr'><strong>sanctitate:</strong></span> <span class='ocrx_word' id='word_1_492' title='bbox 1152 3916 1274 3970; x_wconf 57' lang='lat' dir='ltr'><strong>vita</strong></span> <span class='ocrx_word' id='word_1_493' title='bbox 1304 3916 1491 3986; x_wconf 86' lang='lat' dir='ltr'><strong>quovis</strong></span> <span class='ocrx_word' id='word_1_494' title='bbox 1522 3914 1725 3984; x_wconf 82' lang='lat' dir='ltr'><strong>grandi</strong></span> <span class='ocrx_word' id='word_1_495' title='bbox 1752 3917 1952 3986; x_wconf 83' lang='lat' dir='ltr'><strong>magis-</strong></span> 
     </span>
    </p>
   </div>
   <div class='ocr_carea' id='block_1_68' title="bbox 300 4001 1493 4080">
    <p class='ocr_par' dir='ltr' id='par_1_68' title="bbox 300 4001 1493 4080">
     <span class='ocr_line' id='line_1_69' title="bbox 300 4001 1493 4080; baseline -0.003 -19"><span class='ocrx_word' id='word_1_496' title='bbox 300 4008 450 4061; x_wconf 84' lang='lat' dir='ltr'><strong>tratu</strong></span> <span class='ocrx_word' id='word_1_497' title='bbox 469 4004 702 4073; x_wconf 85' lang='lat' dir='ltr'><strong>dignum</strong></span> <span class='ocrx_word' id='word_1_498' title='bbox 722 4005 896 4075; x_wconf 78' lang='lat' dir='ltr'><strong>[uisse</strong></span> <span class='ocrx_word' id='word_1_499' title='bbox 924 4001 1152 4061; x_wconf 87' lang='lat' dir='ltr'><strong>Platina</strong></span> <span class='ocrx_word' id='word_1_500' title='bbox 1180 4008 1493 4080; x_wconf 84' lang='lat' dir='ltr'><strong>asseverat.</strong></span> 
     </span>
    </p>
   </div>
   <div class='ocr_carea' id='block_1_69' title="bbox 371 4090 1955 4166">
    <p class='ocr_par' dir='ltr' id='par_1_69' title="bbox 371 4090 1955 4166">
     <span class='ocr_line' id='line_1_70' title="bbox 371 4090 1955 4166; baseline 0.001 -21"><span class='ocrx_word' id='word_1_501' title='bbox 371 4092 554 4148; x_wconf 87' lang='lat' dir='ltr'><strong>Venia</strong></span> <span class='ocrx_word' id='word_1_502' title='bbox 584 4094 781 4149; x_wconf 86' lang='lat' dir='ltr'><strong>autem</strong></span> <span class='ocrx_word' id='word_1_503' title='bbox 812 4092 1030 4166; x_wconf 81' lang='lat' dir='ltr'><strong>dignus</strong></span> <span class='ocrx_word' id='word_1_504' title='bbox 1068 4096 1158 4149; x_wconf 84' lang='lat' dir='ltr'><strong>est</strong></span> <span class='ocrx_word' id='word_1_505' title='bbox 1199 4090 1524 4156; x_wconf 86' lang='lat' dir='ltr'><strong>Bertoldus,</strong></span> <span class='ocrx_word' id='word_1_506' title='bbox 1564 4092 1663 4163; x_wconf 89' lang='lat' dir='ltr'><strong>qui</strong></span> <span class='ocrx_word' id='word_1_507' title='bbox 1718 4092 1779 4148; x_wconf 90' lang='lat' dir='ltr'><strong>in</strong></span> <span class='ocrx_word' id='word_1_508' title='bbox 1823 4098 1955 4148; x_wconf 90' lang='lat' dir='ltr'><strong>Ger-</strong></span> 
     </span>
    </p>
   </div>
   <div class='ocr_carea' id='block_1_70' title="bbox 303 4180 1955 4249">
    <p class='ocr_par' dir='ltr' id='par_1_70' title="bbox 303 4180 1955 4249">
     <span class='ocr_line' id='line_1_71' title="bbox 303 4180 1955 4249; baseline -0.002 -10"><span class='ocrx_word' id='word_1_509' title='bbox 303 4180 503 4239; x_wconf 89' lang='lat' dir='ltr'><strong>mania</strong></span> <span class='ocrx_word' id='word_1_510' title='bbox 530 4181 890 4237; x_wconf 89' lang='lat' dir='ltr'><strong>constitutus</strong></span> <span class='ocrx_word' id='word_1_511' title='bbox 918 4184 1120 4238; x_wconf 87' lang='lat' dir='ltr'><strong>contra</strong></span> <span class='ocrx_word' id='word_1_512' title='bbox 1149 4180 1401 4237; x_wconf 88' lang='lat' dir='ltr'><strong>aliorum</strong></span> <span class='ocrx_word' id='word_1_513' title='bbox 1449 4185 1758 4249; x_wconf 85' lang='lat' dir='ltr'><strong>auctorum</strong></span> <span class='ocrx_word' id='word_1_514' title='bbox 1796 4181 1955 4237; x_wconf 83' lang='lat' dir='ltr'><strong>testi-</strong></span> 
     </span>
    </p>
   </div>
   <div class='ocr_carea' id='block_1_71' title="bbox 303 4268 1955 4342">
    <p class='ocr_par' dir='ltr' id='par_1_71' title="bbox 303 4268 1955 4342">
     <span class='ocr_line' id='line_1_72' title="bbox 303 4268 1955 4342; baseline -0.002 -13"><span class='ocrx_word' id='word_1_515' title='bbox 303 4268 590 4336; x_wconf 84' lang='lat' dir='ltr'><strong>monium,</strong></span> <span class='ocrx_word' id='word_1_516' title='bbox 613 4273 671 4323; x_wconf 88' lang='lat' dir='ltr'><strong>et</strong></span> <span class='ocrx_word' id='word_1_517' title='bbox 702 4268 887 4340; x_wconf 87' lang='lat' dir='ltr'><strong>ipsius</strong></span> <span class='ocrx_word' id='word_1_518' title='bbox 918 4269 1133 4324; x_wconf 88' lang='lat' dir='ltr'><strong>Urbani</strong></span> <span class='ocrx_word' id='word_1_519' title='bbox 1179 4268 1475 4341; x_wconf 86' lang='lat' dir='ltr'><strong>epistolas,</strong></span> <span class='ocrx_word' id='word_1_520' title='bbox 1526 4268 1763 4342; x_wconf 89' lang='lat' dir='ltr'><strong>scripsit</strong></span> <span class='ocrx_word' id='word_1_521' title='bbox 1803 4270 1955 4328; x_wconf 87' lang='lat' dir='ltr'><strong>hanc</strong></span> 
     </span>
    </p>
   </div>
   <div class='ocr_carea' id='block_1_72' title="bbox 301 4355 1956 4425">
    <p class='ocr_par' dir='ltr' id='par_1_72' title="bbox 301 4355 1956 4425">
     <span class='ocr_line' id='line_1_73' title="bbox 301 4355 1956 4425; baseline 0.001 -13"><span class='ocrx_word' id='word_1_522' title='bbox 301 4355 643 4412; x_wconf 79' lang='lat' dir='ltr'><strong>electionem</strong></span> <span class='ocrx_word' id='word_1_523' title='bbox 674 4356 869 4411; x_wconf 81' lang='lat' dir='ltr'><strong>Romae</strong></span> <span class='ocrx_word' id='word_1_524' title='bbox 905 4355 1088 4412; x_wconf 83' lang='lat' dir='ltr'><strong>fuisse</strong></span> <span class='ocrx_word' id='word_1_525' title='bbox 1120 4356 1429 4425; x_wconf 85' lang='lat' dir='ltr'><strong>factam,ut</strong></span> <span class='ocrx_word' id='word_1_526' title='bbox 1457 4374 1491 4412; x_wconf 92' lang='lat' dir='ltr'><strong>a</strong></span> <span class='ocrx_word' id='word_1_527' title='bbox 1519 4358 1739 4414; x_wconf 81' lang='lat' dir='ltr'><strong>caeteris</strong></span> <span class='ocrx_word' id='word_1_528' title='bbox 1782 4359 1840 4414; x_wconf 90' lang='lat' dir='ltr'><strong>in</strong></span> <span class='ocrx_word' id='word_1_529' title='bbox 1872 4374 1956 4414; x_wconf 90' lang='lat' dir='ltr'><strong>ce-</strong></span> 
     </span>
    </p>
   </div>
   <div class='ocr_carea' id='block_1_73' title="bbox 301 4443 1952 4516">
    <p class='ocr_par' dir='ltr' id='par_1_73' title="bbox 301 4443 1952 4516">
     <span class='ocr_line' id='line_1_74' title="bbox 301 4443 1952 4516; baseline 0.002 -17"><span class='ocrx_word' id='word_1_530' title='bbox 301 4443 600 4505; x_wconf 79' lang='lat' dir='ltr'><strong>lebrandis</strong></span> <span class='ocrx_word' id='word_1_531' title='bbox 621 4443 871 4515; x_wconf 83' lang='lat' dir='ltr'><strong>hujusce</strong></span> <span class='ocrx_word' id='word_1_532' title='bbox 893 4445 1186 4516; x_wconf 83' lang='lat' dir='ltr'><strong>pontiﬁcis</strong></span> <span class='ocrx_word' id='word_1_533' title='bbox 1216 4444 1492 4501; x_wconf 88' lang='lat' dir='ltr'><strong>laudibus</strong></span> <span class='ocrx_word' id='word_1_534' title='bbox 1522 4463 1637 4502; x_wconf 90' lang='lat' dir='ltr'><strong>non</strong></span> <span class='ocrx_word' id='word_1_535' title='bbox 1661 4446 1952 4504; x_wconf 78' lang='lat' dir='ltr'><strong>dissentit.</strong></span> 
     </span>
    </p>
   </div>
   <div class='ocr_carea' id='block_1_74' title="bbox 2030 3108 3705 3195">
    <p class='ocr_par' dir='ltr' id='par_1_74' title="bbox 2030 3108 3705 3195">
     <span class='ocr_line' id='line_1_75' title="bbox 2030 3108 3705 3195; baseline 0.005 -27"><span class='ocrx_word' id='word_1_536' title='bbox 2030 3108 2224 3195; x_wconf 57' lang='lat' dir='ltr'><strong>Sinam:</strong></span> <span class='ocrx_word' id='word_1_537' title='bbox 2237 3115 2501 3195; x_wconf 51' lang='grc' dir='ltr'><strong>μεθείω,</strong></span> <span class='ocrx_word' id='word_1_538' title='bbox 2534 3115 2671 3189; x_wconf 87' lang='lat' dir='ltr'><strong>ipsi,</strong></span> <span class='ocrx_word' id='word_1_539' title='bbox 2703 3116 2774 3170; x_wconf 87' lang='lat' dir='ltr'><strong>ad</strong></span> <span class='ocrx_word' id='word_1_540' title='bbox 2796 3119 2917 3172; x_wconf 87' lang='lat' dir='ltr'><strong>tam</strong></span> <span class='ocrx_word' id='word_1_541' title='bbox 2943 3131 3116 3189; x_wconf 86' lang='lat' dir='ltr'><strong>grave</strong></span> <span class='ocrx_word' id='word_1_542' title='bbox 3156 3132 3307 3174; x_wconf 63' lang='lat' dir='ltr'><strong>cutis</strong></span> <span class='ocrx_word' id='word_1_543' title='bbox 3350 3115 3705 3187; x_wconf 78' lang='lat' dir='ltr'><strong>portandum</strong></span> 
     </span>
    </p>
   </div>
   <div class='ocr_carea' id='block_1_75' title="bbox 1975 3169 3715 3277">
    <p class='ocr_par' dir='ltr' id='par_1_75' title="bbox 1975 3169 3715 3277">
     <span class='ocr_line' id='line_1_76' title="bbox 1975 3169 3715 3277; baseline -0.002 -16"><span class='ocrx_word' id='word_1_544' title='bbox 1975 3169 2585 3277; x_wconf 52' lang='lat' dir='ltr'><strong>assistance;</strong></span> <span class='ocrx_word' id='word_1_545' title='bbox 2603 3169 3145 3269; x_wconf 50' lang='lat' dir='ltr'><strong>suauitas,</strong></span> <span class='ocrx_word' id='word_1_546' title='bbox 3166 3169 3301 3263; x_wconf 56' lang='lat' dir='ltr'><strong>si</strong></span> <span class='ocrx_word' id='word_1_547' title='bbox 3329 3169 3715 3276; x_wconf 50' lang='lat' dir='ltr'><strong>genus.</strong></span> 
     </span>
    </p>
   </div>
   <div class='ocr_carea' id='block_1_76' title="bbox 2062 3292 3713 3365">
    <p class='ocr_par' dir='ltr' id='par_1_76' title="bbox 2062 3292 3713 3365">
     <span class='ocr_line' id='line_1_77' title="bbox 2062 3292 3713 3365; baseline -0.001 -16"><span class='ocrx_word' id='word_1_548' title='bbox 2062 3298 2219 3362; x_wconf 91' lang='lat' dir='ltr'><strong>runt,</strong></span> <span class='ocrx_word' id='word_1_549' title='bbox 2253 3292 2618 3365; x_wconf 81' lang='lat' dir='ltr'><strong>Raynaldum</strong></span> <span class='ocrx_word' id='word_1_550' title='bbox 2651 3294 2965 3349; x_wconf 84' lang='lat' dir='ltr'><strong>Remorum</strong></span> <span class='ocrx_word' id='word_1_551' title='bbox 2998 3293 3324 3349; x_wconf 81' lang='lat' dir='ltr'><strong>antistitem</strong></span> <span class='ocrx_word' id='word_1_552' title='bbox 3365 3292 3439 3349; x_wconf 82' lang='lat' dir='ltr'><strong>ab</strong></span> <span class='ocrx_word' id='word_1_553' title='bbox 3479 3292 3713 3349; x_wconf 85' lang='lat' dir='ltr'><strong>Urbano</strong></span> 
     </span>
    </p>
   </div>
   <div class='ocr_carea' id='block_1_77' title="bbox 2063 3379 3711 3455">
    <p class='ocr_par' dir='ltr' id='par_1_77' title="bbox 2063 3379 3711 3455">
     <span class='ocr_line' id='line_1_78' title="bbox 2063 3379 3711 3455; baseline -0.001 -17"><span class='ocrx_word' id='word_1_554' title='bbox 2063 3382 2356 3455; x_wconf 84' lang='lat' dir='ltr'><strong>recepisse</strong></span> <span class='ocrx_word' id='word_1_555' title='bbox 2386 3381 2624 3455; x_wconf 85' lang='lat' dir='ltr'><strong>conjicit</strong></span> <span class='ocrx_word' id='word_1_556' title='bbox 2652 3381 2937 3439; x_wconf 84' lang='lat' dir='ltr'><strong>Marlotus</strong></span> <span class='ocrx_word' id='word_1_557' title='bbox 2968 3399 3122 3443; x_wconf 78' lang='lat' dir='ltr'><strong>anno</strong></span> <span class='ocrx_word' id='word_1_558' title='bbox 3152 3382 3200 3438; x_wconf 91' lang='lat' dir='ltr'><strong>ll</strong></span> <span class='ocrx_word' id='word_1_559' title='bbox 3231 3379 3570 3453; x_wconf 71' lang='lat' dir='ltr'><strong>metropolis</strong></span> <span class='ocrx_word' id='word_1_560' title='bbox 3602 3380 3711 3441; x_wconf 75' lang='lat' dir='ltr'><strong>Re-</strong></span> 
     </span>
    </p>
   </div>
   <div class='ocr_carea' id='block_1_78' title="bbox 2064 3467 3719 3541">
    <p class='ocr_par' dir='ltr' id='par_1_78' title="bbox 2064 3467 3719 3541">
     <span class='ocr_line' id='line_1_79' title="bbox 2064 3467 3719 3541; baseline 0 -14"><span class='ocrx_word' id='word_1_561' title='bbox 2064 3471 2307 3541; x_wconf 85' lang='lat' dir='ltr'><strong>mensis,</strong></span> <span class='ocrx_word' id='word_1_562' title='bbox 2339 3488 2411 3528; x_wconf 85' lang='lat' dir='ltr'><strong>ex</strong></span> <span class='ocrx_word' id='word_1_563' title='bbox 2438 3470 2642 3527; x_wconf 87' lang='lat' dir='ltr'><strong>charta</strong></span> <span class='ocrx_word' id='word_1_564' title='bbox 2671 3469 2838 3526; x_wconf 89' lang='lat' dir='ltr'><strong>initio</strong></span> <span class='ocrx_word' id='word_1_565' title='bbox 2868 3470 3007 3527; x_wconf 88' lang='lat' dir='ltr'><strong>anni</strong></span> <span class='ocrx_word' id='word_1_566' title='bbox 3032 3469 3333 3541; x_wconf 81' lang='lat' dir='ltr'><strong>sequentis</strong></span> <span class='ocrx_word' id='word_1_567' title='bbox 3358 3467 3579 3536; x_wconf 82' lang='lat' dir='ltr'><strong>data,in</strong></span> <span class='ocrx_word' id='word_1_568' title='bbox 3598 3485 3719 3541; x_wconf 79' lang='lat' dir='ltr'><strong>qua</strong></span> 
     </span>
    </p>
   </div>
   <div class='ocr_carea' id='block_1_79' title="bbox 2065 3556 3714 3631">
    <p class='ocr_par' dir='ltr' id='par_1_79' title="bbox 2065 3556 3714 3631">
     <span class='ocr_line' id='line_1_80' title="bbox 2065 3556 3714 3631; baseline -0.001 -17"><span class='ocrx_word' id='word_1_569' title='bbox 2065 3559 2423 3631; x_wconf 78' lang='lat' dir='ltr'><strong>Baynaldus,</strong></span> <span class='ocrx_word' id='word_1_570' title='bbox 2458 3558 2738 3615; x_wconf 88' lang='lat' dir='ltr'><strong>invitante</strong></span> <span class='ocrx_word' id='word_1_571' title='bbox 2771 3558 3027 3626; x_wconf 86' lang='lat' dir='ltr'><strong>Urbano,</strong></span> <span class='ocrx_word' id='word_1_572' title='bbox 3054 3574 3116 3619; x_wconf 81' lang='lat' dir='ltr'><strong>se</strong></span> <span class='ocrx_word' id='word_1_573' title='bbox 3163 3561 3409 3621; x_wconf 68' lang='lat' dir='ltr'><strong>Romam</strong></span> <span class='ocrx_word' id='word_1_574' title='bbox 3441 3556 3602 3613; x_wconf 89' lang='lat' dir='ltr'><strong>adire</strong></span> <span class='ocrx_word' id='word_1_575' title='bbox 3630 3559 3714 3625; x_wconf 82' lang='lat' dir='ltr'><strong>te-</strong></span> 
     </span>
    </p>
   </div>
   <div class='ocr_carea' id='block_1_80' title="bbox 2063 3644 3711 3718">
    <p class='ocr_par' dir='ltr' id='par_1_80' title="bbox 2063 3644 3711 3718">
     <span class='ocr_line' id='line_1_81' title="bbox 2063 3644 3711 3718; baseline -0.001 -14"><span class='ocrx_word' id='word_1_576' title='bbox 2063 3649 2270 3704; x_wconf 84' lang='lat' dir='ltr'><strong>statur.</strong></span> <span class='ocrx_word' id='word_1_577' title='bbox 2295 3647 2380 3701; x_wconf 89' lang='lat' dir='ltr'><strong>An</strong></span> <span class='ocrx_word' id='word_1_578' title='bbox 2410 3644 2588 3702; x_wconf 86' lang='lat' dir='ltr'><strong>etiam</strong></span> <span class='ocrx_word' id='word_1_579' title='bbox 2621 3645 2693 3701; x_wconf 86' lang='lat' dir='ltr'><strong>ad</strong></span> <span class='ocrx_word' id='word_1_580' title='bbox 2740 3645 3065 3718; x_wconf 85' lang='lat' dir='ltr'><strong>Anglorum</strong></span> <span class='ocrx_word' id='word_1_581' title='bbox 3110 3644 3425 3711; x_wconf 79' lang='lat' dir='ltr'><strong>antistites,</strong></span> <span class='ocrx_word' id='word_1_582' title='bbox 3456 3661 3711 3718; x_wconf 76' lang='lat' dir='ltr'><strong>quorum</strong></span> 
     </span>
    </p>
   </div>
   <div class='ocr_carea' id='block_1_81' title="bbox 2062 3731 3713 3807">
    <p class='ocr_par' dir='ltr' id='par_1_81' title="bbox 2062 3731 3713 3807">
     <span class='ocr_line' id='line_1_82' title="bbox 2062 3731 3713 3807; baseline 0 -17"><span class='ocrx_word' id='word_1_583' title='bbox 2062 3734 2315 3807; x_wconf 86' lang='lat' dir='ltr'><strong>primam</strong></span> <span class='ocrx_word' id='word_1_584' title='bbox 2346 3733 2546 3790; x_wconf 90' lang='lat' dir='ltr'><strong>sedem</strong></span> <span class='ocrx_word' id='word_1_585' title='bbox 2588 3736 2729 3789; x_wconf 89' lang='lat' dir='ltr'><strong>tunc</strong></span> <span class='ocrx_word' id='word_1_586' title='bbox 2758 3731 3062 3791; x_wconf 86' lang='lat' dir='ltr'><strong>obtinebat</strong></span> <span class='ocrx_word' id='word_1_587' title='bbox 3089 3732 3295 3799; x_wconf 76' lang='lat' dir='ltr'><strong>beatus</strong></span> <span class='ocrx_word' id='word_1_588' title='bbox 3346 3733 3713 3799; x_wconf 75' lang='lat' dir='ltr'><strong>Lanfrancus</strong></span> 
     </span>
    </p>
   </div>
   <div class='ocr_carea' id='block_1_82' title="bbox 2062 3820 3716 3896">
    <p class='ocr_par' dir='ltr' id='par_1_82' title="bbox 2062 3820 3716 3896">
     <span class='ocr_line' id='line_1_83' title="bbox 2062 3820 3716 3896; baseline 0.001 -16"><span class='ocrx_word' id='word_1_589' title='bbox 2062 3821 2387 3883; x_wconf 79' lang='lat' dir='ltr'><strong>Cantuarios</strong></span> <span class='ocrx_word' id='word_1_590' title='bbox 2416 3821 2915 3896; x_wconf 85' lang='lat' dir='ltr'><strong>archiepiscopus,</strong></span> <span class='ocrx_word' id='word_1_591' title='bbox 2932 3820 3235 3895; x_wconf 82' lang='lat' dir='ltr'><strong>scripserit</strong></span> <span class='ocrx_word' id='word_1_592' title='bbox 3251 3839 3436 3894; x_wconf 73' lang='lat' dir='ltr'><strong>novus</strong></span> <span class='ocrx_word' id='word_1_593' title='bbox 3456 3822 3716 3896; x_wconf 73' lang='lat' dir='ltr'><strong>pontifex</strong></span> 
     </span>
    </p>
   </div>
   <div class='ocr_carea' id='block_1_83' title="bbox 2063 3908 3709 3977">
    <p class='ocr_par' dir='ltr' id='par_1_83' title="bbox 2063 3908 3709 3977">
     <span class='ocr_line' id='line_1_84' title="bbox 2063 3908 3709 3977; baseline -0.001 -9"><span class='ocrx_word' id='word_1_594' title='bbox 2063 3912 2222 3968; x_wconf 89' lang='lat' dir='ltr'><strong>haud</strong></span> <span class='ocrx_word' id='word_1_595' title='bbox 2253 3915 2481 3968; x_wconf 88' lang='lat' dir='ltr'><strong>certum</strong></span> <span class='ocrx_word' id='word_1_596' title='bbox 2509 3914 2634 3967; x_wconf 87' lang='lat' dir='ltr'><strong>est:</strong></span> <span class='ocrx_word' id='word_1_597' title='bbox 2668 3912 2729 3969; x_wconf 83' lang='lat' dir='ltr'><strong>at</strong></span> <span class='ocrx_word' id='word_1_598' title='bbox 2755 3924 2825 3965; x_wconf 84' lang='lat' dir='ltr'><strong>ex</strong></span> <span class='ocrx_word' id='word_1_599' title='bbox 2853 3910 3044 3971; x_wconf 82' lang='lat' dir='ltr'><strong>sancti</strong></span> <span class='ocrx_word' id='word_1_600' title='bbox 3072 3908 3341 3977; x_wconf 77' lang='lat' dir='ltr'><strong>Anselmi</strong></span> <span class='ocrx_word' id='word_1_601' title='bbox 3371 3910 3564 3973; x_wconf 63' lang='lat' dir='ltr'><strong>Creatis</strong></span> <span class='ocrx_word' id='word_1_602' title='bbox 3593 3909 3709 3971; x_wconf 78' lang='lat' dir='ltr'><strong>col-</strong></span> 
     </span>
    </p>
   </div>
   <div class='ocr_carea' id='block_1_84' title="bbox 2062 3997 3714 4074">
    <p class='ocr_par' dir='ltr' id='par_1_84' title="bbox 2062 3997 3714 4074">
     <span class='ocr_line' id='line_1_85' title="bbox 2062 3997 3714 4074; baseline -0.001 -18"><span class='ocrx_word' id='word_1_603' title='bbox 2062 4001 2266 4074; x_wconf 87' lang='lat' dir='ltr'><strong>ligitur</strong></span> <span class='ocrx_word' id='word_1_604' title='bbox 2295 3999 2598 4055; x_wconf 88' lang='lat' dir='ltr'><strong>Urbanum</strong></span> <span class='ocrx_word' id='word_1_605' title='bbox 2637 4002 2771 4055; x_wconf 89' lang='lat' dir='ltr'><strong>ante</strong></span> <span class='ocrx_word' id='word_1_606' title='bbox 2817 3997 3083 4071; x_wconf 83' lang='lat' dir='ltr'><strong>ejusdem</strong></span> <span class='ocrx_word' id='word_1_607' title='bbox 3132 3998 3322 4065; x_wconf 83' lang='lat' dir='ltr'><strong>sancti</strong></span> <span class='ocrx_word' id='word_1_608' title='bbox 3370 3998 3714 4067; x_wconf 78' lang='lat' dir='ltr'><strong>electionem</strong></span> 
     </span>
    </p>
   </div>
   <div class='ocr_carea' id='block_1_85' title="bbox 2065 4086 3531 4161">
    <p class='ocr_par' dir='ltr' id='par_1_85' title="bbox 2065 4086 3531 4161">
     <span class='ocr_line' id='line_1_86' title="bbox 2065 4086 3531 4161; baseline -0.001 -15"><span class='ocrx_word' id='word_1_609' title='bbox 2065 4106 2172 4161; x_wconf 81' lang='lat' dir='ltr'><strong>nec</strong></span> <span class='ocrx_word' id='word_1_610' title='bbox 2196 4088 2529 4147; x_wconf 86' lang='lat' dir='ltr'><strong>admissum</strong></span> <span class='ocrx_word' id='word_1_611' title='bbox 2557 4104 2663 4144; x_wconf 87' lang='lat' dir='ltr'><strong>nec</strong></span> <span class='ocrx_word' id='word_1_612' title='bbox 2690 4089 2973 4160; x_wconf 88' lang='lat' dir='ltr'><strong>rejectum</strong></span> <span class='ocrx_word' id='word_1_613' title='bbox 2996 4088 3058 4144; x_wconf 89' lang='lat' dir='ltr'><strong>in</strong></span> <span class='ocrx_word' id='word_1_614' title='bbox 3087 4086 3297 4161; x_wconf 83' lang='lat' dir='ltr'><strong>Anglia</strong></span> <span class='ocrx_word' id='word_1_615' title='bbox 3327 4088 3531 4151; x_wconf 78' lang='lat' dir='ltr'><strong>fuisse.</strong></span> 
     </span>
    </p>
   </div>
   <div class='ocr_carea' id='block_1_86' title="bbox 2410 4176 3361 4241">
    <p class='ocr_par' dir='ltr' id='par_1_86' title="bbox 2410 4176 3361 4241">
     <span class='ocr_line' id='line_1_87' title="bbox 2410 4176 3361 4241; baseline -0.002 -8"><span class='ocrx_word' id='word_1_616' title='bbox 2410 4176 2599 4233; x_wconf 82' lang='lat' dir='ltr'><strong>XXIV.</strong></span> <span class='ocrx_word' id='word_1_617' title='bbox 2637 4178 2914 4234; x_wconf 85' lang='lat' dir='ltr'><strong>Urbanum</strong></span> <span class='ocrx_word' id='word_1_618' title='bbox 2939 4193 3123 4241; x_wconf 84' lang='lat' dir='ltr'><strong>omnes</strong></span> <span class='ocrx_word' id='word_1_619' title='bbox 3152 4181 3361 4239; x_wconf 81' lang='lat' dir='ltr'><strong>amant.</strong></span> 
     </span>
    </p>
   </div>
   <div class='ocr_carea' id='block_1_87' title="bbox 2134 4264 3710 4338">
    <p class='ocr_par' dir='ltr' id='par_1_87' title="bbox 2134 4264 3710 4338">
     <span class='ocr_line' id='line_1_88' title="bbox 2134 4264 3710 4338; baseline -0.003 -14"><span class='ocrx_word' id='word_1_620' title='bbox 2134 4269 2320 4324; x_wconf 81' lang='lat' dir='ltr'><strong>Tanta</strong></span> <span class='ocrx_word' id='word_1_621' title='bbox 2346 4269 2541 4323; x_wconf 85' lang='lat' dir='ltr'><strong>autem</strong></span> <span class='ocrx_word' id='word_1_622' title='bbox 2569 4271 2694 4323; x_wconf 89' lang='lat' dir='ltr'><strong>erat</strong></span> <span class='ocrx_word' id='word_1_623' title='bbox 2721 4266 2879 4338; x_wconf 86' lang='lat' dir='ltr'><strong>apud</strong></span> <span class='ocrx_word' id='word_1_624' title='bbox 2909 4267 3203 4337; x_wconf 86' lang='lat' dir='ltr'><strong>omnesde</strong></span> <span class='ocrx_word' id='word_1_625' title='bbox 3228 4265 3463 4331; x_wconf 80' lang='lat' dir='ltr'><strong>Urbano</strong></span> <span class='ocrx_word' id='word_1_626' title='bbox 3490 4264 3710 4338; x_wconf 82' lang='lat' dir='ltr'><strong>opinio,</strong></span> 
     </span>
    </p>
   </div>
   <div class='ocr_carea' id='block_1_88' title="bbox 2065 4354 3718 4430">
    <p class='ocr_par' dir='ltr' id='par_1_88' title="bbox 2065 4354 3718 4430">
     <span class='ocr_line' id='line_1_89' title="bbox 2065 4354 3718 4430; baseline -0.002 -18"><span class='ocrx_word' id='word_1_627' title='bbox 2065 4360 2131 4425; x_wconf 82' lang='lat' dir='ltr'><strong>ut</strong></span> <span class='ocrx_word' id='word_1_628' title='bbox 2161 4355 2362 4412; x_wconf 85' lang='lat' dir='ltr'><strong>nullus</strong></span> <span class='ocrx_word' id='word_1_629' title='bbox 2388 4372 2523 4412; x_wconf 88' lang='lat' dir='ltr'><strong>eum</strong></span> <span class='ocrx_word' id='word_1_630' title='bbox 2554 4371 2669 4411; x_wconf 87' lang='lat' dir='ltr'><strong>non</strong></span> <span class='ocrx_word' id='word_1_631' title='bbox 2698 4363 2939 4425; x_wconf 84' lang='lat' dir='ltr'><strong>amaret,</strong></span> <span class='ocrx_word' id='word_1_632' title='bbox 2976 4354 3296 4430; x_wconf 83' lang='lat' dir='ltr'><strong>nullusque</strong></span> <span class='ocrx_word' id='word_1_633' title='bbox 3342 4372 3449 4429; x_wconf 80' lang='lat' dir='ltr'><strong>pro</strong></span> <span class='ocrx_word' id='word_1_634' title='bbox 3494 4370 3630 4411; x_wconf 89' lang='lat' dir='ltr'><strong>vero</strong></span> <span class='ocrx_word' id='word_1_635' title='bbox 3657 4357 3718 4410; x_wconf 86' lang='lat' dir='ltr'><strong>et</strong></span> 
     </span>
    </p>
   </div>
   <div class='ocr_carea' id='block_1_89' title="bbox 2064 4442 3713 4519">
    <p class='ocr_par' dir='ltr' id='par_1_89' title="bbox 2064 4442 3713 4519">
     <span class='ocr_line' id='line_1_90' title="bbox 2064 4442 3713 4519; baseline -0.002 -18"><span class='ocrx_word' id='word_1_636' title='bbox 2064 4445 2285 4519; x_wconf 87' lang='lat' dir='ltr'><strong>optimo</strong></span> <span class='ocrx_word' id='word_1_637' title='bbox 2315 4442 2587 4518; x_wconf 84' lang='lat' dir='ltr'><strong>pontiﬁce</strong></span> <span class='ocrx_word' id='word_1_638' title='bbox 2615 4460 2752 4500; x_wconf 91' lang='lat' dir='ltr'><strong>eum</strong></span> <span class='ocrx_word' id='word_1_639' title='bbox 2782 4443 3031 4502; x_wconf 80' lang='lat' dir='ltr'><strong>libenter</strong></span> <span class='ocrx_word' id='word_1_640' title='bbox 3059 4461 3174 4505; x_wconf 78' lang='lat' dir='ltr'><strong>non</strong></span> <span class='ocrx_word' id='word_1_641' title='bbox 3201 4446 3713 4517; x_wconf 49' lang='lat' dir='ltr'><strong>agnoscereupras-</strong></span> 
     </span>
    </p>
   </div>
   <div class='ocr_carea' id='block_1_90' title="bbox 303 4532 3717 4621">
    <p class='ocr_par' dir='ltr' id='par_1_90' title="bbox 303 4532 3717 4621">
     <span class='ocr_line' id='line_1_91' title="bbox 303 4532 3717 4621; baseline -0.001 -30"><span class='ocrx_word' id='word_1_642' title='bbox 303 4535 503 4599; x_wconf 71' lang='lat' dir='ltr'><strong>Rom,</strong></span> <span class='ocrx_word' id='word_1_643' title='bbox 544 4532 755 4605; x_wconf 88' lang='lat' dir='ltr'><strong>inquit,</strong></span> <span class='ocrx_word' id='word_1_644' title='bbox 806 4533 1114 4589; x_wconf 82' lang='lat' dir='ltr'><strong>cardinales</strong></span> <span class='ocrx_word' id='word_1_645' title='bbox 1156 4542 1208 4590; x_wconf 93' lang='lat' dir='ltr'><strong>et</strong></span> <span class='ocrx_word' id='word_1_646' title='bbox 1251 4536 1510 4606; x_wconf 86' lang='lat' dir='ltr'><strong>episcopi,</strong></span> <span class='ocrx_word' id='word_1_647' title='bbox 1547 4539 1598 4592; x_wconf 85' lang='lat' dir='ltr'><strong>et</strong></span> <span class='ocrx_word' id='word_1_648' title='bbox 1645 4537 1848 4610; x_wconf 85' lang='lat' dir='ltr'><strong>reliqui</strong></span> <span class='ocrx_word' id='word_1_649' title='bbox 1892 4538 1958 4594; x_wconf 86' lang='lat' dir='ltr'><strong>de</strong></span> <span class='ocrx_word' id='word_1_650' title='bbox 1988 4553 2035 4621; x_wconf 75' lang='grc' dir='ltr'>ι)</span> <span class='ocrx_word' id='word_1_651' title='bbox 2064 4539 2153 4592; x_wconf 88' lang='lat' dir='ltr'><strong>ter</strong></span> <span class='ocrx_word' id='word_1_652' title='bbox 2184 4533 2495 4591; x_wconf 86' lang='lat' dir='ltr'><strong>Henricum</strong></span> <span class='ocrx_word' id='word_1_653' title='bbox 2527 4534 2880 4606; x_wconf 86' lang='lat' dir='ltr'><strong>Augustum,</strong></span> <span class='ocrx_word' id='word_1_654' title='bbox 2913 4534 3163 4621; x_wconf 86' lang='lat' dir='ltr'><strong>ejusque</strong></span> <span class='ocrx_word' id='word_1_655' title='bbox 3194 4548 3533 4621; x_wconf 74' lang='lat' dir='ltr'><strong>sequaces:</strong></span> <span class='ocrx_word' id='word_1_656' title='bbox 3565 4548 3717 4604; x_wconf 72' lang='lat' dir='ltr'><strong>quos</strong></span> 
     </span>
    </p>
   </div>
   <div class='ocr_carea' id='block_1_91' title="bbox 301 4619 3714 4698">
    <p class='ocr_par' dir='ltr' id='par_1_91' title="bbox 301 4619 3714 4698">
     <span class='ocr_line' id='line_1_92' title="bbox 301 4619 3714 4698; baseline 0 -19"><span class='ocrx_word' id='word_1_657' title='bbox 301 4621 444 4689; x_wconf 73' lang='lat' dir='ltr'><strong>clero</strong></span> <span class='ocrx_word' id='word_1_658' title='bbox 472 4629 525 4678; x_wconf 91' lang='lat' dir='ltr'><strong>et</strong></span> <span class='ocrx_word' id='word_1_659' title='bbox 558 4623 760 4694; x_wconf 87' lang='lat' dir='ltr'><strong>popqu</strong></span> <span class='ocrx_word' id='word_1_660' title='bbox 812 4622 1075 4679; x_wconf 86' lang='lat' dir='ltr'><strong>catholico</strong></span> <span class='ocrx_word' id='word_1_661' title='bbox 1119 4623 1365 4679; x_wconf 69' lang='lat' dir='ltr'><strong>Otsonem</strong></span> <span class='ocrx_word' id='word_1_662' title='bbox 1409 4623 1706 4681; x_wconf 84' lang='lat' dir='ltr'><strong>Ostiensem</strong></span> <span class='ocrx_word' id='word_1_663' title='bbox 1756 4628 1958 4698; x_wconf 86' lang='lat' dir='ltr'><strong>episco-</strong></span> <span class='ocrx_word' id='word_1_664' title='bbox 2014 4619 2021 4621; x_wconf 43' lang='grc'>⁷</span> <span class='ocrx_word' id='word_1_665' title='bbox 2070 4628 2267 4682; x_wconf 68' lang='lat' dir='ltr'><strong>tamen</strong></span> <span class='ocrx_word' id='word_1_666' title='bbox 2298 4623 2463 4692; x_wconf 88' lang='lat' dir='ltr'><strong>adeo,</strong></span> <span class='ocrx_word' id='word_1_667' title='bbox 2496 4639 2599 4694; x_wconf 92' lang='lat' dir='ltr'><strong>pro</strong></span> <span class='ocrx_word' id='word_1_668' title='bbox 2630 4638 2740 4678; x_wconf 87' lang='lat' dir='ltr'><strong>sua</strong></span> <span class='ocrx_word' id='word_1_669' title='bbox 2768 4620 3081 4694; x_wconf 83' lang='lat' dir='ltr'><strong>prudentia</strong></span> <span class='ocrx_word' id='word_1_670' title='bbox 3107 4625 3168 4683; x_wconf 83' lang='lat' dir='ltr'><strong>et</strong></span> <span class='ocrx_word' id='word_1_671' title='bbox 3193 4619 3437 4689; x_wconf 62' lang='lat' dir='ltr'><strong>lenitate</strong></span> <span class='ocrx_word' id='word_1_672' title='bbox 3480 4636 3714 4687; x_wconf 75' lang='lat' dir='ltr'><strong>morum</strong></span> 
     </span>
    </p>
   </div>
   <div class='ocr_carea' id='block_1_92' title="bbox 297 4710 1953 4785">
    <p class='ocr_par' dir='ltr' id='par_1_92' title="bbox 297 4710 1953 4785">
     <span class='ocr_line' id='line_1_93' title="bbox 297 4710 1953 4785; baseline 0.004 -19"><span class='ocrx_word' id='word_1_673' title='bbox 297 4727 455 4784; x_wconf 80' lang='lat' dir='ltr'><strong>pum,</strong></span> <span class='ocrx_word' id='word_1_674' title='bbox 486 4711 752 4781; x_wconf 83' lang='lat' dir='ltr'><strong>religione</strong></span> <span class='ocrx_word' id='word_1_675' title='bbox 769 4715 819 4767; x_wconf 89' lang='lat' dir='ltr'><strong>et</strong></span> <span class='ocrx_word' id='word_1_676' title='bbox 840 4710 1148 4768; x_wconf 82' lang='lat' dir='ltr'><strong>eruditione</strong></span> <span class='ocrx_word' id='word_1_677' title='bbox 1174 4711 1580 4781; x_wconf 86' lang='lat' dir='ltr'><strong>celebrandum,</strong></span> <span class='ocrx_word' id='word_1_678' title='bbox 1591 4729 1798 4785; x_wconf 87' lang='lat' dir='ltr'><strong>papam</strong></span> <span class='ocrx_word' id='word_1_679' title='bbox 1826 4731 1953 4773; x_wconf 82' lang='lat' dir='ltr'><strong>CLXI</strong></span> 
     </span>
    </p>
   </div>
   <div class='ocr_carea' id='block_1_93' title="bbox 303 4800 1949 4872">
    <p class='ocr_par' dir='ltr' id='par_1_93' title="bbox 303 4800 1949 4872">
     <span class='ocr_line' id='line_1_94' title="bbox 303 4800 1949 4872; baseline 0.002 -15"><span class='ocrx_word' id='word_1_680' title='bbox 303 4800 730 4867; x_wconf 82' lang='lat' dir='ltr'><strong>ordinaverunt:</strong></span> <span class='ocrx_word' id='word_1_681' title='bbox 753 4802 912 4872; x_wconf 88' lang='lat' dir='ltr'><strong>eique</strong></span> <span class='ocrx_word' id='word_1_682' title='bbox 930 4815 1125 4859; x_wconf 87' lang='lat' dir='ltr'><strong>nomen</strong></span> <span class='ocrx_word' id='word_1_683' title='bbox 1150 4800 1356 4857; x_wconf 86' lang='lat' dir='ltr'><strong>Urbani</strong></span> <span class='ocrx_word' id='word_1_684' title='bbox 1365 4800 1590 4859; x_wconf 84' lang='lat' dir='ltr'><strong>secundi</strong></span> <span class='ocrx_word' id='word_1_685' title='bbox 1610 4802 1949 4861; x_wconf 78' lang='lat' dir='ltr'><strong>indiderunt.</strong></span> 
     </span>
    </p>
   </div>
   <div class='ocr_carea' id='block_1_94' title="bbox 304 4888 1957 4961">
    <p class='ocr_par' dir='ltr' id='par_1_94' title="bbox 304 4888 1957 4961">
     <span class='ocr_line' id='line_1_95' title="bbox 304 4888 1957 4961; baseline 0.003 -16"><span class='ocrx_word' id='word_1_686' title='bbox 304 4906 362 4947; x_wconf 83' lang='grc' dir='ltr'>ιν</span> <span class='ocrx_word' id='word_1_687' title='bbox 402 4889 526 4949; x_wconf 80' lang='lat' dir='ltr'><strong>Idus</strong></span> <span class='ocrx_word' id='word_1_688' title='bbox 558 4888 758 4947; x_wconf 75' lang='lat' dir='ltr'><strong>Martii.</strong></span> <span class='ocrx_word' id='word_1_689' title='bbox 811 4889 941 4945; x_wconf 71' lang='lat' dir='ltr'><strong>Haec</strong></span> <span class='ocrx_word' id='word_1_690' title='bbox 971 4888 1101 4961; x_wconf 89' lang='lat' dir='ltr'><strong>ipsa</strong></span> <span class='ocrx_word' id='word_1_691' title='bbox 1141 4890 1345 4946; x_wconf 88' lang='lat' dir='ltr'><strong>eadem</strong></span> <span class='ocrx_word' id='word_1_692' title='bbox 1376 4889 1470 4945; x_wconf 93' lang='lat' dir='ltr'><strong>die</strong></span> <span class='ocrx_word' id='word_1_693' title='bbox 1500 4890 1715 4947; x_wconf 89' lang='lat' dir='ltr'><strong>Urbani</strong></span> <span class='ocrx_word' id='word_1_694' title='bbox 1754 4891 1957 4950; x_wconf 91' lang='lat' dir='ltr'><strong>electio</strong></span> 
     </span>
    </p>
   </div>
   <div class='ocr_carea' id='block_1_95' title="bbox 304 4978 1955 5055">
    <p class='ocr_par' dir='ltr' id='par_1_95' title="bbox 304 4978 1955 5055">
     <span class='ocr_line' id='line_1_96' title="bbox 304 4978 1955 5055; baseline 0.003 -21"><span class='ocrx_word' id='word_1_695' title='bbox 304 4979 685 5052; x_wconf 86' lang='lat' dir='ltr'><strong>consignatur</strong></span> <span class='ocrx_word' id='word_1_696' title='bbox 714 4978 775 5034; x_wconf 92' lang='lat' dir='ltr'><strong>in</strong></span> <span class='ocrx_word' id='word_1_697' title='bbox 823 4979 982 5034; x_wconf 90' lang='lat' dir='ltr'><strong>brevi</strong></span> <span class='ocrx_word' id='word_1_698' title='bbox 1024 4978 1307 5034; x_wconf 86' lang='lat' dir='ltr'><strong>Chronico</strong></span> <span class='ocrx_word' id='word_1_699' title='bbox 1345 4978 1587 5035; x_wconf 88' lang='lat' dir='ltr'><strong>Cavensi</strong></span> <span class='ocrx_word' id='word_1_700' title='bbox 1635 4980 1708 5037; x_wconf 90' lang='lat' dir='ltr'><strong>ad</strong></span> <span class='ocrx_word' id='word_1_701' title='bbox 1761 4981 1955 5055; x_wconf 82' lang='lat' dir='ltr'><strong>cyclos</strong></span> 
     </span>
    </p>
   </div>
   <div class='ocr_carea' id='block_1_96' title="bbox 305 5065 1956 5141">
    <p class='ocr_par' dir='ltr' id='par_1_96' title="bbox 305 5065 1956 5141">
     <span class='ocr_line' id='line_1_97' title="bbox 305 5065 1956 5141; baseline 0.005 -21"><span class='ocrx_word' id='word_1_702' title='bbox 305 5066 646 5138; x_wconf 86' lang='lat' dir='ltr'><strong>paschales;</strong></span> <span class='ocrx_word' id='word_1_703' title='bbox 680 5067 797 5123; x_wconf 89' lang='lat' dir='ltr'><strong>imo</strong></span> <span class='ocrx_word' id='word_1_704' title='bbox 828 5072 884 5123; x_wconf 91' lang='lat' dir='ltr'><strong>et</strong></span> <span class='ocrx_word' id='word_1_705' title='bbox 915 5067 969 5121; x_wconf 90' lang='lat' dir='ltr'><strong>in</strong></span> <span class='ocrx_word' id='word_1_706' title='bbox 1004 5067 1149 5140; x_wconf 88' lang='lat' dir='ltr'><strong>ipsis</strong></span> <span class='ocrx_word' id='word_1_707' title='bbox 1182 5066 1399 5123; x_wconf 89' lang='lat' dir='ltr'><strong>Urbani</strong></span> <span class='ocrx_word' id='word_1_708' title='bbox 1430 5065 1661 5137; x_wconf 88' lang='lat' dir='ltr'><strong>litteris,</strong></span> <span class='ocrx_word' id='word_1_709' title='bbox 1696 5086 1849 5141; x_wconf 88' lang='lat' dir='ltr'><strong>quas</strong></span> <span class='ocrx_word' id='word_1_710' title='bbox 1885 5089 1956 5128; x_wconf 90' lang='lat' dir='ltr'><strong>ea</strong></span> 
     </span>
    </p>
   </div>
   <div class='ocr_carea' id='block_1_97' title="bbox 305 5153 750 5227">
    <p class='ocr_par' dir='ltr' id='par_1_97' title="bbox 305 5153 750 5227">
     <span class='ocr_line' id='line_1_98' title="bbox 305 5153 750 5227; baseline 0.007 -19"><span class='ocrx_word' id='word_1_711' title='bbox 305 5153 377 5208; x_wconf 94' lang='lat' dir='ltr'><strong>de</strong></span> <span class='ocrx_word' id='word_1_712' title='bbox 406 5170 467 5209; x_wconf 90' lang='lat' dir='ltr'><strong>re</strong></span> <span class='ocrx_word' id='word_1_713' title='bbox 496 5155 750 5227; x_wconf 88' lang='lat' dir='ltr'><strong>scripsit.</strong></span> 
     </span>
    </p>
   </div>
   <div class='ocr_carea' id='block_1_98' title="bbox 378 5241 1956 5317">
    <p class='ocr_par' dir='ltr' id='par_1_98' title="bbox 378 5241 1956 5317">
     <span class='ocr_line' id='line_1_99' title="bbox 378 5241 1956 5317; baseline 0.004 -19"><span class='ocrx_word' id='word_1_714' title='bbox 378 5241 445 5298; x_wconf 85' lang='lat' dir='ltr'><strong>Et</strong></span> <span class='ocrx_word' id='word_1_715' title='bbox 473 5243 711 5314; x_wconf 89' lang='lat' dir='ltr'><strong>quidem</strong></span> <span class='ocrx_word' id='word_1_716' title='bbox 743 5244 1047 5302; x_wconf 85' lang='lat' dir='ltr'><strong>Berloldus</strong></span> <span class='ocrx_word' id='word_1_717' title='bbox 1083 5247 1329 5299; x_wconf 84' lang='lat' dir='ltr'><strong>testatur</strong></span> <span class='ocrx_word' id='word_1_718' title='bbox 1377 5262 1591 5300; x_wconf 86' lang='lat' dir='ltr'><strong>novum</strong></span> <span class='ocrx_word' id='word_1_719' title='bbox 1624 5247 1956 5317; x_wconf 83' lang='lat' dir='ltr'><strong>pontiﬁcem</strong></span> 
     </span>
    </p>
   </div>
   <div class='ocr_carea' id='block_1_99' title="bbox 306 5329 1958 5409">
    <p class='ocr_par' dir='ltr' id='par_1_99' title="bbox 306 5329 1958 5409">
     <span class='ocr_line' id='line_1_100' title="bbox 306 5329 1958 5409; baseline 0.002 -19"><span class='ocrx_word' id='word_1_720' title='bbox 306 5329 504 5390; x_wconf 80' lang='lat' dir='ltr'><strong>statim</strong></span> <span class='ocrx_word' id='word_1_721' title='bbox 531 5336 664 5403; x_wconf 88' lang='lat' dir='ltr'><strong>post</strong></span> <span class='ocrx_word' id='word_1_722' title='bbox 693 5350 864 5388; x_wconf 87' lang='lat' dir='ltr'><strong>suam</strong></span> <span class='ocrx_word' id='word_1_723' title='bbox 911 5332 1250 5389; x_wconf 89' lang='lat' dir='ltr'><strong>electionem</strong></span> <span class='ocrx_word' id='word_1_724' title='bbox 1296 5332 1521 5389; x_wconf 86' lang='lat' dir='ltr'><strong>litteras</strong></span> <span class='ocrx_word' id='word_1_725' title='bbox 1551 5335 1818 5407; x_wconf 82' lang='lat' dir='ltr'><strong>encyclas</strong></span> <span class='ocrx_word' id='word_1_726' title='bbox 1856 5354 1958 5409; x_wconf 87' lang='lat' dir='ltr'><strong>per</strong></span> 
     </span>
    </p>
   </div>
   <div class='ocr_carea' id='block_1_100' title="bbox 304 5419 1957 5494">
    <p class='ocr_par' dir='ltr' id='par_1_100' title="bbox 304 5419 1957 5494">
     <span class='ocr_line' id='line_1_101' title="bbox 304 5419 1957 5494; baseline 0.005 -21"><span class='ocrx_word' id='word_1_727' title='bbox 304 5421 494 5477; x_wconf 87' lang='lat' dir='ltr'><strong>totum</strong></span> <span class='ocrx_word' id='word_1_728' title='bbox 525 5419 723 5475; x_wconf 90' lang='lat' dir='ltr'><strong>orbem</strong></span> <span class='ocrx_word' id='word_1_729' title='bbox 750 5421 1147 5478; x_wconf 84' lang='lat' dir='ltr'><strong>Christianum</strong></span> <span class='ocrx_word' id='word_1_730' title='bbox 1194 5419 1443 5477; x_wconf 87' lang='lat' dir='ltr'><strong>misisse.</strong></span> <span class='ocrx_word' id='word_1_731' title='bbox 1502 5423 1835 5494; x_wconf 83' lang='lat' dir='ltr'><strong>Insequenti,</strong></span> <span class='ocrx_word' id='word_1_732' title='bbox 1867 5425 1957 5483; x_wconf 87' lang='lat' dir='ltr'><strong>in-</strong></span> 
     </span>
    </p>
   </div>
   <div class='ocr_carea' id='block_1_101' title="bbox 306 5507 1957 5581">
    <p class='ocr_par' dir='ltr' id='par_1_101' title="bbox 306 5507 1957 5581">
     <span class='ocr_line' id='line_1_102' title="bbox 306 5507 1957 5581; baseline 0.005 -19"><span class='ocrx_word' id='word_1_733' title='bbox 306 5507 455 5581; x_wconf 87' lang='lat' dir='ltr'><strong>quit,</strong></span> <span class='ocrx_word' id='word_1_734' title='bbox 486 5507 595 5573; x_wconf 84' lang='lat' dir='ltr'><strong>die,</strong></span> <span class='ocrx_word' id='word_1_735' title='bbox 625 5509 811 5565; x_wconf 83' lang='lat' dir='ltr'><strong>missis</strong></span> <span class='ocrx_word' id='word_1_736' title='bbox 842 5509 1040 5566; x_wconf 87' lang='lat' dir='ltr'><strong>litteris</strong></span> <span class='ocrx_word' id='word_1_737' title='bbox 1082 5510 1332 5566; x_wconf 86' lang='lat' dir='ltr'><strong>omnibus</strong></span> <span class='ocrx_word' id='word_1_738' title='bbox 1363 5510 1678 5579; x_wconf 80' lang='lat' dir='ltr'><strong>Catholicis,</strong></span> <span class='ocrx_word' id='word_1_739' title='bbox 1713 5517 1767 5570; x_wconf 90' lang='lat' dir='ltr'><strong>et</strong></span> <span class='ocrx_word' id='word_1_740' title='bbox 1795 5530 1957 5571; x_wconf 83' lang='lat' dir='ltr'><strong>suum</strong></span> 
     </span>
    </p>
   </div>
   <div class='ocr_carea' id='block_1_102' title="bbox 304 5595 1956 5667">
    <p class='ocr_par' dir='ltr' id='par_1_102' title="bbox 304 5595 1956 5667">
     <span class='ocr_line' id='line_1_103' title="bbox 304 5595 1956 5667; baseline 0.004 -13"><span class='ocrx_word' id='word_1_741' title='bbox 304 5595 709 5657; x_wconf 76' lang='lat' dir='ltr'><strong>ordinationem</strong></span> <span class='ocrx_word' id='word_1_742' title='bbox 742 5598 994 5655; x_wconf 84' lang='lat' dir='ltr'><strong>omnibus</strong></span> <span class='ocrx_word' id='word_1_743' title='bbox 1040 5599 1358 5667; x_wconf 78' lang='lat' dir='ltr'><strong>declaravit,</strong></span> <span class='ocrx_word' id='word_1_744' title='bbox 1406 5607 1459 5656; x_wconf 86' lang='lat' dir='ltr'><strong>et</strong></span> <span class='ocrx_word' id='word_1_745' title='bbox 1508 5616 1563 5655; x_wconf 88' lang='lat' dir='ltr'><strong>se</strong></span> <span class='ocrx_word' id='word_1_746' title='bbox 1608 5602 1665 5656; x_wconf 90' lang='lat' dir='ltr'><strong>in</strong></span> <span class='ocrx_word' id='word_1_747' title='bbox 1704 5604 1956 5660; x_wconf 86' lang='lat' dir='ltr'><strong>omnibus</strong></span> 
     </span>
    </p>
   </div>
   <div class='ocr_carea' id='block_1_103' title="bbox 2063 4708 3718 4783">
    <p class='ocr_par' dir='ltr' id='par_1_103' title="bbox 2063 4708 3718 4783">
     <span class='ocr_line' id='line_1_104' title="bbox 2063 4708 3718 4783; baseline -0.004 -12"><span class='ocrx_word' id='word_1_748' title='bbox 2063 4711 2435 4779; x_wconf 87' lang='lat' dir='ltr'><strong>demulsit,ut</strong></span> <span class='ocrx_word' id='word_1_749' title='bbox 2464 4710 2778 4783; x_wconf 89' lang='lat' dir='ltr'><strong>plerosque</strong></span> <span class='ocrx_word' id='word_1_750' title='bbox 2808 4708 3043 4764; x_wconf 81' lang='lat' dir='ltr'><strong>illorum</strong></span> <span class='ocrx_word' id='word_1_751' title='bbox 3072 4708 3323 4782; x_wconf 67' lang='lat' dir='ltr'><strong>puderet,</strong></span> <span class='ocrx_word' id='word_1_752' title='bbox 3344 4711 3718 4775; x_wconf 65' lang='lat' dir='ltr'><strong>setamens-</strong></span> 
     </span>
    </p>
   </div>
   <div class='ocr_carea' id='block_1_104' title="bbox 2064 4796 3721 4870">
    <p class='ocr_par' dir='ltr' id='par_1_104' title="bbox 2064 4796 3721 4870">
     <span class='ocr_line' id='line_1_105' title="bbox 2064 4796 3721 4870; baseline -0.007 -11"><span class='ocrx_word' id='word_1_753' title='bbox 2064 4801 2191 4868; x_wconf 89' lang='lat' dir='ltr'><strong>bili,</strong></span> <span class='ocrx_word' id='word_1_754' title='bbox 2218 4804 2341 4857; x_wconf 88' lang='lat' dir='ltr'><strong>tam</strong></span> <span class='ocrx_word' id='word_1_755' title='bbox 2371 4802 2573 4857; x_wconf 88' lang='lat' dir='ltr'><strong>sancto</strong></span> <span class='ocrx_word' id='word_1_756' title='bbox 2602 4798 2723 4854; x_wconf 87' lang='lat' dir='ltr'><strong>viro</strong></span> <span class='ocrx_word' id='word_1_757' title='bbox 2754 4796 3070 4855; x_wconf 86' lang='lat' dir='ltr'><strong>adversari.</strong></span> <span class='ocrx_word' id='word_1_758' title='bbox 3106 4796 3252 4865; x_wconf 84' lang='lat' dir='ltr'><strong>Hinc</strong></span> <span class='ocrx_word' id='word_1_759' title='bbox 3282 4797 3393 4863; x_wconf 75' lang='lat' dir='ltr'><strong>sub</strong></span> <span class='ocrx_word' id='word_1_760' title='bbox 3425 4796 3561 4870; x_wconf 66' lang='lat' dir='ltr'><strong>ejus</strong></span> <span class='ocrx_word' id='word_1_761' title='bbox 3583 4796 3721 4865; x_wconf 63' lang='lat' dir='ltr'><strong>vita:</strong></span> 
     </span>
    </p>
   </div>
   <div class='ocr_carea' id='block_1_105' title="bbox 2067 4883 3718 4961">
    <p class='ocr_par' dir='ltr' id='par_1_105' title="bbox 2067 4883 3718 4961">
     <span class='ocr_line' id='line_1_106' title="bbox 2067 4883 3718 4961; baseline -0.008 -15"><span class='ocrx_word' id='word_1_762' title='bbox 2067 4891 2245 4947; x_wconf 84' lang='lat' dir='ltr'><strong>finem</strong></span> <span class='ocrx_word' id='word_1_763' title='bbox 2265 4888 2315 4943; x_wconf 87' lang='lat' dir='ltr'><strong>vi</strong></span> <span class='ocrx_word' id='word_1_764' title='bbox 2326 4887 2553 4961; x_wconf 78' lang='lat' dir='ltr'><strong>xaliqui</strong></span> <span class='ocrx_word' id='word_1_765' title='bbox 2567 4889 2915 4960; x_wconf 89' lang='lat' dir='ltr'><strong>supererant</strong></span> <span class='ocrx_word' id='word_1_766' title='bbox 2931 4884 3031 4958; x_wconf 89' lang='lat' dir='ltr'><strong>qui</strong></span> <span class='ocrx_word' id='word_1_767' title='bbox 3049 4884 3328 4945; x_wconf 73' lang='lat' dir='ltr'><strong>Guibonto</strong></span> <span class='ocrx_word' id='word_1_768' title='bbox 3340 4883 3718 4956; x_wconf 45' lang='lat' dir='ltr'><strong>pontifici“-</strong></span> 
     </span>
    </p>
   </div>
   <div class='ocr_carea' id='block_1_106' title="bbox 2064 4973 3714 5047">
    <p class='ocr_par' dir='ltr' id='par_1_106' title="bbox 2064 4973 3714 5047">
     <span class='ocr_line' id='line_1_107' title="bbox 2064 4973 3714 5047; baseline -0.013 -8"><span class='ocrx_word' id='word_1_769' title='bbox 2064 4980 2370 5039; x_wconf 66' lang='lat' dir='ltr'><strong>haererent.</strong></span> <span class='ocrx_word' id='word_1_770' title='bbox 2404 4976 2586 5045; x_wconf 81' lang='lat' dir='ltr'><strong>Solus,</strong></span> <span class='ocrx_word' id='word_1_771' title='bbox 2615 4974 2812 5047; x_wconf 87' lang='lat' dir='ltr'><strong>inquit</strong></span> <span class='ocrx_word' id='word_1_772' title='bbox 2859 4973 3191 5043; x_wconf 88' lang='lat' dir='ltr'><strong>Ordericus,</strong></span> <span class='ocrx_word' id='word_1_773' title='bbox 3222 4974 3491 5039; x_wconf 46' lang='lat' dir='ltr'><strong>Henricus,</strong></span> <span class='ocrx_word' id='word_1_774' title='bbox 3542 4975 3714 5047; x_wconf 63' lang='lat' dir='ltr'><strong>Im.</strong></span> 
     </span>
    </p>
   </div>
   <div class='ocr_carea' id='block_1_107' title="bbox 2063 5062 3714 5139">
    <p class='ocr_par' dir='ltr' id='par_1_107' title="bbox 2063 5062 3714 5139">
     <span class='ocr_line' id='line_1_108' title="bbox 2063 5062 3714 5139; baseline 0.002 -14"><span class='ocrx_word' id='word_1_775' title='bbox 2063 5076 2256 5125; x_wconf 87' lang='lat' dir='ltr'><strong>tonum</strong></span> <span class='ocrx_word' id='word_1_776' title='bbox 2287 5067 2541 5139; x_wconf 85' lang='lat' dir='ltr'><strong>princeps</strong></span> <span class='ocrx_word' id='word_1_777' title='bbox 2589 5069 2641 5121; x_wconf 86' lang='lat' dir='ltr'><strong>et</strong></span> <span class='ocrx_word' id='word_1_778' title='bbox 2667 5064 2945 5136; x_wconf 85' lang='lat' dir='ltr'><strong>pedisequi</strong></span> <span class='ocrx_word' id='word_1_779' title='bbox 2992 5062 3233 5135; x_wconf 55' lang='lat' dir='ltr'><strong>dualem</strong></span> <span class='ocrx_word' id='word_1_780' title='bbox 3256 5062 3509 5131; x_wconf 75' lang='lat' dir='ltr'><strong>Guiberto</strong></span> <span class='ocrx_word' id='word_1_781' title='bbox 3537 5064 3714 5129; x_wconf 65' lang='lat' dir='ltr'><strong>adhae-</strong></span> 
     </span>
    </p>
   </div>
   <div class='ocr_carea' id='block_1_108' title="bbox 2066 5153 3710 5227">
    <p class='ocr_par' dir='ltr' id='par_1_108' title="bbox 2066 5153 3710 5227">
     <span class='ocr_line' id='line_1_109' title="bbox 2066 5153 3710 5227; baseline -0.002 -14"><span class='ocrx_word' id='word_1_782' title='bbox 2066 5158 2258 5213; x_wconf 84' lang='lat' dir='ltr'><strong>rebant</strong></span> <span class='ocrx_word' id='word_1_783' title='bbox 2276 5173 2297 5217; x_wconf 87' lang='lat'><em>;</em></span> <span class='ocrx_word' id='word_1_784' title='bbox 2328 5153 2475 5210; x_wconf 86' lang='lat' dir='ltr'><strong>Galli</strong></span> <span class='ocrx_word' id='word_1_785' title='bbox 2501 5169 2626 5210; x_wconf 84' lang='lat' dir='ltr'><strong>vero</strong></span> <span class='ocrx_word' id='word_1_786' title='bbox 2653 5162 2705 5209; x_wconf 89' lang='lat' dir='ltr'><strong>et</strong></span> <span class='ocrx_word' id='word_1_787' title='bbox 2732 5154 2916 5223; x_wconf 85' lang='lat' dir='ltr'><strong>Angli,</strong></span> <span class='ocrx_word' id='word_1_788' title='bbox 2948 5153 3181 5225; x_wconf 74' lang='lat' dir='ltr'><strong>aliaeque</strong></span> <span class='ocrx_word' id='word_1_789' title='bbox 3209 5159 3394 5227; x_wconf 57' lang='lat' dir='ltr'><strong>gates</strong></span> <span class='ocrx_word' id='word_1_790' title='bbox 3428 5168 3570 5225; x_wconf 73' lang='lat' dir='ltr'><strong>pene</strong></span> <span class='ocrx_word' id='word_1_791' title='bbox 3595 5168 3710 5221; x_wconf 76' lang='lat' dir='ltr'><strong>qm-</strong></span> 
     </span>
    </p>
   </div>
   <div class='ocr_carea' id='block_1_109' title="bbox 2064 5238 3714 5317">
    <p class='ocr_par' dir='ltr' id='par_1_109' title="bbox 2064 5238 3714 5317">
     <span class='ocr_line' id='line_1_110' title="bbox 2064 5238 3714 5317; baseline -0.005 -15"><span class='ocrx_word' id='word_1_792' title='bbox 2064 5263 2157 5302; x_wconf 85' lang='lat' dir='ltr'><strong>nes</strong></span> <span class='ocrx_word' id='word_1_793' title='bbox 2200 5261 2300 5317; x_wconf 84' lang='lat' dir='ltr'><strong>per</strong></span> <span class='ocrx_word' id='word_1_794' title='bbox 2348 5244 2533 5299; x_wconf 82' lang='lat' dir='ltr'><strong>orbem</strong></span> <span class='ocrx_word' id='word_1_795' title='bbox 2585 5243 2800 5301; x_wconf 84' lang='lat' dir='ltr'><strong>Urbano</strong></span> <span class='ocrx_word' id='word_1_796' title='bbox 2841 5244 2934 5313; x_wconf 90' lang='lat' dir='ltr'><strong>pie</strong></span> <span class='ocrx_word' id='word_1_797' title='bbox 2977 5241 3432 5307; x_wconf 72' lang='lat' dir='ltr'><strong>obsecundabant.</strong></span> <span class='ocrx_word' id='word_1_798' title='bbox 3466 5238 3613 5311; x_wconf 80' lang='lat' dir='ltr'><strong>Quin</strong></span> <span class='ocrx_word' id='word_1_799' title='bbox 3652 5242 3714 5305; x_wconf 82' lang='lat' dir='ltr'><strong>et</strong></span> 
     </span>
    </p>
   </div>
   <div class='ocr_carea' id='block_1_110' title="bbox 2062 5327 3717 5402">
    <p class='ocr_par' dir='ltr' id='par_1_110' title="bbox 2062 5327 3717 5402">
     <span class='ocr_line' id='line_1_111' title="bbox 2062 5327 3717 5402; baseline -0.002 -12"><span class='ocrx_word' id='word_1_800' title='bbox 2062 5335 2279 5399; x_wconf 79' lang='lat' dir='ltr'><strong>Pisoni,</strong></span> <span class='ocrx_word' id='word_1_801' title='bbox 2313 5336 2380 5388; x_wconf 91' lang='lat' dir='ltr'><strong>ut</strong></span> <span class='ocrx_word' id='word_1_802' title='bbox 2408 5332 2586 5397; x_wconf 84' lang='lat' dir='ltr'><strong>habet</strong></span> <span class='ocrx_word' id='word_1_803' title='bbox 2615 5330 2941 5402; x_wconf 85' lang='lat' dir='ltr'><strong>Bertoldus,</strong></span> <span class='ocrx_word' id='word_1_804' title='bbox 2976 5330 3279 5397; x_wconf 75' lang='lat' dir='ltr'><strong>Cannenses</strong></span> <span class='ocrx_word' id='word_1_805' title='bbox 3304 5334 3358 5399; x_wconf 82' lang='lat' dir='ltr'><strong>et</strong></span> <span class='ocrx_word' id='word_1_806' title='bbox 3542 5327 3717 5397; x_wconf 71' lang='lat' dir='ltr'><strong>multi</strong></span> 
     </span>
    </p>
   </div>
   <div class='ocr_carea' id='block_1_111' title="bbox 2063 5418 3716 5492">
    <p class='ocr_par' dir='ltr' id='par_1_111' title="bbox 2063 5418 3716 5492">
     <span class='ocr_line' id='line_1_112' title="bbox 2063 5418 3716 5492; baseline -0.004 -12"><span class='ocrx_word' id='word_1_807' title='bbox 2063 5440 2132 5480; x_wconf 74' lang='lat' dir='ltr'><strong>ea:</strong></span> <span class='ocrx_word' id='word_1_808' title='bbox 2161 5422 2346 5487; x_wconf 83' lang='lat' dir='ltr'><strong>Italia,</strong></span> <span class='ocrx_word' id='word_1_809' title='bbox 2378 5418 2670 5477; x_wconf 87' lang='lat' dir='ltr'><strong>debellato</strong></span> <span class='ocrx_word' id='word_1_810' title='bbox 2702 5436 2820 5476; x_wconf 88' lang='lat' dir='ltr'><strong>uno</strong></span> <span class='ocrx_word' id='word_1_811' title='bbox 2850 5436 2919 5475; x_wconf 82' lang='lat' dir='ltr'><strong>ex</strong></span> <span class='ocrx_word' id='word_1_812' title='bbox 2963 5418 3251 5489; x_wconf 81' lang='lat' dir='ltr'><strong>Africanis</strong></span> <span class='ocrx_word' id='word_1_813' title='bbox 3288 5418 3549 5492; x_wconf 71' lang='lat' dir='ltr'><strong>regibus,</strong></span> <span class='ocrx_word' id='word_1_814' title='bbox 3588 5434 3716 5485; x_wconf 66' lang='lat' dir='ltr'><strong>eum</strong></span> 
     </span>
    </p>
   </div>
   <div class='ocr_carea' id='block_1_112' title="bbox 2061 5507 3711 5587">
    <p class='ocr_par' dir='ltr' id='par_1_112' title="bbox 2061 5507 3711 5587">
     <span class='ocr_line' id='line_1_113' title="bbox 2061 5507 3711 5587; baseline -0.003 -18"><span class='ocrx_word' id='word_1_815' title='bbox 2061 5512 2367 5587; x_wconf 51' lang='lat' dir='ltr'><strong>apostolica</strong></span> <span class='ocrx_word' id='word_1_816' title='bbox 2395 5509 2536 5566; x_wconf 82' lang='lat' dir='ltr'><strong>sedis</strong></span> <span class='ocrx_word' id='word_1_817' title='bbox 2563 5509 2930 5577; x_wconf 70' lang='lat' dir='ltr'><strong>tributariam</strong></span> <span class='ocrx_word' id='word_1_818' title='bbox 2966 5512 3233 5581; x_wconf 73' lang='lat' dir='ltr'><strong>fecerunt.</strong></span> <span class='ocrx_word' id='word_1_819' title='bbox 3266 5507 3457 5579; x_wconf 58' lang='lat' dir='ltr'><strong>(illius</strong></span> <span class='ocrx_word' id='word_1_820' title='bbox 3476 5508 3711 5581; x_wconf 72' lang='lat' dir='ltr'><strong>expedi-</strong></span> 
     </span>
    </p>
   </div>
   <div class='ocr_carea' id='block_1_113' title="bbox 2062 5596 3717 5673">
    <p class='ocr_par' dir='ltr' id='par_1_113' title="bbox 2062 5596 3717 5673">
     <span class='ocr_line' id='line_1_114' title="bbox 2062 5596 3717 5673; baseline -0.004 -14"><span class='ocrx_word' id='word_1_821' title='bbox 2062 5600 2241 5673; x_wconf 76' lang='lat' dir='ltr'><strong>tionis</strong></span> <span class='ocrx_word' id='word_1_822' title='bbox 2272 5597 2539 5663; x_wconf 79' lang='lat' dir='ltr'><strong>meminit</strong></span> <span class='ocrx_word' id='word_1_823' title='bbox 2551 5597 2877 5665; x_wconf 81' lang='lat' dir='ltr'><strong>Chronicon</strong></span> <span class='ocrx_word' id='word_1_824' title='bbox 2910 5596 3279 5667; x_wconf 57' lang='lat' dir='ltr'><strong>Pisannmﬁn</strong></span> <span class='ocrx_word' id='word_1_825' title='bbox 3303 5612 3421 5670; x_wconf 71' lang='lat' dir='ltr'><strong>quo</strong></span> <span class='ocrx_word' id='word_1_826' title='bbox 3447 5596 3575 5666; x_wconf 66' lang='lat' dir='ltr'><strong>duae</strong></span> <span class='ocrx_word' id='word_1_827' title='bbox 3598 5613 3717 5665; x_wconf 68' lang='lat' dir='ltr'><strong>mu-</strong></span> 
     </span>
    </p>
   </div>
  </div>
