4000 6178
220 320 322 407 sa
840 374 847 381 -
1539 364 1546 373 -
1744 324 1905 408 ην

2018 328 2061 407 t.
2642 370 2657 383 ε
3506 320 3666 411 si

238 478 540 533 uilissima
570 477 746 533 urbes
778 475 872 533 die
893 473 1080 532 sancti
1108 473 1261 532 Xixtl
1282 481 1463 550 captaa
1485 478 1902 535 memorantur.
1934 483 1989 550 Α
2018 478 2328 555 episcopus
2358 478 2721 549 Portuensis,
2753 485 2809 537 et
2839 474 3185 538 Benedictus
3216 481 3542 555 praefectus‘
3570 492 3665 540 re-

310 584 481 643 XXV.
514 585 879 642 Particularis
929 584 1044 657 ejus
1102 583 1385 657 electionis
1439 584 1728 657 descriptio
1766 601 1837 641 ex

780 657 1050 713 Chronico
1083 656 1385 713 Casir’wnsi.

321 744 441 802 Huc
473 760 667 818 usque
700 743 895 800 varios
943 747 1231 814 auctores,
1265 745 1365 818 qui
1419 746 1555 801 data
1601 745 1906 801 occasione

245 834 597 891 summatim
634 833 703 890 de
732 826 950 890 Urbani
981 834 1263 890 electione
1295 833 1677 907 scripserunt,
1703 833 1905 889 lauda-

237 923 481 980 vimus:
510 926 638 996 jam
668 928 805 979 vero
831 923 1090 996 proferre
1119 922 1263 979 libet
1290 925 1586 998 egregiam
1631 924 1760 994 ejus
1807 924 1905 979 de-

238 1013 655 1086 scriptionem,
690 1024 866 1085 quam
899 1013 1105 1069 Petrus
1149 1012 1432 1071 diaconus
1462 1013 1611 1069 libro
1640 1030 1698 1068 Iv
1727 1011 1906 1068 Chro-

238 1103 362 1157 nici
395 1101 732 1158 Casinensis
752 1116 880 1174 cap.
907 1104 943 1157 2
972 1100 1239 1169 inseruit,
1272 1100 1373 1157 ubi
1404 1117 1638 1158 omnem
1657 1103 1785 1174 ejus
1816 1116 1910 1157 se-

238 1189 396 1247 riem
426 1200 563 1247 cum
590 1187 844 1264 singulis
873 1190 1335 1248 circumstantiis
1365 1191 1492 1247 fuse
1512 1195 1569 1246 et
1598 1187 1909 1263 particula-

238 1279 356 1335 tim
392 1278 665 1352 explicat.

316 1388 349 1417 «ι
381 1367 526 1424 Post
552 1370 801 1424 mortem
824 1364 1074 1425 VictOris
1117 1367 1357 1425 tristitia
1387 1369 1592 1442 ingens
1618 1373 1675 1425 et
1703 1368 1906 1441 despe-

240 1456 397 1512 ratio
420 1460 665 1513 cunctos
688 1459 903 1512 nostra
924 1456 1109 1528 partis
1132 1456 1379 1524 invasit;
1408 1461 1464 1513 et
1477 1458 1601 1528 jam
1626 1456 1742 1513 fere
1765 1456 1907 1529 quid

243 1552 511 1618 agerent,
541 1545 629 1600 vel
653 1546 905 1618 qualiter
936 1563 996 1601 se
1028 1546 1099 1601 de
1124 1545 1383 1601 Ecclesia
1432 1546 1907 1612 intromitterent,

244 1633 621 1707 ignorabant.
652 1634 960 1708 Episcopis
996 1634 1456 1707 circumquaque
1483 1634 1766 1707 dispersis
1799 1634 1908 1689 fre-

246 1728 501 1796 quentes
531 1722 746 1790 nuntii,
781 1723 1086 1796 crebrique
1132 1722 1308 1796 legati
1341 1728 1461 1779 tam
1512 1723 1908 1779 Romanorum

2016 567 2276 623 tulerunt
2325 573 2381 624 et
2438 568 2550 642 ipsi
2582 575 2701 626 tam
2763 569 3107 626 clericorum
3162 585 3338 644 quam
3380 570 3663 629 laicorum

2015 657 2277 713 fidelium
2311 674 2345 713 a
2402 658 2588 714 Roma
2644 675 2821 731 super
2876 660 2983 715 hoc
3040 661 3272 733 negotio
3313 660 3665 734 legationem

2015 746 2234 818 pariter
2252 751 2425 818 atque
2456 762 2839 814 consensum;
2864 749 3148 817 videlicet,
3173 754 3239 805 ut
3259 764 3666 824 quemcunque

2015 834 2127 906 ipsi
2148 839 2285 890 tunc
2300 835 2565 892 unanimi
2582 846 2711 893 voto
2736 838 2804 892 ad
2829 837 2937 893 hoc
2960 839 3214 895 ofﬁcium
3237 843 3663 912 promoverent,

2015 923 2289 979 eumdem
2307 938 2511 980 omnes
2529 926 2652 997 pari
2676 932 2732 981 et
2757 925 2935 981 simili
2953 940 3242 983 consensu
3266 928 3325 984 in
3348 929 3666 1002 apostolica

2017 1010 2153 1067 sede
2180 1013 2554 1069 statuendum
2587 1014 2928 1087 reciperent.
2962 1019 3223 1088 Cumque
3251 1016 3430 1089 hujus
3461 1032 3665 1075 mona-

2017 1098 2176 1155 sterii
2234 1100 2417 1156 abbas
2473 1105 2531 1156 et
2560 1101 3037 1175 archiepiscopus
3095 1104 3428 1176 Capuanus,
3488 1109 3545 1160 et
3591 1107 3665 1163 ad

2015 1193 2379 1260 postremum
2413 1190 2512 1261 qui
2553 1197 2962 1258 convenerant,
2997 1192 3363 1248 benefactum
3397 1198 3668 1266 rectethe

2016 1275 2238 1333 dictum
2286 1276 2692 1335 laudassent...
2729 1284 3061 1336 statuerunt
3092 1280 3328 1337 demum
3361 1283 3663 1338 communi

2016 1365 2281 1435 consilio,
2317 1371 2381 1422 ut
2408 1385 2513 1439 per
2540 1374 2657 1425 tres
2688 1368 2819 1425 illos
2863 1369 3009 1436 dies,
3060 1370 3116 1424 id
3168 1372 3257 1425 est
3289 1370 3557 1443 quintam
3610 1376 3670 1428 et

2018 1460 2240 1512 sextam
2290 1455 2515 1526 feriam,
2552 1473 2618 1514 ac
2647 1457 2901 1514 Sabbato
2948 1458 3290 1515 triduanum
3339 1459 3670 1533 specialiter

2010 1546 2305 1616 jejunium
2339 1546 2695 1602 celebrarent
2740 1547 2801 1602 in
2839 1544 3193 1603 abstinentia
3222 1553 3279 1603 et
3304 1547 3669 1606 orationibus

2018 1651 2083 1689 ac
2115 1633 2518 1707 eleemosynis,
2572 1634 2851 1690 divinitus
2906 1636 3132 1691 ostendi
3192 1636 3304 1692 sibi
3354 1640 3667 1710 personam

2016 1727 2189 1778 tanta;
2220 1723 2491 1796 dignitati
2524 1724 2874 1796 condignam
2906 1725 3201 1781 continuis
3229 1724 3503 1797 precibus
3554 1725 3667 1781 im-

247 1820 430 1919 qnafn
463 1811 1477 1919 UltramontaporumOet.cqmitissae
1505 1811 1803 1919 lilathilda:
1836 1812 1907 1867 ad
1941 1850 1987 1919 Β
2018 1816 2331 1919 pararent.
2364 1812 2665 1919 Do‘minica
2688 1815 2893 1919 itaque
2929 1814 3021 1869 die
3049 1813 3214 1915 valde
3244 1830 3438 1916 mane.
3462 1826 3669 1870 omnes

250 1902 490 1958 eosdem
507 1900 816 1975 episcopos
835 1901 1191 1967 transmissi,
1212 1900 1600 1958 hortabantur
1616 1901 1830 1973 pariter
1844 1917 1910 1957 ac
1942 1900 1987 1919 ”
2018 1900 2231 1955 iterum
2261 1901 2319 1956 in
2352 1902 2556 1957 eadem
2587 1901 2829 1958 ecclesia
2859 1902 3216 1977 congregati,
3258 1916 3393 1959 cum
3423 1901 3577 1959 inter
3605 1906 3668 1959 'se

254 1991 538 2063 rogabant
567 1994 701 2045 ut...
736 1988 795 2044 in
844 2004 1029 2045 unum
1063 1988 1472 2046 convenientes
1504 1994 1678 2062 caput
1724 1989 1909 2046 facere
2019 1990 2233 2062 pariter
2281 1990 2564 2046 nonnulla
2602 1992 2672 2046 de
2706 2008 2765 2046 re
2798 1991 3205 2064 hujuscemodi
3237 1991 3667 2064 tractavissent,

247 2078 716 2135 Christianitatis
737 2082 1097 2152 satagerent:
1116 2078 1383 2135 membra
1395 2079 1494 2135 Dei
1509 2077 1720 2134 auxilio
1734 2078 1909 2150 capiti

246 2184 368 2224 non
422 2166 720 2224 defutura.
751 2168 1012 2223 Tandem
1070 2167 1269 2239 itaque
1321 2183 1559 2223 rursum
1622 2167 1680 2221 in
1724 2178 1910 2225 unum

246 2256 588 2324 coadnnati,
627 2271 748 2312 una
778 2272 912 2312 cum
957 2256 1167 2312 abbate
1199 2260 1402 2312 nostro
1440 2255 1704 2313 Oderisio
1738 2256 1912 2311 misc-

248 2350 393 2402 runt
442 2345 672 2402 litteras
730 2345 1009 2401 Romanis
1065 2344 1295 2401 clericis
1353 2361 1418 2401 ac
1469 2343 1655 2410 laicis,
1712 2345 1910 2401 Sancti

246 2434 406 2491 Petri
439 2432 733 2501 ﬁdelibus,
763 2436 829 2489 ut
858 2439 1145 2507 quotquot
1193 2451 1261 2490 ex
1302 2434 1387 2490 eis
1427 2440 1689 2507 possent,
1722 2434 1912 2506 prima

248 2522 625 2581 hebdomada
654 2524 1147 2597 Quadragesimaa,
1192 2524 1568 2580 Terracinam
1601 2523 1867 2579 venirent
1896 2540 1908 2579 :

256 2616 547 2686 quotquot
572 2628 707 2668 vero
764 2629 878 2667 non
932 2618 1188 2687 possent,
1251 2628 1563 2669 assensum
1618 2629 1792 2667 suum
1851 2612 1909 2667 in

256 2716 530 2775 persona,
564 2714 740 2774 quam
776 2701 885 2775 ipsi
921 2702 1193 2758 concordi
1240 2706 1374 2757 voto
1421 2701 1725 2774 eligerent,
1777 2716 1909 2773 pro-

246 2789 405 2863 ‘priis
437 2789 651 2846 litteris
679 2795 1182 2864 repraesentarent.
1216 2790 1495 2846 Similiter
1524 2791 1700 2847 etiam
1736 2791 1907 2845 mise-

262 2880 402 2935 rtmt
425 2878 651 2935 litteras
701 2880 993 2937 universis
1045 2880 1504 2952 circumquaque
1533 2896 1637 2952 per
1666 2879 1909 2953 Campa-

262 2969 445 3035 niam,
503 2968 924 3041 Principatum,
980 2973 1153 3041 alque
1211 2968 1484 3042 Apuliam
1531 2969 1909 3025 manentibus

258 3057 548 3131 episcopis
606 3062 780 3130 atque
813 3057 1144 3125 abbatibus,
1176 3063 1243 3114 ut
1286 3058 1621 3131 quicunque
1672 3062 1912 3130 possent

262 3148 481 3219 absque
514 3148 791 3203 canonica
812 3147 1179 3203 excusatione
1212 3164 1316 3221 per
1347 3148 1570 3220 seipsos
1597 3147 1667 3203 ad
1701 3146 1910 3219 praedi-

262 3242 419 3291 ctum
432 3235 625 3292 lotum
639 3240 696 3292 et
709 3242 945 3308 tempus
961 3219 1330 3292 occurrerent
1347 3252 1361 3304 ;‘
1377 3219 1489 3292 neu
1510 3241 1703 3292 autem
1719 3235 1910 3292 valen-
1938 3219 1982 3288 C

265 3327 371 3391 tes,
397 3328 498 3381 aut
523 3338 629 3398 per
653 3324 896 3381 idoneas
924 3342 1224 3397 personas,
1257 3329 1358 3382 aut
1388 3329 1540 3382 certe
1567 3341 1670 3397 per
1688 3323 1911 3381 litteras

267 3422 805 3469 consensum-suum
822 3415 1220 3471 transmittere
1234 3415 1662 3488 perstuderent.
1672 3414 1910 3469 Factum

260 3503 368 3569 est,
402 3504 458 3557 et
482 3506 696 3574 quarta
743 3501 883 3557 fcria
916 3503 1114 3573 prima:
1166 3501 1549 3558 hebdomadis
1579 3502 1911 3576 Quadruge»

264 3589 441 3662 sima,
499 3600 604 3646 vni
660 3589 886 3647 scilicet
942 3592 1077 3648 Idus
1134 3590 1348 3663 Martii,
1394 3591 1728 3664 congregati
1773 3596 1912 3647 sunt

261 3678 411 3752 apud
440 3679 818 3736 Terracinam
880 3681 1203 3754 Campanim
1266 3679 1559 3736 civitatem
1614 3696 1747 3736 cum
1786 3679 1911 3752 epi-

257 3770 449 3841 scopis
479 3774 539 3825 et
588 3769 986 3825 cardinalibus
1015 3768 1295 3826 Romanis
1342 3786 1522 3843 supra
1569 3767 1909 3837 nominatis,

255 3863 431 3932 atque
461 3872 595 3915 cum
648 3862 851 3914 nostro
881 3859 1087 3915 abbate
1133 3859 1419 3926 Oderisio,
1464 3858 1909 3931 archiepiscopi,

254 3948 535 4021 episcopi,
568 3951 745 4021 atque
788 3948 1030 4004 abbates
1076 3964 1143 4004 ex
1173 3948 1434 4019 ,diversis
1480 3946 1767 4021 partibus,
1803 3963 1910 4003 nu-

252 4052 413 4093 mero
445 4034 878 4109 quadraginta;
913 4037 986 4092 ab
1016 4038 1158 4093 urbe
1188 4041 1383 4093 autem
1415 4036 1619 4104 Roma,
1657 4034 1914 4092 Joannes

252 4124 595 4182 Portue'nsis
619 4126 951 4198 episcopus,
976 4126 1240 4181 omnium
1268 4125 1654 4182 cardinalium
1674 4132 1727 4182 et
1753 4124 1915 4181 cleri-

250 4226 454 4283 corum
508 4212 806 4270 catholicae
847 4214 1129 4269 duntaxat
1156 4215 1307 4287 parti
1340 4215 1657 4270 faventium
1686 4232 1699 4282 ;
1734 4214 1913 4269 Bene-

254 4300 447 4361 dictus
474 4318 617 4358 vero
644 4304 973 4375 praefectus,
1009 4304 1415 4360 universorum
1449 4302 1731 4359 laicorum
1768 4302 1909 4358 lide-

258 4389 401 4447 liurn
454 4390 814 4465 legationem
882 4395 939 4447 et
996 4408 1349 4461 consensum
1409 4391 1749 4448 unanimem
1809 4407 1913 4463 per

254 4479 475 4537 litteras
516 4476 863 4536 attulerunt.
900 4479 1248 4554 Legatorum
1282 4484 1479 4536 autem
1513 4480 1911 4537 Ultramonta-

2017 2084 2394 2152 exsurgentes
2442 2085 2559 2136 tres
2618 2080 2943 2136 cardinales
3002 2080 3281 2154 episcopi,
3343 2081 3443 2153 qui
3492 2085 3671 2154 caput

2018 2168 2282 2238 ejusdem
2328 2166 2556 2224 condilii
2583 2177 2767 2238 erant,
2806 2169 3142 2225 Portuensis
3174 2170 3413 2238 scilicet,
3445 2173 3669 2225 Tuscu-

2016 2256 2278 2312 lanensis
2333 2261 2390 2312 et
2444 2256 2814 2323 Albanensis,
2875 2257 3185 2314 ambonem
3254 2258 3667 2325 ascenderunt,

2019 2345 2286 2417 factoque
2316 2345 2567 2412 silentio,
2599 2361 2716 2401 uno
2770 2346 2949 2401 simul
3007 2363 3104 2400 ore
3155 2347 3538 2418 pronuntiant
3567 2348 3666 2402 Ot-

2018 2439 2211 2489 toncm
2235 2434 2573 2507 episcOpum
2597 2433 2821 2506 placere
2850 2433 2961 2489 sibi
2993 2434 3051 2489 in
3078 2434 3403 2489 Romanum
3438 2435 3672 2507 pontiﬁ-

2018 2539 2145 2578 cem
2203 2522 2557 2596 eligendum.
2617 2523 2883 2595 Cumque
2932 2527 3130 2578 utrum
3188 2523 3465 2579 omnibus
3511 2523 3669 2579 idem

2018 2628 2253 2684 quoque
2279 2611 2551 2684 placeret,
2578 2612 2729 2667 sicut
2752 2618 2841 2667 est
2870 2613 3257 2682 consuetudo,
3281 2611 3666 2685 requirerent;

2018 2705 2253 2772 repente
2283 2699 2536 2756 mirabili
2569 2716 2635 2756 ac
2666 2714 2899 2757 summa
2930 2701 3263 2770 concordia,
3314 2716 3519 2758 omnes
3544 2710 3669 2757 ma-

2017 2806 2132 2862 gna
2151 2806 2290 2845 voce
2311 2789 2418 2844 hoc
2438 2789 2550 2844 sibi
2568 2788 2815 2862 placere,
2836 2790 3200 2862 dignumque
3221 2790 3390 2845 illum
3413 2790 3670 2846 universi

2017 2877 2386 2934 conclamant
2415 2877 2747 2950 apostolicae
2775 2878 2931 2934 sedis
2964 2895 3175 2951 papam
3206 2880 3472 2935 existere.
3505 2880 3670 2935 Tunc

2015 2966 2331 3024 Albanensi
2379 2968 2650 3040 episcopo
2700 2969 3137 3040 pronuntiante,
3193 2970 3469 3026 Urbanum
3505 2966 3670 3025 illum

2018 3056 2245 3130 placere
2267 3057 2488 3125 vocari;
2523 3070 2656 3112 mox
2682 3057 2871 3111 cuncti
2897 3064 3204 3129 surgentes
3226 3052 3488 3131 capiunt,
3514 3072 3673 3114 eum-

2018 3160 2131 3218 que
2163 3160 2408 3218 cappam
2427 3144 2654 3200 laneam
2686 3149 2985 3215 exucntes,
3014 3160 3371 3219 purpuream
3393 3147 3668 3213 induunt,

2022 3241 2078 3291 et
2107 3251 2241 3289 cum
2289 3233 2728 3299 acclamatione,
2761 3241 2935 3306 atque
2993 3236 3359 3291 invocatione
3414 3235 3670 3308 Spiritus

2021 3323 2206 3378 sancti
2240 3323 2311 3378 ad
2342 3322 2529 3377 altare
2552 3322 2704 3377 beati
2748 3322 2897 3378 Petri
2930 3323 3176 3394 apostoli
3235 3323 3401 3378 illum
3451 3326 3673 3395 pertra-

2021 3410 2245 3477 hentes,
2309 3411 2368 3465 in
2427 3409 2741 3483 pontificali
2805 3409 2950 3466 solio
3006 3414 3235 3484 ponunt
3289 3415 3496 3483 quarto
3531 3410 3669 3466 Idus

2019 3499 2240 3556 Martii:
2271 3499 2472 3573 sicque
2502 3500 2574 3556 ab
2605 3499 2807 3556 eodem
2831 3499 3105 3572 pontifice
3129 3500 3312 3556 missa
3331 3498 3673 3556 solemniter

2020 3588 2331 3654 celebrata,
2366 3589 2619 3644 universi
2646 3589 2989 3661 gaudentes,
3018 3588 3251 3661 Deoque
3281 3589 3502 3662 gratias
3528 3587 3674 3644 refe-

2021 3683 2236 3744 rentes,
2296 3676 2593 3734 redierunt
2626 3678 2698 3733 ad
2750 3693 2875 3732 sua.
2935 3678 3061 3733 llaec
3108 3677 3311 3734 Petrus
3362 3678 3667 3745 diaconus,

2020 3766 2237 3839 quibus
2276 3767 2581 3839 jungenda
2629 3784 2757 3839 qua:
2792 3767 2916 3839 ipse
2948 3765 3217 3822 Urbanus
3248 3767 3426 3825 habet
3454 3768 3514 3823 in
3545 3768 3671 3840 epi-

2020 3855 2185 3912 stolis
2217 3872 2397 3929 supra
2426 3855 2699 3911 laudatis.

2019 3961 2206 4019 XXVI.
2239 3964 2500 4035 Pontifex
2532 3963 2729 4018 Casini
2772 3964 3039 4035 miraculo
3067 3971 3320 4019 sanatur.
3354 3964 3483 4019 Inde
3511 3981 3670 4020 assu-

2471 4036 2572 4089 mit
2595 4036 2867 4091 Joannem
2898 4034 3211 4088 diaconum.

2091 4123 2300 4179 Narrat
2328 4122 2484 4178 idem
2536 4122 2739 4178 Petrus
2784 4121 2933 4178 libro
2964 4139 3041 4190 1v,
3095 4136 3221 4193 cap.
3252 4123 3308 4178 5.
3368 4120 3669 4180 Urbanum

2020 4216 2152 4284 post
2180 4228 2348 4267 suam
2381 4210 2724 4267 electionem
2776 4227 3009 4267 sacrum
3064 4210 3260 4267 Casini
3290 4217 3551 4269 montem
3579 4212 3669 4269 in-

2018 4300 2245 4369 visisse,
2304 4300 2503 4371 ibique
2558 4300 2747 4355 sancti
2779 4299 2970 4355 Patris
3026 4298 3319 4355 Benedicti
3377 4300 3673 4357 meritisa

2021 4389 2365 4463 gravissimo
2397 4389 2596 4445 lateris
2626 4387 2846 4456 dolore,
2889 4405 3005 4460 quo
3040 4389 3372 4461 frequenter
3400 4388 3670 4445 afﬂictarl

2020 4478 2264 4545 solebat,
2282 4482 2342 4533 tu
2352 4493 2538 4550 neque
2561 4477 2932 4533 vehementer
2950 4477 3333 4548 afficiebatur,
3356 4477 3670 4535 liberatum

252 4582 466 4626 norum
490 4572 550 4626 et
566 4566 858 4625 Mathildae
881 4569 1190 4626 comitissm
1214 4569 1479 4625 nonnulli
1497 4569 1910 4637 interfuerunt,
1942 4584 1989 4656 Β
2021 4567 2542 4639 fuisse.Subjungit
2556 4567 2757 4656 l’etrus
2772 4567 2878 4622 hoc
2894 4566 3245 4622 miraculum
3261 4566 3669 4656 testimonium

249 4660 490 4716 orantes
519 4660 812 4715 instanter
837 4663 900 4715 ut
932 4658 1120 4714 eidem
1154 4663 1392 4732 propter
1421 4675 1599 4732 quam
1633 4676 1911 4716 convene-
1943 4654 1955 4656 ’
2022 4656 2112 4712 sui
2143 4658 2385 4728 corporis
2417 4654 2572 4728 apud
2602 4655 2877 4711 Casinum
2896 4658 3215 4729 prazsentiaz
3244 4672 3277 4711 a
3297 4656 3465 4713 beato
3496 4654 3670 4713 Beas-

259 4752 394 4805 r'ant
441 4747 547 4817 rei,
580 4760 716 4805 cum
750 4748 967 4804 auxilio
996 4752 1053 4803 et
1080 4747 1272 4821 gratia
1302 4748 1557 4821 Spiritus
1588 4748 1799 4817 sancti,
1834 4748 1916 4806 ita
2023 4744 2179 4801 dicto
2227 4748 2520 4817 patratum
2554 4744 2755 4813 fuisse,
2789 4744 2965 4817 quod,
2999 4744 3211 4817 inquit,
3239 4760 3307 4801 ea
3335 4746 3411 4802 de‘
3439 4761 3499 4801 re
3524 4756 3670 4818 pon-

257 4837 564 4894 studerent
590 4842 654 4893 ut
677 4835 1000 4893 lzetaillisa
1021 4837 1236 4909 quibus
1259 4836 1431 4910 legati
1455 4838 1686 4895 fuerant
1708 4839 1914 4895 nuntia
2020 4834 2158 4890 tifex
2187 4832 2455 4889 dubitare
2485 4832 2777 4889 videretur
2825 4834 3060 4906 (Bullar.
3097 4834 3277 4889 Casia.
3313 4838 3353 4889 t.
3388 4835 3433 4904 Ι,
3465 4848 3521 4905 p.
3558 4834 3668 4902 12).

265 4925 472 4982 referre
524 4925 805 4982 valerent.
867 4926 1063 4983 Altera
1120 4925 1301 4999 igitur
1348 4925 1462 4992 die,
1514 4933 1911 4985 convenerunt
2018 4925 2087 4979 Et
2104 4925 2340 4996 quidem
2371 4923 2588 4996 vulgati
2620 4928 2885 4978 auctores
2907 4921 3128 4979 bullam
3162 4921 3378 4978 Urbani
3409 4938 3476 4977 ea
3504 4934 3666 4978 occa-

260 5026 461 5070 omnes
496 5015 713 5088 pariter
743 5016 819 5071 ad
848 5012 1215 5089 episcopium
1248 5015 1532 5087 praedictas
1563 5015 1815 5072 civitatis
1845 5017 1904 5073 in

252 5100 503 5159 ecclesia
516 5104 664 5161 beati
689 5104 1089 5178 apostolorum
1105 5105 1389 5179 principis
1402 5107 1459 5160 et
1475 5105 1663 5161 sancti
1687 5104 1903 5162 Christi

250 5190 442 5246 levitas
455 5192 912 5261 Cesarii,etcum
924 5190 1556 5265 resedissent,surgens
1569 5192 1626 5247 in
1641 5192 1903 5251 medium

246 5276 709 5337 Tusculanensis
734 5280 1062 5354 episcopus,
1083 5279 1400 5353 retulitper
1420 5281 1682 5337 ordinem
1707 5282 1903 5340 omnia

249 5384 379 5440 qua:
438 5369 510 5424 de
565 5370 931 5426 ordinatione
980 5369 1271 5438 Ecclesiae,
1330 5369 1417 5425 vel
1475 5386 1628 5443 papa
1684 5369 1899 5445 Grego-

243 5457 374 5513 rius
431 5460 625 5528 antea,
680 5458 771 5515 vel
825 5459 1197 5532 postmodum
1249 5476 1400 5533 papa
1454 5459 1653 5517 Victor
1683 5464 1899 5518 statue-

242 5550 399 5616 rant,
423 5545 599 5605 simul
625 5547 802 5606 etiam
828 5562 1005 5622 quam
1030 5550 1102 5606 ob
1124 5565 1362 5606 causam
1383 5548 1622 5623 ipsimet
1642 5546 1900 5605 universi

2016 5012 2180 5069 sione
2210 5014 2406 5069 datam
2441 5011 2700 5068 laudant.
2724 5012 2831 5068 Sed
2866 5011 2989 5068 haec
3015 5028 3048 5068 a
3072 5010 3315 5067 Baronio
3334 5010 3407 5065 ad
3439 5022 3662 5067 annum

2014 5103 2174 5168 1088,
2205 5101 2455 5174 aliisque
2474 5101 2614 5157 viris
2640 5100 2847 5169 doctis,
2872 5099 3049 5157 veluti
3073 5099 3273 5171 spuria
3300 5097 3671 5169 rejicitur.De

2011 5191 2190 5263 hujus
2208 5190 2540 5247 sinceritate
2562 5189 2657 5245 alii
2673 5190 3055 5262 judicabunt:
3083 5190 3141 5243 at
3158 5186 3534 5245 dissimulare
3553 5198 3669 5245 non

2009 5281 2143 5337 licet
2170 5297 2299 5337 eam
2322 5280 2396 5336 ob
2427 5284 2699 5337 notarum
2731 5276 3283 5348 cbronologicarum
3313 5278 3599 5346 defectus,
3621 5283 3678 5333 et

2008 5385 2205 5426 rerum
2235 5368 2444 5442 inipsa
2463 5374 2867 5425 contentarum
2900 5363 3297 5435 insolentiam,
3322 5365 3441 5423 imo
3463 5367 3659 5439 ipsum

2017 5459 2194 5515 etiam
2229 5457 2447 5532 stylum
2480 5458 2638 5531 apud
2670 5456 2940 5513 cordatos
2961 5453 3231 5512 homines
3252 5459 3308 5512 et
3328 5456 3589 5513 eruditos
3614 5456 3675 5512 in

2010 5547 2141 5605 falsi
2170 5548 2569 5622 suspicionem
2610 5561 2727 5603 non
2750 5544 3047 5601 immerito
3068 5544 3318 5604 venisse.
3344 5545 3414 5601 Et
3434 5544 3672 5619 quidem

238 5636 390 5697 tunc
418 5633 482 5697 in
511 5634 871 5698 eodemhoc
901 5641 1313 5702 convenerant.
1370 5635 1596 5701 Dehinc
1645 5651 1899 5714 surgens
2004 5634 2141 5698 licet
2155 5632 2412 5699 nolimus
2429 5634 2680 5697 inﬁciari
2695 5633 2999 5697 Urbanum
3023 5633 3215 5712 saucii
3235 5633 3542 5697 Benedicti
3559 5638 3658 5703 me
