3970 6188
342 354 439 431 ‘35

1658 344 1731 408 Β.
1777 340 2168 428 casam-11
2210 337 2463 405 eam.

338 486 492 555 ,ritis
538 484 600 541 in
649 500 815 541 sacro
847 486 1044 541 monte
1074 482 1389 540 sanitatem
1414 494 1811 551 recuperasse,
1859 476 2015 535 haud
2042 476 2101 545 Α
2128 475 2403 533 manibus
2431 475 2613 548 hujus
2643 468 2983 529 monasterii
3013 465 3322 529 ecclesiam
3352 472 3795 531 consecrasset.

360 577 561 632 tamen
578 574 969 641 admittimus,
984 573 1137 646 quod
1163 571 1260 627 ille
1277 573 1477 626 auctor
1495 570 1718 635 narrat,
1736 571 2011 623 sanatum

302 694 308 701 ~
363 664 590 721 Patrem
622 661 883 736 pontiﬁci
914 661 1282 735 apparuisse,
1331 662 1396 713 ut
1438 672 1573 712 eum
1606 656 1676 712 de
1705 655 2015 729 praesentia

342 738 454 810 'sui
485 752 675 826 ipsius
696 750 954 824 corporis
985 749 1139 821 apud
1167 746 1470 814 Casinum,
1494 761 1673 818 quam
1694 750 1866 801 antea
1893 760 2011 800 non

361 842 657 909 credebat,
706 841 920 896 faceret
976 836 1305 893 certiorem.
1353 833 1563 907 Liquet
1590 833 1750 890 enim
1780 850 1849 890 ex
1880 832 2012 890 aliis

359 929 584 1004 passim
604 928 770 997 locis,
793 928 1028 983 Petrum
1051 920 1692 996 ejusmodihistoriolas
1708 922 2011 978 occasione

359 1017 779 1077 miraculorum
811 1013 1004 1085 reipsa
1032 1029 1068 1068 a
1096 1016 1298 1068 sancto
1322 1011 1635 1067 Benedicto
1648 1014 2009 1084 patratorum

357 1106 577 1180 passim
592 1104 716 1161 suis
739 1102 1177 1159 narrationibus
1192 1099 1614 1168 immiscuisse,
1628 1116 1754 1171 quae
1776 1116 1912 1155 cum
1927 1117 2010 1156 re-

355 1211 488 1252 rum
515 1197 816 1267 gestarum
845 1191 1087 1247 veritate
1115 1194 1271 1246 stare
1302 1206 1416 1245 non
1440 1193 1708 1262 possunt.

425 1284 483 1339 Si
500 1283 688 1340 eidem
703 1280 926 1337 auctori
939 1279 1270 1346 credamus,
1296 1278 1570 1335 Urbanus
1584 1278 2006 1335 monasterium

354 1373 672 1430 Casinsnse
702 1387 910 1427 rursus
930 1368 1131 1426 invisit
1158 1366 1333 1441 paulo
1362 1371 1497 1424 ante
1524 1367 1844 1440 Trojanum
1875 1385 2009 1441 syn-

354 1461 556 1518 odum.
590 1461 995 1542 Quo‘tempore,
1016 1456 1235 1530 inquit,
1264 1473 1391 1530 cap.
1415 1458 1473 1523 7,
1501 1456 1849 1528 supradictus
1860 1473 2009 1531 papa

357 1549 613 1608 Urbanus
664 1550 864 1604 iterum
890 1546 961 1603 ad
1011 1546 1111 1603 has
1156 1542 1344 1619 partes
1401 1546 1689 1602 deueniens
1743 1547 2009 1602 Joannem

357 1637 681 1711 Cajetanum
703 1638 814 1692 loci
843 1636 1026 1708 hujus,
1059 1635 1116 1691 id
1149 1639 1239 1690 est
1262 1634 1476 1702 Casini,
1508 1635 1838 1690 monachum
1878 1634 2007 1693 dia-

338 1743 552 1795 conum
577 1728 638 1781 in
669 1726 1029 1782 Lateranensi
1040 1722 1382 1797 patriarchio
1409 1722 1705 1780 ordinavit.
1729 1725 1801 1779 At
1826 1723 2008 1779 Joan-

355 1816 450 1872 nis
470 1813 777 1888 promotio,
802 1818 868 1869 ut
889 1814 949 1869 in
962 1813 1125 1907 hunc
1148 1811 1344 1907 locum
1369 1812 1638 1868 observat
1656 1810 1914 1907 Angelus
1934 1811 2006 1868 de
2034 1840 2083 1907 Β

338 1905 533 1973 ΔΝιιθθ,
565 1905 637 1960 ad
669 1903 926 1976 primum
961 1901 1172 1958 Urbani
1203 1917 1505 1958 accessum
1529 1900 1781 1957 revocari
1812 1900 2004 1970 debet,

354 1993 535 2066 idque
564 1990 968 2065 compluribus
997 1988 1423 2047 etindubitatis
1441 1988 1863 2063 diplomatibus
1882 2005 2005 2045 cer-

355 2085 481 2141 tum
504 2086 614 2153 est,
646 2098 774 2154 quae
807 2097 841 2137 a
869 2081 1093 2136 Joanne
1121 2078 1232 2135 hoc
1271 2078 1400 2152 ipso
1432 2095 1585 2135 anno
1622 2079 1756 2133 1088
1786 2077 2005 2134 Urbani

337 2170 730 2243 pontiﬁcatus
770 2169 960 2242 primo
992 2166 1327 2240 subscripta
1358 2166 1580 2239 passim
1612 2167 2002 2240 reperiuntur.

353 2258 517 2315 Certe
539 2258 692 2316 hanc
724 2262 926 2313 notam
950 2255 1164 2312 diserte
1192 2255 1411 2311 habent
1432 2255 1647 2311 Urbani
1678 2254 1882 2312 litteras
1899 2272 2004 2328 pro

346 2348 613 2420 primatu
635 2345 923 2402 Toletanze
942 2343 1299 2411 Ecclesiaaﬁn
1316 2343 1613 2416 Hispaniis
1633 2343 2003 2416 privilegium

334 2434 754 2504 -Cluniacense,
771 2438 830 2492 et
845 2432 961 2491 alia
979 2432 1197 2506 quibus
1223 2432 1844 2506 subscripsitJoannes
1856 2449 2002 2505 prse-

349 2526 646 2597 signatoris
676 2522 845 2578 titulo
870 2539 1054 2594 usque
1077 2522 1145 2578 ad
1174 2538 1396 2577 annum
1427 2522 1567 2576 1089
1586 2538 1702 2593 quo
1727 2519 2007 2577 cancella-

352 2613 425 2669 rii
458 2612 805 2684 dignitatem
836 2611 1111 2668 obtinuit.

338 2717 569 2775 .XXVII.
606 2719 909 2773 Bantinum
937 2718 1332 2788 monasterium
1377 2716 1590 2772 dedicat
1616 2720 1669 2772 et
1708 2717 2003 2788 privilegio

601 2788 767 2845 donat
786 2805 807 2850 ,·
829 2787 969 2860 quod
989 2789 1256 2844 violatum
1282 2787 1459 2844 denuo
1477 2787 1751 2860 ﬁrmatur.

340 2866 347 2871 ’
423 2877 628 2935 Adhuc
658 2878 717 2932 in
740 2876 1043 2934 Casinensi
1075 2877 1430 2934 monasterio
1451 2877 1797 2935 versabatur
1826 2876 2003 2933 Urba-

342 2984 490 3037 nus,
525 2983 658 3023 cum
691 2984 725 3021 a
756 2966 1002 3039 Rogerio
1022 2966 1167 3023 duce
1198 2971 1256 3022 et
1283 2966 1458 3023 fratre
1488 2967 1617 3037 ejus
1639 2967 1999 3034 Boamundo,

355 3056 593 3113 Roberti
613 3054 917 3111 Guiscardi
946 3054 1107 3121 ﬁliis,
1130 3053 1308 3111 simul
1336 3059 1394 3111 et
1421 3055 1494 3111 ab
1514 3054 1759 3111 Ursione
1791 3054 2000 3111 abbate

2124 568 2275 637 Tum
2300 565 2544 622 laudant
2560 561 2925 637 privilegium
2944 561 3016 618 ab
3031 560 3236 619 eodem
3251 558 3525 633 pontiﬁce
3545 576 3803 617 conces-

2121 672 2276 722 sum,
2311 654 2467 727 quod
2490 655 2723 723 triginta
2751 651 2958 709 duobus
2977 650 3261 707 catholicis
3279 650 3538 705 Palribus
3560 651 3797 706 inuitis

2119 744 2358 814 singulis
2370 742 2752 817 pastoralibus
2780 742 2972 812 virgis,
3011 738 3342 807 astantibus,
3373 742 3657 811 prasente
3688 754 3794 796 co-

2118 834 2315 889 mitum
2344 841 2394 888 et
2427 832 2693 888 baronum
2714 833 3013 887 innumera
3030 828 3410 897 multitudine,
3432 827 3790 885 roboratum

2119 922 2303 979 fuisse
2332 924 2643 978 testantur.
2701 920 2790 985 Et,
2830 935 2902 975 ne
2935 917 3075 991 quid
3106 915 3222 973 loci
3248 913 3444 989 tutela:
3473 914 3791 971 ﬁrmitatis

2121 1011 2370 1076 deesset,
2401 1013 2643 1067 narrant
2662 1008 2880 1082 quibus
2897 1005 3337 1063 conditionibus
3358 1003 3418 1060 id
3447 1020 3481 1060 a
3495 1003 3785 1077 pontiﬁce

2118 1100 2443 1174 praestitum
2476 1098 2671 1156 fuerit.
2704 1097 3090 1154 Monasterium
3120 1096 3319 1168 ipsum,
3352 1092 3650 1171 inquiunt,
3678 1092 3787 1149 do-

2094 1192 2303 1255 minus
2334 1206 2481 1262 papa
2536 1203 2851 1245 consecrare
2905 1186 3127 1243 omnino
3184 1185 3384 1251 renuit,
3438 1182 3785 1256 priusquam

2116 1278 2263 1335 idem
2303 1281 2354 1334 et
2400 1279 2587 1334 omnia
2614 1293 2718 1334 sua
2759 1278 2821 1333 in
2849 1277 3119 1333 nostra-el
3142 1272 3427 1332 haeredum
3454 1275 3785 1329 nostrorum

2114 1368 2343 1439 speciali
2369 1382 2506 1423 cura
2556 1370 2606 1422 et
2657 1365 2971 1438 defensione
3026 1361 3336 1421 omnimoda
3380 1362 3778 1434 reciperantis,

2114 1458 2167 1512 et
2194 1454 2468 1510 convicini
2513 1454 2733 1509 comites
2762 1456 2815 1508 et
2848 1452 3075 1508 barones
3104 1451 3202 1522 qui
3249 1448 3499 1516 aderant,
3549 1453 3783 1522 aposto-

2117 1544 2229 1600 lica
2264 1543 2513 1615 jussione
2559 1542 2889 1612 euangelicis
2914 1540 3276 1596 sacramentis
3313 1539 3548 1605 astricti,
3591 1538 3777 1595 eidem

2112 1637 2446 1690 monasteria
2492 1640 2547 1689 et
2587 1631 2747 1688 rebus
2771 1629 3020 1687 omnibus
3048 1630 3163 1684 suis
3199 1644 3393 1702 pacem
3419 1630 3470 1683 et
3498 1626 3779 1699 defensio-

2113 1740 2239 1781 nem
2293 1725 2637 1795 perpetuam,
2664 1724 2719 1777 et
2770 1719 3080 1793 generalem
3137 1716 3445 1774 libertatem
3479 1732 3537 1773 se
3564 1716 3779 1791 ubique

2113 1813 2382 1870 custodire
2404 1812 2808 1884 promitterent.
2828 1810 2993 1867 Tunc
3023 1809 3329 1865 recensent
3356 1804 3550 1881 varias
3579 1806 3775 1862 dona-

2114 1902 2305 1958 tiones
2326 1917 2362 1957 a
2383 1900 2593 1973 seipsis
2623 1899 2824 1966 factas,
2842 1898 3384 1971 conﬁrmauitque“
3397 1897 3615 1969 augent
3633 1911 3777 1951 mo-

2115 1991 2352 2047 nasterii
2384 1988 2808 2045 immunitates.
2845 1987 2991 2055 Quia
3022 2002 3155 2042 vero
3186 1982 3479 2061 privilegii
3505 1984 3665 2057 quod
3690 1985 3772 2042 ab

2112 2080 2344 2136 Urbano
2374 2079 2578 2151 datum
2610 2078 2798 2133 fuerat
2827 2075 3259 2151 autograpbum
3276 2072 3454 2135 simul
3475 2072 3775 2135 maliis

2114 2168 2334 2226 chartis
2365 2167 2682 2239 direptum,
2704 2182 2822 2223 non
2852 2164 3109 2238 amplius
3138 2162 3560 2233 inveniebatur,
3592 2178 3775 2223 cura:

2113 2262 2251 2313 runt
2277 2255 2500 2330 providi
2532 2254 2851 2327 principes,
2878 2257 2945 2308 ut
2972 2252 3133 2309 aliud
3168 2254 3299 2325 ejus
3330 2250 3630 2326 exemplar
3657 2269 3771 2307 au-

2112 2346 2437 2404 thenticum
2456 2344 2907 2411 describeretur,
2924 2343 3079 2415 quod
3102 2342 3276 2416 primi
3292 2341 3487 2399 locum
3502 2343 3771 2398 etaucto—

2113 2437 2345 2493 ritatem
2375 2434 2634 2491 haberet.
2662 2433 2850 2505 Digna
2878 2436 3022 2489 sunt
3072 2447 3274 2488 eorum
3301 2430 3479 2488 verba
3505 2447 3634 2503 quae
3663 2429 3766 2487 hic

2111 2525 2465 2601 inserantur.
2523 2523 2649 2590 Nos,
2681 2522 2869 2590 aiunt,
2928 2523 3065 2578 tacti
3099 2520 3284 2578 dolore
3328 2521 3678 2589 intrinsecus,
3708 2529 3767 2577 et

2110 2616 2445 2672 extrinsecus
2501 2613 2709 2683 aspersi
2758 2612 2977 2680 rubore,
3036 2612 3297 2682 quoniam
3352 2608 3507 2665 labor
3566 2609 3763 2666 debitae

2109 2708 2315 2761 nostris?
2327 2700 2720 2759 sollicitudinis
2731 2701 3030 2772 pretiosum
3050 2700 3406 2772 aposwlioum
3420 2699 3759 2757 instrumen-

2109 2799 2248 2861 tum,
2301 2792 2501 2849 nostris
2555 2789 3051 2862 supplicationibus
3103 2790 3477 2855 constitutum,
3531 2791 3583 2844 et
3624 2787 3757 2843 sub-

2108 2890 2325 2954 reptum
2368 2888 2603 2952 tempore
2650 2887 2835 2936 nostro
2863 2895 3013 2935 nunc
3056 2895 3227 2950 usque
3257 2879 3496 2950 reperiri
3520 2892 3630 2934 non
3656 2894 3759 2949 po-

2108 2974 2249 3034 tuit;
2277 2969 2575 3026 secundum
2606 2967 2746 3040 quod
2769 2968 3007 3039 ﬁdeliter
3035 2970 3100 3024 ab
3132 2984 3193 3026 eo
3220 2968 3594 3041 cxcmplatum
3612 2970 3767 3023 inve-

2106 3062 2312 3126 nimus,
2365 3067 2553 3115 noslra
2599 3065 3017 3130 nostrorumque
3072 3059 3335 3113 comitum
3382 3060 3435 3114 et
3490 3058 3766 3113 baronum

353 3144 691 3201 monasterii
724 3143 959 3199 Bantini
1006 3160 1185 3215 prope
1231 3143 1645 3199 Acheruntiam
1678 3143 1737 3198 in
1789 3141 2001 3215 Apulia
2043 3216 2062 3220 Α
2102 3150 2233 3220 pari
2257 3148 2521 3204 memoria
2536 3150 2892 3220 prolectante,
2936 3162 3173 3219 praesens
3203 3145 3301 3203 hoc
3338 3146 3529 3203 simile
3557 3145 3762 3205 libera-

352 3233 470 3301 siti,
494 3232 775 3291 invitatus
796 3236 904 3298 est,
938 3233 1009 3288 ad
1042 3232 1308 3305 ejusdem
1332 3231 1443 3288 loci
1474 3231 1782 3313 ecclesiam
1812 3232 1872 3286 in
1902 3231 2003 3287 ho-
2031 3216 2074 3285 C
2102 3216 2310 3294 torium
2338 3216 2604 3308 scriptum
2627 3252 2729 3309 per
2763 3216 2962 3292 manus
2990 3236 3250 3307 magistri
3279 3233 3559 3293 Theodosii
3582 3236 3767 3295 nostri

336 3339 554 3391 _norem
585 3322 767 3379 beata
789 3321 983 3377 Maria:
1006 3321 1485 3378 consecrandam.
1504 3320 1665 3386 Quod
1690 3337 1821 3376 cum
1838 3320 2002 3376 fecis-

351 3417 441 3473 set
470 3411 747 3485 pontifex,
770 3409 1007 3467 illorum
1039 3410 1371 3484 principum
1402 3426 1721 3482 eorumque
1739 3410 2000 3465 comitum

348 3510 399 3559 et
430 3502 693 3558 baronum
717 3500 1067 3567 interventu,
1096 3500 1252 3555 idem
1273 3498 1698 3555 monasterium
1725 3498 1999 3555 maximis

352 3587 751 3664 praerogativis
770 3587 1029 3643 donavit.
1056 3589 1190 3653 Qua:
1209 3586 1399 3643 fusius
1420 3586 1477 3643 in
1498 3586 1815 3659 diplomate
1836 3604 1905 3643 ea
1928 3587 2001 3643 de

352 3695 414 3734 re
437 3677 652 3733 donato
681 3674 1066 3748 explicantur.
1101 3674 1251 3732 Illud
1300 3675 1672 3749 privilegium
1713 3676 1865 3732 inter
1888 3675 1998 3732 Ur-

351 3766 490 3822 bani
538 3764 817 3837 epistolas
860 3764 1119 3837 primum
1169 3764 1364 3821 locum
1405 3764 1630 3821 obtinet
1657 3764 1718 3819 in
1746 3765 2001 3822 editione

352 3853 736 3912 conciliorum
762 3853 1090 3922 Labbeana,
1125 3854 1227 3910 sed
1257 3854 1369 3910 sub
1388 3853 1498 3910 hoc
1530 3853 1675 3910 falso
1706 3853 1906 3911 titulo:
1927 3855 2003 3911 De

352 3944 576 4000 ecclesia
634 3944 850 4000 Sanctae
902 3942 1096 4000 Mariae
1145 3941 1458 3999 Casinensis
1510 3945 1833 4000 monasterii
1886 3961 1921 3999 a
1946 3960 2000 4000 se

350 4036 662 4089 consecrata
691 4037 744 4089 et
792 4032 1087 4105 privilegio
1142 4033 1381 4089 munita.
1413 4032 1656 4089 Exstant
1698 4033 1854 4105 apud
1886 4031 1999 4106 Ug-

344 4121 596 4203 lhellum,
619 4125 779 4178 tomo
800 4120 899 4176 VII
924 4120 1098 4177 Italiae
1130 4137 1330 4190 sacrae,
1362 4121 1461 4177 ubi
1495 4121 1567 4177 de
1586 4120 2001 4177 Acheruntinis

348 4208 805 4282 archiepiscOpis
852 4208 1056 4266 littera-3
1108 4209 1405 4266 Paschalis
1437 4209 1702 4278 secundi,
1736 4226 1864 4282 quas
1891 4209 2001 4265 hoc

226 4310 235 4313 '
347 4299 547 4371 ipsum
574 4297 789 4355 Urbani
815 4297 1189 4371 privilegium
1217 4298 1587 4355 conﬁrmant.
1605 4297 1756 4361 Quin
1788 4301 1846 4354 et
1864 4313 2001 4354 cum

345 4385 570 4458 Apuliae
587 4385 827 4457 quidam
846 4401 1132 4457 proceres,
1150 4386 1393 4460 Regerio
1413 4385 1808 4458 proculdubio
1825 4390 2003 4458 atque

347 4474 690 4531 Boamundo
713 4472 825 4530 alio
847 4473 1113 4541 intentis,
1140 4473 1459 4531 monachos
1479 4473 1746 4544 ejusdem
1768 4473 1902 4546 loci,
1920 4474 2004 4530 di-

2104 3327 2314 3383 notarii
2345 3326 2518 3382 scribi
2561 3324 2964 3381 mandavimus.
2994 3328 3049 3380 et
3082 3323 3340 3395 plumbea
3371 3322 3543 3391 bulla,
3573 3328 3761 3379 nostro

2105 3417 2266 3474 solito
2297 3415 2515 3488 typario
2569 3415 2835 3486 impressa
2887 3413 3226 3484 conﬁrmari,
3274 3415 3385 3469 etc.
3418 3410 3554 3478 Qua:
3596 3411 3760 3484 apud

2107 3505 2424 3562 Baronium
2455 3503 2746 3563 habentur
2763 3502 2836 3559 ad
2858 3518 3080 3559 annum
3105 3502 3257 3571 1090,
3276 3500 3374 3558 ubi
3394 3500 3767 3556 instrumen-

2106 3598 2233 3649 tum
2246 3592 2405 3649 istud
2421 3592 2623 3647 datum
2635 3589 2871 3647 Canusii
2890 3605 3090 3646 mense
3105 3587 3610 3659 Julio,indictione
3628 3604 3765 3657 xm,

2106 3680 2400 3752 integrum
2430 3679 2698 3746 habetur,
2720 3694 2858 3735 cum
2879 3678 3109 3751 Rogerii
3134 3675 3456 3735 Boamundi
3478 3674 3769 3734 aliorum-

2108 3786 2223 3843 que
2251 3769 2603 3842 optimatum
2634 3768 3186 3840 subscriptionibus.

2179 3858 2423 3915 XXVIII.
2454 3859 2530 3915 De
2557 3858 2699 3930 falso
2739 3858 3097 3914 instrumento
3124 3855 3481 3913 dedicationis
3506 3855 3685 3913 Cava.

2179 3949 2262 4003 Ex
2289 3947 2385 4004 his
2414 3950 2609 4003 autem
2643 3944 2811 4003 facile
2862 3944 3214 4018 intelligitur
3240 3948 3527 4016 quantum
3560 3962 3595 4001 a
3622 3960 3766 4000 vero

2109 4036 2462 4094 aberraverit
2490 4035 2774 4110 Ughellus
2801 4038 2961 4091 tome
2990 4034 3093 4091 VII
3123 4032 3299 4091 Italiae
3330 4050 3533 4102 sacrae,
3564 4033 3666 4089 ubi
3698 4033 3766 4089 in

2109 4125 2374 4199 catalogo
2405 4124 2739 4181 antitistum
2768 4123 3300 4180 Acheruntinorum
3331 4122 3481 4179 hanc
3526 4121 3764 4179 Bantini

2109 4214 2447 4272 monasterii
2480 4212 2906 4270 dedicationem
2937 4211 3009 4269 ad
3041 4228 3263 4269 annum
3296 4211 3437 4268 1093
3466 4228 3535 4268 ex
3556 4210 3764 4281 veteri,

2102 4308 2178 4367 ,ut
2226 4304 2416 4377 putat,
2474 4306 2855 4360 monumento
2914 4318 3182 4358 revocare
3230 4304 3496 4358 conatur.
3526 4299 3764 4357 Etenim

2110 4392 2382 4466 quamvis
2410 4391 2468 4447 in
2479 4391 2659 4449 ﬁciari
2686 4390 2944 4447 nolimus
2967 4390 3268 4447 Urbanum
3298 4406 3452 4457 anno
3476 4388 3636 4457 1093,
3658 4392 3770 4445 aut

2109 4482 2285 4539 etiam
2317 4481 2448 4537 aliis
2468 4480 2854 4553 temporibus,
2878 4483 2944 4536 ut
2966 4479 3159 4536 innuit
3175 4479 3381 4535 Petrus
3402 4478 3686 4536 diaconus
3700 4476 3765 4534 in

348 4560 537 4655 ῗξθὲίίε
563 4561 738 4619 etiam
774 4562 1111 4655 Ψοηαειθτίί
1152 4562 1322 4619 bonis
1352 4566 1410 4619 8t
1436 4562 1679 4633 Charus.
1707 4568 2001 4632 vexarent.
2032 4588 2078 4655 D
2109 4567 3768 4640 continuationeChroniciCasinensis,Casinuminvisere

350 4650 619 4708 Urbanus
661 4667 730 4707 ea
770 4650 841 4707 de
893 4668 954 4707 re
1005 4652 1076 4707 ad
1135 4652 1448 4725 Rogerium
1498 4655 1556 4709 ct
1586 4652 1714 4724 ejus
1759 4653 1997 4710 fratrem
2032 4650 2067 4655 ⁷
2108 4659 2391 4733 potuisse,
2426 4659 2545 4715 imo
2576 4662 2801 4715 etcum
2834 4658 2892 4714 in
2939 4656 3211 4731 Apuliam
3242 4672 3377 4714 cum
3420 4654 3768 4713 memoratis

348 4738 607 4813 scripsit,
637 4742 703 4794 ut
730 4756 837 4795 sua
868 4739 1213 4797 auctoritate
1243 4742 1582 4798 temerarios
1616 4741 1747 4798 illos
1769 4759 2000 4816 compe-

347 4833 597 4896 scerent,
614 4827 874 4884 minatus
897 4828 1144 4902 insuper
1163 4847 1225 4887 se
1238 4830 1551 4904 sacrilegos
1571 4832 1714 4887 adeo
1733 4831 2004 4889 homines

342 4916 711 4992 anathemati
732 4934 798 4973 su
810 4918 1160 4989 bjecturum,
1184 4919 1296 4976 nisi
1320 4921 1475 4976 brevi
1502 4919 1927 4993 resipiscerent.

418 5009 584 5081 Papae
600 5007 842 5064 monitis
864 5006 1342 5065 obsecundarunt
1354 5008 1437 5080 pii
1455 5008 1772 5082 principes,
1797 5026 2004 5066 mona-

348 5096 712 5170 steriumque
734 5113 880 5153 novo
894 5095 1190 5169 privilegio
1211 5097 1571 5166 munierunt,
1584 5098 1740 5171 quod
1761 5099 1834 5154 ab
1856 5099 2004 5172 ipsis

348 5183 595 5255 aliisque
607 5185 921 5242 comitibus
936 5190 995 5241 et
1007 5184 1306 5242 nobilibus
1321 5186 1461 5242 viris
1474 5185 1876 5259 Subscriptum
1889 5191 1997 5254 est,

350 5289 425 5328 ne
454 5270 785 5329 chartarum
809 5278 867 5331 et
886 5273 1276 5347 diplomatum
1296 5290 1423 5347 quas
1436 5275 1730 5348 perierant
1741 5276 1998 5348 jactura,

347 5359 769 5418 detrimentum
798 5362 1036 5435 aliquod
1068 5363 1234 5421 locus
1266 5362 1362 5420 ille
1401 5379 1567 5419 sacer
1596 5368 1910 5436 pateretur.
1936 5366 1999 5421 In

349 5465 497 5507 novo
518 5452 715 5504 autem
741 5448 842 5505 illo
868 5451 1260 5510 instrumento
1281 5451 1565 5526 Rogerius
1593 5469 1660 5508 ac
1678 5454 1806 5526 ejus
1824 5454 2003 5511 frater

347 5537 733 5598 Boamundus
765 5537 921 5594 inter
950 5544 1154 5599 caetera
1184 5542 1423 5600 sibimet
1442 5541 1590 5615 ipsis
1605 5542 1998 5616 gratulantur,

348 5627 509 5725 quod
538 5641 743 5689 eorum
764 5642 950 5717 opera
976 5645 1251 5713 summus
1281 5631 1408 5714 ipse
1447 5631 1712 5714 pontifex
1745 5633 2002 5717 propriis

2102 4749 2478 4822 principibus
2497 4747 2677 4804 variis
2688 4747 3056 4820 temporibus
3074 4763 3191 4803 non
3204 4745 3385 4803 semel
3397 4743 3766 4825 convenisse,

2112 4839 2162 4894 si
2194 4842 2390 4894 tamen
2414 4841 2572 4893 certa
2599 4839 2740 4893 sunt
2770 4839 3154 4893 monumenta
3182 4851 3309 4909 quas
3331 4850 3576 4892 numero
3594 4849 3770 4907 supe-

2112 4926 2251 4983 riori
2282 4926 2678 4994 laudavimus,
2701 4928 2758 4983 et
2787 4941 2928 4982 sane
2958 4924 3062 4981 illa
3080 4941 3210 4982 esse
3234 4927 3393 4980 certa
3405 4923 3567 4981 haud
3596 4921 3771 4979 dubi-

2111 5014 2223 5071 tari
2282 5017 2494 5087 potest,
2542 5013 2637 5069 vix
2693 5012 2850 5072 ultra
2894 5030 3117 5070 annum
3149 5013 3292 5070 4088
3320 5011 3541 5071 differri
3572 5014 3769 5085 potest

2112 5103 2293 5176 hujus
2315 5102 2699 5160 dedicationis
2718 5102 3046 5160 celebritas.
3067 5101 3297 5159 Etenim
3309 5117 3463 5158 anno
3484 5100 3625 5157 4090
3645 5114 3765 5172 quo

2110 5192 2313 5248 datum
2341 5196 2431 5248 est
2461 5192 2787 5248 secundum
2819 5190 2966 5248 illud
2988 5190 3218 5264 Rogerii
3249 5195 3308 5248 et
3324 5187 3650 5247 Boamundi
3672 5188 3766 5244 in-

2110 5284 2502 5337 stramentum
2514 5323 2528 5349 ,
2540 5280 2668 5352 jam
2688 5296 2723 5335 a
2740 5278 3031 5336 celebrata
3047 5278 3414 5337 dedicatione
3429 5277 3689 5350 aliquod,
3708 5278 3770 5333 et

2109 5370 2349 5442 quidem
2364 5368 2509 5425 satis
2520 5366 2764 5440 longum
2777 5367 3059 5441 temporis
3076 5366 3447 5426 intervallum
3464 5366 3558 5423 eff]
3569 5356 3770 5422 uxisse

2108 5458 2407 5527 debuerat,
2427 5461 2494 5512 ut
2509 5473 2624 5513 non
2646 5455 2839 5512 solum
2859 5455 3086 5530 Apuliae
3108 5456 3768 5531 proceresimmemores

2108 5563 2354 5604 suorum
2384 5543 2836 5619 promissorum,
2867 5545 3103 5603 Bantini
3130 5544 3473 5603 monasterii
3525 5543 3683 5601 bona
3708 5546 3769 5603 et

2109 5635 2345 5703 chartas
2372 5633 2761 5713 diripuerint;
2788 5634 2891 5699 sed
2920 5635 3099 5700 etiam
3126 5639 3194 5697 ut
3221 5638 3459 5726 tempus
3486 5630 3766 5717 habuerit
