3970 6188
182 326 298 401 Ἢ

1751 315 1754 319 ’
1832 334 1886 406 v

2028 387 2043 403 .
3571 331 3657 413 8‘8.

220 466 799 537 Urbanus,instante
814 449 1083 525 Ursione
1102 467 1331 539 abbate,
1343 470 1472 543 jam
1508 471 1696 528 dictos
1730 472 1886 545 prin-
1914 477 1969 545 Α
2000 490 2289 530 consensu
2335 491 2447 547 pax
2503 473 2677 531 firma
2733 474 2795 531 in
2845 474 3102 532 Ecclesia
3156 473 3500 533 sanciretur.
3532 477 3653 533 Hoc

188 580 203 586 -
218 558 389 631 eipes
405 557 847 625 commenendi,
864 561 933 614 ut
950 561 1180 615 tantum
1203 558 1545 617 scandalum
1565 578 1674 617 sua
1689 565 1888 619 aucto-

220 648 405 705 ritate
423 645 901 720 comprimerent.
916 648 1079 712 Quod
1102 660 1164 704 re
1188 648 1320 721 ipsa
1356 665 1558 708 mense
1593 650 1772 720 Julio,
1797 651 1887 707 uti

228 738 346 794 fert
370 730 573 793 eorum
595 734 880 808 diploma,
905 736 1125 794 coactis
1151 737 1335 795 totius
1378 739 1687 812 provinciae
1745 739 1888 796 viris

206 824 534 883 nobilibus
562 840 717 882 anno
747 825 881 898 ipso
910 824 1054 882 1090
1073 826 1201 898 jam
1232 827 1510 885 fecerant.

291 915 437 971 Jam
466 932 624 981 vero,
646 914 695 970 si
743 914 945 983 libeat,
983 915 1177 972 dicere
1225 916 1364 990 quid
1405 917 1477 973 de
1505 917 1616 973 hoc
1661 916 1888 991 Ugbelli

221 1007 621 1061 monumento
639 1003 988 1061 sentiamus.
1006 1003 1156 1062 Illud
1179 1005 1251 1061 ad
1270 1005 1589 1062 Bantinum
1602 1010 1890 1063 monaste-

220 1094 392 1149 rium
417 1091 567 1149 nihil
586 1094 902 1167 pertinere,
936 1094 1038 1150 sed
1072 1098 1173 1149 aut
1219 1094 1291 1150 ab
1349 1092 1549 1167 aliquo
1596 1094 1890 1151 nebulone

196 1183 551 1245 conﬁctam
572 1182 775 1247 fuisse,
791 1188 896 1238 aut
909 1184 1065 1240 certe
1086 1184 1157 1239 ad
1193 1184 1617 1267 monasterium
1637 1184 1892 1241 Cavense

198 1271 441 1328 referri
470 1271 704 1339 debere,
731 1271 903 1351 nobis
932 1272 1184 1328 videtur.
1217 1272 1288 1328 Et
1332 1271 1571 1345 quidem
1620 1277 1891 1330 monaste-

220 1363 389 1417 rium
410 1368 614 1416 sanctae
641 1359 835 1417 Harias
863 1360 930 1416 de
972 1360 1173 1428 Pauso,
1206 1362 1509 1434 uulgariter
1554 1363 1895 1419 Doventuum

196 1440 573 1523 ‘nuncapato,
605 1449 760 1522 quod
782 1449 844 1505 in
865 1465 934 1505 ea
955 1437 1570 1515 charta'memoratur,
1589 1466 1761 1506 nemo
1788 1467 1891 1506 no-

208 1539 343 1607 vit;
363 1554 475 1621 nec
498 1532 611 1595 nisi
632 1538 951 1619 divinando
974 1538 1275 1613 Ughellus,
1300 1556 1366 1595 ac
1388 1544 1521 1612 post
1554 1557 1687 1596 eum
1724 1540 1893 1596 Lubi-

202 1636 349 1685 'nus
369 1626 429 1682 in
450 1625 671 1683 Notitia
701 1627 1071 1683 abbatiarum
1106 1627 1303 1697 Italiae,
1329 1632 1386 1684 et
1417 1628 1561 1685 forte
1591 1628 1688 1685 alii
1748 1644 1893 1683 non-

228 1716 385 1773 nulli
419 1716 773 1773 recentiores
792 1715 939 1771 illud
970 1732 1101 1773 esse
1131 1718 1554 1774 monasterium
1577 1716 1893 1774 Bantinum

216 1806 636 1877 coniecerunt.
650 1806 708 1860 Si
728 1822 866 1862 vero
888 1805 998 1861 hoe
1010 1806 1894 1879 qualecunqueinstrumeutum
1926 1820 1943 1879 ί

216 1892 583 1951 ‘simulcum
604 1893 877 1950 (Iavensis
892 1895 1230 1951 monasterii
1254 1894 1574 1968 privilegiis
1595 1899 1650 1950 et
1671 1894 1901 1951 dedica-

222 1984 419 2039 ‘tionis
446 1984 583 2055 ejus
609 1982 858 2039 historia
905 1983 1259 2052 conferatur,
1293 2001 1360 2038 ex
1393 1982 1465 2038 iis
1522 1982 1694 2057 plane
1752 1983 1892 2039 illud

214 2072 716 2129 consarcinatum
745 2072 945 2143 fuisse,
970 2073 1219 2146 quisque
1249 2073 1416 2129 facile
1447 2073 1742 2129 advertere
1795 2090 1896 2146 po-

234 2162 411 2219 terit:
438 2161 599 2235 quod
638 2162 850 2235 probat
888 2162 1278 2218 sanctissimae
1314 2161 1623 2218 Trinitatis
1654 2162 1893 2232 mentio,

214 2250 623 2325 indulgentia:
671 2250 988 2323 utrobique
1041 2251 1283 2320 easdem,
1314 2250 1603 2307 dedicatio
1655 2254 1899 2324 utraque

223 2356 441 2397 mense
480 2339 811 2412 Septembri
836 2339 1242 2405 facta,ea3dem
1280 2339 1483 2412 gratiae
1508 2340 1738 2412 utrique
1770 2338 1895 2396 loco

223 2446 295 2486 ac
326 2429 590 2485 ecclesiae
635 2429 1116 2502 Compostellanaa
1167 2427 1430 2495 indultae,
1452 2427 1615 2485 bulla
1645 2429 1703 2483 in
1738 2429 1892 2483 favo-

220 2534 356 2574 rem
386 2535 551 2574 novae
591 2516 979 2575 dedicationis
1032 2518 1346 2590 utrobique
1403 2516 1631 2574 Salerni
1692 2532 1895 2573 mense

224 2607 475 2664 Octobri
499 2608 658 2676 data,
681 2612 739 2662 et
769 2607 883 2663 alia
914 2624 1041 2680 quae
1070 2606 1186 2662 huc
1218 2606 1509 2679 appellare
1543 2622 1656 2662 non
1701 2608 1889 2662 vacat.

214 2701 315 2753 De
344 2694 593 2754 Cavensi
623 2696 987 2753 dedicatione
1016 2695 1168 2753 infra
1198 2696 1267 2752 ad
1321 2710 1543 2751 annum
1585 2694 1724 2750 1092
1758 2710 1890 2767 age-

220 2803 393 2843 mus.
650 2794 655 2801 ’

296 2882 301 2886 ’
580 2874 774 2932 XXIX.
810 2873 1028 2933 Urbani
1053 2876 1160 2930 iter
1195 2876 1255 2929 in
1288 2873 1557 2930 Siciliam.

302 2964 611 3021 Urbanum
642 2964 847 3021 eodem
880 2981 1032 3019 anno
1060 2962 1122 3018 in
1154 2962 1412 3043 Siciliam
1468 2959 1890 3029 transmisisse,

222 3071 349 3110 non
384 3053 564 3110 modo
582 3053 936 3109 recentiores
966 3056 1254 3117 auctores,
1278 3052 1377 3107 sed
1412 3051 1539 3124 ipso
1583 3050 1758 3106 etiam
1812 3054 1894 3105 te-

220 3146 429 3198 statur
440 3141 771 3198 Gaufredus
785 3140 1447 3210 Malaterra,monachus
1458 3139 1889 3205 Benedictinus,

2001 563 2262 636 quidem,
2295 568 2359 619 ut
2389 564 2565 620 refert
2623 565 2780 621 idem
2836 570 3061 629 auctor,
3084 565 3365 638 Rogerius
3419 565 3652 623 Urbano

1996 650 2504 721 consulebat;sed
2556 654 2776 710 veritus
2832 654 3095 727 pontifex
3154 671 3248 723 ne,
3279 670 3340 711 se
3388 654 3648 724 absente,

1996 739 2349 808 Guibertini,
2369 740 2471 813 qui
2498 741 2695 797 Romae
2714 747 2981 814 petentes
3013 748 3199 809 erant,
3232 741 3470 799 omnino
3500 760 3651 816 pra:-

1994 830 2255 885 valerent
2275 828 2420 885 illud
2454 830 2566 885 iter
2614 829 2849 903 aggredi
2900 847 3082 886 ausus
3132 848 3247 888 non
3278 835 3368 889 est
3399 850 3414 889 :
3446 835 3505 891 et
3523 849 3650 889 eos-

1999 918 2130 974 dem
2153 922 2257 974 aut
2275 922 2429 974 certe
2460 917 2606 974 alios
2630 917 2852 991 legatos
2875 919 2966 974 sui
2998 918 3123 975 loco
3148 920 3422 978 Urbanus
3444 921 3517 977 ad
3548 921 3654 978 im-

1998 1010 2322 1081 peratorem
2358 1006 2567 1062 iterato
2616 1006 2802 1069 misit,
2826 1006 2926 1079 qui
2958 1023 3162 1080 pacem
3196 1024 3350 1065 anno
3381 1010 3653 1083 sequenti

1999 1099 2318 1168 utcumque
2339 1112 2473 1151 cum
2498 1094 2597 1151 illo
2619 1101 3095 1168 composuerunt.
3116 1097 3279 1153 Certe
3306 1099 3654 1171 urgentissi-

2001 1200 2163 1240 mum
2176 1189 2235 1240 et
2248 1185 2487 1257 quidem
2508 1184 2890 1256 improvisum
2907 1183 3141 1257 aliquod
3156 1186 3355 1259 magni
3370 1186 3653 1243 momenti

2000 1274 2301 1346 negotium
2332 1273 2468 1329 huic
2500 1273 2560 1329 in
2592 1272 2851 1330 Siciliam
2882 1273 3078 1329 itineri
3109 1274 3473 1331 occasionem
3502 1292 3654 1348 pra:-

2003 1356 2204 1419 buisse
2234 1362 2372 1418 inde
2393 1361 2747 1436 colligimus,
2772 1363 2925 1434 quod
2962 1363 3241 1435 pontifex,
3268 1362 3366 1435 qui
3395 1366 3528 1420 ante
3557 1363 3657 1421 ali-

2008 1457 2154 1524 quot
2185 1452 2310 1509 dies
2363 1451 2557 1508 Casini
2588 1453 2953 1520 versabatur,
2992 1452 3109 1507 imo
3139 1456 3197 1508 et
3224 1452 3284 1508 in
3320 1451 3535 1526 Apulia
3580 1454 3655 1512 ad

1985 1541 2312 1596 ‘Bantinam
2345 1541 2653 1597 ecclesiam
2688 1541 3074 1597 dedicandam
3109 1556 3245 1596 cum
3305 1541 3551 1615 Rogerio
3598 1547 3657 1599 et

2006 1629 2348 1686 Boamundo
2371 1629 2605 1685 comitis
2631 1630 2861 1703 Rogerii
2885 1647 2952 1685 ex
2983 1631 3161 1685 fratre
3173 1629 3484 1703 nepotibus
3507 1617 3654 1686 nihil
3756 1702 3764 1715 1

2004 1718 2165 1774 aliud
2225 1718 2490 1792 cogitans
2550 1724 2894 1782 accesserat,
2929 1718 3307 1775 Terracinam
3363 1735 3653 1789 reversus,

1992 1810 2245 1880 "repente
2268 1807 2534 1865 dimissis
2563 1809 2839 1863 omnibus
2863 1807 2918 1862 in
2952 1808 3214 1863 Siciliam
3245 1808 3404 1880 longo
3434 1810 3653 1878 itinere,

2007 1896 2092 1951 uti
2114 1897 2443 1953 Gaufredus
2464 1897 2658 1966 habet,
2681 1899 2946 1969 fatigatus
2968 1896 3385 1968 transmiserit,
3420 1902 3488 1954 ut
3517 1914 3652 1955 cum

2007 1986 2252 2059 Rogerio
2275 1985 2724 2058 colloqueretur,
2740 1986 2838 2057 qui
2868 1986 2977 2042 hoc
2997 2003 3150 2042 anno
3172 1987 3379 2060 captis,
3403 1988 3658 2053 utrefert

2006 2075 2201 2148 Lupus
2226 2074 2589 2146 Protospata,
2611 2075 2941 2147 Syracusis,
2966 2076 3304 2144 Bruceram,
3328 2080 3395 2132 ut
3412 2081 3471 2132 et
3499 2076 3656 2133 Gau-

2006 2162 2167 2218 fredo
2186 2162 2465 2231 diximus,
2490 2168 2549 2219 tu
2560 2180 2649 2231 ne,
2676 2181 2858 2220 mense
2878 2163 3100 2220 scilicet
3116 2165 3313 2236 Aprili,
3328 2165 3657 2223 obsidebat.

2003 2252 2182 2306 Aiunt
2235 2252 2453 2325 vulgati
2513 2253 2667 2325 apud
2728 2252 3027 2308 Bocchum
3087 2254 3327 2326 Pyrrum
3373 2254 3432 2310 in
3460 2254 3658 2311 Sicilia

2004 2357 2170 2396 sacra
2200 2344 2468 2397 auctores
2498 2340 2799 2397 Urbanum
2840 2358 2909 2397 ea
2967 2341 3269 2397 occasione
3328 2341 3387 2397 in
3441 2342 3656 2399 sacello

2003 2430 2255 2502 quodam
2281 2430 2661 2486 subterraneo
2674 2429 2879 2485 cathed
2888 2428 3026 2485 ralis
3038 2428 3296 2485 ecclesias
3316 2430 3659 2488 Troinensis

2002 2518 2247 2574 missam
2279 2517 2627 2587 celebrasse,
2655 2518 2920 2590 atquein
2977 2518 3105 2589 ejus
3165 2517 3247 2574 rei
3308 2519 3655 2576 memoriam

2002 2608 2337 2679 appositam
2362 2606 2546 2664 fuisse
2568 2606 3035 2680 inscriptionem,
3060 2623 3177 2679 qua
3202 2607 3447 2664 vetitum
3475 2613 3565 2664 est
3585 2625 3660 2665 ne

2002 2695 2279 2769 deinceps
2310 2694 2370 2749 in
2403 2695 2595 2752 locum
2646 2693 2816 2750 illum
2849 2692 3128 2750 mulieres
3186 2693 3655 2767 ingrederentur.

2001 2801 2161 2858 XXX.
2222 2801 2487 2857 Jnselmo
2544 2801 2951 2874 archiepiscopo
3025 2802 3420 2859 Mediolanensi
3481 2804 3657 2859 mittit

2602 2872 2864 2945 pallium,
2879 2872 3005 2929 ﬁete.

2073 2961 2419 3033 Respirabat
2446 2967 2586 3017 tunc
2619 2961 3075 3019 Mediolaneusis
3103 2960 3362 3019 Ecclesia
3390 2962 3504 3018 sub
3533 2966 3654 3018 Au-

2002 3048 2169 3105 selmi
2198 3048 2463 3106 catholici
2482 3050 2587 3105 viri
2611 3050 2974 3122 pontiﬁcatu,
3002 3051 3101 3123 qui
3135 3054 3269 3107 ante
3298 3050 3525 3124 aliquot
3552 3068 3654 3108 an-

2004 3137 2387 3195 nosinlocum
2407 3137 2647 3195 Tedaldi
2669 3139 3030 3196 schismatici
3058 3141 3360 3210 suffectus,
3376 3140 3655 3197 baculum

216 3235 439 3287 auctor
453 3229 693 3286 illorum
716 3234 1049 3302 temporum
1071 3232 1403 3298 accuratus,
1427 3228 1638 3300 quires
1659 3226 1889 3300 Rogerii
1920 3211 1963 3278 C
2001 3243 2035 3281 a
2060 3242 2194 3298 rege
2224 3231 2586 3299 susceperat,
2612 3228 2686 3281 ob
2718 3228 2775 3282 id
2810 3244 2902 3295 ne,
2929 3232 3031 3283 aut
3061 3231 3215 3284 certe
3265 3228 3339 3283 ob
3392 3227 3654 3302 aliquam

214 3319 471 3376 comitis
514 3324 732 3394 gestas,
779 3318 909 3391 ipso
976 3317 1345 3389 adhortante,
1397 3320 1653 3390 quatuor
1717 3315 1887 3372 libris

210 3406 609 3480 conscripsit.
639 3407 692 3464 Is
724 3411 926 3462 narrat
954 3406 1103 3462 libro
1134 3423 1211 3474 1v,
1263 3422 1391 3478 cap.
1433 3407 1513 3471 13,
1570 3405 1887 3477 Rogerium

212 3494 446 3553 Siciliae
495 3495 793 3567 comitem,
817 3494 1056 3551 fratrem
1090 3494 1327 3550 Roberti
1352 3494 1683 3561 Gniscarcli,
1714 3493 1886 3550 adeo-

215 3602 328 3660 que
352 3583 615 3641 alterius
632 3584 865 3657 Bogerii
889 3582 1056 3640 ducis
1086 3583 1305 3655 Apuliae
1335 3586 1391 3639 et
1422 3581 1744 3638 Boamundi
1783 3598 1887 3654 pa-

215 3680 453 3743 truum,
480 3688 630 3729 anno
658 3674 804 3729 1088
834 3674 1126 3728 inchoante
1154 3673 1340 3744 Aprili
1362 3676 1642 3726 Buceram
1682 3669 1886 3725 Siciliae

220 3764 435 3819 urbem
464 3761 794 3827 obsedisse,
817 3761 1019 3834 ibique
1041 3760 1372 3835 suscepisse
1402 3759 1619 3816 Urbani
1662 3758 1885 3832 legatos

222 3870 345 3907 eum
617 3850 901 3923 sigillatis,
916 3849 1430 3923 quibusinvitabat
1449 3863 1584 3905 eum
1603 3848 1883 3921 pontifex,

224 3940 613 4007 utTroinam,
637 3956 753 4012 quo
771 3938 900 4011 ipse
930 3939 1299 4013 preperabat,
1331 3954 1507 4011 quam
1541 3941 1743 4011 posset
1789 3953 1883 3993 ce-

220 4028 466 4085 lerrime
488 4027 810 4095 accederet,
831 4043 1033 4083 secum
1081 4026 1155 4082 de
1197 4026 1375 4081 rebus
1404 4024 1679 4098 gravibus
1709 4023 1883 4080 collo-

224 4118 437 4190 quium
454 4116 794 4174 habiturus.
809 4116 1025 4183 Adfuit,
1046 4114 1311 4172 condicto
1332 4113 1741 4182 die,eomes,ut
1757 4129 1886 4186 pro-

224 4205 507 4280 sequitur
522 4204 619 4262 ille
648 4210 874 4271 auctor,
907 4209 963 4260 et
1008 4203 1173 4259 ﬁnito
1222 4201 1512 4275 colloquio
1544 4200 1880 4275 pontiﬁcem

223 4296 417 4352 multis
436 4295 693 4352 donariis
723 4294 1051 4350 honoratum
1077 4294 1310 4349 dimisit.
1336 4291 1484 4356 Quid
1500 4307 1634 4347 vero
1665 4289 1883 4364 negotii

230 4382 381 4440 inter
404 4400 515 4442 eos
544 4388 832 4457 ageretur,
854 4382 1183 4439 Gaufredus
1228 4380 1442 4437 diserte
1482 4396 1596 4435 non
1658 4377 1878 4450 retulit,

226 4472 339 4529 nisi
355 4473 511 4530 forte
530 4470 591 4528 id
612 4472 784 4527 fuerit
808 4472 962 4544 quod
989 4469 1296 4542 subjungit
1316 4470 1387 4524 de
1398 4467 1885 4540 Constantinopo-

1996 3313 2175 3369 aliam
2207 3331 2470 3379 causam,
2505 3331 2684 3386 quam
2720 3315 3002 3371 incertam
3060 3331 3188 3371 esse
3244 3315 3655 3388 Ripamontius

1994 3402 2239 3471 dicit,in
2261 3402 2524 3476 Gregorii
2555 3402 2850 3475 pontiﬁcis
2887 3403 3268 3459 offensionem
3298 3404 3648 3473 incurreret,

1996 3491 2095 3547 sed
2130 3490 2181 3547 ei
2211 3494 2343 3563 post
2397 3490 2642 3547 modum
2700 3491 3004 3565 poenitenti
3031 3492 3265 3565 culpam
3297 3492 3647 3550 condonavit

1995 3579 2284 3650 Urbanus,
2322 3582 2498 3652 atque
2524 3580 2636 3653 ipsi
2657 3581 2717 3636 in
2745 3580 2960 3651 solum,
2988 3581 3144 3654 quod
3176 3586 3383 3655 sponte
3403 3582 3655 3640 dimise-

1995 3672 2105 3736 rat,
2129 3668 2400 3724 restituto
2425 3685 2492 3725 ac
2515 3671 2881 3739 conﬁrmato,
2914 3669 3161 3744 pallium
3206 3687 3312 3744 per
3340 3671 3646 3729 Heriman-

1995 3774 2140 3813 num
2162 3756 2519 3814 cardinalem
2551 3757 2714 3814 misit
2745 3774 2880 3815 cum
2921 3758 3186 3832 epistola,
3220 3760 3393 3832 cujus
3454 3759 3645 3817 solum

1994 3851 2264 3919 superest
2284 3846 2679 3919 fragmentum
2697 3847 2755 3902 in
2775 3847 3158 3916 UrbaniVita,
3183 3848 3340 3920 quod
3358 3849 3650 3905 referetur

1993 3934 2147 3991 inter
2169 3936 2299 4007 ejus
2328 3934 2624 4007 epistolas.
2659 3936 2816 3991 Idem
2848 3935 3029 3991 ferme
3068 3935 3340 4007 praestitit
3381 3937 3654 3994 Urbanus

1992 4039 2131 4097 erga
2152 4023 2466 4081 Henricum
2486 4023 2967 4080 Suessionensem
2998 4023 3362 4096 episcopum,
3379 4025 3481 4096 qui
3512 4040 3649 4081 cum

1992 4113 2367 4185 episcopatus
2388 4111 2667 4168 investitu
2677 4129 2800 4169 ram
2824 4129 2858 4167 a
2877 4111 3146 4185 Philippo
3161 4127 3295 4185 rege
3306 4111 3653 4186 accepisset.

1994 4201 2239 4257 Romam
2272 4200 2511 4257 veniens
2543 4217 2736 4257 coram
2766 4201 3039 4274 pontiﬁce
3070 4204 3279 4274 sponte
3296 4194 3675 4276 dignitatem,

1992 4289 2309 4345 abdicavit:
2337 4288 2475 4345 huic
2494 4294 2692 4346 tamen
2741 4289 3014 4346 renitenti
3036 4295 3094 4346 et
3123 4288 3343 4346 nolenti
3374 4289 3651 4364 praecepit

1992 4377 2284 4445 Urbanus,
2310 4382 2376 4434 ut
2397 4379 2595 4451 sedem
2619 4383 2922 4451 repeteret,
2941 4384 3174 4452 accepto
3206 4380 3550 4451 juramento
3589 4395 3653 4437 se

1992 4483 2318 4538 numquam
2340 4466 2435 4533 iis,
2457 4466 2616 4540 quia
2646 4468 2782 4523 sede
2812 4468 3134 4540 apostolica
3156 4468 3648 4526 fuissentexeom-

222 4560 409 4617 litano
426 4562 811 4634 imperatore,
832 4559 1028 4617 Alexio
1052 4559 1369 4625 Comneno,
1394 4572 1570 4630 quem
1612 4555 1881 4613 Urbanus
1916 4577 1963 4643 Ι)
1994 4556 2298 4624 munioati,
2322 4556 2896 4613 communicaturum
2925 4561 3201 4626 esse,~aut
3220 4558 3647 4615 interfuturum

225 4651 434 4707 missis
460 4652 592 4707 ante
604 4666 811 4724 paucos
839 4649 977 4718 dies,
1012 4648 1069 4704 id
1093 4652 1184 4705 est
1233 4646 1431 4704 statim
1464 4649 1597 4718 post
1625 4660 1793 4700 suam
1826 4645 1885 4701 in
1995 4661 2195 4701 eorum
2230 4644 2789 4715 consecrationibus,
2815 4646 2915 4718 qui
2947 4663 3051 4719 per
3080 4646 3244 4703 nefas
3274 4647 3649 4721 episcopatus

220 4739 633 4811 pontiﬁcatum
690 4738 1055 4803 electionem,
1112 4736 1325 4810 legatis
1374 4734 1610 4792 Nicolao
1678 4734 1887 4791 abbate

222 4827 450 4902 Grypte
474 4829 719 4896 ferrata,
743 4832 801 4884 et
828 4827 1074 4901 Rogerio
1097 4826 1363 4894 diacono,
1386 4828 1624 4897 paterna
1640 4825 1888 4896 increpa-

232 4917 377 4973 tione
400 4920 827 4983 monuerat,
852 4916 1008 4989 quod
1032 4915 1091 4972 in
1115 4913 1436 4988 provinciis
1466 4910 1579 4970 sibi
1601 4912 1885 4983 subjectis

235 5002 463 5062 Latinos
483 5006 836 5072 sacerdotes,
857 5003 1100 5076 abjectis
1122 5002 1361 5077 azymis,
1386 5001 1446 5056 in
1470 5017 1616 5073 rane
1632 5001 1881 5057 fermen-

228 5096 361 5148 tato
375 5095 696 5152 sacriﬁcam
724 5097 977 5168 cogeret.
999 5093 1176 5149 Addit
1202 5092 1357 5148 idem
1391 5094 1594 5147 auctor
1621 5089 1880 5162 impera-

220 5186 435 5251 torem,
465 5187 743 5257 suscepta
771 5180 1075 5239 humiliter
1102 5179 1406 5254 pontificis
1462 5177 1880 5250 increpatione,

216 5286 361 5327 eum
384 5288 489 5345 per
506 5273 749 5330 eosdem
771 5272 971 5345 legatos
986 5287 1055 5327 ex
1076 5270 1284 5345 itinere
1296 5269 1422 5341 jam
1445 5282 1707 5324 reversos
1729 5266 1881 5322 invi-

212 5342 667 5418 tasse'chartulis
697 5342 897 5417 litteris
927 5361 1118 5417 aureis
1129 5342 1373 5433 scriptis,
1396 5359 1462 5412 ut
1500 5354 1655 5411 intra
1700 5354 1879 5413 unius

208 5449 360 5506 anui
390 5454 452 5507 et
478 5449 710 5507 dimidii
740 5449 1061 5507 terminum
1092 5448 1153 5504 in
1206 5445 1487 5504 Graeciam
1526 5442 1769 5513 veniret,
1802 5444 1876 5501 ad

204 5540 600 5596 tractandum
628 5555 701 5596 ea
730 5538 804 5596 de
830 5554 894 5596 re
919 5537 981 5594 in
1012 5537 1259 5596 concilio
1289 5534 1445 5610 apud
1466 5531 1874 5591 Constantino-

202 5625 403 5707 polim
422 5626 771 5693 celebrando
784 5645 804 5690 τι
814 5628 1023 5709 sicque
1033 5624 1335 5689 communi
1354 5621 1664 5705 utriusque
1678 5622 1871 5705 gentis

1994 4732 2083 4789 vel
2102 4733 2374 4790 abbatias
2387 4738 2793 4806 occupassent.
2820 4735 2979 4792 Idem
3002 4735 3221 4791 factum
3245 4736 3430 4793 fuisse
3450 4734 3646 4792 Belva—

1994 4822 2154 4879 censi
2185 4823 2460 4896 episcopo
2482 4822 2661 4878 tradit
2692 4822 3015 4880 Pandulfus
3044 4823 3104 4879 in
3131 4823 3267 4880 Vita
3314 4823 3553 4891 Urbani,
3581 4822 3641 4878 id

1993 4912 2147 4983 quod
2181 4911 2355 4968 etiam
2390 4910 2616 4968 Platina
2645 4915 2919 4968 testatur.
2952 4913 3146 4970 Redeo
3177 4913 3251 4969 ad
3296 4910 3651 4968 Anselmum

1993 4998 2509 5056 Mediolanensem.

2061 5088 2208 5144 Huic
2236 5088 2509 5146 Urbanus
2537 5087 2765 5146 litteras
2790 5090 3029 5164 scripsit
3063 5090 3135 5145 de
3170 5086 3648 5147 reconciliatione

1991 5177 2395 5251 lapsorum,ex
2417 5177 2633 5252 quibus
2655 5179 2749 5235 Ivo
2772 5185 2937 5253 parte
2957 5195 3096 5247 1v,c.
3135 5178 3259 5246 407,
3293 5178 3646 5237 decretalem

1989 5266 2299 5340 epistolam
2316 5267 2622 5341 excerpsit,
2654 5284 2781 5341 quas
2804 5267 3025 5340 passim
3049 5265 3227 5336 edita,
3252 5267 3355 5323 sed
3385 5266 3643 5324 multum

1987 5372 2058 5433 ex
2087 5354 2325 5429 vulgato
2380 5356 2657 5414 Anselmo
2716 5354 2959 5412 Lucensi
2993 5359 3190 5429 aucta,
3222 5355 3462 5413 dabitur
3488 5357 3647 5415 inter

1985 5443 2203 5503 Urbani
2260 5444 2506 5512 litteras,
2540 5462 2673 5503 cum
2730 5443 2961 5501 duobus
3014 5443 3146 5503 aliis
3198 5445 3550 5517 oanonibus,
3582 5446 3646 5504 in

1983 5533 2227 5591 concilio
2250 5534 2583 5592 Belvaeensi
2602 5532 2741 5590 anni
2762 5532 2901 5589 1114
2922 5538 3124 5592 nostro
3143 5533 3404 5610 pontiﬁci
3426 5536 3652 5608 pariter

1982 5622 2311 5701 attributis,
2330 5639 2584 5706 quorum
2601 5621 2830 5707 primus
2848 5623 3017 5708 clero,
3045 5624 3194 5689 alter
3214 5624 3418 5709 populo
3445 5625 3653 5691 Medio-
